4022 6332
441 323 542 380 459
1667 327 1758 383 AN
1796 326 2008 383 MANL.

2133 323 2209 382 ιν.
2249 324 2476 384 BOETII
3618 331 3721 387 “’0

440 441 718 494 hactenus.
753 439 1078 510 Porphyrius
1109 449 1282 495 autem
1309 441 1381 496 ita
1406 441 1536 498 dicit
1556 459 1569 496 :
1587 441 1804 512 Volens,
1833 445 2023 513 inquit,
2058 441 2116 503 Α
2140 449 2198 494 ut
2225 439 2515 498 dictionem
2539 459 2645 499 non
2673 452 2733 499 ut
2761 444 3172 500 afﬁrmationem
3195 485 3210 510 ,
3241 461 3362 516 quae
3389 458 3535 504 esset
3563 449 3731 506 dictio

439 533 757 588 Aristoteles
803 533 1084 587 ostendere
1140 548 1244 588 non
1293 550 1506 590 omnem
1549 535 1844 590 orationem
1872 576 1887 600 ,
1929 547 2021 589 aut
2134 536 2414 591 manifeste
2446 546 2727 593 monstret.
2765 539 3037 594 Dictiones
3065 554 3295 610 namque
3325 542 3604 597 constituit
3633 561 3729 598 vo-

438 625 711 693 simplices
759 633 959 678 tantum
1009 624 1204 679 habere
1238 637 1445 695 partes,
1479 635 1570 680 aut
1598 627 1955 694 compositas,
1991 642 2022 680 a
2133 624 2252 681 cem
2284 642 2380 696 per
2411 644 2468 683 se
2496 630 2926 699 signiﬁcantem;
2963 647 3091 700 ergo
3122 647 3240 686 cum
3277 633 3445 700 dicit,
3493 637 3586 690 sed
3620 653 3730 693 non

435 715 769 783 simplicibus
799 715 1026 783 sumpsit
1053 717 1379 784 exemplum,
1410 725 1466 770 ut
1495 717 1697 771 diceret
1720 717 2023 786 signiﬁcare
2134 733 2238 771 una
2268 721 2502 775 hominis
2528 722 2749 793 syllaba,
2782 723 2888 778 tale
2917 733 3000 778 est
3025 738 3088 778 ac
3118 723 3162 778 si
3192 724 3394 780 diceret
3419 746 3429 779 :
3454 727 3732 796 Signiﬁcat

437 817 618 872 partes
650 807 929 873 orationis,
967 816 1023 861 ut
1052 808 1344 863 dictionem
1377 823 1481 863 non
1510 819 1566 862 ut
1587 810 2021 872 afﬁrmationem,
2058 884 2082 890 Α
2135 813 2354 881 quidem
2390 830 2513 884 pars
2543 818 2802 872 orationis
2831 827 2888 872 ut
2916 819 3098 874 dictio.
3136 818 3239 873 Sed
3268 819 3349 874 ha:
3378 821 3507 890 ipsae
3537 823 3731 876 dictio-

434 910 490 954 ut
519 916 636 954 cum
671 909 752 955 est
782 903 976 955 oratio.
1022 903 1172 957 Plato
1210 903 1479 974 disputat,
1512 904 1775 959 dictiones
1805 906 2021 973 quidem
2055 884 2084 912 ⁶
2137 920 2232 960 nes
2260 905 2514 976 perfectae
2543 909 2757 962 nomina
2789 920 2914 964 sunt
2955 920 3011 965 et
3051 911 3211 964 verba
3235 953 3248 976 ,
3292 925 3395 966 non
3428 922 3605 982 partes
3636 929 3734 968 no—

431 1001 578 1056 sunt,
607 991 700 1046 sed
729 1008 831 1046 non
865 989 1351 1052 ut'afﬁrmationes.
1385 996 1440 1052 Si
1471 1011 1597 1051 vero
1628 997 1704 1050 sic
1734 1007 1875 1051 esset
1901 1011 2024 1050 ora-
2136 999 2342 1053 minum
2375 1000 2788 1072 verborumque.
2821 1001 2876 1056 In
2909 1018 2974 1057 eo
3005 1004 3147 1058 enim
3178 1005 3316 1074 quod
3347 1014 3430 1059 est
3458 1007 3735 1076 equiferus

435 1087 526 1150 tio,
573 1085 629 1141 Si
666 1085 819 1140 Plato
847 1085 1082 1154 disputat
1110 1103 1294 1142 verum
1330 1089 1480 1153 dicit,
1523 1089 1673 1142 Plato
1701 1087 1938 1157 diSputat
1967 1100 2025 1142 et
2134 1090 2338 1157 currit,
2371 1090 2638 1160 cquifcrus
2671 1093 2888 1161 quidem
2921 1094 3091 1148 dictio
3139 1105 3222 1149 est
3254 1098 3416 1151 totius
3447 1099 3732 1162 orationis,

433 1195 619 1234 verum
653 1179 811 1243 dicit,
843 1195 964 1234 cum
995 1182 1100 1235 sint
1127 1182 1417 1246 dictiones,
1450 1198 1552 1236 non
1581 1191 1707 1236 sunt
1733 1191 1937 1235 tantum
1965 1192 2023 1235 ut
2133 1177 2399 1246 signiﬁcat
2429 1179 2573 1234 enim
2609 1190 2665 1235 ut
2697 1196 2820 1250 pars
2851 1182 3134 1262 orationis,
3163 1184 3258 1237 sed
3293 1186 3436 1239 ferus
3461 1187 3736 1256 consigni-

432 1272 707 1343 simplices
730 1314 745 1338 ,
783 1274 875 1327 sed
908 1274 1069 1328 etiam
1118 1283 1174 1327 ut
1215 1273 1622 1329 afﬁrmationes.
1668 1274 1849 1344 Neque
1875 1275 2018 1328 enim
2133 1269 2262 1324 ﬁCat
2285 1280 2346 1325 ut
2371 1287 2496 1341 pars
2518 1273 2774 1340 nominis,
2797 1283 2957 1344 atque
2985 1274 3112 1330 ideo
3135 1274 3279 1330 ferus
3301 1277 3464 1331 dictio
3489 1293 3592 1332 non
3622 1289 3733 1333 est.

430 1365 658 1432 simplex
688 1363 849 1419 dictio
892 1364 1178 1419 afﬁrmatio
1215 1374 1299 1420 est
1339 1375 1429 1420 aut
1465 1368 1707 1435 negatio,
1757 1367 1847 1420 sed
1895 1377 2022 1420 tunc
2131 1363 2388 1428 Quocirca
2421 1365 2465 1419 si
2493 1380 2611 1435 quae
2641 1366 2757 1420 alite
2776 1367 2996 1436 syllabae
3024 1367 3077 1422 in
3106 1377 3254 1436 parte
3285 1368 3544 1424 orationis
3573 1383 3725 1436 sunt,

429 1455 490 1510 ﬁt
517 1471 640 1510 eum
680 1456 892 1510 additur
934 1457 1130 1526 aliquid
1161 1502 1173 1525 ,
1216 1459 1355 1526 quod
1387 1469 1479 1512 aut
1508 1457 1878 1512 afﬁrmationis
1910 1459 2018 1512 vim
2131 1455 2186 1508 id
2214 1466 2294 1510 est
2331 1456 2382 1510 in
2413 1456 2628 1511 nomine
2656 1458 2740 1511 vel
2773 1457 2934 1512 verbo
2959 1501 2974 1525 ,
3011 1458 3140 1512 nihil
3171 1473 3266 1528 per
3308 1475 3367 1515 se
3393 1460 3722 1530 signiﬁcant,

431 1556 610 1602 teneat
635 1557 726 1602 aut
763 1549 1063 1617 negationis
1089 1591 1103 1614 ,
1137 1559 1298 1619 atque
1325 1549 1428 1604 hoc
1456 1559 1539 1605 est
1567 1550 1705 1620 quod
1739 1551 1811 1604 ait
1846 1569 1855 1602 :
1892 1551 2022 1605 Dico
2132 1560 2435 1616 Quanquam
2477 1551 2587 1604 sint
2617 1550 2670 1605 in
2704 1562 2854 1620 parte
2887 1552 3119 1608 nominis
3142 1595 3158 1620 ,
3187 1553 3330 1623 quod
3365 1570 3561 1610 nomen
3607 1571 3736 1626 pars

429 1650 608 1696 autem
656 1651 712 1695 ut
761 1641 920 1696 homo
959 1641 1221 1710 signiﬁcat
1264 1642 1603 1712 aliquid,sed
1629 1658 1732 1697 non
1759 1645 2012 1712 quoniam
2132 1639 2393 1696 orationis
2432 1651 2552 1709 est,
2588 1642 2716 1696 nihil
2766 1653 2941 1698 tamen
2979 1645 3152 1714 ipsum
3204 1645 3468 1715 signiﬁcat
3517 1647 3572 1701 in
3621 1658 3732 1702 tota

429 1743 532 1800 est,
595 1743 684 1788 aut
735 1751 839 1789 non
886 1748 986 1800 est,
1038 1735 1133 1792 sed
1186 1737 1286 1792 erit
1333 1736 1618 1790 afﬁrmatio
1670 1737 1751 1791 vel
1782 1737 2018 1806 negatio,
2132 1731 2396 1796 oratione,
2427 1747 2597 1802 quare
2638 1749 2735 1789 nec
2761 1735 2927 1789 dictio
2956 1737 3079 1790 erit.
3121 1738 3460 1792 Audiendum
3491 1755 3619 1809 ergo
3648 1752 3733 1793 est

427 1827 473 1882 εί
506 1826 632 1897 quid
660 1827 905 1883 addam...
947 1830 1265 1899 Huiusmodi
1295 1830 1397 1885 hoc
1421 1839 1531 1896 est,
1563 1839 1815 1900 umquam
1847 1835 1892 1885 si
1929 1832 2016 1885 di-
2052 1819 2104 1881 B
2129 1819 2222 1885 ita,
2259 1832 2509 1892 tanquam
2561 1826 2604 1879 si
2653 1827 2734 1881 sic
2772 1827 3005 1882 diceret:
3046 1829 3232 1884 Oratio
3269 1841 3446 1885 autem
3496 1840 3581 1886 est
3627 1847 3729 1887 vox

429 1929 594 1986 ceret,
629 1936 822 1976 nomen
851 1923 1063 1991 quidem
1100 1919 1327 1994 simplex
1354 1923 1764 1978 afﬁrmatiouem
1796 1933 1884 1978 aut
1915 1941 2014 1979 ne-
2127 1915 2508 1985 είὲηίίίοθιῖνθν
2535 1918 2691 1988 cuius
2718 1923 2948 1989 Paruum
2976 1923 3173 1992 ειῑαυίά
3207 1926 3622 1992 είὲηίίίοθιίνυτη
3648 1941 3732 1984 (δεῖ

427 2015 695 2084 sationem
729 2031 832 2069 non
864 2017 1007 2087 facit,
1033 2019 1131 2071 nisi
1158 2027 1248 2072 am
1271 2026 1354 2072 εει
1376 2007 1594 2072 verbum
1625 2017 1869 2081 addatur,
1897 2032 2019 2086 qua,
2127 2017 2456 2077 separatum,
2494 2021 2548 2064 ut
2580 2012 2780 2080 dietio,
2815 2030 2920 2069 non
2950 2024 3008 2070 nt
3036 2016 3354 2085 afﬁrmatio;
3394 2020 3516 2076 dico
3547 2033 3730 2077 autem

427 2117 512 2161 es;
541 2108 826 2186 εηίηρειιίο
846 2148 862 2173 ,
904 2118 995 2164 θυι
1031 2125 1136 2164 non
1165 2118 1248 2166 es;
1270 2151 1284 2175 ,
1331 2125 1448 2180 ηυδε
1477 2119 1560 2163 εει
1592 2110 1822 2179 negatio,
1864 2109 2021 2176 Quod
2127 2108 2189 2153 ut
2221 2098 2382 2155 homo
2411 2102 2678 2172 signiﬁcat
2703 2106 2925 2175 aliquid,
2954 2117 3010 2163 et
3036 2119 3117 2163 est
3137 2111 3380 2179 quaedam
3406 2112 3573 2168 dictio
3603 2118 3730 2170 sim-

429 2209 610 2254 autem
642 2200 855 2256 additur
877 2243 891 2266 ,
922 2201 1015 2256 sed
1045 2216 1152 2256 non
1181 2217 1285 2256 una
1314 2202 1548 2256 hominis
1573 2201 1798 2272 syllaba,
1832 2217 1932 2257 nec
1959 2202 2016 2257 in

2138 2190 2282 2258 plex.
2333 2192 2464 2247 Nam
2513 2210 2688 2265 neque
2730 2199 2904 2253 oratio
2933 2210 3051 2268 est,
3081 2203 3333 2270 quoniam
3366 2205 3593 2274 simplex
3626 2220 3726 2275 est,

425 2304 493 2345 eo
515 2292 658 2361 quod
685 2300 767 2347 est
802 2307 958 2348 sorex
988 2334 1003 2358 ,
1043 2309 1135 2348 rex
1164 2293 1430 2363 signiﬁcat
1451 2335 1465 2357 ,
1506 2293 1600 2350 sed
1628 2309 1727 2348 vox
1761 2302 1844 2348 est
1873 2308 2013 2348 nunc

2142 2298 2233 2338 nec
2263 2285 2552 2343 afﬁrmatio
2578 2303 2753 2358 neque
2780 2292 3018 2362 negatio,
3046 2295 3299 2364 quoniam
3330 2312 3436 2351 non
3464 2301 3730 2368 signiﬁcat

425 2382 562 2437 sola.
613 2381 672 2436 ιη
697 2383 998 2452 duplicibus
1021 2400 1148 2440 νει-ο
1181 2386 1447 2456 signiﬁcat
1473 2387 1685 2456 quidem
1709 2427 1725 2452 ,
1753 2386 1848 2441 sed
1881 2386 2018 2440 nihil
2126 2383 2222 2430 aut
2241 2390 2360 2431 esse
2380 2386 2469 2431 aut
2492 2393 2596 2433 non
2621 2393 2766 2436 esse.
2785 2382 2890 2438 Sed
2913 2385 3018 2438 erit
3039 2394 3165 2442 tunc
3186 2386 3492 2457 afﬁrmatio,
3514 2393 3729 2460 quando

425 2474 720 2530 secundum
751 2490 831 2540 se,
865 2476 1311 2544 quemadmodum
1341 2477 1542 2532 dictum
1575 2488 1675 2532 est.
1708 2475 1879 2546 Hujus
1909 2476 2012 2532 loci

2140 2465 2327 2537 aliquid
2375 2469 2587 2525 additur
2613 2511 2628 2535 ,
2672 2474 2812 2542 quod
2855 2474 3267 2533 afﬁrmationem
3319 2483 3728 2550 negation'emve

428 2567 625 2636 duplex
649 2578 731 2622 est
773 2570 1059 2638 expositio.
1101 2569 1252 2636 Quod
1293 2571 1436 2625 enim
1467 2571 1673 2625 dixerat
1701 2569 1883 2640 prius,
1917 2569 2015 2624 sed
2127 2562 2438 2615 constituat.
2472 2561 2578 2617 Sed
2609 2564 2750 2633 quod
2777 2566 2842 2620 ad
2873 2567 3160 2625 dictionem
3194 2587 3314 2626 esse
3341 2574 3388 2627 id
3421 2578 3565 2643 quod
3594 2577 3728 2632 dici—

423 2659 530 2713 erit
550 2658 840 2716 affirmatio
867 2661 951 2716 vel
984 2663 1193 2732 negatio
1219 2662 1265 2717 si
1292 2663 1415 2733 quid
1447 2663 1673 2718 addatur
1694 2662 1743 2717 ei
1767 2663 2012 2729 dictioni,
2125 2665 2251 2706 nus
2274 2651 2457 2707 homo-
2492 2654 2699 2710 Idcirco
2729 2656 2895 2712 dictio
2927 2669 3030 2729 est.
3056 2663 3308 2731 quoniam
3343 2681 3438 2734 per
3472 2682 3532 2722 se
3559 2669 3726 2738 signi-

425 2769 584 2824 quam
609 2769 772 2823 supra
798 2756 1098 2826 simplicem
1127 2771 1248 2811 esse
1277 2759 1585 2828 proposuit,
1609 2773 1730 2813 cum
1754 2758 1821 2811 de
1848 2759 2018 2828 signi—
2126 2742 2270 2842 θξῖτη·
2303 2746 2516 2842 δᾷξιξξλδξι
2544 2764 2672 2842 Ϋθτο
2698 2750 2815 2820 eius
2843 2753 3071 2808 ηοῐηίηίε
3097 2756 3239 2824 (μιοά
3263 2767 3345 2842 esi
3377 2759 3558 2826 Ιιοῐηο.
3591 2778 3722 2832 quo-

424 2846 631 2902 ﬁcativa
661 2849 923 2903 orationis
953 2858 1104 2918 parte
1135 2850 1462 2920 loqueretur,
1504 2865 1643 2906 nunc
1674 2850 1725 2904 id
1754 2851 2012 2918 adimplet

2131 2836 2270 2890 niam
2305 2837 2433 2892 nihil
2462 2838 2744 2912 designat,
2794 2857 2900 2897 non
2933 2854 3017 2899 est
3057 2846 3241 2902 dictio.
3292 2837 3403 2904 Hoc
3441 2861 3526 2906 est
3554 2855 3719 2924 enim,

422 2947 476 2993 et
505 2937 738 3009 explicat
763 2940 949 2995 dicens
981 2958 992 2992 :
1023 2941 1140 2996 Non
1167 2942 1213 2996 si
1241 2941 1503 3010 quidlibet
1531 2943 1757 2997 addatur
1783 2943 2015 3012 simplici
2125 2929 2223 2984 sed
2255 2945 2360 2986 non
2390 2947 2495 2986 una
2524 2932 2758 2989 hominis
2788 2937 3021 3013 syllaba,
3053 2941 3136 2994 vel
3165 2940 3210 2994 si
3240 2942 3482 2998 videatur
3505 2948 3724 3015 quidem

422 3029 680 3095 dictioni,
716 3033 896 3085 statim
927 3031 1042 3085 ﬁeri
1074 3031 1484 3086 afﬁrmationem
1521 3034 1607 3086 vel
1646 3035 2011 3103 negationem,
2125 3028 2466 3098 signiﬁcare.
2499 3048 2624 3103 pars
2656 3044 2832 3090 tamen
2863 3038 2934 3091 sit
2970 3040 3240 3106 nominis,
3274 3051 3329 3096 et
3355 3045 3724 3115 consigniﬁcct

423 3135 524 3175 nec
552 3136 680 3174 vero
709 3121 1005 3175 orationem
1031 3160 1046 3184 ,
1087 3135 1256 3190 neque
1288 3121 1433 3177 enim
1465 3123 1512 3176 si
1540 3123 1666 3192 quid
1694 3139 1798 3179 non
1829 3140 1928 3193 per
1952 3141 2020 3181 se
2053 3193 2092 3209 ﬁ
2127 3120 2180 3175 in
2213 3123 2429 3180 nomine
2456 3166 2470 3191 ,
2504 3127 2555 3180 in
2603 3134 2711 3181 tota
2751 3129 2995 3185 oratione
3035 3131 3166 3186 nihil
3210 3134 3496 3204 signiﬁcet.
3543 3137 3722 3209 Neque

423 3212 838 3281 signiﬁcativum
861 3213 1080 3267 dictioni
1105 3213 1337 3282 simplici
1356 3215 1655 3283 copuletur.
1681 3215 1880 3271 idcirco
1898 3219 2013 3286 jam
2048 3193 2093 3256 C
2125 3213 2267 3267 enim
2292 3224 2374 3270 est
2398 3230 2521 3284 pars
2542 3218 2822 3273 orationis.
2863 3221 3014 3287 Ουοά
3042 3236 3136 3291 per
3166 3224 3269 3278 hOC
3295 3225 3431 3280 diXii
3457 3229 3598 3295 quod
3625 3231 3719 3293 aii.

424 3303 508 3356 vel
540 3302 712 3356 oratio
735 3343 750 3368 ,
787 3305 867 3357 vel
897 3303 1181 3358 afﬁrmatio
1208 3305 1291 3359 vel
1326 3305 1487 3360 etiam
1516 3309 1727 3377 negatio
1759 3323 2016 3377 procrea-
2127 3321 2228 3361 nec
2255 3307 2307 3362 in
2336 3323 2401 3362 eo
2429 3309 2570 3378 quod
2610 3320 2692 3364 est
2729 3327 2885 3370 sorex
2916 3330 3011 3370 rex
3051 3315 3346 3386 signiﬁcat,
3380 3320 3476 3374 sed
3503 3337 3607 3376 vox
3638 3335 3722 3380 est

422 3393 584 3460 bitur,
622 3409 795 3464 neque
823 3395 969 3450 enim
995 3397 1038 3450 si
1069 3411 1171 3459 una
1204 3397 1404 3467 syllaba
1432 3398 1665 3455 hominis
1697 3417 1815 3470 quae
1847 3403 2016 3472 signi-
2121 3413 2267 3454 nunc
2294 3400 2403 3454 sola
2435 3401 2566 3455 nihil
2596 3402 2934 3473 signiﬁcans,
2964 3408 3105 3462 unde
3134 3409 3384 3477 probatur
3412 3412 3719 3483 hujusmodi

419 3485 630 3541 ﬁcativa
663 3501 758 3557 per
784 3501 842 3543 se
866 3505 969 3544 non
999 3500 1099 3555 est,
1123 3489 1401 3559 copuletur
1428 3492 1602 3548 eidem
1633 3495 1734 3563 ipsi
1764 3495 2011 3562 dictioni,
2121 3491 2415 3559 particulas
2445 3508 2550 3548 non
2578 3510 2698 3551 esse
2723 3496 3004 3554 dictiones.
3036 3499 3149 3554 Vox
3177 3502 3320 3556 enim
3353 3504 3466 3559 sola
3498 3521 3605 3560 non
3636 3517 3719 3562 est

418 3576 526 3647 jam
557 3579 661 3633 ulla
694 3579 816 3636 inde
847 3591 1160 3651 procreatur
1187 3583 1381 3639 oratio.
1430 3583 1580 3651 Quod
1615 3586 1661 3640 si
1701 3587 1874 3641 oratio
1903 3603 2012 3644 non
2121 3584 2308 3651 dictio,
2336 3586 2430 3640 sed
2457 3601 2558 3641 vox
2584 3601 2679 3656 per
2699 3603 2758 3643 se
2779 3590 3104 3660 signiﬁcans.
3131 3593 3186 3648 Si
3209 3610 3329 3664 qua:
3352 3609 3496 3662 sunt,
3526 3599 3717 3670 inquit,

415 3669 522 3733 sit,
564 3684 664 3725 nec
695 3671 988 3739 propositio
1016 3681 1134 3739 est,
1180 3671 1263 3727 hie
1293 3673 1436 3727 enim
1464 3676 1736 3729 orationes
1764 3677 2011 3745 quaedam
2121 3677 2362 3743 nomina,
2387 3694 2508 3748 qua:
2529 3679 2636 3734 sint
2663 3683 2955 3748 composita
2979 3698 3043 3738 ex
3065 3686 3208 3753 aliis,
3235 3696 3294 3742 ut
3315 3698 3396 3743 est
3419 3691 3715 3759 equiferus,

416 3767 588 3825 sunt,
630 3769 688 3812 ut
715 3761 760 3814 si
787 3762 906 3829 quis
935 3777 999 3816 ex
1032 3777 1097 3817 eo
1128 3764 1267 3832 quod
1314 3775 1401 3820 est
1444 3765 1605 3820 homo
1654 3768 1804 3822 tollat
1848 3785 2011 3824 unam
2120 3770 2372 3824 emittunt
2417 3771 2634 3841 quidem
2682 3775 2966 3841 quamdam
3025 3777 3307 3848 imaginem
3359 3781 3718 3850 significandi,

415 3848 702 3919 syllabam,
739 3865 962 3920 eamque
993 3853 1091 3906 toti
1128 3855 1350 3908 dictioni
1381 3856 1608 3925 simplici
1640 3868 1805 3926 aptet,
1840 3861 2012 3916 dicat-
2120 3861 2216 3915 sed
2249 3877 2344 3930 per
2373 3878 2431 3916 se
2462 3864 2591 3918 nihil
2619 3865 2956 3934 signiﬁcant,
2989 3848 3626 3942 consigniﬁeantautem.
3660 3848 3716 3935 In

413 3955 520 4011 que
551 3941 731 4006 homo,
764 3944 851 3996 vel
882 3945 985 3998 alio
1015 3947 1252 4014 quolibet
1282 3947 1444 4001 modo
1472 3949 1730 4012 decidens
1751 3995 1766 4019 ,
1802 3963 2010 4022 partem
2118 3956 2452 4025 simplicibus
2475 3973 2602 4012 vero
2624 3959 2933 4016 nominibus
2957 3978 3055 4017 nec
3077 3941 3386 4036 imaginatio
3414 3969 3517 4024 ulla
3548 3971 3715 4042 signi.

414 4031 511 4086 toti
545 4032 759 4102 corpori
786 4033 1033 4090 dictionis
1065 4036 1325 4104 adjiciens
1351 4052 1453 4093 non
1493 4039 1652 4096 faciet
1682 4044 2007 4100 orationem.
2116 4047 2313 4102 ﬁcandi
2343 4057 2445 4113 est,
2473 4058 2526 4103 ut
2555 4050 2609 4106 in
2640 4065 2705 4105 eo
2726 4052 2864 4121 quod
2896 4063 2980 4108 est
3007 4031 3217 4122 Cicero‘,
3243 4067 3423 4128 partes
3445 4060 3563 4130 cjus
3589 4031 3712 4117 cum

413 4121 568 4191 Quod
593 4124 641 4180 si
671 4127 772 4180 hoc
795 4137 878 4180 est
898 4166 913 4190 ,
954 4140 1053 4180 nec
1078 4126 1486 4184 alﬁrmationem
1512 4147 1614 4187 nec
1641 4135 2005 4204 negaiionem,
2115 4140 2387 4209 simplices
2411 4157 2574 4209 sono,
2600 4151 2710 4197 tum
2733 4145 2893 4200 etiam
2918 4146 3188 4203 intellectu
3213 4160 3406 4219 praeter
3426 4151 3713 4222 cujuslibet

411 4217 657 4287 quaadam
688 4227 812 4273 sunt
844 4220 1138 4275 orationes.
1190 4220 1267 4275 lta
1313 4237 1443 4293 ergo
1487 4227 1856 4296 accipiendum
1898 4241 2001 4298 est,
2115 4233 2511 4304 imaginationis
2556 4237 2960 4295 similitudinem
3005 4217 3520 4312 signiﬁcationemve
3563 4261 3709 4303 sunt.

411 4315 665 4377 tanquam
697 4310 741 4364 si
783 4309 883 4364 hoc
925 4310 1088 4366 modo
1117 4312 1365 4380 dixisset,
1393 4315 1516 4371 dico
1545 4329 1722 4375 autem
1755 4331 1811 4377 ut
1845 4324 2004 4380 homo
2114 4323 2172 4378 In
2204 4325 2504 4396 duplicibus
2531 4344 2662 4384 vero
2689 4331 2803 4386 vult
2831 4332 2970 4401 quod
2999 4309 3083 4388 est
3111 4349 3232 4404 pars
3260 4338 3582 4407 significare,
3614 4343 3710 4397 sed

409 4397 678 4466 signiﬁcat
708 4400 942 4469 aliquid,
977 4402 1070 4456 sed
1097 4419 1201 4457 non
1243 4407 1492 4474 quoniam
1531 4421 1612 4466 est
1640 4423 1730 4468 aut
1760 4431 1866 4470 non
1897 4428 2000 4485 est;
2113 4419 2312 4476 nullius
2359 4424 2646 4492 separatim
2697 4425 3016 4493 signiﬁcatio
3054 4437 3156 4483 est.
3206 4428 3410 4486 Idcirco
3455 4434 3707 4502 quoniam

408 4489 506 4544 sed
536 4491 636 4545 erit
666 4491 973 4562 afﬁrmatio,
1008 4496 1094 4550 vel
1129 4499 1340 4568 negatio
1369 4500 1415 4554 si
1453 4503 1578 4572 quid
1624 4507 1869 4576 addatur,
1906 4511 2003 4566 sed
2031 4573 2082 4590 ἢ
2111 4513 2285 4566 solum
2315 4489 2688 4582 consigniﬁcat
2716 4489 2771 4568 id
2797 4516 2940 4586 quod
2971 4526 3140 4573 totum
3164 4523 3445 4590 compositi
3473 4489 3707 4579 nominis

407 4598 516 4639 non
551 4593 608 4638 ut
634 4600 736 4639 una
770 4585 1000 4642 hominis
1032 4590 1232 4660 syllaba
1259 4591 1507 4661 addatur,
1542 4611 1642 4652 nec
1675 4573 1895 4656 cuilibet
1921 4605 2003 4658 al-
2030 4573 2086 4633 D
2107 4615 2304 4671 corpus
2331 4602 2612 4672 designat,
2647 4573 2829 4674 ipsum.
2851 4621 2982 4662 vero
3033 4573 3336 4680 separatum
3388 4615 3484 4682 (ut
3509 4617 3706 4686 saepius

407 4674 576 4729 terius
603 4675 888 4742 dictionis,
919 4679 963 4732 si
1004 4681 1132 4750 quid
1175 4697 1280 4738 non
1313 4698 1407 4753 per
1435 4701 1492 4742 se
1523 4689 1823 4758 signiﬁcat,
1859 4703 1917 4747 ut
1946 4695 1998 4749 in
2108 4691 2309 4747 dictum
2337 4693 2440 4763 est)
2469 4694 2601 4749 nihil
2624 4705 2775 4752 extra
2804 4698 3091 4769 significat.

407 4784 473 4824 eo
493 4769 632 4838 quod
655 4779 737 4824 est
759 4786 918 4826 sorex
951 4788 1050 4828 rex
1076 4791 1180 4829 non
1206 4776 1487 4846 signiﬁcat,
1511 4781 1604 4836 sed
1629 4799 1730 4838 vox
1753 4796 1835 4840 est
1857 4803 1995 4843 nunc

407 4863 518 4888 nl\'a\
586 4864 747 4888 1.....-
781 4865 895 4888 ἕλικι.
931 4867 971 4888 -2
1009 4869 1119 4888 ηυξ-
1154 4870 1234 4888 ---Ι
1281 4879 1296 4888 .
1337 4886 1386 4888 _,,
1438 4883 1448 4888 -
1577 4884 1587 4888 Α
1635 4877 1665 4888 η
1713 4885 1720 4888 .
1777 4878 1825 4888 .-
1979 4882 1995 4888 -

2181 4805 2276 4860 Est
2297 4816 2467 4861 autem
2490 4810 2653 4864 oratio
2675 4813 2839 4866 omnis
2860 4815 3067 4882 quidem
3088 4817 3430 4888 signiﬁcativa
3453 4837 3554 4876 non
3575 4825 3702 4877 sicut

405 4863 544 4918 801³·
574 4864 750 4933 Atque
779 4865 898 4920 ideo
929 4867 973 4920 Si
1003 4869 1122 4970 quis
1153 4870 1303 4983 Veli."
1336 4883 1542 4941 Panem
1574 4877 1746 4983 mihi.
1775 4878 1828 4933 id
1853 4882 1999 4950 Quod
2105 4900 2521 4970 instrumentum,
2550 4902 2639 4956 sed
2673 4863 3355 4974 (quemddmodumadietum
3382 4913 3476 4983 est)
3523 4931 3702 4972 secun-

402 4966 484 5013 est
516 4972 610 5012 rex
635 5002 650 5026 ,
683 4967 1023 5027 apponatque
1049 4961 1096 5014 ei
1126 4962 1266 5030 quod
1293 4972 1375 5018 est
1406 4979 1564 5020 sorex
1583 5006 1597 5031 ,
1627 4967 1876 5038 dicatque
1901 4988 1991 5028 so-
2108 4990 2231 5044 dum
2261 4961 2532 5059 ριασειαηί,
2679 4961 2720 4974 ”
2864 5009 2874 5020 -

401 5065 496 5105 rex
525 5066 639 5113 rex,
665 5058 722 5104 ut
743 5066 837 5104 rex
874 5060 1126 5120 tanquam
1156 5068 1279 5122 pars
1305 5056 1374 5110 sit
1401 5057 1517 5125 ejus
1547 5060 1688 5126 quod
1712 5072 1793 5116 est
1813 5078 1989 5132 sorex,

402 5141 573 5168 ιι-,ιοζη
606 5141 748 5168 ..ι-ΑΙ..
796 5151 872 5168 η...
930 5152 1087 5168 ..οι-..ιι
1134 5145 1248 5168 εΔ--
1298 5162 1466 5168 ..Α-η-
1507 5151 1616 5168 ,ιι-ιη
1719 5155 1751 5168 --

2179 5082 2485 5139 Secundum
2521 5086 2776 5156 placitum
2813 5105 2934 5147 esse
2959 5094 3229 5150 orationes
3262 5096 3349 5150 illa
3383 5113 3470 5152 res
3505 5113 3697 5168 appro-

402 5141 575 5197 oratio
606 5141 751 5196 nulla
793 5151 899 5210 est,
929 5152 1090 5213 atque
1134 5145 1252 5201 ideo
1297 5162 1471 5216 neque
1503 5151 1791 5209 alﬁrmatio
1823 5171 1990 5228 neque

2524 5141 2538 5156 _
2819 5141 2932 5147 η--
2964 5141 3228 5150 ww-..“
3262 5141 3349 5150 ..._
3383 5141 3470 5152 ,νυ
3505 5141 3673 5168 ..,.,,.ν

2106 5173 2213 5239 bat,
2244 5177 2388 5245 quod
2417 5193 2600 5233 earum
2630 5192 2808 5250 partes
2839 5195 2959 5238 sunt
2991 5187 3054 5239 ad
3089 5188 3339 5254 placitum
3362 5230 3375 5253 ,
3409 5191 3457 5245 id
3487 5202 3573 5246 est
3603 5209 3694 5247 no-

401 5237 635 5305 negatio.
692 5237 820 5290 Haec
864 5238 1007 5292 enim
1049 5253 1113 5292 ex
1159 5240 1380 5295 vocibus
1412 5259 1510 5312 per
1536 5260 1595 5300 se
1626 5249 1996 5318 significativis
2101 5237 2223 5322 me}.
2250 5237 2306 5322 έι
2329 5270 2573 5324 verbum,
2603 5237 2755 5338 ῥυοά
2784 5275 2828 5329 εί
2857 5292 3014 5332 omne
3039 5237 3397 5348 είξηιροείιυιξ,
3426 5283 3495 5336 ab
3520 5284 3603 5340 his
3630 5301 3694 5338 ex

403 5335 648 5348 -A--..._‘
716 5326 828 5348 Π-..
863 5342 986 5348 μ--.-
1023 5328 1070 5348 :_
1128 5344 1176 5348 Α-
1217 5347 1236 5348 7
1266 5346 1306 5348 ,_
1333 5333 1350 5348 ς
1462 5343 1472 5348 -
1890 5343 1900 5348 -

398 5335 670 5382 constant.
716 5326 830 5382 Rex
863 5342 992 5382 vero
1023 5328 1076 5383 in
1118 5344 1183 5384 eo
1208 5333 1352 5399 quod
1397 5343 1480 5389 est
1519 5350 1709 5403 sorex,
1742 5343 1986 5410 quoniam

399 5433 523 5444 ιλιι-η
557 5428 632 5444 An.
669 5419 897 5444 “And-.2-
955 5421 1080 5444 ..ειη
1119 5422 1227 5444 :_.-.-
1266 5424 1522 5444 -2.._,!l!__.
1588 5429 1629 5444 ιγ
1671 5432 1682 5444 1
1820 5443 1824 5444 ,
1958 5436 1968 5444 .

2612 5326 2710 5338 ,μ
2731 5326 2754 5328 _
3044 5326 3397 5348 ---ηρ-.--ω
3426 5326 3494 5336 ...,
3520 5326 3603 5340 ...υ
3631 5326 3692 5338 ν..

2104 5359 2292 5426 quibus
2333 5370 2417 5415 est
2461 5365 2819 5432 compositum
2847 5407 2861 5431 ,
2900 5369 3063 5422 sumit
3095 5378 3369 5437 naturam,
3424 5389 3526 5427 vox
3576 5390 3692 5444 qua

399 5433 526 5489 Pars
555 5428 636 5472 εει
669 5419 919 5486 nominis»
953 5421 1082 5537 "ibi:
1119 5422 1230 5489 ipsa
1263 5424 1547 5537 Signiﬁcat
1588 5429 1686 5485 Vel
1717 5443 1862 5489 cene
1892 5436 1992 5492 eri!
2104 5449 2370 5519 positione
2405 5456 2710 5510 constitutis
2754 5459 2975 5514 vocibus
3011 5458 3252 5531 jungitur
3275 5503 3291 5528 ,
3336 5465 3450 5533 ipsa
3481 5419 3693 5537 quoilue

399 5513 593 5537 -κλιῖμ-
630 5513 930 5537 ἔ-ιΑΙΙΑΑι..-
975 5513 1018 5537 ..ξ
1081 5528 1164 5537 ,Αι-
1199 5530 1296 5537 ---Α
1373 5518 1438 5537 -2.
1513 5535 1555 5537 _,
1587 5522 1598 5537 ι
1901 5530 1910 5537 .

397 5513 593 5566 melior
630 5513 933 5568 intellectus
975 5513 1021 5567 si
1063 5514 1166 5568 hoc
1194 5516 1338 5582 quod
1369 5518 1472 5585 ait,
1506 5522 1598 5575 sed
1631 5538 1735 5577 non
1766 5542 1867 5579 una
1899 5530 1992 5582 ho-
2100 5513 2392 5601 gemmam
2425 5546 2681 5615 placitum
2733 5513 3157 5624 positionemqtie
3195 5513 3477 5614 forinartur.
3499 5513 3693 5626 lQuare

397 5604 554 5626 m._._
590 5606 785 5626 --.μμ
865 5620 964 5626 μμ,
1010 5615 1249 5626 __.-_-__-
1415 5625 1418 5626 ν
1503 5613 1535 5626 -.
1616 5614 1627 5624 .
1803 5618 1822 5626 -
1910 5621 1919 5626 -

397 5604 556 5659 minis
588 5606 829 5676 syllaba,
865 5620 970 5662 non
1007 5615 1254 5678 aptemus
1293 5609 1360 5663 ad
1402 5613 1658 5666 orationis
1700 5618 1985 5683 perfectio-

398 5708 519 5721 nnun
576 5696 667 5721 ιιι-,1
700 5699 872 5721 κλει..-
902 5697 965 5721 ...Ι
995 5696 1243 5721 ,Ιέιιιέιι-ζ-
1277 5699 1610 5721 -:__:{!__.2_,
1650 5719 1660 5721 -
1816 5719 1825 5721 _

2427 5604 2439 5615 _
2735 5604 2786 5620 ,ν
2835 5604 3155 5624 ,,,-__--__1_-
3195 5604 3477 5614 ,πω-η.-
3523 5604 3685 5626 νη...

2099 5637 2442 5694 manifestum
2471 5650 2554 5696 est
2594 5645 2893 5702 orationem
2939 5650 3232 5705 secundum
3265 5653 3516 5721 placitum
3547 5670 3685 5710 esse.

395 5708 546 5760 nem,
576 5696 672 5750 sed
700 5699 874 5766 potius
901 5697 967 5751 ad
991 5696 1245 5754 dictionis
1274 5699 1743 5770 signiﬁcationem,
1774 5719 1830 5762 ut
1853 5726 1983 5779 quo-

400 5786 541 5814 ..ἒηηι
578 5789 706 5814 ,ιε-ει
744 5794 983 5814 ---..Α-ἷ---
1048 5795 1298 5814 ___-.!,-_!-
1330 5811 1385 5814 __
1415 5808 1474 5814 ,._
1579 5800 1588 5808 -
1671 5803 1718 5814 οι.
1892 5807 1902 5814 .

2606 5696 2618 5697 ,
2939 5696 3232 5705 _--_--__...
3548 5696 3686 5710 ea--.

2100 5727 2246 5783 Plato
2275 5745 2402 5784 vero
2432 5731 2482 5785 in
2511 5747 2576 5787 eo
2606 5733 2744 5790 libro
2770 5739 2857 5806 qui
2892 5739 3199 5795 inscribitur
3223 5742 3501 5814 Cratylus,
3533 5748 3688 5802 aliter

2527 5786 2532 5787 ,
2775 5786 2857 5806 ν-
2892 5786 3189 5795 __---,-._..“-
3228 5786 3353 5798 κη...
3392 5786 3501 5809 ....,.,

397 5786 543 5846 niam
575 5789 709 5845 dixit
743 5794 1005 5857 superius.
1042 5795 1300 5855 Ofaiioﬂis
1325 5808 1509 5865 Panes
1547 5800 1848 5866 Siglliiical'e
1891 5807 1983 5872 ita.
2096 5835 2215 5876 esse
2241 5824 2546 5886 constituit,
2571 5840 2798 5891 eamque
2827 5829 2957 5883 dicit
2984 5786 3377 5898 supellectileni
3402 5839 3688 5908 quamdam
