3982 6334
129 365 243 423 ιιι

892 355 956 411 ΙΝ
997 353 1252 411 LIBRUM
1291 351 1380 409 DE
1421 348 2077 409 INTERPRETATIONE
2118 350 2347 407 EDITIO
2387 349 2728 408 SECUNDA.

3346 350 3450 407 442

130 491 315 552 atque
363 478 782 535 instrumentum
827 485 950 528 esse
995 466 1331 541 signiﬁcandi
1377 481 1466 522 res
1508 480 1602 522 eas
1627 481 1747 536 qua:
1776 466 2196 537 Apartiuntur,
2246 476 2301 522 at
2349 483 2478 524 vero
2537 467 2883 539 Peripatetici
2926 468 3162 540 quinque
3208 468 3451 539 partibus

135 569 480 628 naturaliter
505 562 865 637 intellectibus
891 561 1264 626 concipiuntur
1285 600 1299 622 ,
1342 571 1636 626 earumque
1664 556 1749 610 in-

136 665 432 718 tellectum
454 655 731 714 vocabulis
750 654 1109 710 discernendi.
1128 650 1280 719 Quod
1301 650 1346 704 si
1370 664 1530 704 omne
1552 651 1753 704 instru-

140 766 399 811 mentum
438 751 754 808 naturalium
806 763 985 803 rerum
1025 745 1317 801 secundum
1359 753 1601 798 naturam
1632 750 1747 808 est,

142 864 203 903 nt
241 847 461 902 videndi
492 844 678 900 oculus
704 887 718 911 ,
758 842 974 896 nomina
1014 853 1233 908 quoque
1261 836 1554 892 secundum
1597 844 1753 890 natu-

145 957 269 995 ram
306 953 430 996 esse
473 938 783 992 arbitratur.
818 933 924 990 Sed
955 933 1056 987 hoc
1093 930 1408 986 Aristoteles
1451 938 1647 1000 negat,
1697 936 1753 983 et

147 1032 467 1088 Alexander
491 1028 673 1097 multis
702 1028 756 1082 in
778 1041 843 1082 eo
868 1026 1051 1101 nititur
1072 1021 1422 1093 argumentis,
1447 1029 1753 1075 monstrans

146 1127 467 1186 orationem
496 1137 603 1177 non
634 1134 755 1175 esse
783 1120 1198 1173 instrumentum
1236 1113 1498 1169 natura-le.
1548 1114 1753 1167 Aristo-

150 1222 297 1276 teles
325 1232 455 1273 vero
484 1217 557 1271 ita
588 1215 752 1269 utitur
779 1211 963 1267 dicens
993 1227 1008 1264 :
1041 1210 1136 1265 Est
1162 1218 1341 1263 autem
1371 1206 1547 1261 oratio
1576 1204 1753 1259 omnis

149 1311 377 1383 quidem
406 1306 753 1378 significativa
780 1345 794 1366 ,
840 1319 944 1358 non
974 1302 1115 1357 sicut
1152 1302 1564 1356 instrumentum
1588 1341 1602 1365 ,
1634 1304 1755 1349 tan-

151 1418 321 1474 quam
353 1402 400 1457 si
429 1400 631 1455 diceret
662 1416 677 1451 :
714 1397 804 1451 Εει
833 1395 1047 1464 quidem
1078 1393 1254 1447 omnis
1281 1390 1454 1445 oratio
1482 1388 1752 1459 signiﬁca-

152 1498 291 1561 tiva,
326 1509 432 1549 non
463 1500 639 1546 tamen
668 1486 1002 1549 naturaliter,
1034 1485 1447 1538 instrumentum
1479 1479 1623 1534 enim
1654 1479 1755 1533 hoc

151 1588 531 1648 demonstrat,
568 1593 817 1650 tanquam
862 1579 907 1634 si
942 1578 1148 1633 diceret
1196 1575 1514 1630 naturaliter
1546 1573 1752 1643 signiti-

154 1691 314 1732 care.
344 1675 497 1743 Quod
518 1672 607 1743 qui
630 1671 1042 1726 instrumentum
1065 1670 1369 1723 orationem
1392 1680 1512 1721 esse
1534 1675 1752 1735 negant,

155 1784 274 1823 non
304 1781 424 1822 eam
453 1765 766 1820 naturaliter
794 1762 1095 1832 significare
1120 1761 1336 1828 dicunt,
1368 1759 1464 1815 sed
1492 1760 1557 1813 ad
1591 1759 1755 1829 placi-

1857 576 2045 617 omnes
2097 558 2305 631 Species
2352 558 2615 617 orationis
2677 576 2738 616 ac
2802 562 3041 625 membra
3100 560 3447 616 distribuunt.

1855 656 2124 713 Orationis
2160 666 2337 711 autem
2377 657 2588 724 species
2624 657 2849 711 dicimus
2890 656 3165 727 perfectae,
3196 672 3302 711 non
3332 657 3450 727 ejus

1856 764 1975 818 quze
2022 756 2103 801 est
2147 746 2482 816 imperfecta.
2538 747 2809 804 Perfectas
2845 757 3023 804 autem
3056 763 3186 804 voco
3212 764 3303 803 eas
3330 764 3451 818 quas

1856 842 2135 909 complent
2159 840 2559 909 expediuntque
2586 840 2927 895 sententiam.
2976 841 3040 895 Et
3072 842 3143 895 sit
3168 838 3321 894 nobis
3350 840 3451 896 hoc

1855 932 2017 988 modo
2047 931 2259 987 divisio.
2308 931 2389 986 Sit
2417 947 2585 1001 genus
2614 932 2785 985 oratio
2811 972 2827 997 ,
2875 931 3134 986 orationis
3180 932 3323 987 a'iud
3365 942 3449 988 est

1857 1024 2233 1094 imperfectum
2260 1066 2275 1089 ,
2304 1024 2444 1094 quod
2495 1025 2814 1078 sententiam
2863 1039 2967 1079 non
3009 1024 3265 1094 expedit,
3306 1032 3363 1077 ut
3404 1023 3449 1077 si

1854 1117 2031 1173 dicam
2047 1117 2197 1171 Plato
2224 1116 2277 1171 in
2302 1116 2491 1187 lycaco,
2515 1115 2659 1170 aliud
2688 1130 2818 1170 vero
2846 1114 3162 1185 perfectum.
3193 1116 3451 1172 Perfecta:

1856 1217 2033 1264 autem
2058 1208 2314 1262 orationis
2336 1208 2437 1262 alia
2469 1218 2553 1262 est
2581 1207 2946 1276 deprecativa,
2968 1216 3046 1273 ιιι,
3071 1209 3227 1263 Adsit
3250 1208 3450 1264 laetitiae

1856 1300 2098 1355 Bacclms
2141 1299 2327 1365 dator;
2372 1301 2474 1354 alia
2518 1301 2863 1370 imperativa,
2911 1309 3003 1365 ut,
3035 1301 3234 1370 Accipe
3275 1301 3449 1372 daque

1855 1391 2048 1456 fidem;
2094 1391 2197 1446 alia
2228 1391 2607 1461 intcrrogativa
2627 1433 2642 1457 ,
2678 1402 2755 1458 ut,
2788 1391 2905 1459 Quo
2935 1402 3008 1459 te,
3040 1393 3219 1459 Mteri,
3250 1393 3449 1464 pedes?

1854 1501 1922 1540 au
1952 1500 2058 1556 quo
2091 1485 2173 1539 via
2203 1485 2348 1539 ducit
2385 1484 2438 1539 in
2463 1483 2688 1539 urbem?
2730 1484 2832 1539 alia
2860 1486 3135 1552 vocativa,
3165 1494 3255 1553 ut,
3284 1486 3330 1542 0
3357 1487 3447 1555 qui

1857 1593 1951 1634 rex
1964 1578 2348 1646 hominumque
2365 1578 2632 1647 deumque
2656 1578 2875 1632 aeternis
2899 1577 3035 1646 regis
3052 1576 3320 1646 imperiis:
3344 1577 3447 1632 alia

1854 1671 2183 1727 enuntiativa
2211 1713 2225 1736 ,
2263 1681 2321 1726 ut
2346 1713 2359 1735 ,
2395 1670 2519 1725 Dies
2545 1679 2630 1724 est
2654 1712 2668 1735 ,
2701 1668 2816 1725 dies
2844 1684 2952 1725 non
2978 1678 3080 1726 est.
3116 1669 3171 1725 In
3206 1670 3303 1724 bac
3332 1670 3448 1725 sola

1856 1780 1979 1836 qua:
2005 1774 2090 1841 est
2119 1764 2486 1826 enuntiativa,
2520 1762 2634 1817 veri
2666 1760 2854 1816 falsive
2891 1771 3080 1816 natura
3109 1761 3446 1831 perspicitur.

156 1872 303 1916 tum.
346 1857 674 1913 Naturalium
705 1855 847 1910 enim
891 1868 1071 1909 rerum
1101 1852 1363 1907 naturalia
1406 1859 1532 1905 sunt
1558 1850 1754 1903 instru-
1785 1846 1835 1907 B
1861 1859 1920 1915 In
1950 1857 2161 1914 caeteris
2182 1858 2325 1912 enim
2356 1868 2530 1925 neque
2561 1855 2783 1922 veritas,
2815 1869 2990 1924 neque
3016 1848 3448 1909 falsitas’inveni.

157 1959 363 2007 menta.
417 1948 618 2002 Idcirco
654 1954 832 2000 autem
863 1944 1274 1999 instrumentum
1307 1956 1405 2011 pro
1442 1949 1631 1994 natura
1664 1954 1757 2009 po-

160 2046 293 2109 suit,
323 2042 464 2114 quod
502 2044 597 2113 (ut
623 2041 827 2095 dictum
857 2038 974 2109 est)
1004 2037 1156 2093 Plato
1183 2036 1423 2092 omnium
1452 2034 1645 2089 artium
1675 2032 1757 2089 in-

160 2146 462 2191 strumenta
484 2180 498 2205 ,
532 2132 826 2189 secundum
855 2142 1101 2186 naturam
1142 2130 1378 2199 ipsarum
1404 2128 1599 2182 artium
1628 2141 1756 2181 con-

163 2228 357 2283 sistere
400 2225 755 2297 proponebat.
805 2223 873 2278 Et
902 2219 1203 2277 Alexander
1231 2218 1449 2290 quidem
1498 2232 1604 2271 nou
1634 2231 1757 2272 esse

165 2324 579 2379 instrumentum
617 2316 914 2370 orationem
961 2311 1040 2366 sic
1080 2310 1378 2380 ingreditur
1424 2310 1748 2379 approbare.

167 2414 394 2479 Omnis,
436 2410 647 2480 inquit,
688 2406 1009 2462 naturalium
1046 2406 1261 2457 actuum
1305 2401 1550 2469 supellex
1576 2443 1592 2469 ,
1637 2401 1756 2471 ipsa

169 2520 383 2579 quoque
413 2501 670 2559 naturalis
712 2508 825 2566 est,
858 2507 916 2553 ut
956 2499 1007 2551 in
1056 2511 1220 2551 sensu
1268 2495 1521 2565 quoniam
1568 2500 1756 2549 natura

169 2603 351 2666 datur,
373 2599 490 2669 ejus
512 2611 725 2667 quoque
752 2592 991 2664 supellex
1021 2600 1105 2646 est
1130 2589 1408 2657 naturalis,
1451 2596 1508 2643 ut
1546 2587 1756 2641 oculus.

171 2695 375 2752 Eodem
396 2706 609 2764 quoque
633 2690 795 2745 modo
813 2687 1027 2744 auditus
1049 2701 1174 2741 cum
1201 2684 1461 2740 naturalis
1484 2684 1576 2749 sit,
1600 2697 1758 2738 aures

172 2789 331 2845 nobis
371 2803 490 2857 qua:
537 2795 660 2840 sunt
708 2782 960 2839 audiendi
1008 2783 1361 2836 instrumenta
1387 2821 1403 2847 ,
1442 2776 1760 2833 naturaliter

172 2896 295 2937 esse
321 2879 472 2933 datas
510 2878 907 2949 cognoscimus.
953 2873 1132 2941 Quare
1173 2872 1425 2942 quoniam
1476 2870 1649 2925 oratio
1693 2869 1759 2924 ad

173 2974 427 3045 placitum
450 2986 555 3027 non
578 2968 898 3025 naturaliter
921 2975 1025 3032 est,
1050 2974 1231 3041 partes
1251 2963 1392 3019 enim
1417 2961 1760 3016 manifestum

174 3077 260 3125 est
301 3064 558 3121 orationis
585 3062 650 3119 ad
680 3061 928 3133 placitum
967 3058 1170 3129 positas
1195 3098 1211 3123 ,
1244 3072 1363 3127 quae
1389 3064 1516 3109 sunt
1553 3053 1762 3109 scilicet

174 3160 390 3217 nomina
417 3168 472 3214 et
494 3158 653 3214 verba
676 3194 693 3224 ,
723 3156 865 3212 sicut
892 3163 1157 3209 monstrat
1184 3150 1324 3220 apud
1353 3164 1543 3205 omnes
1570 3156 1760 3218 gentes

177 3252 457 3309 diversitas
476 3245 1142 3316 vocabulorum,quoniam
1165 3256 1294 3313 ergo
1311 3257 1407 3313 per
1430 3242 1546 3296 [nec
1566 3254 1761 3295 secua-
1787 3226 1836 3292 C

178 3348 300 3404 dum
327 3344 576 3416 placitum
612 3342 790 3399 omnis
830 3341 1003 3396 oratio
1044 3352 1164 3395 esse
1207 3345 1538 3392 monstratur
1564 3373 1581 3401 ,
1622 3335 1763 3404 quod

179 3449 354 3496 autem
399 3436 693 3494 secundum
739 3433 990 3505 placitum
1026 3439 1111 3487 est
1135 3471 1152 3497 ,
1198 3444 1304 3485 non
1348 3438 1433 3484 est
1472 3430 1764 3484 secundum

180 3541 455 3598 naturam,
487 3543 596 3585 non
633 3534 713 3584 est
751 3539 881 3596 ergo
906 3523 1079 3580 oratio
1116 3522 1375 3591 supellex.
1417 3520 1766 3590 Significandi

180 3626 320 3682 enim
356 3622 494 3679 ratio
527 3630 688 3691 atque
718 3626 955 3689 potestas
982 3613 1301 3670 naturaliter
1335 3627 1440 3668 non
1480 3622 1583 3668 est.
1616 3610 1767 3679 Quod

180 3718 228 3774 si
252 3716 422 3772 oratio
461 3712 774 3770 naturaliter
812 3725 916 3766 non
956 3717 1077 3775 est,
1108 3721 1213 3762 non
1256 3716 1340 3762 est
1380 3705 1641 3776 supellex.
1675 3704 1770 3759 llis

182 3811 402 3881 aliisque
447 3806 716 3864 similibus
768 3801 1065 3859 rationibus
1102 3808 1366 3855 monstrat
1392 3813 1500 3853 non
1529 3812 1652 3853 esse
1681 3812 1772 3852 su-

184 3901 500 3975 pellectilem
527 3898 849 3954 orationem.
878 3894 1140 3963 Quocirca
1166 3892 1448 3948 dicendum
1479 3890 1635 3946 nobis
1661 3898 1764 3955 est,

188 3992 497 4051 naturaliter
524 3988 740 4067 quidem
772 4002 898 4044 esse
929 4000 1091 4042 voces
1120 3992 1522 4056 potestatesque
1555 3991 1774 4037 natura-

191 4088 311 4143 liter
336 4086 592 4140 vocabula
620 4084 783 4139 rebus
811 4079 1170 4152 imprimendi,
1204 4094 1311 4134 non
1341 4089 1519 4134 tamen
1551 4087 1772 4133 natura-

191 4178 317 4235 liter
342 4175 720 4246 signitlcativas
740 4215 759 4243 ,
790 4175 886 4229 sed
919 4172 1204 4243 positione.
1234 4170 1381 4226 Sicut
1405 4185 1534 4239 ergo
1556 4181 1776 4225 natura-

192 4272 314 4327 liter
337 4267 683 4339 siugularium
705 4266 898 4321 artium
928 4277 1113 4319 sumus
1142 4260 1537 4331 susceptibiles,
1562 4260 1657 4313 sed
1685 4272 1777 4314 eas

191 4376 295 4418 non
328 4357 641 4414 naturaliter
669 4357 929 4411 habemus
949 4394 965 4421 ,
998 4353 1094 4408 sed
1133 4352 1378 4407 doctrina
1420 4351 1773 4420 concipimus,

195 4454 263 4507 ita
295 4467 392 4506 vox
420 4450 636 4520 quidem
668 4446 980 4502 naturaliter
1006 4452 1118 4507 est,
1148 4442 1243 4497 sed
1275 4456 1370 4513 per
1399 4456 1584 4496 vocem
1612 4440 1780 4509 signi-

195 4544 371 4600 ﬁcatio
395 4557 502 4597 non
533 4532 864 4597 naturaliter.
908 4538 1088 4607 Neque
1115 4535 1259 4589 enim
1298 4548 1404 4588 vox
1439 4533 1551 4588 sola
1583 4546 1778 4587 nomen

192 4652 301 4709 est,
338 4650 429 4695 aut
460 4638 720 4702 verbum,
751 4625 842 4691 sed
874 4649 976 4689 vox
1004 4632 1247 4703 quasdam
1287 4629 1463 4687 addita
1503 4626 1775 4699 signiﬁca-
1806 4603 1864 4666 ευ

185 4736 424 4798 tione,et
460 4731 598 4785 sicut
619 4726 930 4782 naturaliter
950 4732 1035 4779 est
1055 4721 1491 4787 moveri,saltare
1524 4732 1655 4773 vero
1685 4732 1780 4772 cu-

189 4827 395 4900 jusdam
415 4825 524 4894 jam
539 4820 751 4877 artificii
768 4832 819 4875 et
841 4817 1141 4889 positionis,
1162 4827 1214 4871 et
1234 4810 1687 4884 quemadmodum
1705 4824 1781 4865 ωε

193 4917 406 4990 quidem
440 4912 750 4970 naturaliter
769 4918 875 4975 est,
907 4918 1078 4964 statua
1094 4922 1225 4963 vero
1253 4903 1616 4975 positionevel
1642 4909 1778 4958 arte.

194 5010 486 5077 ltaquoque
501 5002 953 5081 possibilitasipsa
966 4996 1319 5068 signiﬁcandi,
1337 5005 1503 5051 etvox
1516 4992 1780 5048 naturalis

191 5112 291 5157 est.
331 5097 659 5169 Significatio
693 5109 823 5150 vero
851 5108 945 5162 per
981 5106 1167 5146 vocem
1200 5089 1480 5157 positionis
1513 5096 1632 5152 est,
1666 5100 1773 5140 non

191 5207 412 5251 naturae.
448 5190 714 5245 Hactenus
743 5188 955 5257 quidem
972 5187 1038 5240 de
1064 5185 1334 5240 communi
1360 5183 1603 5237 oratione
1634 5181 1779 5235 loeu-

188 5292 275 5344 tus
298 5292 399 5346 εει,
425 5295 565 5335 nunc
590 5290 767 5334 autem
794 5278 982 5332 transit
1008 5276 1073 5329 ad
1100 5276 1303 5344 species
1326 5275 1463 5343 eius.
1481 5271 1561 5326 Ait
1591 5272 1734 5326 enim
1761 5290 1775 5325 :

263 5376 590 5429 Enuntiativa
605 5390 719 5428 vero
735 5389 835 5427 non
857 5368 1143 5433 omnis,sed
1164 5368 1254 5421 illa
1285 5369 1336 5421 in
1371 5382 1469 5435 qua
1495 5381 1668 5419 verum
1700 5366 1779 5420 vel

191 5468 375 5539 falsum
389 5477 482 5533 εει,
498 5483 598 5519 non
609 5476 779 5519 autem
790 5465 841 5517 in
852 5462 1086 5515 omnibus
1096 5461 1300 5523 inest,ut
1324 5458 1776 5525 deprecativa,ora-

191 5569 259 5620 tio
279 5564 482 5635 quidem
502 5570 597 5627 εει,
613 5560 701 5614 sed
724 5574 883 5627 neque
901 5570 1018 5610 vera
1040 5569 1196 5620 neque
1212 5552 1361 5621 falsa.
1392 5549 1599 5604 Caetera:
1620 5549 1776 5617 igitur

199 5658 570 5724 relinquantur,
585 5650 847 5706 rhetorij
858 5648 989 5704 enim
1002 5645 1078 5700 vel
1092 5645 1299 5715 poetica:
1311 5641 1685 5695 convenientior
1700 5651 1774 5694 est

189 5748 546 5809 consideratio,
564 5742 876 5799 enuntiativa
894 5756 1008 5795 vero
1028 5737 1285 5809 praesentis
1297 5745 1368 5790 est
1394 5734 1774 5805 speculationis.

256 5838 477 5912 Species
498 5836 714 5910 quidem
736 5834 995 5891 orationis
1016 5830 1194 5887 multa:
1216 5836 1361 5893 sunt,
1385 5826 1478 5883 sed
1508 5839 1600 5881 eas
1625 5825 1773 5882 varie

1863 1959 1969 2017 tur,
2002 1963 2055 2007 et
2086 1951 2236 2006 multi
2266 1950 2479 2020 quidem
2512 1949 2693 2019 plures
2722 1942 2932 2017 species
2966 1962 3086 2003 esse
3111 1949 3295 2002 dicunt
3325 1963 3449 2018 per-

1859 2046 2016 2102 fecta:
2044 2043 2303 2099 orationis
2326 2083 2344 2110 ,
2388 2042 2477 2097 alii
2512 2052 2695 2097 autem
2739 2041 3049 2096 innumeras
3080 2054 3266 2095 eorum
3298 2038 3450 2095 diffe-

1860 2143 2061 2198 rentias
2092 2140 2352 2211 produnt,
2382 2138 2476 2195 sed
2506 2138 2638 2193 nihil
2669 2137 2735 2192 ad
2768 2151 2888 2193 nos.
2919 2136 3140 2192 Cunctte
3169 2136 3310 2191 enim
3333 2150 3451 2205 spe.

1860 2237 1971 2293 cies
1992 2235 2274 2300 orationis,
2306 2240 2399 2287 aut
2422 2231 2731 2287 oratoribus
2749 2232 3170 2286 accommodata:
3194 2237 3339 2294 sunt,
3363 2238 3452 2284 aut

1858 2329 2058 2401 poetis,
2091 2328 2206 2382 sola
2233 2324 2566 2381 enuntiativa
2602 2323 2956 2393 philosophis.
2988 2321 3129 2391 Ergo
3158 2320 3259 2376 hoc
3285 2320 3453 2377 dicit:

1860 2422 1977 2478 Non
2000 2420 2177 2474 omnis
2200 2419 2372 2474 oratio
2403 2417 2735 2475 enuntiativa
2758 2425 2859 2471 est.
2890 2414 3027 2470 Sunt
3046 2413 3188 2469 enim
3212 2414 3457 2483 plurima!

1860 2530 1980 2587 quae
1999 2512 2343 2568 enuntiativa:
2364 2524 2470 2566 non
2484 2519 2629 2574 sunt,
2642 2518 2701 2563 ut
2717 2510 2799 2563 lue
2818 2522 2953 2577 quas
2965 2521 3123 2576 supra
3138 2505 3314 2576 posui.
3334 2504 3457 2560 Hac

1862 2616 2042 2662 autem
2067 2604 2182 2659 sola
2212 2603 2368 2658 estin
2391 2616 2493 2671 qua
2520 2614 2703 2655 verum
2728 2597 2992 2653 falsumve
3016 2595 3248 2652 inveniri
3270 2603 3455 2666 queat.

1862 2696 2121 2766 Quocirca
2164 2693 2417 2765 quoiniam
2457 2692 2615 2747 istam
2644 2690 2700 2746 in
2742 2704 2844 2760 qua
2876 2688 3078 2744 veritas
3121 2690 3204 2742 vel
3253 2685 3457 2742 falsitas

1861 2786 2155 2850 invenitur,
2188 2783 2458 2839 dialectici
2490 2780 2905 2851 philosophique
2934 2789 3020 2836 est
3046 2792 3310 2851 quaarere,
3350 2792 3456 2833 ca-

1864 2890 1997 2936 terae
2046 2887 2225 2932 autem
2272 2876 2577 2932 oratoribus
2622 2884 2782 2945 atque
2825 2872 3002 2944 poetis
3042 2870 3458 2928 accommodata

1864 2982 2008 3036 sunt.
2031 2974 2152 3043 jure
2180 2972 2249 3028 de
2278 2971 2378 3027 hac
2405 2970 2521 3024 sola
2553 2966 2893 3032 tractabitur,
2922 2966 2975 3020 id
3006 2974 3088 3022 est
3113 2965 3182 3021 de
3208 2963 3459 3021 enuntia-

1864 3072 1971 3126 tiva
2007 3066 2273 3122 oratione.
2320 3062 2607 3132 Hucusque
2642 3073 2772 3129 ergo
2809 3058 2877 3115 de
2918 3058 3157 3129 partibus
3198 3058 3461 3128 interpre-

1865 3159 2086 3218 tationis
2117 3166 2171 3214 et
2212 3156 2279 3211 de
2312 3153 2583 3209 communi
2630 3152 2874 3206 oratione
2919 3150 3129 3205 locutus
3156 3158 3257 3205 est.
3307 3146 3462 3204 Nunc

1865 3263 2041 3308 autem
2074 3244 2554 3314 astringitmodum
2574 3241 2953 3313 disputationis
2971 3244 3022 3296 in
3040 3241 3299 3311 speciem,
3329 3240 3464 3296 etde

1866 3328 1969 3401 una
2001 3341 2180 3415 Specie
2194 3339 2454 3396 orationis
2470 3335 2861 3405 tractat,deque
2890 3349 2995 3390 una
3024 3332 3465 3404 interpretatione

1866 3454 1988 3510 qua:
2015 3445 2099 3492 est
2118 3432 2470 3490 enuntiativa.
2493 3427 2712 3498 Species
2726 3430 2957 3496 namque
2978 3425 3371 3482 estenuntiatio
3389 3426 3465 3480 in-

1869 3522 2509 3601 terpretationis,negatio
2521 3536 2650 3576 vero
2676 3528 2730 3575 et
2753 3518 3037 3573 affirmatio
3056 3518 3464 3576 enuntiationis.

1870 3623 2048 3691 Quare
2063 3622 2132 3675 de
2159 3617 2489 3674 enuntiativa
2516 3603 2761 3668 oratione
2783 3609 3180 3675 considerandi,
3198 3610 3324 3665 hinc
3339 3624 3465 3667 cum

1871 3715 1990 3782 ipso
2023 3708 2311 3766 Aristotele
2350 3700 2851 3762 commodissimum
2886 3715 3161 3757 sumamus
3189 3700 3429 3758 initium.

1945 3806 2037 3861 Est
2071 3814 2237 3860 autem
2268 3818 2373 3857 una
2407 3801 2574 3873 prima
2606 3798 2771 3853 oratio
2800 3796 3141 3863 enuntiativa,
3174 3795 3467 3867 alﬁmatio,

1874 3902 2062 3959 deinde
2083 3899 2305 3973 negatio,
2337 3896 2456 3951 alite
2481 3910 2600 3949 vero
2622 3909 2795 3948 omnes
2816 3893 3171 3964 conjunctione
3191 3906 3326 3946 uiue.
3361 3889 3467 3946 Ne-

1876 4012 2011 4050 (esse
2038 4000 2109 4047 est
2131 3999 2302 4045 autem
2330 4003 2529 4041 omnem
2554 3986 2839 4040 orationem
2862 3983 3218 4037 enuntiativum
3240 3999 3305 4039 ea:
3319 3984 3468 4039 verba

1876 4102 2001 4152 esse,
2025 4085 2103 4139 vel
2122 4099 2245 4137 casu
2266 4080 2424 4145 verbi;
2448 4079 2634 4133 etenim
2656 4076 2878 4130 hominis
2899 4078 3051 4141 ratio,
3077 4077 3122 4130 si
3141 4092 3241 4129 non
3264 4085 3359 4142 est,
3381 4089 3468 4131 aut

1879 4180 1996 4249 fuit,
2021 4186 2110 4230 aut
2143 4175 2260 4240 erit,
2298 4181 2387 4225 aut
2416 4170 2616 4240 aliquid
2645 4168 2941 4239 hujusmodi
2976 4168 3218 4230 addatur.
3244 4169 3468 4227 nondum

1879 4281 1950 4328 est
1974 4270 2141 4325 oratio
2165 4267 2495 4323 enuntiativa.
2524 4264 2697 4331 Quare
2721 4272 2888 4315 autem
2915 4278 3076 4315 unum
3104 4263 3348 4329 quiddam
3377 4277 3469 4329 ιε’,

1880 4374 1927 4420 ει
1955 4379 2058 4418 non
2103 4361 2267 4414 multa
2306 4355 2501 4411 animal
2534 4346 2797 4426 gressibile
2834 4353 2991 4421 bipes.
3022 4350 3202 4422 Neque
3241 4355 3375 4406 enim
3414 4370 3471 4409 ea

1881 4455 2016 4528 quod
2054 4454 2336 4522 propinque
2360 4450 2600 4518 dicuntur
2627 4461 2787 4499 unum
2815 4447 2931 4500 erit.
2959 4442 3051 4498 Est
3075 4454 3242 4500 autem
3264 4447 3471 4501 alterius

1884 4548 1980 4602 hoc
2008 4554 2228 4601 tractare
2258 4541 2466 4609 negotii.

1960 4640 2072 4696 Una
2105 4637 2278 4692 oratio
2306 4634 2504 4702 duplici
2554 4630 2715 4686 modo
2748 4639 3036 4697 tractatur,
3082 4631 3164 4686 vel
3212 4645 3332 4686 cum
3379 4646 3471 4700 per

1884 4747 1945 4789 se
1974 4746 2076 4785 una
2108 4738 2208 4791 est,
2239 4727 2331 4781 vel
2358 4740 2479 4780 cum
2514 4738 2605 4793 per
2634 4722 2863 4793 aliquam
2895 4722 3324 4793 coniunctionem
3349 4723 3475 4792 juno

1884 4826 2045 4896 gitur.
2096 4820 2195 4875 Vel
2246 4827 2394 4873 certe
2436 4817 2509 4871 ita
2553 4814 2837 4871 dicendum
2881 4824 2984 4870 est.
3030 4815 3161 4870 Alia:
3204 4814 3473 4870 orationes

1884 4918 2203 4976 naturaliter
2232 4931 2352 4971 una;
2383 4924 2537 4979 sttnt,
2574 4912 2692 4967 alite
2730 4926 2861 4967 vero
2890 4912 3173 4982 positione.
3224 4911 3285 4966 Et
3317 4920 3474 4966 natu-

1888 5013 2069 5068 raliter
2098 5025 2218 5065 unte
2248 5009 2465 5078 quidem
2512 5008 2638 5061 aunt
2672 5007 2945 5061 orationes
2974 5020 3094 5075 quae
3124 5018 3229 5058 non
3271 5004 3472 5059 dissnl-

1884 5115 2080 5160 vuutur
2110 5107 2160 5159 in
2189 5105 2320 5161 alias
2347 5106 2640 5170 orationes,
2670 5112 2726 5159 ut
2754 5113 2856 5167 est,
2890 5104 2969 5158 sol
2999 5104 3186 5158 oritur.
3223 5101 3353 5169 Quas
3379 5116 3473 5154 au-

1884 5208 1991 5251 tem
2009 5197 2273 5265 positione
2295 5206 2418 5251 sunt
2436 5211 2556 5251 una:
2582 5197 2633 5251 in
2653 5196 2785 5251 alias
2801 5196 3069 5250 orationes
3083 5193 3470 5258 dissolvuntur,

1884 5299 1943 5345 ut
1970 5298 2075 5355 est,
2094 5289 2138 5343 si
2165 5289 2325 5343 homo
2353 5287 2752 5344 estanimalest
2771 5305 2786 5354 ;
2808 5286 2921 5343 lucc
2950 5288 3092 5341 enim
3121 5287 3171 5341 in
3198 5288 3469 5340 orationes

1884 5386 2017 5439 alias
2049 5394 2328 5453 separatur
2353 5426 2365 5447 ,
2406 5393 2459 5437 et
2500 5381 2951 5452 quemadmodum
2985 5381 3184 5449 lignum
3218 5379 3300 5432 vel
3335 5380 3468 5448 lapis

1882 5477 2153 5549 sigillatim
2197 5478 2249 5530 in
2298 5478 2509 5545 propria
2543 5485 2729 5530 natura
2755 5475 3052 5529 consistunt
3097 5482 3149 5526 et
3181 5481 3301 5525 sunt
3344 5487 3463 5537 una,

1882 5587 1945 5627 ex
1994 5572 2077 5625 his
2112 5579 2291 5626 autem
2335 5569 2472 5624 facta
2508 5569 2657 5623 navis
2689 5568 2771 5623 vel
2802 5566 2995 5622 domus
3025 5581 3141 5637 qua:
3185 5579 3307 5620 cum
3355 5564 3470 5633 plu-

1882 5664 2033 5717 ribus
2075 5662 2291 5733 quidem
2338 5669 2628 5725 constent,
2660 5673 2781 5713 ante
2812 5665 2991 5712 tamen
3024 5667 3140 5710 arte
3165 5666 3287 5710 sunt
3314 5699 3328 5722 ,
3365 5671 3469 5711 non

1882 5763 2094 5810 natura.
2165 5753 2237 5808 Ita
2287 5766 2498 5822 quoque
2559 5752 2613 5806 in
2666 5749 2997 5805 orationibus
3053 5748 3324 5817 simplices
3377 5764 3471 5805 eas

1883 5858 1939 5903 et
1985 5863 2080 5920 per
2128 5863 2187 5902 se
2226 5843 2541 5902 naturaliter
2571 5856 2705 5898 unas
2749 5842 3025 5901 orationes
3053 5840 3315 5903 dicimus.
3351 5857 3474 5915 qua
