4022 6332
530 381 634 437 4-ίὸ

1777 377 1883 432 ΑΝ.
1926 376 2135 431 MANL.
2174 372 2327 430 SEV.
2370 369 2596 429 BOETII

3685 379 3787 432 444

530 497 694 553 verbo
740 504 940 551 tantum
981 501 1033 549 et
1076 490 1292 546 nomine
1322 488 1734 563 conjunguntnr.
1777 491 2114 561 Compositas
2141 487 2193 550 Δ
2222 497 2551 551 monstrant;
2577 486 2871 542 enuntiatio
2898 485 3057 555 igitur
3080 486 3448 547 amrntationis
3477 502 3531 549 et
3562 498 3805 567 negatio-

531 599 706 645 atttetu
744 601 862 657 qua).
894 586 945 639 in
999 585 1131 637 alias
1179 583 1257 654 (ut
1296 582 1494 637 diclttm
1546 582 1651 653 est)
1700 585 1971 639 orationes
2028 583 2118 639 di-

532 681 806 735 viduntur.
888 676 1078 731 Multas
1159 677 1301 729 enim
1359 675 1630 730 orationes
1697 678 1749 731 in
1809 675 2113 747 huiusmodi

530 772 863 829 orationibus
908 770 1214 840 conjunctio
1242 771 1437 840 jungit,
1484 780 1540 825 ut
1568 771 1611 825 si
1642 770 1816 826 dicam
1848 772 1996 827 Plato
2032 782 2117 828 est

530 878 585 924 ct
605 870 855 923 Socrates
880 875 983 931 est,
1002 866 1114 919 haec
1132 864 1439 935 conjunctio
1458 875 1502 918 et
1534 875 1783 936 utrasque
1811 867 2107 936 conjunxit,

528 975 685 1033 atque
717 964 836 1018 ideo
869 978 968 1016 una
997 962 1206 1017 videtur
1234 963 1517 1031 positione,
1552 980 1673 1033 quae
1715 962 2029 1017 naturaliter
2060 972 2114 1017 et

528 1071 624 1126 per
652 1072 710 1111 se
736 1071 836 1109 una
871 1071 976 1109 non
1017 1055 1208 1120 fuerat,
1240 1055 1556 1109 naturaliter
1586 1063 1761 1110 autem
1796 1054 1953 1111 unius
1991 1072 2111 1111 ora-

529 1148 684 1204 tionis
716 1147 835 1202 duaa
859 1158 1035 1217 partes
1059 1155 1185 1201 sunt
1206 1148 1491 1202 affirmatio
1509 1159 1560 1202 et
1584 1150 1831 1218 negatio;
1863 1149 1954 1205 sed
1978 1166 2113 1218 quo-

529 1242 668 1295 niam
700 1256 804 1294 non
835 1241 905 1294 ita
933 1240 1086 1304 dixit,
1118 1249 1397 1295 estautem
1430 1256 1529 1295 una
1559 1242 1729 1295 oratio
1758 1242 2108 1310 enttntiativa,

527 1332 812 1387 affirmatio
841 1332 925 1387 vel
957 1331 1191 1402 negatio,
1224 1333 1418 1389 deinde
1456 1344 1539 1389 est
1569 1350 1669 1388 una
1708 1336 2106 1405 c0njunctione.

528 1423 633 1479 Sed
660 1427 773 1478 ait:
810 1424 902 1477 Est
928 1435 1105 1479 autent
1141 1440 1239 1478 una
1272 1426 1443 1494 prima
1474 1426 1648 1481 oratio
1675 1427 2004 1483 euuntiativa
2032 1427 2111 1481 af-

530 1514 777 1580 ﬁrmatio,
810 1514 1004 1569 deinde
1047 1518 1281 1585 negatio,
1325 1515 1629 1587 hujusmodi
1658 1520 1830 1573 oritur
1857 1522 2108 1590 quwstio.

529 1606 715 1662 Utrum
750 1606 798 1659 id
828 1609 965 1676 quod
989 1610 1063 1661 ait
1095 1608 1261 1676 prima
1289 1609 1354 1663 ad
1374 1609 1786 1666 affirmationem
1822 1612 2110 1683 referatur,

530 1709 585 1753 ut
611 1702 679 1753 sit
707 1700 975 1769 posterior
1003 1701 1238 1768 negatio,
1264 1715 1333 1754 an
1358 1699 1406 1754 id
1431 1701 1573 1771 quod
1603 1703 1677 1757 ait
1705 1705 1871 1774 prima
1897 1705 1964 1760 ad
1983 1708 2112 1761 sim-

526 1789 718 1860 plicem
750 1790 1024 1846 retulerim
1056 1792 1369 1859 orationem,
1409 1803 1463 1848 ut
1500 1795 1733 1851 secunda
1781 1799 1869 1864 sit,
1898 1816 2017 1869 quae
2044 1818 2108 1857 ex

528 1883 859 1937 orationibus
884 1882 1139 1952 jungitur,
1163 1898 1317 1953 quam
1343 1884 1670 1942 dubietatem
1700 1889 1812 1958 ipse
1839 1890 2103 1947 dissolvit.
2140 1870 2191 1937 Β

528 1980 616 2036 Sic
644 1980 784 2036 cnim
816 1983 985 2052 inquit
1013 2002 1025 2036 :
1068 1984 1160 2038 Est
1186 1995 1365 2041 autem
1400 2003 1501 2041 una
1538 1989 1706 2058 prima
1740 1990 1912 2043 oratio
1943 2004 2113 2043 enun-

529 2074 731 2140 tiativa,
767 2074 1070 2141 affirmatio,
1105 2087 1159 2131 ct
1191 2087 1247 2133 ut
1269 2094 1426 2148 quam
1454 2081 1744 2135 secundam
1773 2082 1978 2137 diceret
2016 2081 2110 2137 de-

526 2175 869 2233 monstraret,
902 2169 998 2233 ait,
1023 2168 1217 2226 deinde
1262 2173 1493 2242 negatio,
1528 2183 1583 2228 ut
1622 2175 1849 2243 primam
1877 2175 2111 2229 affirma-

528 2260 728 2314 tionem
773 2270 1019 2330 poneret,
1059 2264 1350 2318 secundam
1383 2268 1741 2335 negationem.
1771 2268 1923 2336 Quod
1960 2270 2004 2325 si
2039 2270 2110 2324 ita

529 2350 775 2415 dixisset,
810 2362 889 2406 ist
921 2364 1099 2409 autem
1130 2371 1232 2410 uua
1266 2358 1432 2426 prima
1468 2361 1794 2416 enuntiativa
1828 2363 2002 2417 oratio
2033 2362 2113 2416 af-

526 2441 759 2497 firmatio
807 2445 890 2499 vel
933 2448 1165 2517 negatio,
1207 2450 1404 2507 deinde
1446 2453 1827 2523 conjunctione
1868 2472 1994 2524 una,
2039 2458 2110 2512 ita

525 2542 799 2603 oporteret
828 2537 1051 2609 intelligi
1084 2550 1332 2611 tauquam
1361 2543 1403 2598 si
1426 2544 1648 2612 diceret,
1679 2546 1823 2602 illam
1852 2564 1973 2603 esse
1996 2549 2109 2620 pri-

526 2642 668 2681 mam
690 2628 983 2685 orationem
1026 2647 1144 2701 quae
1177 2633 1402 2704 simplex
1435 2646 1600 2703 esset,
1629 2638 1785 2709 cujus
1826 2650 2005 2710 partes
2035 2640 2113 2695 af-

527 2721 756 2776 firmatio
782 2734 963 2778 essent
998 2733 1158 2795 atque
1201 2728 1446 2795 negatio;
1478 2732 1771 2787 secundam
1800 2748 1929 2788 vero
1968 2735 2112 2789 illam

523 2827 641 2882 qua:
669 2814 1048 2885 conjunctione
1075 2819 1305 2888 quadam
1337 2836 1438 2875 una
1469 2822 1641 2889 fieret,
1673 2840 1796 2880 cum
1818 2842 1884 2882 ex
1914 2830 2113 2882 oratio-

525 2904 681 2961 nibus
701 2905 1040 2976 jungerctur.
1076 2908 1185 2965 Sed
1208 2918 1461 2979 quoniam
1493 2914 1545 2969 id
1572 2916 1714 2984 quod
1740 2919 1816 2971 ait
1852 2918 2024 2988 prima
2046 2920 2114 2975 ad

522 2997 940 3054 affirmationem
980 3002 1156 3069 junxit
1196 3003 1403 3072 dicens,
1440 3016 1521 3061 est
1564 3018 1742 3063 atttem
1788 3026 1889 3064 una
1942 3013 2110 3079 prima

525 3088 699 3142 oratio
735 3092 1061 3147 cnuntiativa
1118 3094 1427 3163 affirmatio,
1468 3098 1535 3153 ad
1572 3103 1907 3169 negationem
1959 3119 2109 3171 vero,

524 3182 721 3238 deinde
746 3186 1023 3254 subjunxit
1054 3187 1260 3256 dicens,
1294 3189 1489 3247 deinde
1529 3194 1763 3264 negatio.
1816 3194 2109 3252 Dicendum

2223 578 2303 633 nis
2330 594 2497 650 genus
2529 594 2645 633 csse
2678 578 2919 649 pauenda
2944 588 3048 634 εει.
3081 580 3232 647 Quod
3265 598 3390 653 ergo
3422 585 3496 642 ait
3526 604 3540 641 :
3575 586 3667 643 Est
3700 606 3800 645 au-

2220 682 2324 727 tem
2356 688 2457 725 una
2487 670 2652 741 prima
2687 675 2856 726 oratio
2888 672 3233 748 enttntiativa,
3267 676 3571 746 affirmatio,
3602 682 3801 741 deinde
3844 754 3851 761 ο

2219 768 2449 837 negatio,
2481 768 2603 822 alia:
2636 784 2760 822 vero
2792 767 3170 838 conjunctione
3199 784 3316 826 utne
3339 814 3351 833 ,
3386 774 3456 827 ita
3499 773 3805 847 intelligen~

2219 859 2342 913 dum
2367 866 2470 923 est,
2487 858 2627 928 quod
2647 859 3055 915 affirmationem
3076 862 3323 930 primam,
3348 865 3643 921 secundam
3672 884 3805 925 vero

2218 955 2577 1024 negationem,
2631 956 2714 1008 cui
2756 955 2957 1009 addidit
2997 954 3216 1022 deinde,
3268 957 3317 1011 in
3364 960 3664 1027 prolatione
3708 979 3800 1032 po-

2216 1048 2404 1103 suerit.
2450 1048 2601 1102 Prior
2630 1048 2769 1103 euim
2811 1060 2891 1103 est
2931 1044 3239 1119 affirmatio,
3287 1053 3552 1118 posterior
3583 1044 3837 1124 negatio

2218 1143 2270 1197 in
2318 1144 2615 1212 prn‘atiOne
2646 1141 2922 1208 duntaxat,
2953 1158 3058 1196 non
3109 1143 3403 1197 secundum
3435 1147 3544 1201 veri
3577 1146 3807 1218 falsique

2216 1235 2661 1305 designalimzetn.
2713 1235 2970 1302 Quocirca
3018 1235 3147 1290 nihil
3193 1237 3438 1307 prohibet
3477 1249 3529 1293 et
3570 1241 3804 1310 priorem

2217 1330 2389 1399 putari
2419 1328 2829 1383 affirmationem
2871 1329 3176 1397 negatione,
3217 1340 3270 1383 et
3316 1339 3496 1386 tamen
3550 1341 3803 1403 utrasque

2215 1421 2315 1475 sub
2349 1436 2453 1475 uno
2493 1437 2709 1491 genere,
2752 1418 2803 1475 id
2850 1430 2931 1476 est
2971 1421 3339 1476 enuntiatione
3375 1424 3647 1479 constitui.
3700 1425 3807 1482 Sed

2215 1517 2354 1586 quod
2387 1527 2600 1571 secutus
2627 1524 2735 1570 est:
2778 1512 3011 1570 Necesse
3038 1525 3118 1570 est
3149 1522 3330 1570 autem
3360 1530 3575 1571 omnem
3607 1520 3807 1574 oratio-

2215 1625 2335 1665 nem
2359 1607 2739 1663 enuntiativam
2766 1624 2831 1664 ex
2861 1608 3025 1664 verbo
3048 1618 3166 1663 esse
3194 1607 3279 1663 vel
3308 1623 3460 1675 casu,
3495 1608 3805 1680 huiusmodi

2214 1711 2296 1757 est
2327 1701 2508 1757 volens
2541 1701 2857 1757 Aristoteles
2888 1701 3213 1757 distribuere
3241 1702 3533 1758 dictionem
3568 1706 3807 1760 affirma-

2218 1796 2438 1861 tionem,
2457 1796 2814 1864 negationem,
2834 1794 3277 1859 enuntiationem,
3302 1796 3805 1866 contradictionem,

2217 1905 2433 1946 sensum
2468 1889 2687 1943 confusa
2720 1886 2983 1944 brevitate
3027 1889 3357 1957 permiscuit,
3392 1899 3443 1943 et
3473 1891 3683 1947 nebulis
3715 1893 3806 1948 ob-

2217 1983 2486 2036 scuritatis
2509 1980 2789 2051 implicuit,
2812 1982 3048 2052 oportuit
3076 1998 3305 2053 namque
3336 1983 3484 2053 prius
3510 1983 3640 2055 quid
3665 1996 3807 2044 esset

2216 2075 2404 2143 dictio,
2433 2086 2553 2145 post
2582 2088 2758 2129 autem
2784 2075 2912 2146 quid
2940 2076 3248 2144 affirmatio,
3277 2084 3331 2133 et
3353 2079 3586 2148 negatio,
3610 2091 3665 2136 et
3693 2097 3806 2136 ηιμ

2215 2183 2307 2223 sus
2325 2167 2450 2239 quid
2482 2177 2625 2222 esset
2652 2168 2972 2231 enuntiatio,
3001 2178 3054 2223 et
3072 2169 3424 2223 contradictio
3453 2171 3805 2229 constituere.

2218 2260 2325 2317 Sed
2370 2260 2473 2316 hoc
2524 2261 2737 2315 interim
2781 2260 3161 2329 praetermittit,
3194 2277 3336 2316 nunc
3378 2277 3507 2317 vero
3545 2262 3806 2334 quemad-

2217 2352 2438 2408 modum
2471 2353 2851 2408 constituatur
2877 2350 3174 2407 enuntiatio
3202 2351 3358 2408 docet
3394 2352 3621 2411 dicens:
3653 2354 3804 2424 Quod

2215 2446 2391 2519 omnis
2435 2446 2733 2501 enuntiatio
2776 2452 2989 2499 constet
3035 2441 3222 2513 verbo,
3275 2446 3528 2516 quoniam
3575 2446 3802 2519 simplex

2215 2510 2377 2594 dictid
2403 2548 2484 2593 est
2512 2550 2710 2591 nomen
2742 2545 2833 2591 aut
2862 2532 3105 2591 verbum.
3139 2535 3326 2591 Omnis
3357 2538 3656 2593 enuntiatio
3680 2539 3803 2594 sim-

2218 2632 2340 2702 plex
2374 2627 2676 2698 hujusmodi
2709 2639 2810 2693 est,
2847 2634 2903 2681 ut
2946 2641 3161 2696 semper
3194 2626 3410 2699 quidem
3453 2629 3531 2683 vel
3581 2629 3803 2685 verbum

2216 2726 2299 2780 vel
2324 2721 2469 2778 aliud
2504 2718 2704 2791 aliquid
2730 2718 2870 2791 quod
2906 2718 3043 2774 idem
3072 2718 3267 2789 valeat,
3294 2727 3545 2791 tanquam
3579 2720 3625 2777 si
3656 2721 3803 2777 dice-

2217 2826 2389 2882 retur,
2419 2814 2635 2870 verbum
2683 2812 2766 2866 vel
2795 2826 2977 2867 casum
3004 2810 3156 2867 verbi
3184 2812 3235 2867 in
3266 2812 3649 2882 praedicatione
3676 2815 3801 2871 reti-

2217 2917 2361 2973 neat,
2391 2905 2487 2962 sed
2523 2922 2627 2959 non
2665 2918 2880 2973 semper
2919 2900 3193 2973 subjectus
3234 2904 3496 2959 terminus
3526 2905 3583 2961 fit
3614 2921 3677 2962 ex
3711 2922 3802 2961 no-

2216 3003 2383 3066 tnine,
2415 3014 2629 3068 semper
2661 3004 2837 3052 tamen
2878 2994 3198 3065 praedicatus
3225 3012 3289 3053 ex
3321 2997 3521 3054 verbo:
3551 3000 3622 3055 sit
3663 3003 3802 3059 enim

2219 3090 2523 3161 hujusmodi
2572 3089 2884 3159 propositio,
2930 3102 3049 3159 quae
3096 3097 3200 3157 est,
3248 3089 3328 3144 sol
3361 3090 3559 3157 oritur;
3606 3092 3661 3148 in
3709 3092 3802 3149 hac

2219 3199 2348 3253 ergo
2379 3180 2746 3252 propositione
2788 3178 2929 3251 quod
2969 3180 3121 3246 dico,
3154 3178 3232 3237 sol
3268 3181 3466 3249 oritur,
3503 3182 3802 3253 subjectum

845 3244 862 3254 .
1248 3244 1260 3256 .
1406 3244 1411 3245 ν
1468 3244 1485 3247 τ
1530 3244 1762 3264 -τ-υ-κ-ν-
1819 3244 1839 3248 -
1860 3244 2108 3252 -η-ν---νω

498 3322 499 3325 η
523 3285 608 3331 est
634 3277 856 3346 primam
886 3294 1010 3335 eum
1035 3282 1333 3338 orationem
1366 3300 1486 3340 esse
1513 3287 1760 3343 arbitrari
1792 3289 2108 3347 affirmatio-

2217 3244 2306 3331 est
2328 3244 2430 3344 sol,
2457 3244 2600 3343 quod
2624 3287 2750 3329 vero
2773 3272 2915 3339 dico,
2940 3272 3133 3342 oritur,
3159 3275 3523 3345 praedicatum.
3550 3277 3802 3334 Ettttras-

524 3383 680 3436 nem;
726 3371 1017 3428 secundam
1044 3391 1168 3431 vero
1198 3379 1557 3448 negationem,
1586 3384 1672 3436 cui
1708 3383 1903 3441 deinde
1940 3389 2112 3442 conti-

523 3472 716 3518 nenter
749 3466 1015 3535 apposuit.
1067 3467 1172 3524 Sed
1221 3485 1407 3527 rursus
1447 3473 1771 3531 incurrimus
1817 3478 2109 3536 Alexandri

521 3560 896 3626 quaestionem.
928 3558 1031 3616 Per
1070 3563 1172 3619 hoc
1201 3564 1346 3619 enim
1376 3576 1535 3636 negat
1575 3567 1985 3627 affirmationem
2016 3591 2110 3630 ne-

521 3653 898 3723 gationemque
921 3654 1021 3711 sub
1044 3672 1152 3711 uno
1172 3671 1371 3726 genere
1398 3658 1524 3729 poni
1547 3671 1817 3732 oportere,
1843 3665 1892 3720 id
1911 3676 1993 3722 est
2009 3668 2110 3724 sub

521 3746 919 3814 enuntiatione,
947 3750 1090 3817 quod
1132 3749 1184 3803 in
1211 3750 1275 3804 iis
1302 3766 1421 3821 qua:
1464 3756 1643 3823 priora
1683 3757 1765 3811 vel
1813 3760 2109 3827 posteriora

522 3847 669 3901 sunt,
702 3852 987 3893 commune
1015 3856 1186 3909 genus
1219 3859 1325 3899 non
1365 3856 1544 3915 potest
1579 3849 1830 3904 inveniri.
1866 3851 1973 3906 Sed
2008 3853 2108 3909 hoc

460 3966 463 3969 λ
522 3942 683 3997 supra
705 3928 816 3997 jam
848 3929 1050 3985 dictum
1080 3941 1182 3998 est,
1217 3948 1336 3989 nam
1368 3946 1619 4005 oportere
1649 3941 1829 3994 omnia
1856 3958 2110 4011 quaacun-

521 4035 625 4088 que
652 4019 888 4089 quolibet
913 4023 1074 4077 modo
1108 4025 1280 4093 priora
1318 4026 1401 4082 vel
1441 4030 1734 4097 posteriora
1777 4043 1901 4088 sunt
1935 4050 1967 4089 a
2008 4052 2106 4106 ge—

521 4126 652 4167 nere
687 4115 957 4168 communi
989 4131 1293 4173 secernere.
1326 4120 1541 4192 Alioqui
1577 4125 1657 4179 sic
1690 4127 1878 4193 prima:
1915 4137 1971 4183 et
2019 4145 2107 4185 se-

519 4203 710 4257 cunda:
744 4204 1057 4262 substantire
1104 4209 1203 4263 sub
1246 4226 1349 4265 una
1385 4228 1583 4281 genere
1635 4217 1951 4276 substantia:
1996 4237 2106 4278 non

521 4304 807 4362 ponentur.
842 4295 932 4350 Sic
962 4299 1123 4352 etiam
1167 4299 1441 4370 simplices
1471 4313 1524 4359 et
1553 4310 1865 4378 compositae
1906 4312 2107 4367 oratio-

519 4398 638 4449 nes,
678 4400 902 4453 quarunt
951 4389 1224 4459 simplices
1276 4394 1668 4461 pr0positiones
1717 4398 1901 4468 prima:
1957 4412 2103 4471 sunt,

524 4479 852 4545 posteriores
884 4486 1219 4551 compositae,
1246 4500 1352 4538 uno
1375 4477 1573 4554 g'enere
1614 4506 1718 4545 non
1751 4495 2107 4551 continebun-

519 4580 622 4625 tur.
666 4573 770 4629 Sed
821 4574 906 4628 illa
953 4577 1064 4628 sola
1105 4579 1337 4645 putanda
1382 4592 1505 4635 sunt
1551 4584 1649 4637 sub
1678 4586 1867 4642 eodem
1903 4604 2105 4660 genere

514 4666 640 4733 poni
663 4682 767 4720 non
795 4683 970 4734 posse,
996 4685 1116 4739 qua:
1145 4671 1211 4724 ad
1239 4672 1589 4730 substantiam
1615 4680 1793 4747 priora
1819 4682 1902 4738 vel
1926 4694 2104 4752 poste-

513 4755 655 4809 riora
698 4772 818 4812 csse
857 4762 1249 4828 cognoscimus.
1306 4764 1436 4832 Quae
1485 4783 1613 4824 vero
1659 4770 1725 4825 ad
1777 4787 1929 4827 suum
1976 4789 2101 4830 θμεθ

512 4847 735 4916 aequalia
766 4859 909 4917 sunt,
944 4852 1075 4906 nihil
1105 4855 1355 4923 prohibet
1381 4858 1481 4913 sub
1508 4862 1696 4917 eodem
1729 4879 1926 4933 genere
1956 4878 2103 4922 utra-

509 4955 615 5012 que
654 4944 928 5001 constitui.
980 4945 1118 5015 Ergo
1155 4950 1406 5017 quoniam
1459 4954 1797 5010 affirmationi
1840 4965 1894 5010 ct
1941 4973 2102 5027 nega-

511 5037 640 5090 tioni
674 5037 776 5092 hoc
801 5047 884 5092 est
907 5052 1044 5102 esse,
1076 5044 1220 5111 quod
1252 5044 1304 5098 in
1347 5045 1430 5099 his
1458 5049 1652 5103 veritas
1696 5061 1750 5104 et
1783 5051 1984 5107 falsitas
2016 5070 2102 5108 re-

507 5129 730 5196 peritur.
775 5130 888 5185 haec
929 5141 1104 5187 autem
1144 5145 1227 5189 est
1267 5138 1569 5193 enuntiatio
1624 5141 1675 5194 in
1725 5158 1825 5210 qua
1891 5145 2101 5199 scilicet

506 5220 753 5306 veritatis
778 5231 829 5278 et
859 5223 1105 5281 falsitatis
1138 5229 1430 5284 constituta
1455 5231 1525 5285 sit
1556 5233 1716 5298 ratio,
1751 5236 2008 5303 quoniam
2032 5236 2099 5291 ad

505 5312 558 5368 ιιι
585 5316 728 5384 quod
760 5315 872 5370 veri
896 5317 1082 5374 falsive
1107 5318 1475 5390 significativze
1496 5335 1643 5392 sunt,
1670 5342 1843 5397 neque
1867 5328 2101 5383 affirma-

504 5411 580 5467 tio
610 5411 777 5482 prior,
812 5429 982 5485 neque
1013 5418 1224 5487 negatio
1248 5418 1513 5485 posterior
1545 5428 1643 5473 est.
1677 5420 1862 5475 Nullus
1889 5422 2101 5478 dubitat

502 5521 568 5561 eo
597 5509 737 5575 quod
766 5509 1041 5580 aequaliter
1076 5512 1399 5580 participant
1444 5513 1729 5567 affirmatio
1761 5523 1813 5568 et
1854 5516 2089 5585 negatio,

499 5598 677 5655 eidem
707 5602 891 5671 generi
925 5618 1080 5672 posse
1105 5605 1359 5673 supponi;
1380 5604 1473 5658 sed
1494 5602 1779 5659 affirmatio
1802 5615 1855 5661 et
1883 5609 2097 5677 negatio

500 5697 783 5769 mqualiter
816 5698 1139 5767 participant
1168 5698 1563 5761 enuntiatione,
1614 5700 1880 5768 siquidem
1921 5717 2093 5757 enun-

504 5790 661 5852 tiatio
687 5795 803 5851 veri
830 5792 1060 5863 falsique
1086 5793 1250 5847 utitur
1279 5791 1695 5861 significatione,
1720 5802 1773 5850 et
1810 5794 2097 5850 affirmatio

500 5895 564 5948 et
609 5887 824 5957 negatio
876 5886 1161 5942 veritatem
1215 5893 1376 5950 atque
1425 5886 1765 5945 mendacium
1817 5889 2097 5954 aequaliter

2216 3382 2321 3438 que
2361 3367 2457 3420 bas
2497 3364 2760 3421 dictiones
2810 3365 3067 3422 terminos
3110 3379 3263 3432 voco,
3311 3366 3408 3423 sed
3448 3368 3805 3440 quodcunque

2214 3462 2361 3534 prius
2407 3462 2622 3528 dicitur,
2668 3460 2723 3515 in
2769 3458 2996 3531 simplici
3044 3460 3428 3530 enuntiatione,
3464 3462 3594 3518 illud
3626 3464 3802 3534 subje-

2214 3571 2361 3617 ctum
2405 3569 2509 3627 est,
2543 3567 2599 3615 ut
2639 3557 2691 3613 in
2738 3559 2834 3613 hac
2875 3556 2979 3626 sol,
3013 3556 3154 3628 Quod
3180 3572 3304 3611 vero
3346 3557 3632 3626 posterius,
3679 3556 3801 3611 illud

2214 3652 2587 3725 praedicatum,
2626 3661 2682 3704 ut
2728 3650 2781 3704 in
2812 3650 3020 3714 eadem,
3052 3646 3240 3703 oritur.
3279 3646 3421 3718 Ergo
3468 3661 3695 3703 necesse
3726 3659 3801 3703 est

2215 3763 2431 3805 omnem
2464 3745 2847 3803 enuntiativam
2876 3745 3173 3799 orationem
3218 3746 3263 3801 si
3304 3742 3527 3814 simplex
3560 3744 3652 3809 sit,
3680 3758 3800 3798 ver-

2214 3839 2341 3895 bum
2373 3838 2426 3892 in
2458 3837 2839 3907 praedicatione
2861 3834 3119 3903 retinere,
3146 3845 3200 3891 ut
3234 3835 3283 3891 itt
3307 3835 3489 3892 eadem
3518 3837 3655 3906 ipsa,
3681 3851 3798 3890 cum

2212 3933 2353 4001 dico,
2386 3932 2468 3988 sol
2507 3931 2695 4000 oritur,
2739 3930 2909 3986 oritur
2950 3928 3169 3986 verbum
3211 3939 3313 4001 est,
3350 3931 3429 3986 vel
3474 3929 3616 4000 quod
3663 3930 3801 3985 idem

2211 4030 2407 4095 valeat,
2442 4035 2500 4083 ut
2525 4037 2630 4093 est,
2667 4026 2915 4083 Socrates
2949 4040 3055 4081 non
3094 4024 3372 4090 ambulat;
3410 4037 3515 4079 non
3564 4022 3801 4079 ambulat

2211 4121 2352 4177 enim
2386 4114 2648 4174 infinitum
2682 4118 2900 4173 verbum
2931 4125 3014 4173 est
3037 4160 3052 4184 ,
3104 4126 3157 4171 et
3186 4114 3408 4171 verbum
3438 4114 3653 4185 quidem
3696 4128 3797 4170 non

2210 4225 2315 4281 est,
2345 4213 2442 4269 sed
2482 4211 2721 4267 eamdem
2761 4209 2867 4263 vim
2916 4207 3111 4263 retinet
3147 4218 3305 4278 quam
3347 4206 3595 4262 verbum.
3633 4205 3798 4262 Casus

2210 4310 2375 4367 etiam
2407 4305 2557 4362 verbi
2585 4303 2799 4374 ponitur
2819 4316 2982 4372 saepe,
3011 4310 3066 4355 ut
3094 4299 3345 4356 Socrates
3372 4298 3466 4355 fuit
3486 4317 3500 4365 ;
3524 4300 3796 4370 subjectus

2209 4417 2338 4459 vero
2368 4398 2631 4456 terminus
2660 4410 2765 4450 non
2795 4409 3009 4464 semper
3036 4393 3280 4449 consistit
3315 4393 3367 4447 in
3412 4394 3652 4460 nomine,
3700 4408 3799 4463 po-

2209 4507 2314 4554 test
2344 4496 2487 4551 enim
2518 4489 2785 4547 infinitum
2815 4502 3012 4544 nomen
3042 4487 3266 4555 habere,
3293 4494 3347 4540 ut
3374 4500 3497 4541 cum
3524 4485 3669 4551 dico,
3695 4502 3797 4542 non

2211 4590 2371 4645 homo
2401 4585 2657 4651 ambulat,
2699 4590 2872 4653 potest
2915 4590 2969 4636 et
2999 4578 3241 4643 verbum,
3272 4586 3328 4633 ut
3356 4592 3479 4633 cum
3509 4574 3654 4643 dico,
3688 4593 3798 4632 am-

2210 4682 2418 4748 bulare,
2443 4674 2645 4733 moveri
2672 4686 2932 4744 est;ergo
2958 4672 3035 4744 (ut
3059 4671 3312 4742 arbitror)
3344 4672 3499 4742 plene
3532 4682 3797 4726 monstra-

2211 4787 2319 4830 tum
2379 4783 2461 4829 est
2512 4787 2617 4826 non
2654 4785 2869 4839 semper
2921 4766 3218 4838 subjectum
3267 4780 3461 4821 nomen
3517 4780 3660 4829 esse,
3704 4765 3797 4821 sed

2209 4881 2424 4936 semper
2447 4863 2793 4933 praedicatum
2828 4864 2876 4917 in
2906 4862 3022 4919 solo
3049 4860 3215 4917 verbo
3245 4861 3564 4916 consistere.
3589 4858 3797 4929 Appro-

2209 4959 2342 5014 bans
2368 4973 2496 5026 ergo
2518 4957 2679 5013 verba
2701 4971 2914 5026 semper
2938 4954 2991 5010 in
3014 4951 3485 5026 praedicationibus
3522 4951 3672 5022 poni,
3697 4952 3798 5008 hoc

2208 5052 2432 5118 addidit,
2463 5051 2566 5107 nisi
2595 5052 2738 5106 enim
2762 5060 2851 5105 aut
2880 5059 2982 5114 est,
3008 5058 3098 5102 aut
3127 5045 3244 5113 fuit,
3277 5055 3365 5101 aut
3388 5045 3590 5117 aliquid
3614 5044 3798 5116 hujus-

2211 5144 2355 5199 modi
2387 5146 2455 5200 sit
2482 5142 2746 5206 additum,
2772 5139 3028 5211 autquod
3077 5138 3217 5194 idem
3257 5138 3434 5193 valeat
3472 5148 3793 5209 apponatur,

2210 5237 2509 5294 enuntiatio
2532 5251 2639 5289 non
2663 5233 2741 5300 fit,
2770 5248 2889 5288 cum
2919 5231 3059 5286 enim
3082 5230 3222 5299 dico,
3261 5232 3421 5284 homo
3441 5239 3546 5297 est,
3575 5240 3659 5285 est
3681 5245 3795 5284 ver-

2212 5330 2336 5386 bum
2361 5332 2412 5384 in
2441 5326 2821 5398 prredicatione
2845 5325 3117 5395 proposui.
3145 5324 3237 5379 Sin
3262 5339 3387 5378 vero
3411 5323 3615 5387 dixero,
3636 5323 3796 5378 homo

2215 5424 2365 5488 vivit,
2401 5422 2539 5475 idem
2574 5418 2717 5473 valet
2749 5428 2997 5488 tanquam
3039 5417 3081 5472 si
3113 5415 3285 5471 dicam
3320 5414 3479 5470 homo
3507 5416 3656 5469 vivus
3692 5424 3792 5469 est.

2213 5515 2353 5583 Ergo
2394 5527 2498 5567 non
2542 5525 2699 5580 posse
2738 5510 2855 5565 sine
2891 5508 3057 5564 verbo
3092 5507 3506 5563 affirmationem
3555 5512 3793 5578 negatio-

2210 5618 2406 5659 nemve
2436 5600 2712 5667 constitui,
2736 5601 2917 5656 docuit
2948 5616 3044 5672 per
3067 5598 3117 5655 id
3149 5598 3290 5671 quod
3322 5599 3413 5664 ait,
3451 5601 3653 5655 etenim
3691 5601 3792 5655 ho-

2208 5698 2365 5753 minis
2400 5696 2536 5751 ratio
2567 5696 2610 5751 si
2644 5710 2747 5752 non
2779 5704 2869 5751 aut
2896 5706 2999 5763 est,
3023 5701 3115 5751 aut
3141 5693 3268 5761 erit,
3302 5701 3393 5748 aut
3422 5692 3545 5758 fuit,
3579 5696 3794 5749 autali-

2205 5790 2332 5862 quid
2354 5787 2658 5859 hujusmodi
2681 5788 2929 5854 addatur,
2978 5784 3213 5841 nondum
3242 5793 3323 5840 est
3345 5783 3519 5841 oratio
3539 5785 3794 5842 enuntiac

2208 5885 2335 5943 tiva.
2364 5883 2477 5941 Hoc
2496 5882 2641 5943 enim
2660 5881 2844 5941 dicere
2862 5878 3073 5941 videtur
3096 5898 3113 5942 ξ
3140 5878 3402 5942 Dilliuitio
3421 5878 3658 5941 hominis
3677 5890 3790 5952 est,
