4022 6332
238 369 347 429 445

964 368 1025 423 ΙΝ
1068 370 1321 425 LlBRUM
1362 370 1450 424 DE
1491 368 2144 426 INTERPRETATIONE
2187 368 2412 426 EDITIO
2453 369 2795 426 SECUNDA.

236 488 391 546 verbi
436 486 630 561 gratia,
678 486 873 542 animal
915 486 1197 557 gressibile
1229 487 1400 558 bipes,
1432 498 1486 545 et
1526 489 1639 546 haec
1683 491 1824 548 ratio
1851 485 1906 547 Α
1935 500 2101 540 unum
2144 485 2467 556 subjectum,
2495 486 2546 540 id
2581 496 2663 542 est
2691 486 2958 542 hominem
2989 496 3273 545 monstrat.
3308 490 3361 548 Si
3392 506 3521 564 ergo

236 590 320 638 est
354 579 604 636 humanae
634 579 970 647 substantiae,
1013 595 1141 650 ergo
1182 580 1297 637 haec
1327 583 1463 637 ratio
1490 584 1595 640 nisi
1630 586 1679 641 ei
1716 596 1819 654 est,

236 684 327 729 aut
365 676 489 739 erit,
522 684 612 729 aut
640 671 758 741 fuit,
791 683 883 729 aut
904 673 1178 745 quodlibet
1210 676 1428 733 verbum
1464 678 1633 748 (sicut
1661 696 1822 751 supra

236 767 442 822 dictum
488 766 594 835 est)
634 776 954 837 apponatur,
1012 768 1309 824 enuntiatio
1355 785 1460 825 non
1512 771 1589 841 fit,
1647 787 1820 843 neque

211 850 384 914 'enim
416 874 599 914 verum
630 874 803 930 neque
830 859 1016 914 falsum
1040 872 1141 915 est.
1173 860 1227 916 Si
1242 860 1386 916 enim
1412 860 1588 918 dicam
1610 872 1816 919 tantum

211 940 437 1003 'animal
476 948 760 1019 gressibile
797 948 968 1019 bipes,
1025 951 1165 1004 nulla
1221 968 1305 1006 me
1348 951 1549 1007 veritas
1598 956 1825 1009 menda-

237 1048 452 1099 riumre
480 1039 847 1114 consequitur.
879 1045 972 1101 Sin
1008 1055 1185 1100 autem
1217 1046 1403 1102 dixero
1432 1048 1632 1102 animal
1664 1064 1821 1119 gres-

240 1137 395 1191 sibile
424 1136 576 1206 bipes
602 1146 707 1202 est,
735 1136 814 1191 vel
840 1152 946 1191 non
970 1148 1072 1203 est,
1103 1136 1389 1193 affirmatio
1419 1154 1545 1194 mox
1581 1140 1822 1210 negatio-

240 1246 344 1300 que
368 1229 671 1295 conficitur,
704 1245 839 1300 quas
857 1230 1254 1286 enuntiationes
1280 1247 1400 1287 esse
1429 1234 1551 1302 quis
1574 1232 1780 1289 dubitet
1805 1235 1827 1289 ?

241 1321 348 1377 Sed
377 1336 498 1375 cum
524 1322 590 1375 de
623 1321 958 1391 simplicibus
986 1322 1446 1379 enuntiationibus
1481 1322 1820 1395 loqueretur,

240 1417 337 1481 ait,
363 1414 599 1470 hominis
631 1416 917 1480 rationem,
963 1414 1014 1469 id
1052 1424 1135 1470 est
1161 1414 1535 1472 diffinitionem
1571 1434 1674 1473 non
1708 1434 1829 1475 esse

242 1507 689 1574 enuntiationem,
719 1506 819 1560 nisi
866 1507 936 1572 ei,
980 1518 1071 1562 aut
1096 1518 1197 1573 est,
1247 1519 1332 1562 aut
1367 1510 1492 1576 erit,
1522 1518 1615 1563 aut
1644 1508 1826 1578 hujus-

242 1597 385 1653 modi
430 1595 629 1665 aliquid
688 1605 1021 1665 apponatur,
1061 1598 1367 1668 approbans
1419 1598 1628 1655 scilicet
1666 1616 1824 1654 unam

241 1702 381 1753 esse,
412 1696 467 1741 et
498 1703 603 1741 non
635 1686 982 1757 multiplicem
1010 1689 1315 1744 orationem
1347 1688 1681 1746 diffinitionis
1727 1691 1828 1745 bu-

241 1791 437 1842 manaa,
467 1778 555 1832 cui
587 1777 631 1831 si
654 1786 755 1840 est,
792 1786 884 1831 aut
912 1778 1037 1845 erit,
1062 1787 1155 1833 aut
1190 1778 1288 1833 fuit
1315 1779 1627 1851 adderetur,
1662 1795 1831 1837 enun-

1928 579 2184 637 continue
2222 578 2546 653 proferatur,
2597 589 2648 634 et
2691 595 2796 635 non
2843 579 3035 651 divise,
3078 598 3182 638 una
3211 593 3295 639 est
3322 588 3516 654 oratio,

1928 680 1980 727 et
2006 673 2125 742 quia
2152 670 2404 726 continue
2431 669 2645 736 dicitur,
2671 681 2721 727 et
2743 671 2865 743 quia
2890 674 3046 729 unius
3066 674 3141 730 rei
3165 674 3515 731 substantiam

1931 774 2217 821 monstrat.
2249 765 2341 822 Sin
2375 780 2502 819 vero
2532 766 2652 836 quis
2681 766 2909 833 dividat,
2951 776 3005 822 et
3035 764 3329 823 orationem
3361 785 3517 822 unam

1929 873 2043 913 rem
2062 856 2454 928 significantem
2476 858 2781 928 proferendi
2803 860 3519 930 intermissionedistribuat,

1930 947 2209 1017 multiplex
2242 947 2299 1002 fit
2330 949 2526 1015 oratio,
2558 950 2681 1003 utsi
2711 946 2853 1003 dicat
2877 949 3096 1020 animal,
3128 951 3414 1021 gressibile
3447 950 3524 1007 bi-

1931 1055 2047 1111 pes,
2072 1056 2233 1095 unam
2261 1056 2373 1095 rem
2401 1041 2529 1096 mihi
2554 1049 2661 1096 tota
2688 1051 2950 1097 monstrat
2971 1044 3166 1110 oratio,
3196 1054 3250 1099 et
3270 1046 3524 1099 continue

1931 1131 2071 1187 dicta
2104 1142 2206 1188 est.
2242 1132 2338 1188 Sin
2369 1148 2496 1187 vero
2523 1133 2665 1188 dicat
2696 1132 2893 1188 animal
2918 1143 2972 1189 et
3000 1151 3188 1191 rursus
3216 1136 3520 1206 gressihile,

1932 1232 1986 1279 et
2011 1223 2113 1280 sub
2136 1224 2534 1281 intermissione
2558 1234 2763 1294 repetat
2785 1225 2955 1295 bipes,
2985 1227 3261 1296 multiplex
3288 1229 3391 1283 erit
3417 1229 3523 1284 dis-

1934 1314 2131 1372 tributa
2167 1319 2568 1373 intermissione
2597 1318 2790 1372 oratio.
2817 1317 2911 1372 Est
2942 1334 3127 1375 rursus
3156 1319 3439 1377 adversum
3470 1320 3520 1376 id

1932 1411 2178 1481 quaestio,
2211 1422 2267 1466 et
2292 1412 2410 1481 quis
2438 1410 2540 1467 hoc
2568 1428 2672 1466 non
2700 1413 2823 1482 jure
2846 1413 3051 1484 culpet,
3083 1429 3240 1485 posse
3262 1431 3377 1471 eam
3407 1432 3525 1486 quas

1936 1516 2039 1555 una
2060 1511 2147 1557 est
2164 1502 2464 1558 orationem
2490 1503 2890 1559 intermissione
2912 1504 3216 1576 proferendi
3247 1506 3364 1563 fieri
3391 1508 3525 1563 mul-

1934 1593 2206 1663 tiplicem,
2255 1610 2375 1651 cum
2426 1595 2763 1651 continuatio
2814 1597 3120 1668 proferendi
3171 1614 3276 1652 non
3329 1599 3527 1655 faceret

1936 1702 2118 1755 tutam,
2144 1703 2266 1759 quae
2295 1697 2442 1744 esset
2468 1688 2744 1759 multiplex
2779 1704 2875 1760 per
2904 1701 3168 1745 naturam.
3204 1689 3355 1746 Sicut
3383 1692 3525 1746 enim

1937 1778 1990 1834 in
2027 1779 2133 1835 illis
2169 1796 2289 1849 quae
2320 1779 2648 1850 multiplices
2676 1792 2799 1836 sunt
2829 1781 3168 1847 naturaliter,
3216 1796 3319 1836 non
3354 1788 3528 1851 potest

242 1870 520 1925 tiationem
567 1870 866 1940 simplicem
906 1873 1126 1927 faceret.
1159 1872 1270 1927 Cur
1298 1890 1428 1930 vero
1458 1891 1565 1931 una
1599 1878 1668 1932 sit
1707 1878 1833 1943 talis
1863 1873 1912 1935 B
1937 1873 2269 1926 οοηιῖηιιεῐίο
2313 1869 2642 1940 Ρτοῖθτθηάίν
2682 1886 2843 1925 “nam
2883 1871 3059 1925 facere
3092 1873 3411 1936 oralionem,
3452 1871 3528 1925 Sic

244 1965 417 2019 oratio
446 1980 608 2020 causa
654 1965 931 2035 quaeritur,
964 1982 1138 2037 neque
1170 1968 1316 2023 enim
1348 1983 1413 2024 ex
1455 1971 1585 2025 solis
1608 1970 1833 2027 duobus

244 2057 491 2112 terminis
518 2066 752 2125 constat,
787 2056 838 2111 id
866 2058 1008 2128 quod
1049 2060 1278 2116 dicimus
1307 2063 1508 2117 animal
1552 2065 1835 2134 gressibile

246 2149 424 2219 bipes,
456 2157 511 2204 et
539 2164 657 2218 quae
696 2151 957 2217 nominat,
995 2151 1145 2221 plura
1188 2159 1332 2217 sunt,
1364 2167 1531 2224 quare
1575 2153 1688 2224 ipse
1734 2156 1835 2211 sibi

248 2244 466 2309 institit,
523 2252 576 2298 et
620 2244 685 2299 de
735 2259 828 2298 sua
871 2246 1235 2315 propositione
1276 2247 1541 2303 rationem
1590 2250 1836 2319 quaesivit

248 2352 408 2408 quam
456 2352 597 2391 nunc
626 2338 806 2394 dicere
843 2340 1180 2407 supersedit;
1214 2341 1287 2395 ait
1316 2341 1459 2396 enim
1485 2357 1500 2400 :
1530 2341 1707 2409 Quare
1737 2357 1837 2399 au-

247 2439 355 2484 tem
389 2445 553 2483 unum
583 2428 834 2499 quiddam
866 2438 948 2486 est
970 2439 1024 2485 et
1055 2446 1161 2484 non
1192 2429 1381 2498 multa,
1413 2430 1610 2487 animal
1639 2432 1841 2503 gressi-

248 2520 358 2574 hile
384 2519 556 2589 bipes,
589 2534 764 2590 neque
794 2519 936 2574 enim
978 2521 1031 2574 in
1066 2536 1133 2576 eo
1162 2521 1300 2592 quod
1338 2520 1589 2578 dicuntur
1621 2523 1841 2596 propin-

248 2626 374 2682 que,
403 2626 567 2665 unum
592 2613 722 2666 erit.
762 2611 856 2665 Est
882 2620 1058 2666 autem
1096 2613 1316 2668 alterius
1357 2611 1459 2670 hoc
1488 2623 1719 2671 tractare
1746 2632 1842 2670 ne-

248 2704 404 2773 gotii.
442 2702 557 2759 Hoc
581 2702 785 2759 scilicet
824 2719 1073 2774 quzerens
1115 2715 1365 2775 tanquam
1411 2706 1458 2761 si
1511 2705 1581 2761 ita
1620 2707 1735 2777 ipse
1771 2724 1839 2765 ex

252 2812 481 2866 persona
511 2811 607 2851 sua
635 2796 855 2864 diceret,
904 2796 973 2853 de
1002 2797 1340 2869 simplicibus
1370 2799 1842 2855 enuntiationibus

249 2890 503 2944 omnibus
533 2889 645 2959 ipse
692 2890 971 2959 loquebar,
994 2891 1167 2962 deque
1196 2890 1278 2946 his
1305 2890 1561 2961 proposui
1584 2907 1676 2947 eas
1701 2906 1841 2961 prae-

252 2994 333 3038 ter
361 2984 587 3038 verbum
612 2998 862 3042 essenon
896 2997 1075 3053 posse,
1101 2990 1156 3037 et
1194 2983 1261 3038 ad
1292 2984 1432 3038 hanc
1460 3000 1575 3039 rem
1609 2985 1844 3054 proban-

251 3078 375 3133 dam
398 3076 707 3144 exemplum
730 3078 933 3147 sumpsi
953 3075 1328 3131 difﬁnitionem
1355 3076 1609 3143 hominis,
1632 3078 1717 3132 cui
1738 3077 1839 3132 nisi

251 3178 355 3232 est,
383 3176 475 3220 aut
499 3166 622 3235 erit,
658 3175 752 3219 aut
781 3162 883 3219 fuit
924 3174 1243 3236 apponatur,
1280 3167 1705 3223 enuntiationem
1732 3183 1838 3223 non

1938 1979 2153 2035 quoque
2184 1979 2289 2019 non
2315 1965 2473 2021 debet
2499 1981 2619 2033 qua:
2650 1973 2733 2019 est
2760 1980 2862 2019 una
2891 1965 3209 2019 naturaliter
3231 1965 3426 2033 oratio,
3452 1964 3529 2019 id-

1939 2058 2085 2112 circo
2126 2057 2265 2128 quod
2307 2058 2374 2112 de
2403 2073 2509 2112 uno
2543 2057 2789 2122 subjecto
2817 2056 3048 2124 dicatur,
3082 2057 3196 2111 fieri
3244 2056 3523 2126 multiplex

1941 2166 2037 2220 per
2068 2150 2546 2205 intermissionem.
2581 2148 2683 2205 Sed
2714 2149 2817 2204 hoc
2851 2150 2920 2203 ita
2952 2149 3198 2205 solvitur.
3244 2147 3375 2203 Nam
3407 2163 3526 2203 cum

1942 2243 2139 2299 animal
2170 2243 2419 2309 dicimus,
2462 2250 2517 2297 et
2542 2240 2641 2296 sub
2679 2240 3083 2297 intermissione
3109 2254 3297 2297 rursus
3324 2240 3528 2311 gressi-

1944 2337 2071 2403 bile,
2099 2335 2398 2404 eodemque
2428 2334 2587 2390 modo
2611 2336 2803 2391 iterum
2833 2335 3006 2406 bipes,
3037 2350 3141 2390 non
3169 2334 3285 2391 hare
3308 2335 3377 2389 ita
3400 2334 3528 2391 dici.

1942 2448 2082 2501 mus,
2117 2440 2367 2501 tanquam
2390 2433 2435 2484 si
2459 2432 2513 2484 in
2533 2444 2699 2484 unum
2730 2438 2917 2484 cuncta
2941 2429 3222 2499 conjuncta
3247 2427 3530 2495 sint.Quos

1942 2525 2083 2581 circa
2113 2526 2367 2595 quoniam
2400 2531 2483 2577 est
2508 2521 2723 2592 quidem
2751 2523 2987 2587 animal,
3022 2537 3207 2577 rursus
3245 2521 3531 2592 gressibile

1942 2625 2048 2682 est,
2075 2630 2259 2671 rursus
2289 2614 2463 2684 bipes,
2502 2615 2749 2684 quoniam
2789 2614 2935 2684 plura
2973 2624 3116 2681 sunt,
3162 2622 3216 2669 et
3257 2614 3532 2683 pluraliter

1944 2707 2110 2774 dicta,
2139 2707 2190 2762 id
2222 2716 2304 2762 est
2332 2706 2635 2771 distributa,
2682 2720 2787 2760 non
2821 2706 3070 2760 videntur
3106 2705 3173 2760 ad
3206 2722 3367 2760 unum
3401 2705 3530 2760 sub-

1940 2801 2141 2873 jectum
2179 2800 2464 2855 distributa
2506 2807 2662 2869 posse
2702 2800 3013 2870 praedicari,
3059 2801 3197 2855 sicut
3248 2815 3368 2855 cum
3411 2799 3531 2855 dico

1945 2892 2219 2959 Socrates,
2269 2892 2637 2963 philosophus,
2684 2894 2874 2959 simus,
2919 2893 3130 2955 calvus,
3182 2906 3369 2958 senex,
3420 2892 3533 2947 inec

1945 2987 2124 3042 omnia
2156 3001 2261 3039 non
2285 2993 2368 3039 est
2398 2984 2626 3054 Simplex
2658 2984 2852 3050 oratio,
2874 2999 2974 3039 nec
3003 2984 3050 3039 si
3075 2983 3327 3039 continue
3358 2982 3532 3053 profe-

1945 3088 2117 3141 ratur,
2149 3076 2287 3145 quod
2320 3075 2385 3131 ad
2417 3089 2576 3131 unam
2604 3076 2951 3132 substantiam
2972 3090 3084 3130 non
3113 3076 3360 3140 tendunt,
3393 3075 3533 3129 acci-

1948 3168 2126 3223 dentia
2166 3168 2309 3223 enim
2338 3176 2497 3231 sunt,
2542 3176 2595 3223 et
2631 3167 2966 3223 extrinsecus
2991 3168 3229 3223 veniunt.
3275 3166 3535 3221 Probatur

253 3256 371 3313 fieri
402 3257 531 3323 dixi,
564 3257 715 3327 quasi
748 3271 848 3309 una
881 3265 935 3309 et
976 3272 1082 3310 non
1124 3256 1403 3328 multiplex
1451 3268 1596 3314 esset
1640 3261 1837 3330 oratio,
1872 3249 1918 3315 C
1948 3270 2125 3317 autem
2150 3276 2326 3332 neque
2366 3276 2457 3316 eas
2486 3260 2781 3325 orationes,
2823 3275 2941 3329 quae
2986 3276 3081 3329 per
3110 3258 3424 3315 divisionem
3456 3259 3536 3313 di-

255 3362 313 3402 ea
346 3362 443 3416 per
464 3361 623 3416 quam
655 3344 851 3399 dicitur
879 3344 1075 3399 animal
1118 3346 1400 3417 gressibile
1432 3347 1604 3418 bipes,
1639 3349 1707 3405 de
1739 3365 1842 3420 qua

255 3437 371 3491 fieri
401 3435 569 3505 possit
606 3435 835 3503 simplex
868 3434 1184 3490 enuntiatio.
1216 3435 1323 3491 Cur
1352 3447 1534 3493 autem
1568 3448 1715 3495 esset
1742 3456 1845 3496 una

257 3529 451 3596 oratio,
483 3526 682 3580 animal
718 3526 1001 3596 gressibile
1039 3526 1211 3596 bipes,
1251 3527 1499 3594 alterius,
1544 3530 1737 3600 inquit,
1766 3541 1850 3587 est

256 3622 357 3679 hoc
388 3632 621 3677 tractare
652 3621 866 3690 negotii,
896 3636 1019 3675 cum
1046 3621 1112 3675 de
1144 3621 1323 3685 rebus,
1361 3638 1469 3676 non
1499 3622 1566 3677 de
1599 3624 1848 3693 proposi-

258 3716 499 3773 tionibus
523 3715 915 3787 inspiciendum
948 3728 1049 3772 est.
1081 3716 1212 3770 Nam
1243 3732 1351 3770 non
1378 3715 1579 3771 idcirco
1601 3732 1706 3771 una
1729 3731 1851 3771 ora-

259 3817 330 3869 tio
370 3823 477 3880 est,
510 3814 632 3884 quia
664 3815 916 3869 continue
962 3814 1179 3881 dicitur,
1210 3823 1265 3869 et
1294 3814 1582 3885 eonjuncte
1612 3816 1847 3884 sibimet,

237 3906 453 3962 animal
484 3903 767 3976 gressibile
792 3904 974 3974 bipes;
1010 3907 1111 3960 hoc
1134 3905 1275 3960 enim
1300 3907 1345 3959 si
1373 3907 1444 3959 ita
1473 3916 1638 3975 esset,
1667 3922 1853 3975 posse-

256 4013 377 4053 mus
428 4005 480 4052 et
522 3995 658 4051 banc
688 3995 985 4050 orationem
1036 4012 1155 4066 quae
1203 4003 1308 4049 tam
1354 3996 1517 4049 multa
1558 3995 1847 4067 significat,

257 4107 421 4147 unam
450 4089 651 4155 dicere,
678 4090 723 4144 si
757 4089 1013 4145 continue
1043 4088 1366 4158 proferatur,
1401 4100 1459 4145 ut
1484 4103 1566 4146 est
1599 4091 1852 4146 Socrates

258 4182 613 4256 philosophus
640 4182 829 4247 simus,
860 4181 1063 4245 calvus,
1090 4196 1273 4235 senex.
1322 4182 1462 4251 Ergo
1500 4185 1847 4253 quemadmo-

257 4276 385 4332 dum
433 4271 738 4343 bnjusmodi
788 4271 961 4327 oratio
1017 4271 1086 4327 sit
1139 4272 1439 4342 multiplex,
1483 4281 1668 4328 etnon
1725 4288 1849 4338 una,

259 4367 535 4439 posterius
560 4365 838 4429 dicemus;
871 4379 999 4433 ergo
1032 4380 1173 4418 nune
1215 4365 1556 4420 manifestum
1601 4365 1669 4419 sit
1716 4364 1855 4418 hanc

259 4464 561 4519 orationem
609 4474 729 4531 qua:
774 4457 902 4511 dicit
955 4457 1209 4514 Socrates
1251 4458 1603 4529 philos0phus
1659 4458 1848 4523 simus,

260 4553 467 4619 calvus,
505 4565 690 4615 senex,
741 4564 844 4602 non
876 4562 997 4605 esse
1038 4564 1217 4614 unam,
1253 4547 1347 4604 sed
1390 4546 1759 4618 multiplicem.
1795 4545 1852 4602 Si

1950 3366 2166 3424 crnitur,
2217 3370 2387 3424 neque
2432 3369 2525 3409 eas
2568 3369 2687 3424 quae
2728 3367 2833 3408 non
2876 3352 2944 3408 ad
2982 3367 3145 3407 unam
3184 3334 3535 3407 substantiam

1950 3449 2196 3517 tendunt,
2231 3462 2362 3501 unas
2387 3460 2474 3501 ess
2495 3466 2527 3509 ·,
2560 3446 2662 3499 hoc
2689 3446 2847 3499 modo
2874 3464 2887 3501 :
2911 3444 2970 3501 Si
2994 3445 3135 3499 dicat
3163 3445 3280 3515 quis
3308 3443 3530 3509 animal,

1952 3549 2006 3594 et
2047 3555 2232 3595 rursus
2263 3537 2565 3609 gres‘sibile,
2597 3544 2652 3591 et
2678 3537 2867 3592 iterum
2900 3537 3074 3605 bipes,
3115 3551 3219 3590 non
3265 3549 3426 3589 unum
3456 3542 3535 3589 est

1952 3632 2170 3694 animal,
2206 3647 2304 3684 nec
2346 3646 2505 3682 unum
2541 3629 2841 3697 gressihile,
2885 3643 2982 3682 nec
3022 3641 3184 3682 unum
3227 3625 3397 3694 bipes.
3442 3622 3535 3681 S’n

1952 3737 2084 3777 vero
2108 3722 2317 3783 dixero,
2341 3720 2537 3774 animal
2560 3719 2840 3789 gressibile
2865 3719 3012 3788 bipes
3037 3718 3309 3783 Continue,
3334 3727 3385 3771 et
3415 3733 3536 3785 prc-

1954 3813 2171 3880 pinque,
2235 3826 2395 3865 unum
2447 3819 2560 3877 est,
2610 3808 2751 3879 quod
2806 3810 2907 3863 tria
2960 3809 3058 3863 ista
3109 3808 3289 3878 juncta
3332 3807 3539 3878 signiﬁ-

1954 3920 2096 3973 cant,
2122 3909 2173 3963 id
2204 3919 2282 3964 est
2316 3910 2495 3963 homo.
2514 3907 2901 3961 Convertamus
2926 3920 3070 3960 nunc
3094 3905 3330 3959 animum
3353 3903 3419 3959 ad
3448 3920 3538 3960 eas

1956 4016 2074 4071 quae
2103 4000 2251 4071 plura
2274 3998 2489 4068 quidem
2516 3996 2839 4067 significant,
2866 3995 2960 4051 se'd
2987 3980 3239 4050 continue
3264 3993 3539 4063 proferun-

1956 4102 2060 4158 tur,
2093 4103 2149 4147 ut
2176 4108 2294 4147 cum
2328 4091 2449 4146 dico
2480 4092 2729 4146 Socrates
2761 4089 3111 4160 philoSOphus
3144 4089 3323 4142 calvus
3353 4103 3535 4151 senex,

1956 4184 2167 4238 videtur
2196 4182 2346 4253 quasi
2375 4182 2618 4250 quaedam
2647 4181 2882 4236 Socratis
2918 4193 3039 4233 esse
3069 4177 3335 4240 diffinitio,
3370 4177 3540 4246 philo.

1956 4276 2157 4345 sophus
2196 4275 2377 4329 calvus
2411 4289 2597 4340 senex,
2641 4272 2734 4327 sed
2764 4286 2867 4324 non
2900 4284 3119 4325 necesse
3148 4278 3248 4334 est,
3280 4270 3323 4323 si
3355 4268 3539 4343 hujus-

1958 4366 2098 4421 modi
2128 4365 2268 4420 ratio
2296 4365 2539 4419 Socratis
2580 4364 2698 4429 fuit,
2728 4377 2942 4417 omnem
2982 4360 3284 4430 quicunque
3309 4361 3542 4429 philoso-

1960 4457 2097 4528 phus
2117 4468 2198 4513 est
2221 4473 2386 4512 senex
2416 4457 2619 4523 ealvus,
2644 4453 3104 4509 etiam'Socratem
3128 4467 3267 4507 esse.
3284 4453 3338 4506 ln
3365 4453 3545 4507 multis

1961 4565 2091 4619 ergo
2131 4550 2466 4604 continuatio
2508 4549 2609 4603 ista
2651 4546 2791 4601 valet
2836 4546 3101 4601 accidere.
3147 4547 3405 4613 Quocirca
3442 4563 3545 4602 non

260 4664 392 4720 ergo
467 4642 861 4717 propinquitas
882 4642 1187 4716 proferendi
1263 4642 1375 4712 ipsa
1448 4640 1853 4697 continuatione
1881 4614 1937 4675 Ῐ)
1966 4658 2126 4697 unum
2152 4640 2438 4711 significat,
2458 4653 2760 4709 quanquam
2785 4639 3034 4715 continue
3058 4637 3381 4707 proferatur.
3410 4638 3545 4707 Ergo

260 4754 425 4795 unam
477 4738 679 4793 faceret
718 4736 1038 4803 orationem,
1104 4741 1285 4803 posset
1336 4731 1453 4787 haec
1492 4746 1704 4803 quoque
1748 4745 1850 4786 una

262 4848 383 4888 esse
435 4830 610 4885 oratio
640 4875 653 4897 ,
711 4844 828 4899 quas
878 4824 1161 4901 manifeste
1203 4841 1309 4879 non
1370 4840 1472 4879 una
1515 4838 1637 4879 esse
1693 4823 1853 4879 doce-

263 4925 428 4979 bitur.
488 4920 666 4988 Quare
720 4935 827 4973 non
880 4918 1078 4973 idcirco
1120 4917 1221 4972 erit
1273 4932 1374 4970 una
1424 4915 1595 4970 oratio
1638 4931 1699 4970 ea
1736 4930 1854 4985 qua:

264 5015 415 5077 dicit,
466 5010 665 5066 animal
724 5008 1006 5080 gressibile
1055 5008 1237 5076 bipes,
1294 5005 1432 5075 quod
1490 5005 1743 5061 continue
1802 5014 1857 5060 et

265 5107 567 5177 propinque
637 5101 926 5172 profertur.
991 5100 1120 5168 Quae
1178 5108 1355 5154 autem
1437 5113 1595 5153 causa
1658 5101 1731 5154 sit
1801 5110 1857 5154 ut

265 5213 369 5253 una
401 5198 512 5262 sit,
544 5198 657 5266 ipse
686 5194 865 5249 dicere
890 5192 1123 5259 distulit,
1158 5193 1257 5246 sed
1294 5192 1348 5246 in
1386 5191 1535 5247 libris
1578 5193 1692 5261 ejus
1721 5208 1857 5262 ope-

266 5291 341 5345 ris
370 5287 515 5359 quod
541 5287 688 5343 Μετᾶ
716 5288 780 5341 τά
800 5287 989 5358 φυσικά
1015 5283 1344 5349 inscribitur,
1369 5282 1657 5350 expedivit.
1681 5283 1859 5340 Theo-

270 5381 524 5451 phrastus
552 5385 727 5431 autem
760 5377 826 5431 de
861 5376 1217 5430 affirmatione
1252 5385 1305 5429 et
1336 5376 1617 5444 negatione
1654 5376 1734 5431 sic
1762 5376 1862 5431 do-

270 5473 402 5539 cuit,
450 5469 827 5525 diffinitionem
878 5482 1037 5523 unam
1086 5482 1302 5535 semper
1351 5481 1475 5521 esse
1532 5468 1853 5536 orationem,

270 5579 500 5636 eamque
526 5570 774 5633 Oportere
802 5558 1150 5617 continuatim
1179 5557 1431 5627 proferri;
1461 5557 1551 5612 illa
1580 5558 1720 5613 enim
1752 5576 1857 5615 una

274 5659 445 5713 oratio
471 5671 593 5712 esse
614 5654 827 5721 dicitur,
862 5667 978 5724 quze
1002 5652 1159 5706 unius
1182 5650 1495 5705 substantia:
1528 5650 1861 5722 designativa

276 5761 377 5805 est.
406 5748 662 5803 Diffinilio
685 5756 882 5814 autem,
906 5754 962 5799 ut
991 5743 1137 5800 verbi
1168 5742 1335 5814 gratia
1372 5742 1623 5810 hominis,
1658 5747 1857 5800 animal

277 5841 557 5916 gressibile
599 5840 773 5913 bipes,
796 5853 901 5894 una
944 5847 1029 5893 est
1073 5836 1245 5893 oratio
1292 5850 1388 5906 per
1436 5836 1561 5907 hoc,
1604 5838 1861 5910 quoniam

1963 4735 2007 4789 si
2039 4749 2107 4790 ex
2137 4734 2388 4788 omnibus
2420 4749 2583 4787 unum
2613 4731 2827 4802 quidem
2853 4731 3200 4800 significetur,
3224 4742 3277 4785 et
3298 4733 3547 4786 continue

1965 4828 2285 4897 proferatur,
2319 4842 2421 4879 una
2453 4835 2533 4880 est
2564 4827 2757 4890 oratio,
2793 4833 2850 4880 ut
2880 4835 3061 4895 partes
3088 4826 3328 4896 quaedam
3361 4830 3433 4882 rei
3460 4827 3548 4880 de-

1965 4920 2128 4974 finita:
2157 4920 2259 4973 sint
2289 4934 2348 4970 ea
2378 4933 2497 4986 qua:
2530 4919 2578 4971 in
2612 4917 2934 4972 diffinitiOne
2964 4928 3251 4986 ponuntur,
3283 4933 3386 4971 non
3411 4917 3548 4970 acci-

1964 5010 2166 5066 dentia.
2221 5008 2282 5062 Et
2316 5007 2527 5078 proficit
2556 5007 2770 5078 quidem
2803 5008 3005 5077 aliquid
3037 5007 3291 5061 continua
3325 5005 3549 5075 prolatio

1966 5099 2032 5154 ad
2076 5100 2454 5170 perficiendam
2485 5116 2644 5153 unam
2677 5101 2999 5165 orationem,
3036 5099 3127 5153 sed
3157 5100 3265 5168 ipsa
3299 5098 3410 5150 sola
3444 5113 3547 5150 non

1964 5192 2181 5257 sufficit,
2211 5190 2313 5246 nisi
2338 5206 2499 5245 unum
2524 5190 2773 5262 quodque
2802 5190 3100 5261 subjectum
3132 5191 3221 5255 sit;
3245 5198 3401 5256 atque
3432 5189 3550 5243 ideo

1967 5279 2470 5348 dixit'Aristoteles,
2496 5281 2694 5337 animal
2722 5281 3000 5351 gressibilc
3023 5281 3189 5349 hipes,
3219 5295 3322 5332 non
3349 5280 3551 5333 idcirco

1966 5388 2087 5428 esse
2117 5388 2274 5427 unam
2307 5373 2632 5442 orationem,
2661 5373 2801 5445 quod
2834 5374 3126 5443 propinque
3158 5372 3397 5437 dicatur,
3432 5388 3551 5427 nant

1970 5483 2142 5539 neque
2160 5469 2359 5525 sufficit
2383 5470 2445 5522 ad
2472 5468 2901 5525 constituendam
2927 5484 3083 5523 unam
3106 5469 3405 5524 orationem
3431 5485 3552 5536 pro-

1967 5565 2235 5636 pinquitas
2266 5565 2611 5636 proferendi,
2643 5566 2881 5635 nihilque
2916 5564 3221 5635 prohiberet
3251 5582 3368 5634 qme
3401 5576 3546 5621 natu-

1967 5659 2153 5715 raliter
2182 5670 2365 5717 essent
2400 5661 2747 5729 multiplices,
2780 5675 2871 5714 eas
2897 5661 3147 5714 continue
3170 5671 3220 5714 et
3256 5666 3552 5733 propinque

1969 5754 2201 5823 prolatas
2228 5772 2358 5810 unas
2382 5756 2568 5822 videri,
2594 5755 2685 5811 sed
2720 5752 3021 5823 hujnsmodi
3040 5754 3114 5810 rei
3140 5756 3401 5813 rationem
3432 5760 3551 5815 Ari~

1969 5845 2187 5903 Steteles
2214 5862 2411 5919 ponere
2445 5846 2667 5904 distulit.
2704 5845 2907 5903 Sensus
2935 5832 3064 5919 ergo
3093 5846 3394 5919 hujusmodi
3426 5861 3507 5908 est
3532 5869 3547 5909 :

3411 374 3516 431 446
3605 390 3616 398 ’
