4022 6332
503 311 606 366 ιιι

1735 307 1840 362 ΔΝ.
1881 305 2095 364 ΜΑΝΙ..
2135 304 2290 362 εεγ.
2328 304 2558 361 ΒΟΕΤΙΙ

3684 300 3787 355 iis

504 427 739 482 Necesse
768 432 872 492 est,
906 398 1094 493 inquit,
1128 435 1338 477 omnem
1371 420 1755 476 enuntiativam
1785 420 2089 476 orationem
2116 423 2174 485 Α
2197 420 2479 486 multiplex
2502 435 2531 475 a
2553 422 2871 487 composita.
2896 419 2989 474 Est
3011 434 3139 489 ergo
3163 432 3266 473 una
3287 417 3458 472 oratio
3479 433 3598 487 qua:
3619 436 3784 476 unum

506 534 576 575 ex
599 516 763 573 verbo
791 531 913 572 esse
950 516 1029 571 vel
1059 529 1208 569 casu.
1260 512 1467 568 Etenim
1497 512 1733 567 hominis
1765 513 1901 566 ratio
1920 552 1935 575 ,
1969 527 2088 582 qua:

506 623 562 668 et
607 612 717 679 ipsa
759 621 971 679 quoque
1011 607 1183 661 oratio
1224 613 1328 669 est,
1368 605 1410 658 si
1442 621 1546 659 nun
1579 615 1683 667 est,
1726 612 1820 657 aut
1845 606 1967 669 erit,
2001 614 2093 658 aut

508 705 637 767 fuit,
668 709 759 755 aut
786 699 984 768 aliquid
1017 697 1321 767 lmjnsmodi
1352 698 1428 752 illi
1461 696 1710 762 addatur,
1743 696 1977 751 nondum
2007 706 2091 752 est

506 792 822 863 enuntiatio,
848 790 950 843 hoc
991 804 1119 843 vero
1148 788 1200 843 in
1247 788 1377 843 solis
1406 787 1740 858 simplicibus
1768 790 2093 844 enuntiatio-

506 884 663 938 nibus
700 880 901 937 evenit.
932 880 986 935 ln
1033 880 1117 933 his
1160 889 1339 934 autem
1378 895 1496 948 qua:
1546 879 1925 948 conjuncﬁone
1972 896 2092 935 una:

504 984 628 1029 sunt
656 973 739 1045 (ut
768 987 925 1044 supra
952 974 1062 1040 jam
1094 973 1193 1039 ait)
1227 987 1332 1024 non
1374 971 1596 1026 omnino
1634 979 1740 1025 est.
1781 970 1914 1023 Cum
1946 972 2091 1025 enim

504 1064 644 1132 dico,
673 1063 789 1118 dies
833 1074 935 1131 est,
969 1062 1048 1116 vis
1093 1071 1203 1117 tota
1242 1066 1291 1116 in
1327 1062 1490 1117 verbo
1516 1071 1618 1117 est.
1646 1061 1701 1117 Si
1753 1072 1932 1117 autem
1968 1077 2090 1117 cum

504 1156 882 1224 conjunctione
925 1154 1216 1225 proferam,
1258 1155 1301 1209 si
1334 1154 1450 1209 dies
1480 1164 1584 1221 est,
1616 1154 1706 1209 lux
1734 1165 1840 1219 est,
1872 1164 1978 1210 tota
2009 1155 2093 1211 vis

506 1251 558 1305 in
584 1248 964 1317 conjunctione
991 1248 1257 1301 consistit.
1285 1246 1537 1301 Veritatis
1566 1247 1707 1301 enim
1730 1256 1821 1300 aut
1847 1245 2092 1302 falsitatis

506 1345 765 1398 rationem
815 1344 928 1397 sola
976 1343 1286 1413 conjunctio
1340 1352 1504 1406 tenet,
1557 1358 1676 1412 qua:
1723 1340 2089 1397 conditionem

507 1436 776 1506 pr0ponit,
805 1450 924 1491 cum
956 1436 1105 1500 dicit,
1136 1436 1180 1490 si
1213 1436 1325 1490 dies
1352 1446 1453 1501 est,
1477 1437 1563 1489 lux
1594 1444 1695 1496 est.
1716 1436 1761 1490 si
1788 1435 1929 1489 enim
1961 1435 2091 1490 illud

505 1537 607 1594 est,
662 1528 788 1583 illud
834 1528 1034 1583 evenit.
1068 1527 1231 1598 lgitur
1277 1528 1328 1581 in
1374 1527 1752 1597 conjunctione
1794 1527 1970 1582 onmis
2013 1527 2092 1582 vis

509 1619 811 1689 lmjusmodi
862 1619 1242 1690 propositionis
1280 1632 1387 1683 εει.
1426 1621 1603 1675 omnis
1644 1630 1820 1675 autem
1864 1621 2093 1692 simplex

509 1713 802 1782 propositio
848 1706 1010 1767 totam
1060 1712 1167 1765 vim
1211 1712 1265 1765 in
1315 1709 1481 1766 verbo
1523 1711 1685 1765 habet
1728 1711 1978 1780 positam.
2028 1711 2092 1766 Et

2193 510 2480 582 signiﬁcat,
2506 510 2786 579 multiplex
2809 519 2985 566 autem
3012 526 3131 582 qua:
3154 526 3258 566 non
3283 527 3467 575 unum,
3486 513 3580 566 sed
3609 512 3783 581 plura.

2193 602 2282 658 Fit
2302 612 2481 658 autem
2508 602 2608 657 hoc
2632 602 2683 657 in
2710 603 3011 673 lmjusmodi
3035 604 3390 669 orationibus,
3408 612 3466 659 ut
3484 619 3604 658 cum
3627 605 3783 659 dico:

2189 693 2324 751 Cato
2363 695 2717 766 philosophus
2753 705 2859 761 est,
2901 695 3017 749 haec
3051 698 3223 750 oratio
3252 712 3359 750 non
3392 706 3477 750 est
3507 712 3633 760 una,
3676 712 3785 750 non

2190 791 2334 845 enim
2365 803 2528 843 unum
2560 787 2857 856 signiﬁcat;
2888 796 3064 857 potest
3091 789 3234 843 enim
3265 799 3568 843 monstrare
3592 798 3646 842 et
3675 787 3781 841 Ca-

2194 896 2373 940 tonem
2424 884 2733 940 Uticensem
2782 899 2902 939 esse
2949 883 3348 954 philosophum,
3402 893 3577 954 potest
3618 883 3783 937 etiam

2194 976 2479 1031 ostendere
2502 984 2556 1031 et
2583 973 2840 1029 Catonem
2870 972 3184 1029 Censorium
3214 984 3481 1029 oratorem
3512 989 3635 1029 esse
3666 973 3784 1041 phi-

2194 1069 2617 1141 l050phum,qna
2644 1071 2693 1123 in
2722 1082 2781 1122 re
2810 1083 2912 1123 non
2945 1082 3046 1121 una
3078 1076 3161 1121 est
3190 1067 3557 1135 oratio,atque
3581 1064 3784 1118 ideirco

2195 1162 2250 1218 in
2284 1161 2518 1217 Uticensi
2549 1160 2764 1232 quidem
2790 1159 2996 1215 Catone
3021 1169 3103 1212 est
3131 1174 3250 1213 vera
3269 1199 3284 1223 ,
3315 1159 3371 1212 in
3409 1167 3624 1212 oratore
3656 1172 3784 1209 vero

2194 1252 2351 1309 falsa.
2376 1251 2693 1323 Huiusmodi
2725 1267 2853 1320 ergo
2877 1250 3149 1305 orationes
3172 1251 3364 1304 multas
3388 1263 3669 1303 vocamus.
3690 1248 3784 1302 Sin

2194 1361 2323 1401 vero
2353 1360 2514 1400 unum
2547 1344 2830 1414 significat,
2858 1353 2914 1397 ut
2943 1358 3063 1397 cum
3094 1341 3322 1396 dicimus
3351 1341 3407 1397 in
3434 1340 3617 1395 charta
3650 1340 3785 1393 scri-

2195 1435 2361 1504 bitur,
2409 1436 2554 1491 illam
2602 1434 2827 1490 dicimus
2871 1450 3053 1490 unam.
3085 1433 3228 1501 Ergo
3271 1449 3373 1486 una
3417 1448 3532 1502 qum
3586 1432 3657 1486 sit
3705 1432 3785 1483 vel

2196 1530 2471 1600 multiplex
2509 1528 2682 1583 oratio
2704 1574 2718 1597 ,
2760 1544 2826 1583 ex
2859 1528 2942 1582 his
2973 1526 3284 1596 intelligitur
3320 1541 3438 1593 quae
3480 1523 3787 1593 signiﬁcau-

2199 1633 2315 1689 tur;
2340 1621 2386 1678 si
2412 1622 2555 1677 enim
2584 1636 2742 1675 unam
2771 1618 3035 1686 signiﬁcat
3066 1632 3202 1683 rem,
3226 1630 3327 1670 una
3358 1625 3461 1682 εει,
3490 1617 3532 1668 si
3568 1612 3785 1676 multas,

2197 1714 2497 1784 multiplex.
2526 1713 2812 1783 Simplices
2850 1721 3032 1767 autem
3080 1719 3135 1765 et
3173 1708 3485 1778 composita:
3514 1709 3787 1762 orationes

507 1809 957 1875 quemadmodum
983 1808 1034 1864 in
1069 1809 1152 1864 his
1179 1825 1298 1881 qua:
1326 1808 1684 1880 hypothetica:
1713 1808 1795 1862 vel
1829 1806 2093 1862 conditio-
2121 1802 2171 1865 B
2198 1822 2304 1863 non
2326 1807 2390 1861 ad
2421 1805 2890 1876 significationem,
2922 1804 3017 1859 sed
3045 1803 3111 1856 ad
3136 1800 3394 1857 terminos
3424 1802 3571 1869 ipsos
3597 1798 3789 1854 dictio-

507 1898 655 1953 nales
684 1900 963 1966 dicuntur,
1004 1901 1414 1971 conjunctiones
1454 1901 1561 1956 vim
1595 1899 1980 1971 propositionis
2010 1908 2089 1954 ιε-

508 2002 656 2063 ιιεηι,
697 1994 775 2048 sic
813 1994 865 2048 in
903 1993 1238 2064 simplicibus
1276 1992 1732 2063 propositionibus
1777 1991 2091 2064 praedicatio

505 2086 611 2139 vim
643 2086 870 2154 obtinet,
904 2087 1044 2142 unde
1070 2098 1122 2143 et
1153 2088 1340 2143 Grzece
1366 2102 1579 2158 quoque
1610 2087 1741 2143 tales
1770 2087 2092 2157 propositio-

505 2193 599 2235 nes
622 2184 971 2257 κατηγορικαί,
1001 2183 1050 2257 id
1072 2190 1155 2236 est
1185 2181 1560 2250 praedicativae,
1584 2182 1853 2250 dicuntur,
1885 2181 2093 2239 scilicet

505 2286 626 2343 quae
656 2282 781 2326 sunt
801 2273 1096 2344 simplices,
1121 2276 1263 2343 quod
1288 2274 1341 2329 in
1369 2274 1453 2328 his
1479 2282 1641 2329 totam
1669 2273 2091 2343 propositionem

505 2363 742 2419 obtineat
782 2365 1118 2435 praedicatio,
1166 2375 1323 2435 atque
1363 2364 1483 2420 ideo
1525 2366 1845 2420 Aristoteles
1885 2364 1980 2430 ait,
2023 2379 2089 2418 ex

508 2457 674 2512 verbo
703 2459 785 2513 vel
816 2474 943 2514 casu
975 2459 1089 2514 ﬁeri
1132 2460 1430 2529 simplicem
1466 2460 1914 2515 enuntiationem.
1955 2458 2089 2514 Nam

504 2558 698 2618 praeter
728 2549 778 2603 id
808 2550 949 2621 quod
976 2553 1214 2608 continet
1244 2559 1412 2607 totam
1441 2553 1865 2623 propositionem
1898 2550 2093 2622 praedi-

503 2642 765 2710 cativam,
808 2644 1016 2700 scilicet
1057 2654 1253 2714 praeter
1285 2646 1746 2714 praedicationem,
1791 2646 2092 2702 enuntiatio

504 2749 609 2790 non
627 2736 706 2804 lit,
726 2737 866 2792 unde
896 2746 979 2792 est
1004 2747 1061 2792 ut
1077 2739 1289 2809 negatio
1313 2754 1525 2809 quoque
1547 2754 1653 2795 non
1684 2739 1751 2793 ad
1768 2738 2089 2809 subjectum,

503 2827 595 2885 sed
638 2831 705 2883 ad
738 2830 1089 2899 praedicatum
1112 2845 1326 2901 semper
1358 2839 1588 2901 aptetur.
1638 2831 1769 2885 Nam
1798 2845 1919 2884 cum
1947 2830 2087 2894 dico,

507 2922 586 2976 sol
613 2923 805 2989 oritur,
838 2940 941 2977 non
964 2934 1047 2977 est
1074 2923 1235 2993 hujus
1268 2924 1502 2993 negatio,
1530 2938 1634 2977 non
1667 2922 1748 2977 sol
1778 2923 1967 2985 oritur.
1995 2922 2090 2977 sed

504 3015 591 3067 illa
622 3029 743 3083 qua:
771 3025 850 3067 est
871 3054 887 3080 ,
920 3015 999 3068 sol
1033 3029 1138 3068 non
1167 3014 1361 3080 oritur,
1408 3023 1567 3082 atque
1614 3012 1735 3068 ideo
1775 3012 1986 3081 negatio
2026 3012 2091 3065 ad

505 3104 803 3172 subjectum
831 3106 1025 3173 posita,
1042 3120 1147 3160 non
1167 3104 1292 3159 facit
1306 3106 1631 3160 contrariam
1648 3105 2089 3175 propositionem,

506 3194 570 3248 ad
614 3193 959 3261 praedicatum
993 3211 1127 3251 vero
1154 3196 1330 3251 reddit
1356 3199 1706 3253 contrariam.
1734 3196 1901 3265 Recte
1931 3198 2092 3268 igitur

506 3287 827 3343 Aristoteles
856 3289 923 3344 de
958 3289 1201 3359 subjecto
1232 3290 1363 3344 nihil
1393 3290 1602 3346 locutus
1646 3299 1747 3345 εει.
1797 3289 1912 3344 Νιιιι
1944 3291 2089 3345 ειιίιιι

508 3380 908 3450 ιιι-ιειίίεειίνεηι
944 3383 1368 3453 propositionem
1404 3383 1678 3453 subjectus
1716 3384 1973 3439 terminus
2016 3393 2094 3439 ιε-

508 3484 618 3539 net,
644 3475 735 3529 sed
762 3483 962 3530 tantum
990 3476 1331 3546 prmdicatus,
1354 3477 1445 3546 qui
1476 3484 1640 3532 totam
1665 3475 2091 3531 enuntiationem

507 3564 720 3636 prepria
754 3567 949 3622 virtute
979 3569 1280 3623 confirmat.

556 3655 647 3712 Est
674 3667 844 3714 autem
860 3676 961 3713 uno
979 3662 1140 3714 oratio
1162 3660 1588 3727 enuntiativa,vcl
1612 3675 1727 3731 quw
1748 3676 1910 3713 unum
1933 3661 2067 3731 signi
2075 3690 2094 3699 -

506 3752 728 3824 ﬁcat,vel
743 3755 1100 3823 conjunctione
1117 3770 1242 3817 una,
1258 3756 1429 3823 plures
1446 3770 1583 3819 vero,
1598 3770 1713 3823 quia
1733 3756 1902 3823 plura,
1918 3763 1963 3806 et
1989 3769 2090 3806 non

508 3856 688 3903 unum,
716 3840 792 3893 vel
834 3841 1199 3911 inconjunctw.
1243 3841 1447 3896 Nomen
1481 3860 1601 3912 ergo
1630 3846 1895 3897 etverlmm
1934 3842 2091 3896 dictio

508 3932 569 3985 sit
598 3931 727 3995 sola,
756 3931 997 4000 quoniam
1033 3948 1136 3985 non
1166 3942 1236 3985 est
1267 3932 1454 3994 dicere,
1477 3933 1548 3986 sic
1578 3935 1773 4002 aliquid
1792 3936 2093 4005 signiﬁcan-

508 4031 605 4075 tem
634 4037 780 4088 voce,
812 4022 1106 4088 enuntiare,
1132 4021 1209 4076 vel
1238 4021 1410 4092 aliquo
1451 4023 1814 4094 interrogante,
1860 4027 1935 4080 vel
1964 4042 2087 4095 non,

416 4110 429 4125 ’
508 4117 596 4169 sed
621 4116 731 4185 ipso
758 4119 1063 4184 proferente.

581 4206 675 4260 llic
702 4214 1028 4261 monstratur
1056 4207 1306 4277 quoniam
1350 4215 1476 4261 tunc
1515 4220 1636 4261 cum
1673 4206 1809 4262 dixit
1837 4222 1853 4263 :
1879 4207 1971 4262 Est
1997 4222 2093 4262 au-

507 4309 614 4353 tem
646 4315 745 4353 una
776 4300 944 4369 prima
973 4301 1148 4356 oratio
1175 4301 1505 4356 enuntiativa
1532 4301 1849 4380 afﬁrmatio,
1895 4301 2092 4358 deinde

507 4394 740 4461 negatio.
768 4392 996 4448 Primam
1025 4408 1147 4450 eum
1177 4409 1282 4449 non
1313 4394 1381 4448 de
1402 4409 1461 4449 ea
1491 4392 1735 4449 oratione
1763 4395 1963 4450 dixisse
1992 4410 2093 4464 pu-

510 4485 727 4538 tandum
753 4495 855 4550 est,
881 4501 1000 4556 quat
1026 4488 1340 4543 naturaliter
1367 4500 1470 4544 una
1502 4496 1607 4555 est,
1636 4487 1730 4542 sed
1758 4487 1826 4543 de
1854 4486 2090 4543 affirma-

2199 1910 2403 1968 nesque
2431 1915 2551 1969 quae
2580 1901 2633 1954 in
2669 1897 3123 1968 propositionibus
3150 1905 3459 1957 sumuntur,
3490 1892 3790 1947 referendae

2201 2001 2345 2047 sunt.
2374 1992 2438 2046 Et
2469 2000 2549 2045 est
2577 1990 2793 2060 quidem
2824 1989 3052 2056 simplex
3080 1986 3255 2041 oratio
3283 1984 3633 2050 enuntiativa,
3670 1998 3791 2053 qua:

2199 2096 2264 2137 ex
2297 2083 2429 2136 solis
2459 2081 2665 2135 duobus
2696 2078 2938 2135 terminis
2967 2086 3199 2143 constat,
3221 2086 3278 2130 ut
3306 2083 3413 2141 est,
3444 2075 3609 2129 homo
3634 2073 3790 2128 vivit.

2198 2171 2323 2227 Sive
2349 2184 2526 2227 autem
2554 2172 2635 2226 his
2658 2168 3113 2242 propositionibus
3138 2172 3315 2223 omnis
3342 2168 3666 2232 addatur,ut
3688 2175 3789 2229 est,

2195 2265 2373 2320 omnis
2414 2265 2577 2319 homo
2606 2264 2752 2329 vivit,
2788 2265 2901 2319 sive
2929 2262 3133 2329 nullus,
3174 2271 3231 2316 ut
3258 2261 3439 2317 nullus
3469 2260 3606 2330 lapis
3634 2259 3790 2325 vivit,

2198 2358 2312 2412 sive
2340 2357 2557 2427 aliquis,
2607 2366 2664 2410 ut
2693 2356 2887 2426 aliquis
2919 2355 3080 2410 homo
3108 2354 3261 2417 vivit,
3290 2353 3371 2408 vel
3403 2352 3599 2422 aliquis
3627 2352 3791 2405 homo

2196 2463 2302 2503 non
2341 2449 2496 2514 vivit,
2538 2447 2791 2518 quoniam
2835 2445 3051 2501 termini
3095 2445 3193 2516 ipsi
3235 2443 3340 2498 duo
3377 2452 3523 2509 sunt,
3556 2440 3790 2511 simplex

2196 2549 2417 2597 vocatur
2441 2539 2760 2612 propositio,
2790 2537 3084 2608 composita
3112 2549 3240 2590 vero
3267 2533 3312 2589 si
3350 2532 3491 2587 ultra
3520 2532 3787 2586 terminos

2195 2636 2330 2690 duos
2356 2634 2625 2700 enuntiat,
2657 2640 2821 2699 ιιιεει
2847 2631 2999 2687 Plato
3027 2626 3374 2699 philosophus
3402 2625 3455 2679 in
3479 2625 3650 2694 lyczeo
3678 2638 3792 2679 am-

2196 2728 2366 2783 bulat.
2393 2727 2491 2783 Hic
2512 2728 2657 2781 enim
2682 2733 2911 2796 quatuor
2930 2730 3056 2778 sunt
3080 2708 3318 2787 termini,
3341 2718 3424 2772 vel
3451 2719 3495 2772 si
3524 2726 3637 2771 tres
3660 2717 3789 2780 sint,

2198 2830 2254 2874 ιιι
2285 2820 2436 2874 Plato
2469 2817 2821 2889 phiIoSOphus
2849 2813 3110 2878 ambulat,
3139 2812 3222 2867 hze
3252 2824 3467 2881 quoque
3494 2811 3536 2862 si
3567 2810 3648 2861 eis
3674 2822 3792 2861 om-

2197 2914 2301 2979 nis,
2344 2922 2437 2966 aut
2484 2912 2679 2975 nullus,
2727 2918 2817 2962 aut
2860 2905 3052 2975 aliquis
3101 2903 3349 2970 addatur,
3382 2901 3573 2957 eodem
3630 2900 3791 2955 modo

2199 3007 2513 3075 compositas
2540 3013 2681 3058 sunt.
2712 3002 2857 3072 Ergo
2883 3016 2986 3055 una
3013 2999 3097 3054 vel
3128 2998 3407 3068 multiplex
3433 2998 3608 3051 oratio
3632 2996 3791 3051 intel-

2202 3099 2403 3167 ligitur,
2448 3098 2494 3151 si
2523 3110 2686 3150 unum
2716 3096 2803 3150 vel
2836 3094 2997 3148 multa
3045 3092 3331 3162 signiﬁcat,
3375 3098 3431 3144 et
3470 3089 3540 3144 de
3571 3089 3791 3159 propria

2120 3176 2167 3243 C
2198 3190 2589 3260 significatione
2640 3202 2856 3258 semper
2893 3185 3184 3257 judicatur.
3240 3182 3481 3253 Simplex
3515 3191 3699 3237 autem
3742 3189 3793 3238 et

2197 3284 2489 3352 composita
2520 3296 2624 3336 non
2651 3296 2716 3337 ex
2744 3278 3157 3349 significatione,
3190 3276 3281 3331 sed
3312 3290 3378 3331 ex
3408 3275 3705 3330 verborum
3739 3283 3793 3330 et

2196 3373 2474 3428 nominum
2506 3370 2809 3442 pluralitate
2838 3367 3206 3440 cognoscitur;
3239 3367 3285 3421 si
3313 3366 3458 3420 enim
3486 3366 3629 3420 ultra
3656 3364 3792 3420 duos

2199 3466 2457 3521 terminos
2505 3462 2666 3518 habet
2713 3448 3030 3532 propositio,
3065 3458 3365 3528 composita
3414 3464 3520 3524 εει,
3554 3456 3599 3511 si
3653 3456 3792 3512 duos

2197 3569 2425 3623 tantum,
2454 3556 2704 3627 simplex.
2729 3553 2787 3612 Si
2816 3570 2944 3626 ergo
2975 3569 3189 3623 semper
3211 3552 3382 3607 oratio
3412 3566 3533 3622 quze
3555 3551 3792 3621 simplex

2195 3662 2296 3719 est,
2328 3652 2377 3706 id
2402 3661 2485 3708 est
2505 3666 2624 3722 qua:
2645 3650 2853 3706 duobus
2876 3649 3119 3705 terminis
3140 3657 3372 3711 constat,
3392 3662 3552 3702 unam
3581 3655 3791 3702 tantum

2195 3746 2644 3817 signiﬁcationem
2666 3747 2943 3807 retineret,
2960 3736 3330 3797 indifferenter
3351 3741 3453 3795 dici
3480 3749 3665 3809 posset
3686 3754 3791 3795 una

2193 3840 2367 3895 oratio
2392 3848 2447 3893 et
2477 3837 2729 3907 simplex,
2760 3836 2949 3893 eadem
2973 3837 3116 3891 enim
3141 3851 3245 3891 una
3269 3845 3433 3901 esset,
3466 3850 3586 3903 qua:
3624 3836 3801 3909 etiam.

2194 3932 2453 4002 simplex;
2474 3930 2567 3986 sed
2586 3930 2836 4000 quoniam
2855 3944 2959 3984 non
2981 3930 3159 3984 omnis
3171 3928 3423 3997 simplex,
3440 3943 3605 3981 unum
3626 3928 3791 3997 signi-

2195 4027 2340 4091 ficat,
2377 4039 2481 4079 non
2504 4024 2679 4079 omnis
2701 4023 3067 4093 simplex,una
3090 4030 3191 4078 est.
3219 4021 3397 4076 Potest
3426 4035 3555 4092 ergo
3587 4022 3703 4075 ﬁeri
3737 4031 3811 4077 ut.

2193 4114 2421 4184 simplex
2450 4113 2665 4184 quidem
2698 4114 2768 4169 sit
2791 4112 3111 4185 propositio,
3145 4112 3534 4167 multae'tamen
3588 4112 3790 4167 oratio—

2194 4221 2309 4271 nes;
2356 4206 2585 4277 simplex
2616 4205 2830 4277 quidem
2862 4206 2926 4260 ad
2956 4205 3403 4275 compositionem
3451 4204 3752 4260 dictionum
3772 4244 3788 4270 ,

2195 4300 2375 4355 multae
2415 4316 2544 4356 vero
2570 4299 2636 4355 ad
2686 4299 3134 4371 signiﬁcationem
3162 4300 3572 4354 sententiarum.
3606 4297 3789 4365 Quare

2198 4393 2303 4450 erit
2327 4396 2376 4448 in
2401 4393 2504 4450 hoc
2532 4394 2741 4465 gemina
2766 4393 3092 4459 differentia,
3116 4403 3175 4449 ut
3203 4408 3360 4447 unam
3392 4392 3635 4447 dicamus
3659 4391 3790 4445 sim-

2197 4486 2392 4557 plicem
2432 4501 2700 4557 unamqtte
2751 4488 3087 4555 orationem,
3120 4489 3340 4541 alteram
3384 4485 3685 4556 simplicem
3736 4494 3789 4540 et

507 4578 676 4642 tione,
722 4578 919 4649 alioqui
962 4579 1048 4634 hic
1088 4597 1298 4653 quoque
1338 4593 1589 4652 repetens
1619 4582 1691 4635 ita
1719 4580 1964 4636 dixisset.
1997 4582 2093 4636 Est
2121 4558 2171 4619 Ῑ)
2198 4580 2377 4651 plures
2406 4579 2701 4635 orationes.
2726 4577 2935 4634 Rursus
2962 4582 3004 4633 si
3036 4594 3223 4635 omnes
3249 4579 3562 4648 composita
3588 4578 3787 4633 oratio-

508 4667 684 4724 autem
713 4671 884 4726 oratio
912 4686 1013 4725 una
1044 4672 1214 4741 prima
1240 4674 1567 4728 enuntiativa
1596 4688 1717 4744 qure
1736 4688 1901 4728 unum
1928 4674 2093 4744 signi-

509 4760 653 4826 ficat,
705 4762 798 4815 sed
846 4762 1097 4831 quoniam
1138 4779 1247 4817 non
1296 4763 1366 4818 ita
1414 4764 1569 4831 dixit,
1619 4763 1963 4819 manifestum
2010 4772 2094 4819 est

504 4853 647 4924 quod
688 4852 888 4909 dudum
937 4855 1011 4909 ait
1055 4855 1304 4924 primam,
1350 4873 1454 4909 non
1495 4856 1563 4910 ad
1607 4856 1927 4921 orationem,
1973 4871 2091 4925 qua:

506 4955 702 5017 praeter
728 4946 1161 5016 conjunctiouetu
1192 4963 1294 5002 una
1318 4956 1423 5014 εει,
1448 4947 1716 5013 retulisse,
1740 4946 1834 5001 sed
1859 4949 1923 5002 ad
1947 4948 2091 5003 afﬁr-

507 5037 795 5093 tnationem
818 5076 834 5103 ,
864 5053 1023 5108 quam
1056 5039 1337 5110 negatione
1361 5039 1590 5108 priorem
1620 5054 1743 5094 esse
1771 5048 2043 5094 constaret
2076 5058 2087 5092 :

507 5131 601 5185 sed
652 5131 755 5187 ltoe
794 5132 907 5202 jam
950 5134 1197 5203 superius
1237 5132 1438 5189 dictum
1480 5143 1583 5189 est.
1618 5133 1755 5200 Quid
1786 5142 1963 5187 autem
1989 5133 2091 5189 sibi

506 5204 782 5278 velit'btec
811 5225 1166 5289 enumeratio,
1198 5224 1380 5293 paucis
1404 5239 1692 5293 exponam.
1723 5224 1915 5278 Multas
1944 5224 2089 5278 enim

505 5315 849 5371 t-onfusiones
897 5315 1198 5385 multosque
1247 5315 1298 5369 in
1346 5316 1681 5371 orationibus
1718 5330 1956 5380 errores,
2002 5315 2091 5371 hic

506 5408 656 5463 locus
687 5409 887 5478 optime
915 5409 1221 5464 intellectus
1251 5410 1619 5479 veraciterque
1650 5418 1934 5478 perceptus
1965 5422 2086 5462 sus-

506 5501 645 5570 tulit,
684 5513 738 5557 et
764 5502 880 5557 hazc
900 5511 984 5557 est
1007 5502 1275 5572 expositio
1299 5517 1457 5572 quam
1486 5500 1663 5556 nullus
1684 5509 1806 5555 ante
1848 5500 2089 5571 Porphy-

506 5594 641 5647 rium
672 5595 1036 5664 expositorum
1065 5593 1215 5649 vidit.
1249 5592 1367 5647 Non
1397 5604 1480 5648 est
1507 5594 1645 5647 idem
1677 5605 1904 5661 namque
1928 5606 2085 5646 unam

508 5701 627 5742 esse
670 5689 965 5744 orationem
1009 5701 1065 5744 et
1107 5687 1484 5759 multiplicem,
1518 5686 1660 5757 quod
1703 5685 2001 5756 simplicem
2031 5696 2086 5740 et

503 5785 876 5854 compositam,
908 5797 961 5841 et
1001 5785 1166 5841 distat
1206 5799 1309 5841 una
1348 5798 1379 5838 a
1421 5782 1673 5855 simplici,
1718 5780 1881 5837 distat
1923 5782 2081 5839 etiam

2197 4688 2292 4727 nes
2316 4671 2494 4737 plures
2516 4672 2679 4727 etiam
2712 4686 2799 4727 res
2830 4671 3215 4741 signiﬁcarent,
3241 4670 3613 4725 indifferenter
3639 4671 3789 4725 diee-

2195 4778 2375 4818 retnus
2404 4762 2756 4831 multiplicem
2784 4772 2837 4816 et
2858 4762 3233 4832 compositam;
3263 4762 3359 4817 sed
3386 4762 3637 4832 quoniam
3673 4761 3785 4816 ﬁeri

2196 4863 2371 4925 potest
2409 4864 2469 4909 ut
2495 4855 2791 4925 propositio
2814 4855 3099 4927 aliquoties
3124 4855 3339 4925 quidem
3364 4863 3573 4910 constet
3600 4871 3665 4909 ex
3692 4871 3788 4909 nu-

2195 4948 2424 5003 merosis
2456 4948 2805 5018 pluribusque
2837 4948 3084 5003 terminis
3113 4964 3271 5018 quam
3304 4949 3413 5003 sint
3452 4947 3593 5011 duo,
3626 4964 3787 5002 unam

2197 5051 2371 5096 tamen
2403 5042 2724 5098 sententiam
2784 5050 3071 5098 monstret.
3104 5041 3291 5097 Potest
3318 5042 3530 5112 quidem
3577 5041 3691 5095 ﬁeri
3735 5051 3787 5095 ut

2194 5136 2490 5204 composita
2540 5136 2641 5201 sit,
2675 5149 2777 5190 una
2828 5144 3004 5190 tamen
3052 5135 3223 5189 oratio
3276 5135 3347 5189 sit
3394 5133 3785 5202 significatione

2194 5226 2492 5296 composita
2518 5225 2778 5292 dictione,
2808 5233 2871 5279 ut
2892 5235 2976 5281 est
2994 5224 3189 5279 animal
3214 5224 3496 5289 rationale,
3532 5222 3780 5283 mortale,

2194 5323 2392 5378 mentis
2420 5331 2475 5377 et
2502 5321 2803 5390 disciplinae
2835 5335 3032 5390 capax:
3067 5320 3184 5375 haec
3213 5317 3428 5390 quidem
3461 5318 3611 5387 plura
3641 5328 3783 5378 sunt,

2196 5413 2289 5469 sed
2319 5414 2400 5468 his
2448 5429 2551 5468 una
2584 5413 2881 5468 substantia
2939 5412 3176 5482 subjecta
3222 5420 3339 5476 est,
3388 5411 3441 5465 id
3480 5420 3564 5464 est
3602 5409 3782 5464 homo.

2196 5507 2373 5574 Quare
2402 5522 2504 5562 una
2533 5521 2746 5575 quoque
2774 5506 3037 5583 senteptia
3065 5513 3168 5560 est.
3198 5504 3299 5560 Sin
3324 5518 3452 5558 vero
3479 5504 3601 5572 quis
3621 5500 3779 5563 dicat.

2194 5601 2448 5657 Socrates
2496 5610 2550 5654 et
2574 5600 2837 5667 ambulat,
2867 5608 2921 5654 et
2961 5600 3215 5669 loquitur,
3262 5607 3317 5654 et
3360 5598 3579 5668 cogitat,
3622 5594 3781 5650 multa

2196 5704 2339 5749 sunt.
2373 5693 2594 5749 Diversa
2639 5701 2767 5747 sunt
2791 5692 2969 5757 enim,
2998 5701 3052 5746 et
3080 5692 3223 5762 quod
3265 5690 3532 5755 ambulat,
3560 5698 3615 5744 et
3639 5686 3778 5758 quod

2196 5786 2455 5858 loquitur,
2486 5795 2540 5843 et
2561 5786 2704 5857 quod
2734 5784 2950 5858 cogitat.
2990 5784 3166 5853 Quare
3195 5786 3296 5842 erit
3321 5783 3607 5856 aliquando
3634 5797 3775 5841 com-
