4022 6332
256 308 369 370 ὗ49

1008 319 1070 373 ΙΝ
1109 321 1360 381 LIBRUM
1407 325 1491 379 DE
1530 324 2175 384 INTERPRETATIONE
2215 327 2443 385 EDITIO
2480 330 2816 388 SECUNDA.

3432 346 3538 403 450

253 425 425 495 posita
453 426 670 497 quidem
695 424 890 497 oratio,
925 446 1029 486 una
1063 443 1238 490 tamen
1269 436 1396 491 :sed
1425 435 1678 503 quoniam
1699 450 1844 491 com-
1876 440 1921 497 A
1954 451 2074 491 cum
2107 436 2222 491 sine
2250 438 2630 503 conjunctione
2656 457 2760 495 non
2790 448 2892 496 est.
2921 442 3039 498 Alio
3067 460 3195 500 vero
3220 461 3340 500 cum
3374 463 3538 507 υιιςιιη

252 520 427 589 posita
476 519 652 575 oratio
700 523 980 592 aliquoties
1012 526 1225 594 quidem
1264 531 1516 585 continue
1567 529 1683 585 sine
1713 544 1849 584 con-

252 612 529 675 junctione
561 612 760 668 dicitur
781 658 795 681 ,
824 617 1112 682 aliquoties
1138 622 1514 689 conjunctione
1544 622 1844 691 copulatur,

251 706 391 759 liunt
430 707 555 760 h-nc
585 720 813 774 quatuor
838 709 1174 768 diﬂerentim.
1208 714 1303 767 Est
1347 715 1489 768 enim
1542 731 1643 770 una
1676 726 1792 769 orat
1817 730 1849 766 o

251 799 551 864 composita
599 814 666 851 ex
717 801 965 854 terminis
1010 805 1365 857 continuatim
1414 806 1605 869 dictis,
1636 815 1690 860 et
1732 806 1849 860 sine

251 886 639 956 conjunctione
696 905 853 944 unam
897 894 1219 948 sententiam
1269 911 1607 962 monswans,
1661 907 1718 951 ut
1766 905 1852 953 est

251 977 457 1032 animal
490 979 778 1043 rationale,
811 984 1056 1051 mortale,
1085 986 1278 1040 mentis
1313 996 1369 1041 et
1397 986 1694 1055 disciplina:
1726 1004 1851 1057 per-

253 1068 526 1137 ceptibile.
565 1069 689 1124 Haec
713 1071 854 1126 enim
887 1074 1059 1128 oratio
1080 1077 1375 1145 composita
1423 1078 1638 1149 quidem
1673 1089 1756 1134 est
1782 1095 1850 1135 ex

254 1160 442 1214 multis
477 1161 741 1227 terminis,
771 1163 865 1218 sed
897 1165 1345 1233 conjunctionem'
1375 1185 1480 1223 non
1511 1171 1695 1238 habet,
1726 1188 1849 1227 nam

252 1251 398 1319 quod
443 1250 645 1307 dictum
673 1264 754 1308 est
800 1256 995 1311 tnen'is
1034 1270 1085 1311 et
1112 1258 1415 1329 disciplinae
1453 1264 1805 1332 perceptihile
1828 1303 1846 1329 ,

252 1343 370 1399 haec
400 1346 712 1415 cottjunctio
740 1364 860 1418 quae
899 1359 983 1405 est
1016 1361 1062 1404 et
1106 1352 1304 1406 nullam
1342 1354 1392 1407 in
1447 1364 1552 1409 tota
1600 1357 1848 1425 proposi-

252 1435 399 1491 tione
427 1439 531 1492 vim
563 1439 792 1507 obtinet,
831 1458 1003 1512 neque
1030 1444 1172 1499 enim
1204 1445 1481 1516 conjungit
1519 1447 1848 1517 propositio-

252 1545 397 1593 nem,
422 1530 518 1585 sed
548 1542 718 1588 artem
751 1534 919 1604 addit,
952 1535 1106 1605 cujus
1136 1536 1504 1603 susceptibilis
1531 1538 1693 1592 homo
1727 1553 1850 1594 esse

253 1617 519 1683 videatur,
544 1630 599 1675 et
627 1620 787 1676 habet
817 1639 980 1677 unam
1006 1626 1360 1680 substantiam
1382 1626 1701 1697 subjectant,
1728 1643 1850 1698 qua:

252 1716 337 1761 est
366 1709 550 1764 homo.
585 1709 702 1764 Alia
732 1726 857 1765 vero
880 1722 963 1767 est
983 1716 1281 1784 composita
1311 1730 1375 1768 ex
1400 1715 1669 1785 terminis,
1701 1716 1849 1771 nulla

1955 542 2069 581 rem
2117 529 2416 597 signiﬁcat,
2450 546 2636 587 rursus
2674 548 2782 586 uno
2831 534 3024 590 dit-itur
3056 538 3215 591 modo
3260 541 3533 607 multiplex

1953 619 2128 673 oratio
2156 634 2275 673 cum
2308 619 2482 690 aliqua
2524 624 2903 691 conjunctione
2933 642 3038 680 non
3085 628 3397 696 copulatur,
3431 633 3538 686 alio

1952 722 2080 761 vero
2109 723 2229 763 cum
2272 710 2421 778 plura
2448 710 2737 781 signiﬁcat,
2781 724 2939 783 atque
2982 716 3082 770 hoc
3112 726 3221 783 est,
3252 719 3389 788 quod
3421 722 3495 772 ait
3521 737 3533 772 z

1952 798 2050 853 Est
2069 810 2248 854 autem
2265 816 2366 855 una
2380 802 2551 856 oratio
2572 806 2903 858 enuntiativa
2926 822 3045 875 quae
3063 824 3224 862 unum
3244 809 3503 879 signiﬁestt
3521 853 3535 876 ,

1954 891 2035 945 vel
2063 891 2446 961 conjunctione
2472 908 2595 948 una.
2622 894 2809 949 Plures
2832 906 3005 951 autem
3035 915 3153 966 qua:
3180 902 3327 977 plura
3351 913 3405 956 et
3431 919 3537 957 non

1954 996 2142 1047 unum,
2171 984 2255 1037 vel
2280 983 2663 1053 inconjunctaz;
2696 996 2777 1040 est
2805 988 2946 1042 enim
2976 990 3056 1060 (ut
3078 991 3276 1046 dietum
3309 994 3411 1063 est)
3441 995 3535 1048 du-

1956 1071 2169 1138 pliciter
2187 1088 2284 1127 unzt
2310 1074 2507 1140 oratio,
2536 1075 2613 1127 vel
2640 1076 2849 1139 quando
2874 1092 2993 1132 cum
3024 1081 3402 1149 conjunctione
3431 1096 3535 1150 est,

1953 1161 2037 1215 vel
2067 1176 2187 1216 cum
2214 1179 2374 1217 unam
2408 1180 2520 1219 rem
2543 1165 2830 1235 signiﬁcat.
2863 1167 3133 1238 Multiplex
3156 1185 3334 1228 autem
3366 1179 3536 1232 oratio

1953 1262 2057 1319 est,
2088 1256 2172 1310 vel
2199 1271 2320 1325 qua:
2348 1259 2513 1312 multa
2563 1260 2847 1328 signiﬁcat,
2900 1263 2981 1317 vel
3022 1279 3142 1334 quae
3175 1266 3290 1323 sine
3317 1272 3534 1339 conjttu.

1952 1343 2130 1399 ctione
2161 1345 2535 1416 conjungitur,
2570 1349 2769 1403 multas
2815 1352 2955 1407 enim
3007 1357 3281 1412 orationes
3331 1362 3536 1419 vocavit

1950 1448 2042 1488 eas
2082 1452 2201 1505 qua:
2232 1438 2337 1491 sint
2383 1438 2704 1510 multiplices
2731 1482 2745 1507 ,
2779 1452 2831 1496 et
2863 1444 2948 1499 vel
2978 1445 3387 1515 signiﬁcationis
3417 1454 3535 1521 plus

1952 1527 2217 1582 ralitatem
2270 1540 2504 1596 teneant,
2562 1533 2645 1587 vel
2696 1542 2891 1600 printer
2940 1538 3352 1607 conjunctiones
3407 1546 3534 1600 sint.

1952 1618 2105 1685 Quod
2128 1631 2305 1675 autem
2338 1624 2443 1688 ait,
2473 1624 2554 1678 vel
2587 1624 2969 1697 incoltjunctaa,
3008 1639 3176 1686 totum
3227 1634 3535 1703 completus

1951 1721 2069 1779 est,
2097 1714 2382 1783 multiplex
2412 1731 2493 1771 εει
2519 1718 2660 1773 enim
2694 1721 2986 1790 propositio
3028 1723 3110 1777 vel
3163 1724 3209 1778 si
3252 1725 3411 1779 luerit
3453 1727 3535 1781 in-

251 1801 630 1871 oonjunctione
669 1804 930 1870 copu'atis
951 1846 965 1870 ,
990 1806 1302 1875 multiplex,
1335 1816 1388 1859 et
1419 1820 1527 1860 non
1558 1821 1717 1861 unam
1760 1808 1838 1861 si-
1878 1812 1927 1872 Β
1952 1807 2272 1874 composita,
2302 1808 2752 1878 quemadmodum
2776 1821 2881 1879 est,
2904 1812 3039 1869 Cato
3062 1814 3412 1885 pltilos0phus
3433 1830 3536 1874 est.

252 1886 516 1957 guiﬁcans
559 1889 1012 1957 propositionem,
1061 1899 1118 1945 ut
1168 1901 1274 1958 est,
1298 1890 1451 1946 Plato
1498 1892 1847 1948 Atheniensis

254 1978 611 2047 philosophus
634 1980 888 2048 disputat.
921 1981 1083 2036 Aliud
1114 1982 1256 2037 enim
1285 1993 1368 2037 est
1395 1997 1515 2038 esse
1547 1984 1843 2047 Platonem,

252 2068 396 2123 a’iud
441 2084 562 2123 esse
608 2068 1021 2139 philosophum,
1071 2070 1215 2126 aliud
1257 2086 1381 2126 esse
1425 2072 1844 2137 Atheniensem,

253 2158 396 2212 aliud
439 2159 821 2229 disputantem,
857 2172 910 2215 et
957 2160 1073 2215 haec
1120 2160 1405 2232 conjunCta
1432 2178 1595 2217 unum
1643 2164 1846 2232 aliquid

254 2264 360 2303 non
388 2248 613 2316 faciunt,
638 2251 790 2320 quasi
822 2244 1199 2306 substantiam.
1226 2251 1402 2318 Quare
1426 2252 1541 2306 hac
1568 2253 1846 2322 multiplex

252 2351 364 2405 est,
401 2341 497 2395 sed
528 2356 647 2396 eam
694 2342 1035 2398 manifestum
1066 2354 1149 2399 est
1178 2345 1320 2398 t-ulla
1350 2345 1732 2414 conjunctione
1756 2361 1851 2403 co-

254 2432 451 2501 pulari.
478 2433 596 2487 Alia
630 2449 758 2489 vero
797 2444 880 2490 est
926 2435 1227 2504 composita
1275 2452 1340 2490 ex
1391 2437 1847 2506 propositionibus

254 2522 621 2595 inconjunctis
648 2524 951 2594 multiplex,
984 2534 1042 2579 ut
1063 2534 1144 2579 est
1172 2524 1380 2592 Jupiter
1400 2526 1631 2595 Optimus
1663 2528 1841 2582 maxio

318 2592 441 2672 ntus
466 2627 569 2683 est,
615 2618 757 2673 Juno
804 2620 986 2688 regina
1016 2630 1118 2686 est,
1164 2618 1396 2674 Minerva
1438 2620 1534 2675 dea
1567 2622 1847 2691 sapientia:

253 2714 369 2770 est.
398 2724 532 2777 quas
573 2708 618 2764 si
667 2711 787 2779 quis
813 2711 912 2765 sub
954 2725 1117 2765 unum
1163 2711 1524 2782 continueque
1568 2712 1804 2781 proterat
1829 2754 1845 2779 ,

254 2799 438 2867 plures
465 2799 682 2870 quidem
716 2803 1104 2872 propositiones
1146 2811 1304 2870 sunt,
1355 2812 1409 2859 et
1448 2806 1620 2860 oratio
1663 2805 1848 2861 multi-

259 2890 403 2959 plex,
438 2891 533 2947 sed
559 2894 942 2963 conjunctione
962 2904 1169 2950 carent.
1194 2895 1309 2949 Alia
1355 2911 1484 2951 vero
1517 2904 1601 2950 est
1624 2912 1845 2967 compo-

254 2982 378 3048 sita,
411 2983 495 3039 vel
523 2999 591 3039 ex
617 2985 884 3052 terminis,
912 2986 994 3042 vel
1018 3002 1085 3041 ex
1118 2987 1598 3057 propositionibus,
1623 2988 1847 3058 conjun-

253 3073 434 3129 ctione
462 3077 756 3147 copu'atis,
793 3077 1079 3148 multiplex
1109 3088 1165 3133 et
1207 3078 1376 3135 multa
1425 3080 1762 3150 signiﬁcans,
1794 3091 1849 3137 et

1951 1895 2228 1964 Multiplex
2281 1898 2443 1953 etiam
2476 1900 2558 1955 vel
2595 1902 2639 1955 si
2666 1902 2825 1957 fuerit
2870 1907 3166 1975 composita
3196 1923 3261 1962 ex
3299 1909 3535 1965 terminis

1951 1997 2147 2057 praeter
2178 1991 2610 2061 conjunctionem
2633 2036 2648 2062 ,
2686 1999 3136 2067 quemadmodum
3184 2002 3387 2058 dictum
3422 2012 3536 2069 est,

1951 2090 2008 2135 ut
2030 2082 2178 2137 Plato
2204 2084 2547 2141 Atheniensis
2573 2089 2622 2141 in
2651 2088 2816 2159 chaao
2839 2090 3104 2161 disputat:
3134 2094 3218 2148 vel
3245 2095 3290 2148 si
3320 2110 3535 2164 compo-

1949 2174 2048 2229 sita
2101 2178 2172 2231 sit
2213 2193 2278 2233 ex
2325 2182 2783 2249 propositionibus
2828 2198 3025 2254 praeter
3063 2189 3535 2257 conjunctionem,

1950 2270 2398 2339 quemadmodum
2423 2286 2527 2337 est,
2552 2274 2712 2330 homo
2735 2285 2839 2342 est,
2864 2279 3061 2333 animal
3086 2288 3194 2344 est;
3216 2280 3298 2335 vel
3320 2281 3365 2336 si
3391 2296 3534 2338 com-

1952 2361 2119 2429 posita
2146 2362 2217 2416 sit
2265 2377 2333 2418 ex
2362 2365 2609 2421 terminis
2638 2368 3011 2437 conjunctione
3037 2371 3324 2441 copulatis,
3347 2380 3405 2427 ut
3437 2374 3533 2428 Ju-

1951 2450 2091 2522 piter
2111 2462 2169 2507 et
2192 2454 2391 2525 Apollo
2414 2457 2489 2513 dii
2519 2470 2644 2513 sunt
2672 2477 2689 2525 ;
2719 2460 2801 2515 vel
2832 2462 2877 2516 si
2904 2464 3198 2532 composita
3229 2464 3300 2519 sit
3319 2477 3397 2537 ex~
3416 2481 3534 2533 pro-

1953 2544 2309 2613 positionibus
2343 2563 2437 2616 per
2468 2549 2927 2620 coniunctionem,
2949 2554 3398 2623 quemadmodum
3430 2565 3534 2622 est,

1949 2643 2004 2690 et
2052 2637 2245 2706 Apollo
2288 2648 2444 2695 vates
2499 2650 2611 2709 est,
2642 2651 2698 2698 et
2736 2642 2946 2713 Jupiter
2985 2656 3151 2699 tonat.
3203 2647 3314 2701 Cor
3354 2658 3533 2705 autem

1949 2725 2112 2796 dixit,
2142 2729 2322 2799 plures
2357 2744 2565 2795 autem,
2597 2749 2716 2803 qua!
2749 2735 2928 2805 plura,
2961 2746 3015 2791 et
3044 2752 3153 2791 non
3198 2753 3393 2799 unum.
3432 2738 3534 2794 hoc

1949 2825 2032 2872 est
2058 2819 2201 2889 quod
2231 2830 2358 2875 sunt
2385 2821 2626 2891 qua-dant
2654 2839 2773 2893 qua:
2803 2825 2953 2894 plura
3004 2827 3313 2895 signiﬁcent
3336 2827 3390 2882 in
3421 2843 3536 2882 ser-

1949 2908 2233 2975 monibus,
2276 2926 2439 2965 unum
2500 2922 2678 2967 tamen
2735 2913 2785 2967 itt
2844 2924 2949 2969 tota
3002 2916 3390 2986 compositione
3441 2919 3533 2975 de-

1949 3008 2281 3069 monstrent,
2312 3009 2368 3053 ut
2404 3008 2516 3064 est,
2556 3003 2757 3056 animal
2798 3005 3092 3071 rationale,
3131 3007 3393 3073 mortale,
3421 3007 3533 3064 haec

1949 3086 2091 3141 enim
2121 3089 2297 3143 omnia
2332 3090 2497 3145 multa
2543 3092 2877 3159 signiﬁcant;
2920 3093 3068 3149 aliud
3112 3104 3196 3150 est
3234 3094 3378 3152 enim
3423 3098 3536 3152 ani-n

256 3177 315 3217 εχ
358 3166 604 3221 terminis
651 3167 865 3237 quidem
916 3173 1245 3239 composita,
1300 3178 1356 3225 ut
1400 3170 1446 3224 si
1498 3171 1617 3240 quis
1661 3171 1839 3228 dicat:
1872 3186 1916 3250 (ς
1949 3181 2085 3245 mal,
2117 3180 2261 3236 aliud
2304 3182 2600 3253 rationale,
2631 3185 2773 3238 aliud
2825 3186 3094 3254 mortale,
3125 3187 3222 3243 sed
3267 3198 3433 3244 totum
3463 3190 3534 3245 sio

255 3254 459 3323 Jupiter
488 3264 546 3310 et
572 3257 765 3326 Apollo
787 3266 911 3313 sunt
956 3259 1050 3314 dii.
1086 3259 1162 3314 Ex
1191 3260 1644 3330 propositionibus
1667 3255 1844 3319 autem

255 3346 540 3414 conjuncta
567 3347 732 3401 multa
763 3348 1071 3418 signiﬁcans
1114 3356 1226 3414 est,
1257 3356 1317 3405 ut
1344 3348 1392 3405 si
1434 3352 1554 3421 quis
1580 3353 1722 3407 dicat
1746 3394 1763 3419 ,
1792 3364 1849 3410 et

256 3436 445 3505 Apollo
477 3446 632 3493 vates
661 3447 767 3503 est,
798 3447 849 3493 et
879 3438 1089 3509 Jupiter
1134 3449 1302 3495 tonat.
1358 3437 1455 3496 Est
1488 3452 1669 3497 autem
1712 3458 1848 3512 pra?-

257 3538 336 3584 ter
364 3529 463 3584 has
490 3530 596 3585 alia
618 3533 912 3601 composita
944 3533 1117 3589 oratio
1143 3548 1210 3589 ex
1231 3535 1690 3604 propositionibus
1719 3550 1849 3592 con-

255 3620 531 3687 iunctione
558 3622 883 3692 conjunctis,
929 3640 1086 3679 unam
1120 3625 1429 3694 signiﬁcans
1472 3642 1608 3693 rem,
1639 3634 1700 3682 ut
1724 3642 1847 3684 cum

254 3711 370 3767 :lico
397 3731 411 3762 :
444 3712 502 3766 Si
535 3713 651 3768 dies
694 3723 777 3769 est
799 3757 813 3781 ,
844 3714 931 3770 lux
966 3726 1066 3771 est.
1117 3717 1240 3772 Duae
1266 3719 1407 3773 enim
1452 3721 1849 3789 propositiones

255 3819 373 3873 quae
405 3814 534 3858 sunt
567 3806 701 3869 ista,
735 3806 850 3861 dies
878 3817 980 3873 est,
1014 3807 1096 3861 lux
1130 3819 1233 3873 est,
1276 3810 1320 3864 si
1349 3810 1728 3880 conjunctione
1758 3830 1847 3870 co-

254 3897 540 3964 pulantur;
574 3899 667 3953 sed
695 3899 809 3953 hmo
832 3900 1006 3955 oratio
1028 3916 1134 3956 non
1165 3902 1427 3972 signiﬁcat
1467 3904 1653 3969 multa,
1678 3922 1850 3977 neque

252 3987 395 4042 enim
417 3986 563 4042 diem
587 4003 705 4044 esse
723 4001 775 4043 et
798 3989 968 4043 lucem
996 3992 1246 4061 proponit
1270 4007 1416 4060 esse,
1433 3992 1526 4048 sed
1539 3995 1582 4048 si
1611 3997 1726 4051 dies
1741 4006 1847 4066 est,

249 4078 430 4133 lucem
455 4094 599 4135 esse.
625 4080 884 4147 Quocirca
913 4082 1176 4150 signiﬁcat
1200 4086 1637 4154 consequentiam
1662 4104 1851 4157 quam-

251 4171 395 4236 dam,
431 4187 541 4226 non
570 4173 910 4228 existentiam
958 4174 1365 4243 propositionis,
1399 4193 1504 4230 non
1542 4179 1687 4233 enim
1718 4179 1849 4233 dicit

250 4268 515 4326 utrasque
564 4271 703 4323 esse,
736 4256 831 4312 sed
867 4257 909 4311 si
941 4273 1042 4311 una
1072 4267 1173 4327 est,
1205 4258 1362 4313 aliam
1404 4263 1679 4331 consequi,
1704 4264 1847 4331 quod

254 4364 550 4419 utrumque
585 4352 637 4404 in
668 4365 826 4404 unam
854 4350 1252 4421 quodammodo
1283 4352 1692 4424 intelligentiam
1717 4369 1846 4410 cou-

254 4444 419 4511 gruit.
456 4444 564 4498 Sed
597 4444 734 4497 hanc
769 4442 1097 4514 Porphyrius
1122 4446 1543 4514 propositionem
1576 4447 1848 4502 extrinse-

253 4549 344 4586 cus
375 4532 633 4601 proponit
655 4532 905 4599 ,.idcirco
932 4534 1075 4603 quod
1106 4533 1255 4603 plura
1286 4535 1587 4604 signiﬁcare
1634 4536 1849 4592 videba-

252 4634 358 4687 tttr,
383 4624 499 4689 ipsa
522 4623 664 4677 enim
694 4625 1123 4693 propositionum
1152 4625 1431 4693 pluralitas
1454 4627 1845 4684 multitudinem

251 4716 465 4768 simulat
497 4714 967 4785 signiﬁcationum,
987 4718 1079 4773 sed
1097 4720 1180 4792 (ut
1199 4720 1396 4775 dictum
1419 4722 1522 4792 est)
1545 4737 1651 4777 non
1668 4722 1850 4791 plures

251 4804 523 4875 signiﬁcat
554 4820 663 4871 res,
689 4807 783 4862 sed
809 4824 969 4862 unam
1012 4812 1469 4879 consequentiam.
1512 4811 1850 4883 Composita-

254 4914 369 4952 rum
415 4899 578 4968 igitur
617 4907 671 4954 et
712 4916 872 4955 unam
905 4917 1016 4958 rem
1059 4903 1470 4973 signiﬁcantium
1522 4905 1842 4974 pr0positio-

258 5007 384 5045 num
417 4991 617 5061 duplex
648 4994 835 5049 modus
869 5006 973 5050 est.
998 4998 1099 5051 Aut
1129 4998 1270 5051 enim
1295 5013 1357 5052 ex
1389 5000 1630 5053 terminis
1653 4999 1838 5053 incon-

253 5084 450 5151 jnnctis
486 5100 645 5139 unam
698 5100 811 5141 rem
864 5086 1168 5156 signiﬁcans
1216 5090 1510 5157 composita
1548 5091 1751 5159 oratio,
1785 5099 1844 5146 ut

253 5174 451 5228 animal
486 5176 767 5241 rationale,
792 5179 1016 5233 mortale
1036 5186 1136 5234 est.
1167 5181 1270 5234 Aut
1291 5196 1355 5235 ex
1385 5181 1841 5251 propositionibus

255 5264 555 5331 composita
590 5272 643 5317 ci.
672 5265 1050 5333 conjunctione
1078 5268 1343 5337 copulata,
1399 5267 1682 5336 imaginem
1716 5272 1840 5339 qui-

252 5351 675 5433 tlcm.cmittens
729 5357 877 5424 plura
927 5357 1294 5425 signiﬁcandi,
1336 5373 1493 5413 uuam
1546 5371 1675 5414 vero
1727 5375 1838 5415 rem

257 5447 565 5516 signiﬁcans
592 5450 794 5519 oratio,
828 5451 949 5504 utsi
973 5450 1230 5518 dicamus,
1261 5452 1304 5506 si
1334 5452 1447 5506 dies
1479 5461 1592 5517 est,
1620 5452 1707 5506 lux
1733 5461 1835 5507 est.

256 5534 385 5590 Cum
413 5553 544 5607 ergo
573 5539 687 5593 ham
721 5540 791 5595 sit
818 5540 1124 5595 distributio
1167 5541 1582 5609 compositarum
1629 5551 1683 5597 et
1711 5543 1842 5599 sim-

260 5629 474 5697 plicium
505 5631 828 5696 orationum,
850 5630 1048 5700 duplici
1073 5632 1232 5688 modo
1253 5649 1373 5686 una:
1393 5634 1665 5688 orationes
1695 5642 1838 5698 sunt,

260 5731 314 5778 et
340 5723 539 5794 duplici
573 5725 774 5780 inultae.
821 5725 944 5781 Sive
985 5736 1160 5782 autem
1212 5726 1612 5796 incompositae,
1648 5734 1704 5781 et
1729 5726 1843 5782 sive

262 5817 607 5888 compositae,
632 5824 687 5873 et
716 5830 824 5873 uno
853 5818 1068 5887 quidem
1112 5820 1271 5875 modo
1313 5834 1414 5875 una
1450 5816 1623 5875 oratio
1646 5816 1842 5875 dicitur

1951 3273 2058 3327 mul
2103 3289 2263 3328 unum
2316 3284 2433 3341 est,
2459 3276 2602 3347 quod
2633 3285 2716 3332 est
2759 3278 2939 3333 homo.
2972 3278 3104 3335 Cum
3144 3290 3321 3336 autem
3374 3283 3535 3348 dico,

1950 3362 2203 3421 Socrates
2244 3368 2595 3423 Atheniensis
2644 3370 3017 3440 philosophus,
3049 3382 3101 3427 et
3146 3374 3353 3445 singula
3387 3377 3534 3445 plura

1949 3464 2097 3519 sunt,
2144 3464 2200 3512 et
2242 3457 2420 3511 omnia
2468 3458 2628 3512 simul
2659 3460 2805 3525 plura
2836 3460 3186 3516 nihilominus
3232 3472 3379 3518 sunt.
3414 3465 3535 3521 Hice

1950 3546 2094 3600 enim
2122 3546 2420 3602 accidentia
2465 3556 2609 3613 sunt,
2643 3558 2697 3602 et
2744 3548 2942 3603 nullam
2987 3551 3338 3607 substantiam
3368 3553 3535 3608 infor-

1952 3649 2138 3708 mant,
2168 3649 2329 3710 atque
2368 3640 2472 3697 hoc
2502 3643 2714 3712 quidem
2764 3644 2899 3699 dixit
2939 3647 3005 3700 de
3033 3648 3370 3706 orationibus
3417 3666 3536 3720 quat

1950 3733 2033 3787 vel
2079 3735 2455 3803 conjunctione
2499 3728 2619 3791 una:
2665 3747 2874 3801 essent,
2907 3739 2991 3793 vel
3036 3740 3454 3807 signiﬁcatione,
3482 3752 3534 3801 ει

1952 3837 2137 3879 rursus
2170 3825 2237 3879 de
2267 3827 2448 3881 multis
2471 3843 2590 3897 quae
2618 3830 2697 3885 vel
2730 3836 2922 3899 praeter
2945 3833 3374 3903 conjunctionem
3399 3836 3535 3891 mul-

1952 3923 2019 3968 tte
2056 3925 2261 3983 essent,
2298 3919 2383 3974 vel
2410 3919 2798 3990 signiﬁcatione
2826 3925 3129 3994 multiplici.
3158 3927 3287 3994 Qua:
3332 3942 3457 3982 vero
3484 3929 3536 3988 in

1952 4007 2282 4078 simplicibus
2311 4020 2471 4082 atque
2508 4017 2822 4084 compositis
2851 4019 3117 4088 posterius
3145 4019 3299 4085 dixit,
3322 4035 3441 4076 cum
3470 4024 3537 4080 ad

1952 4094 2005 4150 id
2039 4097 2140 4152 loci
2170 4100 2435 4170 expositio
2472 4105 2710 4169 venerit,
2756 4107 3141 4173 explicabitur;
3172 4124 3313 4162 nunc
3359 4118 3535 4167 autem

1954 4197 2285 4244 revertamur
2302 4191 2368 4246 ad
2391 4192 2659 4249 ordinem.
2686 4195 2853 4265 Igitur
2870 4198 3125 4266 quoniam
3147 4213 3306 4267 supra
3330 4201 3535 4257 dixerat

1953 4281 2254 4350 simplicem
2299 4286 2755 4353 prepositionem,
2787 4305 2943 4359 quam
2995 4301 3326 4368 κατηγορικήν
3364 4295 3533 4354 Graeci

1954 4370 2172 4438 dicunt,
2226 4389 2327 4430 nos
2382 4376 2781 4444 prredicativam
2830 4381 3170 4450 interpretari
3221 4400 3534 4454 possumus,

1955 4477 2170 4533 semper
2192 4466 2340 4523 verbi
2364 4467 2746 4537 praedicatione
2766 4474 3038 4541 constitui,
3067 4489 3170 4529 non
3195 4485 3372 4531 autem
3396 4492 3534 4532 sem-

1873 4561 1929 4623 υ
1954 4570 2050 4626 per
2078 4558 2296 4615 nomine
2327 4560 2592 4631 subjecto,
2627 4564 2767 4631 quod
2799 4565 3079 4635 aliquoﬁes
3102 4570 3314 4638 quidem
3349 4571 3430 4624 vel
3453 4572 3535 4625 itt-

1958 4646 2163 4703 ﬁnitum
2195 4664 2409 4718 nomen,
2438 4652 2520 4708 vel
2538 4667 2695 4709 casus
2718 4657 2970 4726 nominis,
3005 4659 3088 4714 vel
3118 4662 3277 4715 verba
3301 4662 3534 4730 subjecta

1955 4747 2099 4792 sunt.
2124 4738 2258 4794 Cum
2290 4755 2420 4813 ergo
2449 4742 2778 4799 dictionibus
2820 4747 3149 4817 simplicibus
3177 4753 3427 4806 constitui
3455 4752 3535 4807 die

1954 4839 2102 4884 ceret
2131 4830 2431 4901 simplicem
2486 4835 2813 4903 orationem,
2847 4824 2897 4893 et
2929 4840 3337 4898 afﬁrmat‘onem
3379 4859 3535 4914 nega-

1957 4920 2265 4991 tionemque
2287 4924 2560 4981 orationes
2582 4942 2701 4983 esse
2724 4939 3018 4998 constaret,
3049 4933 3385 4989 manifestum
3415 4934 3534 4994 fecit

1956 5011 2367 5071 afﬁrmationem
2405 5027 2459 5073 et
2507 5022 2841 5091 negationem
2895 5025 3129 5081 dictione
3185 5028 3438 5082 constitui
3482 5036 3534 5087 et

1953 5100 2196 5169 formari,
2224 5104 2296 5160 ita
2328 5109 2538 5178 quidem
2572 5122 2629 5166 ut
2657 5114 3070 5170 alﬁrmationem
3102 5127 3156 5172 et
3193 5118 3531 5188 negationem

1951 5202 2163 5262 semper
2220 5197 2332 5252 sola
2390 5200 2537 5255 verbi
2602 5201 2766 5257 dictio
2820 5204 3143 5274 praedicata,
3200 5221 3305 5261 non
3355 5214 3533 5265 autem

1954 5297 2170 5352 semper
2228 5285 2393 5341 dictio
2452 5291 2687 5346 nominis
2736 5288 2974 5361 sultjeda
3036 5294 3332 5363 perﬁceret.
3404 5294 3533 5357 Cum

1954 5370 2111 5441 igitur
2157 5373 2272 5429 hate
2324 5374 2395 5429 ita
2441 5380 2846 5448 proposuisset,
2882 5396 3023 5437 nunc
3066 5382 3193 5453 quid
3242 5383 3309 5438 sit
3335 5383 3532 5454 dictio,

1952 5474 2071 5528 qua:
2130 5463 2533 5533 prmdicativas,
2595 5468 2645 5523 id
2694 5480 2776 5525 est
2825 5472 3095 5541 simplices
3144 5473 3532 5541 prottositiones

1956 5548 2180 5617 format,
2208 5555 2462 5622 exponit,
2494 5555 2716 5613 dicens:
2753 5558 2959 5615 Nomen
3013 5574 3170 5629 ergo,
3210 5571 3261 5617 et
3314 5562 3532 5622 verbum

1954 5640 2118 5696 dictio
2143 5644 2212 5721 sit
2242 5645 2389 5713 sola,
2417 5647 2561 5717 quod
2600 5649 2719 5704 ideo
2760 5651 2870 5714 ait,
2903 5650 3066 5704 dictio
3103 5652 3170 5705 sit
3214 5653 3356 5717 sola,
3391 5654 3532 5722 quod

1955 5740 2080 5785 sunt
2100 5734 2344 5802 quaedam
2367 5735 2629 5793 dictiones
2649 5738 2809 5794 simul
2834 5739 2996 5794 etiam
3020 5740 3427 5807 al'lirmationes,
3449 5747 3531 5804 vel

1956 5818 2282 5892 imperfecta:
2325 5827 2623 5892 orationes,
2658 5828 2799 5896 quod
2823 5830 2934 5898 jam
2976 5847 3135 5905 supra
3177 5832 3379 5890 dictum
3433 5843 3517 5890 est
