4022 6332
505 322 597 379 451
1727 304 1840 371 AN.
1882 314 2070 372 MANL

2185 315 2285 371 BV.
2329 314 2554 372 ΒΟΕΤΙΙ

3660 314 3767 370 451

504 440 611 494 Cur
651 444 829 493 autem
882 448 1077 491 nomen
1119 442 1177 490 et
1217 433 1438 491 verbum
1486 433 1618 489 sola:
1658 432 1769 488 sint
1812 434 2079 489 dictiones
2109 434 2382 502 Auliquid
2423 433 2487 487 de
2522 434 2722 503 aliqua,
2756 433 2833 489 vel
2859 434 3056 503 aliquid
3096 435 3160 487 ab
3197 432 3389 504 aliqua.
3439 432 3568 487 Hac
3600 442 3771 489 autalt

504 538 781 585 monstrat.
805 527 1064 597 Quoniam
1094 540 1200 581 non
1228 534 1311 581 est
1331 524 1512 582 dicere
1539 525 1616 581 sic
1640 525 1843 595 aliquid
1874 525 2077 595 signifi-

505 630 710 677 cantem
740 634 874 676 voce
910 620 1223 684 enuntiare,
1262 619 1350 674 vel
1379 618 1559 689 aliquo
1589 619 1956 687 interrogante
1991 618 2081 674 vel

504 732 631 781 non,
675 714 770 773 sed
820 715 937 784 ipso
984 712 1312 784 proferente.
1369 712 1569 770 Sensus
1609 712 1913 782 hujusmodi
1960 721 2081 767 est:

505 807 839 864 Enuntiativa
867 806 1166 876 propositio
1190 807 1269 859 his
1302 805 1533 871 maxime
1558 805 1765 860 duobus
1798 805 2079 869 formatur,

504 916 598 972 per
624 901 889 971 propriam
920 909 1166 954 naturam
1192 910 1349 970 atque
1372 899 1745 967 substantiam,
1775 907 1829 954 et
1851 914 1942 968 per
1964 897 2081 968 ejus

504 1008 658 1049 usum
688 1004 847 1064 atque
887 999 1193 1058 tractatum,
1220 1004 1273 1048 et
1306 1001 1493 1047 natura
1524 992 1736 1062 quidem
1767 992 1937 1061 ipsius
1975 1001 2078 1058 est,

505 1097 561 1143 ut
602 1087 654 1143 in
684 1102 745 1143 ea
771 1087 966 1142 veritas
994 1088 1295 1141 inveniatur
1338 1097 1427 1140 aut
1471 1086 1705 1154 falsitas,
1738 1100 1864 1140 usus
1903 1094 2081 1140 autem

503 1193 621 1234 cum
651 1175 851 1248 aliquid
884 1185 975 1231 aut
1022 1177 1403 1246 interrogando
1433 1177 1747 1246 proponitur
1777 1181 1831 1231 et
1860 1189 2081 1245 respon-

502 1269 677 1337 detur,
704 1278 760 1325 ut
786 1278 962 1324 utrum
984 1270 1162 1324 anima
1196 1269 1510 1323 immortalis
1540 1278 1644 1332 est,
1672 1278 1762 1323 aut
1788 1277 1931 1324 certe
1959 1283 2081 1324 eum

501 1363 695 1433 aliquis
723 1377 817 1431 per
846 1378 999 1417 suam
1028 1362 1348 1417 sententiam
1382 1364 1625 1417 enuntiat
1657 1372 1816 1433 atque
1857 1361 2079 1433 profert,

501 1464 559 1509 ut
586 1456 631 1510 si
656 1456 769 1525 quis
795 1456 938 1510 dicat
963 1455 1064 1510 hoc
1087 1456 1258 1525 ipsum
1283 1472 1344 1510 ex
1376 1457 1587 1526 prOpria
1614 1458 1887 1512 voluntate
1904 1457 2080 1510 anima

506 1547 822 1602 immortalis
852 1556 956 1616 est,
989 1548 1128 1603 unde
1179 1548 1420 1602 definitio
1456 1563 1669 1617 quoque
1698 1548 2083 1604 enuntiationis

501 1639 656 1692 ttnius
679 1637 892 1707 quidem
923 1647 1126 1692 naturce
1154 1648 1313 1709 atque
1335 1640 1647 1694 substantia:
1677 1640 1792 1695 talis
1817 1640 2077 1694 redditur.

502 1731 809 1784 Enuntiatio
831 1740 911 1785 est
934 1731 1129 1798 oratio,
1158 1731 1207 1786 in
1232 1747 1333 1801 qua
1363 1747 1549 1788 verum
1580 1734 1843 1789 falsumve
1872 1744 1973 1789 est.
2002 1734 2078 1787 Ex

2187 541 2251 580 ea:
2279 526 2355 580 Itis
2376 529 2685 599 conjuncta,
2711 527 2845 581 velut
2883 528 3044 581 oratio
3071 526 3307 597 quadam
3328 527 3442 597 jam
3470 528 3766 595 composita.

2254 620 2515 687 Quoniam
2554 620 2801 690 superius
2830 620 2899 675 de
2941 620 3058 675 unis
3097 619 3427 675 orationibus
3468 624 3631 689 atque
3657 621 3773 689 plu-

2186 712 2339 767 ribus
2365 712 2520 775 dixit,
2546 720 2602 769 et
2633 728 2789 767 unam
2821 714 3035 783 quidem
3065 713 3269 782 posuit,
3300 728 3419 783 qua:
3443 723 3534 767 aut
3551 714 3775 784 conjun-

2185 806 2367 862 ctione
2407 822 2510 861 una
2541 817 2685 863 esset
2713 810 3002 864 secundum
3035 809 3384 880 prolationem
3407 853 3421 875 ,
3452 818 3545 865 aut
3572 812 3775 881 signiﬁ-

2186 897 2398 952 catione
2446 899 2738 953 secundum
2784 900 3048 970 propriam
3093 910 3354 956 naturam.
3405 900 3594 956 Plures
3644 917 3777 956 vero

2185 1005 2305 1061 qua:
2329 999 2420 1045 aut
2460 992 2837 1062 conjunctione
2870 1001 3147 1060 carerent,
3188 1004 3280 1048 aut
3313 994 3479 1048 multa
3510 993 3777 1064 signiﬁca-

2186 1082 2333 1137 tione
2353 1097 2446 1138 sua
2464 1085 2967 1152 complecterentur,
2991 1086 3349 1155 quoniamque
3366 1085 3508 1140 aliud
3531 1095 3649 1141 erat
3673 1101 3778 1141 una

2186 1174 2376 1236 oratio,
2412 1175 2551 1229 aliud
2588 1172 2831 1245 simplex,
2867 1176 3008 1230 aliud
3039 1176 3365 1245 composita,
3400 1176 3540 1231 aliud
3572 1177 3754 1247 plures

2187 1274 2307 1335 post
2340 1268 2430 1322 illa
2459 1268 2526 1322 ad
2563 1269 2859 1339 simplicem
2892 1270 3346 1341 compositamque
3377 1271 3666 1326 revertitur
3695 1271 3779 1325 di-

2187 1373 2317 1414 cens
2364 1361 2658 1430 simplicem
2715 1377 2835 1416 esse
2879 1362 3175 1417 orationem
3228 1363 3609 1418 enuntiativam
3656 1377 3780 1433 qua

2185 1449 2394 1505 duobus
2416 1453 2658 1506 terminis
2685 1453 3009 1521 continetur,
3036 1468 3263 1523 quorum
3292 1470 3452 1508 unum
3475 1453 3777 1523 subjectum

2187 1552 2287 1607 eat,
2320 1543 2542 1597 alterum
2584 1545 2949 1613 praedicatum.
2984 1545 3134 1611 Quod
3166 1560 3292 1599 vero
3327 1545 3422 1610 ait,
3456 1545 3654 1600 Harum
3685 1561 3781 1600 au-

2191 1641 2319 1701 tem,
2342 1635 2790 1690 enuntiativarum
2818 1637 3019 1692 scilicet
3049 1639 3370 1703 orationum,
3393 1638 3529 1692 dixit
3548 1654 3777 1708 quarum

2190 1724 2305 1779 haec
2332 1726 2545 1795 quidem
2575 1727 2801 1796 simplex
2848 1738 2928 1783 est
2960 1730 3271 1795 enuntiatio,
3300 1738 3355 1785 et
3389 1745 3509 1801 quae
3549 1732 3780 1802 simplex

503 1840 599 1879 usu
632 1840 755 1879 vero
781 1825 898 1894 ejus
938 1836 1098 1896 atque
1129 1837 1355 1883 tractatu
1384 1831 1711 1884 enuntiativa
1765 1834 1939 1886 oratio
1966 1842 2075 1900 est,

2187 1825 2270 1872 est
2302 1818 2629 1885 enuntiatio,
2676 1819 2792 1889 ipse
2822 1821 3097 1892 proposuit
3136 1821 3349 1886 dicens,
3382 1832 3441 1877 ut
3470 1823 3670 1893 aliquid
3712 1824 3781 1880 de

501 1934 657 1987 quam
686 1919 1073 1989 interrogantes
1098 1923 1466 1992 proponimus,
1493 1934 1550 1978 ut
1578 1940 1756 1980 verum
1781 1926 1865 1981 vel
1889 1924 2079 1982 falsum

502 2010 699 2077 aliquid
728 2010 1025 2067 audiamus.
1060 2012 1141 2066 Ex
1178 2023 1359 2070 nostra
1399 2029 1526 2069 vero
1561 2015 1885 2085 prolatione,
1922 2033 2080 2087 quam

505 2113 864 2171 proponentes
912 2103 1110 2174 aliquid
1145 2120 1329 2159 verum
1385 2104 1647 2161 falsumve
1695 2118 2076 2164 monstramus.

501 2195 642 2265 Ergo
662 2211 780 2250 cum
825 2197 1002 2250 omnis
1033 2196 1362 2251 enuntiativa
1390 2196 1562 2251 oratio
1585 2206 1676 2252 aut
1700 2196 1753 2253 in
1786 2198 2082 2271 interroga-

499 2286 643 2339 tione
672 2284 847 2355 pOsita
878 2286 966 2347 sit,
1015 2293 1106 2339 aut
1162 2286 1214 2339 in
1255 2296 1547 2356 spontaneo
1580 2288 1876 2357 prolatione
1897 2330 1909 2353 ,
1943 2297 1995 2342 et
2026 2291 2080 2344 in

499 2383 777 2450 utriusque
806 2379 1192 2436 enuntiationis
1220 2390 1408 2436 natura
1438 2391 1491 2435 et
1520 2381 1818 2438 substantia
1848 2382 1936 2437 illa
1962 2398 2083 2437 ver-

500 2485 668 2539 setur,
693 2483 750 2529 ut
771 2475 883 2529 sive
910 2474 958 2528 in
988 2474 1404 2545 interrogatione
1425 2475 1493 2529 sit
1517 2476 1689 2545 posita
1713 2490 1833 2530 cum
1859 2490 2081 2547 respon-

497 2565 649 2621 sione
702 2567 1022 2636 conjuncta,
1074 2583 1259 2622 verum
1310 2566 1506 2621 habeat
1557 2569 1640 2623 vel
1686 2568 1913 2634 falsum,
1963 2566 2081 2623 sive

501 2669 595 2724 per
624 2672 682 2710 se
706 2658 907 2726 prolata
940 2658 1254 2713 utrumlibet
1277 2658 1538 2725 retineat,
1567 2658 1848 2725 dictiones,
1883 2658 2077 2730 inquit,

503 2745 586 2800 vel
626 2747 731 2802 alio
773 2749 1172 2819 interrogante,
1227 2751 1310 2805 vel
1347 2750 1588 2819 quolibet
1629 2750 1969 2822 proferente,
2027 2760 2083 2806 et

494 2847 685 2909 sponte
736 2839 991 2907 dicente,
1041 2857 1226 2896 verum
1278 2842 1536 2898 falsumve
1590 2857 1695 2899 non
1750 2844 2075 2899 continetur.

492 2934 549 2992 Si
578 2937 720 2991 enim
753 2938 871 3005 quis
899 2936 1037 2991 dicat
1067 2938 1401 3008 interrogans
1424 2984 1437 3006 ,
1464 2937 1783 2993 Socratesne
1810 2937 2079 3007 disputat?

492 3030 625 3083 alius
648 3029 998 3099 reSpondeat,
1035 3030 1297 3098 Disputat,
1331 3032 1429 3085 hoc
1458 3030 1600 3101 quod
1644 3030 1938 3101 respondit,
1968 3030 2079 3086 dis-

493 3131 672 3191 putat,
724 3123 765 3176 si
799 3138 918 3177 eum
962 3131 1071 3176 tota
1122 3122 1537 3194 interrogatione
1574 3124 1863 3194 jungatur,
1903 3132 2080 3194 potest

2185 1908 2363 1980 aliquo
2389 1910 2805 1965 subaudiendum
2836 1922 2917 1968 est
2950 1913 3324 1982 prmdicemus,
3358 1923 3415 1968 ut
3441 1914 3513 1969 sit
3539 1914 3628 1969 hic
3654 1931 3782 1972 sen-

2185 2016 2294 2055 sus.
2343 2001 2540 2056 Harum
2590 2012 2766 2058 autem
2827 2005 3277 2060 enuntiativarum
3334 2006 3635 2061 orationum
3696 2017 3780 2063 est

2185 2093 2410 2160 simplex
2447 2096 2767 2163 enuntiatio,
2800 2096 2844 2151 si
2891 2096 3090 2165 aliquid
3130 2112 3292 2151 unum
3337 2097 3404 2152 de
3449 2113 3557 2154 uno
3598 2099 3780 2168 aliquo

2186 2184 2567 2254 prardicemus,
2621 2189 2748 2241 utsi
2781 2187 2954 2243 dicam
2990 2187 3141 2243 Plato
3182 2182 3445 2260 disputat,
3492 2191 3559 2246 de
3602 2191 3780 2262 aliquo

2184 2275 2403 2332 Platone
2439 2279 2671 2348 aliquid,
2716 2279 2766 2333 id
2812 2290 2895 2335 est
2934 2280 3197 2351 disputat,
3230 2282 3536 2352 praedicavi.
3567 2284 3637 2340 Et
3666 2285 3781 2341 haec

2184 2369 2409 2438 simplex
2443 2380 2524 2425 est
2553 2371 2870 2427 enuntiatio.
2908 2373 3111 2428 Idcirco
3138 2375 3389 2445 quoniam
3420 2376 3633 2432 duobus
3671 2386 3780 2434 ter-

2184 2460 2346 2513 ntinis
2396 2461 2742 2533 partibusque
2779 2462 3139 2536 coniungitur.
3191 2466 3249 2519 Si
3296 2482 3396 2537 qua
3430 2483 3558 2523 vero
3596 2469 3781 2539 plures

2186 2551 2369 2607 habeat
2407 2555 2692 2622 terminos,
2726 2566 2779 2610 et
2806 2557 2921 2625 ejus
2951 2568 3125 2627 partes
3150 2558 3379 2614 duorum
3426 2562 3780 2618 terminorum

2184 2647 2579 2703 multitudinem
2622 2650 2984 2720 egrediantur,
3028 2652 3129 2707 illa:
3159 2656 3471 2723 compositae
3502 2657 3781 2714 orationes

2185 2740 2456 2809 dicuntur,
2486 2752 2537 2795 et
2577 2750 2657 2797 est
2687 2743 2983 2799 enuntiatio
3010 2749 3310 2815 composita
3340 2746 3649 2819 hujusmodi
3683 2767 3698 2803 :
3734 2751 3780 2805 si

2184 2833 2297 2886 dies
2327 2844 2427 2895 est,
2464 2834 2549 2888 lux
2583 2845 2685 2903 est,
2717 2836 2831 2892 dies
2860 2837 3002 2892 enim
3037 2848 3144 2905 est,
3175 2849 3229 2894 et
3256 2840 3345 2895 lux
3374 2848 3475 2895 est.
3506 2842 3635 2897 Duo:
3655 2852 3781 2898 sunt

2185 2926 2455 2995 s-Iinplices
2486 2928 2913 2996 enuntiationes,
2946 2945 3065 3000 qua:
3103 2930 3401 3001 conjuncta:
3438 2948 3599 2988 unam
3632 2949 3782 2990 com-

2185 3018 2409 3085 pisitam
2444 3020 2811 3088 perfecerunt,
2860 3029 3019 3092 atque
3064 3024 3166 3077 hoc
3213 3035 3293 3080 est
3339 3027 3479 3097 quod
3511 3026 3624 3082 ait:
3655 3027 3781 3086 Haec

2186 3122 2387 3178 autem,
2423 3111 2474 3166 id
2507 3123 2584 3168 est
2614 3112 2715 3167 alia
2746 3115 2937 3184 oratio,
2969 3131 3033 3171 ex
3066 3115 3149 3172 his
3176 3116 3490 3189 conjuncta,
3521 3118 3573 3174 id
3604 3128 3688 3175 est
3715 3136 3780 3176 ex

493 3214 689 3269 habere
718 3214 1046 3269 intellectum
1072 3230 1258 3270 verum
1297 3216 1557 3271 falsumve
1583 3215 1931 3289 significantis
1957 3232 2075 3273 ora-

2185 3202 2521 3273 simplicibus
2546 3205 3026 3275 enuntiationibus,
3052 3208 3195 3264 velut
3217 3211 3388 3273 oratio
3403 3210 3651 3281 quaedam
3667 3212 3781 3283 jam

494 3306 673 3359 tionis.
711 3305 807 3361 Sin
836 3321 963 3361 vero
993 3321 1089 3377 per
1132 3322 1191 3362 se
1219 3308 1576 3379 intelligatur,
1605 3308 1875 3381 disputat,
1910 3325 2081 3381 quan-

494 3412 651 3469 quam
685 3397 790 3452 alio
818 3399 1178 3471 interrogante
1210 3402 1565 3472 responderit;
1592 3405 1709 3460 sine
1744 3419 1873 3460 vero
1901 3412 2080 3462 tamen

492 3490 726 3562 falsoque
745 3492 1083 3569 relinquitur.
1108 3494 1368 3552 Similiter
1387 3496 1549 3553 etiam
1575 3499 1621 3555 si
1644 3500 1765 3569 quis
1785 3498 1951 3570 dicat,
1977 3501 2079 3558 So-

488 3591 665 3639 crates
694 3584 777 3641 vel
808 3586 1067 3651 ambulat,
1100 3588 1247 3643 nullo
1277 3589 1663 3662 interrogante,
1690 3591 1783 3647 sed
1816 3593 1930 3663 ipse
1956 3608 2080 3662 pro-

490 3677 685 3744 ferens,
714 3694 811 3735 nec
837 3695 1023 3737 verum
1052 3680 1250 3751 aliquid
1279 3698 1379 3739 nec
1407 3682 1594 3739 falsum
1634 3687 1903 3759 designat.
1937 3686 2078 3755 Ergo

488 3771 648 3825 verba
677 3783 732 3826 et
759 3773 974 3828 nomina
1019 3775 1281 3831 dictiones
1324 3777 1497 3831 solum
1546 3789 1701 3845 sunt,
1740 3780 1992 3848 quoniam
2025 3791 2079 3834 et

490 3862 760 3932 simplices
790 3874 934 3941 sunt.
968 3864 1135 3920 Erant
1160 3867 1304 3921 enim
1326 3868 1446 3922 aliae
1469 3870 1710 3938 quaedam
1737 3872 1998 3926 dictiones
2023 3874 2075 3926 in

494 3954 850 4024 orationibus,
868 3958 1172 4014 nominibus
1186 3958 1467 4029 verbisque
1480 3960 1813 4030 compositis,
1829 3961 1922 4017 sed
1944 3976 2078 4017 non-

487 4046 613 4103 dum
668 4048 915 4117 perfectae
964 4051 1281 4117 sententiae,
1324 4051 1575 4120 quoniam
1628 4067 1804 4124 neque
1850 4068 2073 4122 verum,

486 4154 661 4210 neque
715 4140 942 4209 falsum,
979 4142 1064 4199 vel
1112 4143 1215 4197 alio
1259 4143 1650 4220 interrogante,
1705 4143 1791 4200 vel
1839 4144 2077 4215 quolibet

486 4241 677 4303 sponte
704 4233 1018 4303 proferente
1038 4234 1358 4306 significant.
1389 4235 1558 4292 Erunt
1585 4237 1729 4294 enim
1776 4238 1897 4295 alia:
1928 4253 2076 4310 quae-

487 4324 606 4380 dam
662 4325 923 4384 dictiones
976 4344 1095 4401 qua:
1150 4330 1255 4384 alio
1308 4329 1671 4403 interrogante
1720 4342 1777 4390 et
1831 4333 2075 4405 quolibet

486 4406 678 4491 sponte
706 4420 1015 4491 proferente
1056 4439 1239 4480 verum
1267 4407 1533 4481 falsumve
1559 4425 1876 4494 retinerent,
1907 4428 1959 4482 in
1991 4427 2075 4483 his

486 4513 690 4567 scilicet
719 4512 839 4568 dua:
868 4522 1024 4571 erant
1046 4515 1436 4572 affirmationes
1458 4525 1552 4572 aut
1575 4517 1906 4588 negationes.
1930 4519 2075 4587 Quo-

2186 3298 2479 3367 composita
2526 3309 2641 3367 est,
2686 3300 2799 3355 haec
2844 3300 2989 3359 enim
3033 3316 3142 3356 non
3186 3301 3416 3373 simplex
3461 3314 3546 3360 est
3582 3306 3780 3363 oratio.

2185 3387 2424 3464 Simplex
2469 3392 2611 3448 enim
2660 3394 2833 3451 oratio
2859 3395 3003 3450 solas
3050 3395 3311 3452 dictiones
3354 3397 3485 3452 duas
3526 3398 3689 3456 habet
3727 3399 3782 3456 in

2186 3471 2457 3551 pentibus,
2485 3484 2784 3555 composita
2818 3500 2947 3541 vero
2976 3486 3137 3542 etiam
3163 3487 3471 3555 orationes,
3498 3489 3636 3545 sicut
3666 3491 3782 3547 haec

2184 3588 2344 3643 quam
2375 3589 2536 3646 supra
2567 3576 2742 3645 posui.
2774 3576 2870 3633 Est
2900 3592 3028 3649 ergo
3056 3578 3142 3634 hic
3170 3579 3303 3635 ordo
3326 3595 3483 3651 quem
3505 3580 3626 3651 ipse
3651 3595 3782 3638 con-

2184 3663 2356 3732 fudit,
2395 3665 2543 3736 prius
2583 3669 2725 3723 enim
2766 3668 2832 3723 de
2861 3668 3220 3727 affirmatione
3245 3681 3297 3727 et
3328 3672 3631 3743 negatione,
3660 3688 3781 3745 qua:

2186 3757 2353 3824 prima
2394 3769 2572 3825 esset,
2615 3776 2732 3829 qua:
2792 3761 3077 3830 posterior,
3126 3762 3423 3831 expedivit.
3462 3764 3669 3823 Dehinc
3713 3768 3781 3825 de

2184 3849 2305 3902 unis
2336 3848 2697 3915 orationibus,
2739 3866 2793 3907 et
2831 3852 2898 3908 de
2939 3853 3178 3924 pluribus
3207 3855 3370 3920 dixit,
3410 3868 3687 3927 postremo
3713 3861 3780 3917 de

2184 3939 2520 4007 simplicibus
2558 3948 2720 4012 atque
2748 3944 3077 4014 compositis.
3116 3934 3225 4002 Sed
3252 3949 3499 4017 quoniam
3532 3953 3780 4021 qumdam

2186 4027 2238 4083 in
2286 4030 2464 4085 medio
2501 4033 2844 4100 permiscuit,
2894 4050 2958 4091 ea
2997 4037 3265 4107 paululum
3297 4039 3604 4098 differentes
3635 4043 3780 4101 dire-

2183 4126 2323 4173 ctam
2357 4120 2639 4175 sententia:
2677 4122 2873 4178 serietn
2918 4124 3376 4195 continuavimus,
3410 4129 3624 4200 longum
3659 4133 3780 4188 Ari-

2182 4212 2397 4268 stotelis
2423 4211 2758 4285 hyperbaton
2787 4218 3015 4287 partium
3045 4217 3419 4289 conjunctione
3450 4223 3774 4292 recidentes,

2187 4319 2362 4375 neque
2390 4305 2532 4361 enim
2576 4306 2755 4362 simile
2782 4307 2992 4363 videtur
3029 4309 3175 4380 quod
3203 4312 3296 4366 ait.
3341 4312 3433 4367 Est
3460 4324 3641 4369 autem
3676 4332 3780 4372 una

2185 4400 2353 4468 prima
2396 4400 2568 4455 oratio
2598 4401 2925 4467 enuntiativa
2953 4401 3268 4470 affirmatio,
3302 4405 3492 4461 deinde
3529 4410 3777 4479 negatio,

2183 4491 2300 4545 alim
2337 4508 2465 4548 vero
2496 4493 2875 4565 conjunctione
2921 4510 3076 4563 unae,
3123 4508 3178 4553 et
3220 4513 3409 4555 rursus
3449 4514 3570 4555 cum
3600 4501 3777 4557 dicit:

486 4602 623 4658 mea
657 4619 844 4659 sensus
892 4605 1193 4677 hujusmodi
1244 4617 1347 4664 est.
1378 4607 1523 4664 Ordo
1564 4587 1743 4665 autem
1791 4610 2074 4666 verborum
2099 4592 2155 4654 ι)
2187 4587 2411 4677 Estuna
2439 4591 2613 4645 oratio
2640 4589 2969 4647 enuntiativa
3009 4607 3128 4663 quae
3162 4608 3325 4649 unum
3362 4592 3661 4665 significat,
3696 4595 3778 4651 vel

485 4693 562 4748 sic
595 4708 651 4748 se
682 4693 838 4749 habet
867 4715 876 4747 :
914 4695 1117 4752 Nomen
1149 4711 1283 4769 ergo
1312 4706 1365 4753 et
1397 4698 1620 4754 verbum
1648 4697 1808 4755 dictto
1834 4699 1899 4756 sit
1932 4700 2066 4770 sola,

486 4786 740 4857 quoniam
772 4803 876 4869 non
912 4804 1196 4860 possumus
1226 4790 1409 4848 dicere
1433 4791 1825 4863 significantem
1867 4795 2070 4865 aliquid

480 4880 556 4934 sic
585 4895 735 4945 voce,
763 4880 812 4935 id
837 4891 919 4936 est
946 4884 1109 4939 verbo
1127 4884 1208 4940 vel
1231 4886 1448 4942 nomine
1464 4888 1766 4943 enuntiare.
1787 4886 1902 4944 Non
1923 4888 2069 4945 enim

480 4986 763 5042 possumus
794 4973 974 5032 dicere
1006 4976 1258 5046 quoniam
1282 4979 1522 5051 quisquis
1543 4981 1714 5036 verbo
1739 4981 1821 5037 vel
1851 4983 2071 5039 nomine

478 5062 740 5132 significat
778 5064 975 5135 aliquid
1000 5108 1013 5131 ,
1067 5067 1153 5121 ille
1202 5070 1478 5134 enuntiat,
1509 5071 1589 5125 vel
1621 5070 1799 5141 aliquo
1840 5073 2068 5129 interro-

477 5163 656 5225 gante,
686 5156 768 5211 vel
802 5171 929 5221 non,
962 5158 1054 5212 sed
1108 5160 1220 5229 ipso
1255 5160 1560 5229 proferente
1581 5208 1596 5231 ,
1631 5172 1881 5234 tanquam
1911 5166 1957 5219 si
1985 5168 2065 5222 sic

478 5244 705 5312 diceret,
745 5246 905 5302 verba
943 5248 1055 5318 ipsa
1078 5261 1145 5303 et
1177 5251 1389 5305 nomina
1419 5252 1682 5310 dictiones
1723 5255 1857 5310 solre
1893 5266 2059 5325 sunt,

476 5337 725 5409 quoniam
748 5340 927 5407 verbis
954 5350 1006 5394 et
1030 5343 1333 5398 nominibus
1363 5345 1752 5414 signiﬁcantem
1789 5347 2060 5405 hominem

475 5430 670 5500 aliquid
702 5446 806 5487 non
832 5447 1116 5502 pessumus
1139 5435 1336 5500 dicere.
1365 5437 1618 5507 quoniam
1640 5440 1885 5495 enuntiat
1905 5440 2063 5511 quid-

475 5537 635 5592 quam
667 5524 780 5579 sive
806 5539 925 5579 cum
956 5526 1146 5595 aliquis
1191 5527 1515 5598 interroget,
1550 5530 1661 5585 sive
1710 5532 1826 5601 ipse
1869 5542 2062 5601 sponte

479 5616 713 5683 proferat
739 5618 1035 5687 simplicem
1073 5619 1381 5674 dictionem.
1434 5621 1728 5678 Enuntiare
1772 5633 2063 5681 autem-est

476 5709 768 5763 orationem
790 5708 970 5766 dicere
996 5727 1111 5780 qua:
1143 5726 1327 5766 verum
1360 5711 1620 5767 falsumvc
1647 5716 1911 5785 designat.

546 5797 745 5855 Harum
774 5808 962 5870 autem,
993 5803 1099 5857 lucc
1119 5805 1160 5858 si
1188 5825 1195 5836 ν
1218 5804 1271 5873 pl
1280 5818 1337 5859 rx
1358 5805 1564 5876 quidem
1585 5815 1658 5862 est
1678 5810 1977 5879 enuntiatio,
2005 5818 2060 5865 ut

2181 4676 2563 4749 conjunctione
2605 4695 2729 4735 una.
2776 4680 2963 4737 Plures
2999 4690 3178 4739 autem
3218 4700 3335 4755 quae
3367 4684 3550 4756 plura,
3583 4696 3639 4742 et
3673 4703 3778 4743 non

2183 4784 2367 4834 unum,
2394 4770 2475 4823 vel
2502 4771 2880 4840 inconjunctag
2907 4773 2992 4828 vel
3015 4789 3134 4829 cum
3164 4790 3349 4831 rursus
3373 4777 3539 4837 addit.
3573 4780 3777 4835 Harum

2179 4867 2360 4914 autem
2393 4859 2508 4916 hmo
2536 4862 2763 4933 simplex
2792 4863 3007 4934 quidem
3030 4872 3114 4920 est
3137 4866 3459 4934 enuntiatio,
3489 4877 3544 4922 ut
3573 4869 3777 4940 aliquid

2178 4951 2245 5004 de
2284 4949 2498 5020 aliquo,
2529 4952 2612 5006 vel
2646 4953 2844 5024 aliquid
2881 4954 2949 5009 ab
2988 4955 3189 5026 aliquo.
3223 4957 3347 5013 llaec
3375 4967 3553 5015 autem
3594 4977 3661 5015 ex
3696 4962 3777 5017 his

2180 5041 2466 5111 eoojuncta
2498 5043 2642 5098 velut
2678 5045 2850 5099 oratio
2880 5047 3124 5115 quaedam
3159 5048 3268 5116 jatn
3313 5051 3630 5119 composita.
3668 5052 3776 5108 Sed

2180 5133 2307 5186 illud
2338 5133 2553 5203 quidem
2586 5135 2724 5205 quod
2757 5136 2903 5204 prius
2931 5136 3098 5204 dixit,
3127 5148 3211 5193 est
3239 5148 3414 5194 autem
3458 5155 3561 5193 una
3605 5144 3775 5208 prima

2181 5224 2355 5278 oratio
2382 5224 2707 5280 enuntiativa
2741 5226 3054 5294 afﬁrmatio,
3087 5230 3279 5286 deinde
3312 5234 3543 5302 negatio,
3574 5232 3641 5287 ad
3676 5234 3777 5289 hoc

2180 5316 2482 5384 retulit,ut
2524 5319 2758 5389 priorem
2802 5320 3212 5379 affirmationem
3261 5340 3384 5381 esse
3414 5335 3772 5393 monstraret,

2180 5415 2531 5485 posteriorem
2562 5432 2690 5473 vero
2720 5420 3085 5489 negationem;
3118 5423 3191 5478 ait
3216 5423 3359 5479 enim
3389 5424 3587 5481 deinde
3614 5443 3776 5499 nega-

2182 5515 2278 5583 tio,
2306 5517 2446 5573 unde
2466 5519 2607 5589 quod
2630 5521 2703 5574 ait
2729 5522 2898 5591 prima
2926 5525 2990 5580 ad
3019 5525 3432 5583 affirmationem
3465 5529 3773 5597 ponendum

2176 5626 2281 5685 est,
2313 5619 2455 5689 quod
2487 5634 2615 5676 vero
2639 5633 2857 5679 secutus
2879 5635 2961 5681 est
2988 5628 3149 5697 paulo
3171 5638 3312 5699 post.
3343 5630 3435 5684 Est
3460 5637 3638 5685 autem
3669 5644 3772 5685 una

2174 5719 2351 5775 oratio
2378 5721 2706 5777 enuntiativa
2740 5741 2859 5792 qiue
2889 5743 3051 5783 unum
3085 5730 3381 5800 significat,
3421 5732 3504 5785 vel
3536 5730 3772 5802 conjun-

2168 5818 2357 5875 ctione
2387 5833 2510 5875 una.
2542 5818 2736 5881 Plures
2772 5832 2984 5896 autem,
3012 5842 3135 5899 qum
3164 5828 3351 5900 plura,
3384 5836 3439 5888 et
3471 5844 3574 5889 non
3604 5843 3773 5889 unum
