3982 6334
189 266 301 324 455
932 270 999 327 ΙΝ
1035 271 1288 331 LIBRUM
1328 276 1417 332 DE
1455 261 2103 330 INTERPRETATIONE
2146 259 2374 316 EDITIO
2410 254 2747 317 SECUNDA.
3362 259 3469 319 454

182 384 273 440 vel
305 382 685 454 inconjunctae,
712 385 779 441 ad
806 385 907 443 hoc
926 388 1130 458 retulit,
1161 398 1220 445 ut
1246 390 1463 446 doceret
1492 403 1623 459 quas
1650 402 1743 442 una

1848 416 1862 444 ι
1888 386 2139 447 tanquam
2168 374 2215 430 si
2243 375 2529 439 diceretur,
2576 388 2683 429 non
2711 372 2890 428 omnia
2928 373 3227 429 enuntiatio
3267 374 3468 445 signiﬁ.

182 488 312 530 esse
341 474 612 530 orationes
650 477 829 545 putari
864 488 1166 547 oporteret,
1207 481 1499 551 expediens
1540 489 1634 536 aut
1659 497 1743 552 qu:

1881 478 1988 535 eat,
2021 468 2115 524 sed
2144 481 2268 524 esse
2290 466 2488 538 aliquid
2518 474 2610 521 aut
2637 482 2746 522 non
2773 480 2913 521 esse.
2948 465 3043 523 Est
3067 482 3196 538 ergo
3223 471 3467 523 enuntia-

182 582 352 621 unum
381 566 769 637 signiﬁcarent,
798 577 890 624 aut
916 585 1048 641 quas
1069 572 1373 641 conjunctio
1396 589 1529 628 unas
1556 575 1771 631 faceret.

178 658 249 713 Et
278 673 412 727 quas
442 658 655 727 plures,
686 668 781 714 aut
804 674 923 731 qua:
952 664 1117 718 multa
1146 665 1199 719 in
1224 665 1610 736 signiﬁcatione
1638 669 1771 724 reti-

176 761 374 807 nerent
394 793 408 817 ,
437 761 529 806 aut
558 767 782 822 quarum
812 768 1007 825 corpus
1047 757 1188 811 nulla
1219 767 1363 813 esset
1394 759 1773 831 conjunctione

174 846 559 915 compositum.
607 845 759 913 Quod
793 862 924 903 vero
971 860 1242 920 postremo
1288 852 1523 923 addidit,
1574 855 1768 912 llarum

172 945 381 1003 autem,
414 938 530 993 hac
552 939 768 1008 quidem
789 940 1017 1011 simplex
1043 952 1123 998 est
1147 945 1463 1013 enuntiatio,
1489 956 1546 1001 ut
1571 947 1767 1019 aliquid

170 1028 245 1083 de
273 1029 483 1100 aliquo,
517 1030 602 1085 vel
646 1031 845 1101 aliquid
873 1034 941 1088 ab
968 1035 1168 1106 aliquo.
1208 1037 1333 1092 Haec
1372 1047 1549 1094 autem
1590 1055 1653 1095 ex
1686 1042 1768 1097 his

172 1118 496 1188 conjuncta,
538 1123 683 1176 velut
719 1123 893 1179 oratio
918 1125 1162 1195 quaedam
1192 1127 1299 1196 jam
1339 1133 1629 1199 composita
1651 1174 1666 1197 ,
1698 1132 1764 1186 ad

171 1211 451 1281 simplices
480 1214 751 1271 orationes
789 1216 1001 1283 retulit,
1042 1225 1203 1289 atque
1232 1224 1576 1290 compositas.
1625 1224 1767 1280 Sim-

171 1304 340 1373 plices
364 1305 550 1361 dicens
579 1307 789 1363 duobus
812 1310 941 1364 solis
968 1312 1208 1367 terminis
1232 1314 1465 1384 junctas,
1496 1319 1765 1387 composi-

170 1403 275 1462 tas,
307 1411 425 1466 qua:
452 1412 517 1453 ex
545 1398 878 1469 simplicibus
907 1404 1238 1460 orationibus
1265 1409 1610 1465 enuntiativis
1635 1426 1761 1466 con-

170 1486 538 1559 jungerentur,
580 1499 641 1545 ut
667 1492 737 1546 sit
774 1502 921 1550 totus
955 1496 1088 1551 ordo
1117 1497 1216 1553 hoc
1249 1501 1427 1555 modo.
1464 1503 1554 1557 Est
1582 1513 1758 1561 autem

168 1592 273 1636 una
302 1583 472 1653 prima
503 1586 674 1640 oratio
694 1588 1026 1644 enuntiativa
1046 1589 1353 1659 afﬁrmatio,
1379 1594 1572 1651 deinde
1598 1613 1757 1669 nega-

168 1675 280 1742 tio,
312 1686 366 1731 et
390 1692 576 1733 rursus
607 1678 926 1737 intermissis
955 1699 1075 1753 qua:
1111 1695 1423 1755 sequuntur,
1456 1689 1554 1745 hoc
1584 1693 1753 1763 subji-

1880 566 1958 619 tio
1980 564 2205 635 simplex
2234 578 2337 619 vox
2376 562 2725 633 signiﬁcativa
2757 563 2824 617 de
2852 577 2919 617 eo
2946 564 3088 633 quod
3111 574 3195 618 est
3219 578 3342 619 esse
3367 564 3466 618 alia

1880 659 2032 730 quid,
2065 660 2149 715 vel
2175 673 2280 713 non
2308 672 2448 724 esse,
2480 658 2529 711 id
2551 664 2635 712 est
2658 658 2833 712 omnis
2855 656 3170 726 enuntiatio,
3199 667 3293 714 aut
3317 658 3463 714 afﬁr~

1877 754 2072 820 matio,
2121 762 2213 808 aut
2251 754 2463 823 negatio
2491 763 2601 816 est,
2635 767 2756 808 esse
2782 753 2924 809 enim
2964 755 3115 823 ponit
3138 752 3461 822 afﬁrmatio,
3502 764 3507 767 ‘

1875 860 1981 900 non
2006 860 2126 901 esse
2157 845 2399 916 negatio;
2432 845 2527 899 sed
2556 855 2751 914 quanta
2781 845 3159 902 difﬁnitionem
3198 846 3462 904 brevitate

1873 938 2222 1002 constrinxit,
2254 935 2472 1007 quidam
2505 949 2610 991 non
2645 936 2887 993 videntes
2928 937 2980 992 in
3027 954 3267 995 errorem
3310 939 3460 994 stoli-

1870 1028 1996 1083 dum
2037 1029 2281 1084 falsitatis
2320 1027 2536 1083 abducti
2566 1035 2723 1082 sunt:
2754 1030 3086 1085 contendunt
3125 1031 3286 1101 igitur
3313 1031 3456 1087 afﬁr-

1871 1121 2123 1176 mationis
2146 1130 2200 1176 et
2224 1120 2525 1191 negationis
2548 1134 2654 1173 non
2675 1132 2795 1175 esse
2819 1122 3238 1178 enuntiationem
3263 1138 3453 1193 genus.

1869 1214 1999 1269 Nam
2032 1216 2077 1269 si
2102 1215 2239 1282 haec,
2264 1215 2459 1283 inquit,
2481 1213 2727 1269 difﬁnitio
2749 1222 2832 1268 est
2856 1216 3256 1282 enuntiationis,
3279 1218 3454 1272 omnis

1866 1314 1956 1359 aut
1980 1306 2191 1374 generis
2221 1305 2472 1361 difﬁnitio
2501 1307 2731 1376 propriis
2750 1306 3033 1376 speciebus
3057 1310 3453 1365 accommodari

1868 1405 2047 1465 p0test
2085 1398 2266 1469 (omne
2295 1398 2441 1454 enim
2471 1412 2640 1469 genus
2669 1399 2895 1454 univoce
2919 1399 2986 1454 de
3015 1399 3300 1469 speciebus
3328 1390 3453 1470 pro-4

1862 1489 1995 1558 priis
2026 1489 2403 1562 praedicatur),
2430 1491 2651 1546 dubium
2682 1480 2788 1546 non
2818 1499 2898 1546 est
2938 1491 3065 1561 quin
3099 1493 3212 1547 haec
3238 1507 3452 1563 quoque

1860 1579 2115 1635 difﬁnitio
2141 1582 2550 1648 enuntiationis,
2582 1583 2626 1636 si
2656 1581 2952 1638 enuntiatio
2979 1595 3147 1652 genus
3173 1589 3273 1649 est,
3304 1583 3452 1639 atﬁr-

1858 1672 2078 1726 mationi
2108 1672 2485 1743 negationique
2510 1674 2816 1740 conveniat,
2832 1673 2876 1728 si
2901 1684 3079 1729 tamen
3102 1673 3221 1744 ejus
3243 1675 3449 1745 species

167 1767 363 1822 ciatur.
390 1769 483 1824 Est
511 1781 686 1825 autem
721 1787 822 1827 una
850 1777 1022 1829 oratio
1054 1780 1378 1833 enuntiativa
1398 1821 1413 1846 ,
1445 1798 1562 1852 quae
1592 1761 1751 1840 unum
1785 1787 1832 1849 B
1858 1761 1974 1816 “mc
2000 1772 2158 1828 sum;
2191 1764 2285 1818 sed
2313 1765 2432 1833 quis
2462 1779 2691 1836 “nquam
2727 1765 2923 1821 dium
2950 1765 3286 1821 ³ί⁶¹¹¹¹³¹ίθηί
3313 1781 3446 1823 ⁶⁰¹¹⁶

165 1861 461 1931 significat,
498 1868 575 1918 vel
605 1866 983 1937 conjunctione
1012 1887 1133 1924 una.
1170 1872 1365 1929 Plures
1391 1885 1566 1931 autem
1589 1920 1603 1943 ,
1633 1895 1753 1948 qua:

167 1953 338 2023 plura,
375 1965 428 2011 et
458 1973 562 2011 non
593 1975 775 2025 unum,
808 1962 892 2015 vel
922 1962 1299 2033 inconjuncttc,
1332 1978 1384 2021 et
1409 1978 1529 2035 post
1551 1970 1648 2025 hoc
1673 1972 1753 2027 iu-

167 2046 429 2101 tcrmissis
458 2064 670 2119 quoque
699 2055 1077 2121 sequentibus,
1126 2057 1228 2112 hoc
1254 2069 1526 2128 sequatur,
1562 2063 1748 2119 harum

166 2146 341 2192 autem
375 2138 492 2194 haec
521 2142 734 2210 quidem
760 2153 843 2198 est
869 2146 1093 2214 simplex
1124 2148 1439 2218 enuntiatio,
1471 2163 1527 2208 ut
1550 2155 1748 2226 aliquid

165 2228 237 2283 de
262 2230 441 2300 aliquo
471 2231 555 2287 vel
594 2234 793 2304 aliquid
835 2237 904 2292 ab
944 2237 1151 2308 aliquo,
1198 2244 1313 2299 haec
1350 2254 1525 2301 autem
1558 2263 1622 2304 ex
1664 2249 1750 2307 his

166 2321 482 2389 conjuncta,
539 2326 683 2380 velut
729 2330 903 2383 oratio
960 2333 1202 2401 quaedam
1247 2334 1358 2406 jam
1418 2343 1744 2411 composita,

164 2419 413 2482 tanquam
441 2415 485 2469 si
520 2416 598 2472 sic
626 2418 832 2475 diceret
853 2422 1060 2495 :Prima
1093 2426 1309 2497 quidem
1339 2430 1480 2487 inter
1503 2437 1749 2492 enuntia-

160 2505 335 2564 tiones
356 2509 559 2580 oratio,
603 2512 922 2571 afﬁrmativa
968 2528 1084 2584 est,
1134 2528 1365 2578 secunda
1415 2542 1543 2584 vero
1588 2546 1747 2603 nega-

160 2598 259 2667 tio,
287 2600 706 2660 afltrmationum
737 2618 913 2663 autem
941 2619 996 2665 et
1024 2614 1399 2685 negationum,
1445 2637 1544 2675 una
1574 2598 1746 2681 oratio

161 2697 272 2757 est,
299 2706 420 2760 quae
447 2709 611 2749 unum
637 2695 938 2768 signiﬁcat,
974 2702 1058 2757 vel
1089 2720 1206 2773 qua:
1234 2709 1613 2779 conjunctione
1641 2732 1744 2772 una

161 2791 262 2839 cst.
293 2785 565 2856 Multiplex
608 2802 785 2847 autem
819 2795 905 2850 vel
946 2798 1099 2868 cujus
1140 2810 1323 2870 partes
1366 2806 1745 2878 conjunctione

161 2875 493 2944 copulantur,
524 2895 642 2949 qua:
685 2884 848 2939 multa
894 2887 1189 2962 signiﬁcat,
1237 2896 1320 2951 vel
1358 2875 1482 2967 qutc
1519 2902 1744 2975 conjun-

160 2969 340 3026 ctione
367 2988 471 3026 non
494 2974 751 3045 jungitur.
785 2978 982 3037 Harum
1008 3001 1220 3057 quoque
1248 2991 1479 3061 simplex
1496 3007 1601 3064 est,
1620 2969 1743 3070 quas

156 3061 365 3118 duobus
390 3067 631 3125 terminis
656 3083 887 3141 constat,
919 3085 975 3131 ut
996 3078 1194 3149 aliquid
1220 3082 1287 3138 de
1308 3084 1510 3156 aliquo,
1541 3061 1620 3145 vel
1640 3061 1743 3147 ali-

156 3158 281 3255 quid
308 3159 375 3212 ab
402 3161 609 3231 aliqua;
638 3165 741 3220 alia
773 3183 907 3224 vero
928 3175 1223 3243 composita
1248 3218 1261 3241 ,
1292 3192 1411 3249 qum
1438 3197 1502 3236 ex
1534 3182 1743 3255 simpli-
1765 3179 1814 3243 C

158 3249 307 3305 cibus
331 3253 775 3313 afﬁrmationibus
798 3260 1057 3330 jungitur.
1086 3265 1237 3332 Quod
1269 3279 1450 3325 autem
1480 3273 1608 3328 dicit
1637 3249 1737 3330 ali-

160 3341 281 3408 quid
312 3342 378 3395 de
405 3345 603 3414 aliquo,
637 3349 725 3402 vel
766 3350 967 3419 aliquid
997 3355 1064 3407 ab
1092 3355 1301 3427 aliquo,
1337 3361 1441 3417 tale
1477 3373 1558 3419 est
1584 3381 1599 3420 :
1629 3367 1740 3421 Ali-

157 3430 281 3499 quid
307 3433 447 3487 enitn
476 3433 545 3491 de
574 3436 751 3506 aliquo
778 3440 1189 3501 aiﬁrmationem
1221 3450 1504 3520 signiﬁcat,
1540 3467 1595 3512 ut
1617 3474 1738 3515 cum

156 3520 295 3616 dico,
320 3524 568 3582 Socrates
598 3528 855 3599 disputat,
880 3532 949 3588 de
976 3535 1155 3607 aliquo
1183 3538 1405 3598 Socrate
1430 3545 1652 3616 aliquid,
1688 3549 1739 3604 id

155 3622 237 3665 cst
264 3613 529 3683 disputat,
573 3621 890 3689 praedicavi,
928 3638 979 3681 et
1021 3627 1076 3681 ﬁt
1108 3630 1413 3688 afﬁrmatio.
1459 3613 1536 3693 Si-
1559 3613 1738 3695 autem

153 3704 291 3771 dico,
318 3707 568 3765 Socrates
598 3728 703 3765 non
732 3713 985 3784 disputat,
1013 3736 1041 3772 a
1075 3720 1296 3779 Socrate
1321 3724 1739 3796 disputationem

154 3799 380 3867 sejunxi,
403 3812 457 3856 et
480 3802 547 3856 ab
570 3818 633 3857 eo
657 3805 872 3871 abstuli,
896 3809 1063 3865 ethoc
1088 3823 1168 3866 est
1194 3817 1424 3885 negatio.
1441 3820 1740 3877 Afﬁrmatio

152 3890 294 3944 enim
323 3892 389 3947 de
420 3893 520 3947 alia
554 3910 611 3949 re
648 3897 806 3951 aliam
853 3915 968 3956 rem
1012 3904 1264 3972 praedicat
1314 3909 1468 3979 eique
1514 3912 1742 3983 conjun-

150 3982 246 4051 git.
278 3983 499 4055 Negatio
531 4003 659 4043 vero
682 4005 713 4043 a
735 3992 967 4062 qualibet
1000 4010 1060 4050 re
1084 3998 1379 4067 quamlibet
1404 4016 1517 4057 rem
1547 3982 1741 4073 prtcdi-

147 4077 327 4130 eando
359 4078 511 4145 tollit,
542 4096 669 4150 ergo
691 4080 792 4138 hoc
822 4085 963 4154 quod
994 4088 1086 4153 ait,
1119 4090 1315 4160 aliquid
1340 4092 1407 4148 de
1438 4109 1563 4164 quo,
1594 4097 1739 4151 afﬁr-

145 4167 448 4259 mationem
479 4170 771 4240 simplicem
819 4176 1166 4246 signiﬁcavit,
1202 4185 1343 4254 quod
1381 4186 1509 4241 dicit
1537 4187 1737 4259 aliquid

144 4257 225 4312 ab
251 4258 449 4330 aliquo,
486 4263 777 4334 simplicem
808 4272 1170 4339 negationem.

223 4348 319 4405 Est
343 4363 512 4407 autem
540 4357 756 4425 simplex
781 4362 1064 4416 enuntiatio
1092 4380 1190 4418 νοτ
1215 4366 1552 4439 signiﬁcation
1580 4372 1643 4425 de
1677 4389 1736 4426 eo

144 4443 285 4511 Quod
313 4454 385 4499 est
419 4446 650 4518 aliquid,
684 4454 758 4506 vet
797 4469 897 4507 non
927 4464 1018 4522 est,
1052 4459 1475 4526 quemadmodum
1507 4474 1733 4535 tempora

1856 1856 2040 1911 venire
2077 1857 2215 1911 hanc
2253 1856 2630 1913 difﬁnitionem
2674 1874 2793 1928 qua:
2838 1868 2924 1914 est
2949 1872 3055 1913 vox
3093 1859 3445 1930 signiﬁcativa

1855 1948 1922 2002 de
1955 1963 2021 2003 eo
2059 1950 2201 2019 quod
2243 1959 2346 2017 est,
2391 1951 2587 2021 aliquid
2625 1965 2775 2018 esse,
2813 1952 2894 2007 vel
2934 1966 3040 2007 non
3080 1954 3235 2009 esse?
3262 1952 3445 2025 Neque

1852 2041 1995 2096 enim
2028 2041 2144 2096 ﬁeri
2180 2051 2355 2113 potest
2406 2051 2463 2096 ut
2499 2042 2784 2098 afﬁrmatio
2816 2047 2918 2098 ‘vox
2965 2044 3312 2115 signiﬁcativa
3341 2045 3441 2111 sit,

1848 2135 1919 2191 de
1948 2150 2012 2191 eo
2047 2137 2187 2207 quod
2217 2147 2303 2193 est
2328 2152 2482 2203 esse,
2514 2138 2595 2193 vel
2626 2153 2733 2193 non
2760 2154 2911 2205 esse,
2940 2140 3033 2196 sed
3064 2148 3264 2196 tantum
3287 2142 3355 2195 de
3375 2155 3442 2198 eo

1851 2229 1992 2300 quod
2016 2239 2095 2288 est
2120 2245 2261 2296 esse,
2287 2232 2707 2303 negatio-rursus
2730 2247 2835 2287 non
2860 2233 2926 2288 de
2942 2247 3008 2289 eo
3027 2233 3168 2304 quod
3193 2243 3274 2290 est
3295 2248 3438 2304 esse,

1853 2332 1907 2377 et
1935 2323 2003 2378 de
2030 2339 2096 2379 eo
2124 2324 2265 2395 quod
2292 2334 2376 2381 est
2406 2342 2511 2380 non
2539 2341 2680 2395 esse,
2714 2327 2808 2382 sed
2833 2334 3036 2382 tantum
3064 2327 3133 2383 de
3160 2342 3267 2383 non
3295 2342 3435 2395 esse,

1852 2430 2121 2485 nunquam
2152 2419 2313 2473 etiam
2351 2419 2418 2475 de
2451 2433 2589 2476 esse.
2635 2419 2895 2475 lnterimit
2926 2423 3069 2476 enim
3098 2436 3311 2491 semper
3338 2436 3435 2477 ne-

1849 2512 2013 2577 gatio,
2041 2510 2216 2581 jungit
2242 2522 2401 2583 atque
2429 2513 2708 2567 constituit
2728 2513 3032 2569 afﬁrmatio.
3058 2514 3236 2581 Quare
3256 2516 3297 2569 si
3323 2514 3436 2572 hac

1850 2600 2099 2658 difﬁnitio
2122 2603 2505 2660 enuntiationis
2536 2605 2598 2658 ad
2628 2602 3040 2659 afﬁrmationem
3076 2606 3434 2673 negationem-

1850 2707 1954 2762 que
1986 2709 2092 2747 non
2118 2702 2293 2764 potest
2317 2695 2619 2765 praedicari,
2647 2694 2933 2749 affirmatio
2955 2705 3008 2750 et
3038 2707 3248 2765 negato
3269 2712 3434 2751 ρηιιη.

1854 2784 2087 2840 tiationis
2119 2788 2326 2849 species
2357 2778 2461 2841 rion
2491 2795 2635 2853 sunt,
2667 2786 2756 2856 qui
2786 2787 2914 2841 mihi
2946 2786 3166 2841 nimium
3192 2788 3436 2845 videntut:

1849 2889 2051 2944 errare,
2084 2879 2239 2948 quasi
2268 2892 2397 2934 vero
2432 2879 2719 2949 quidquam
2753 2887 2893 2932 vetet
2921 2890 3178 2947 utrasque
3201 2877 3434 2931 atﬁrma-

1852 2971 2053 3027 tioan
2080 2980 2136 3027 et
2171 2973 2504 3042 negationem
2546 2971 2706 3026 simul
2739 2972 2927 3025 eadem
2962 2969 3285 3027 difﬁnitione
3305 2986 3434 3027 eon-

1847 3060 2086 3116 cluilere.
2132 3062 2359 3117 Possum
2394 3064 2537 3116 enim
2562 3064 2742 3117 dicere
2776 3080 2789 3115 :
2818 3061 3106 3118 afﬁrmatio
3142 3072 3199 3118 et
3224 3064 3434 3133 negatio

1845 3159 1927 3205 est
1955 3165 2058 3205 vox
2086 3150 2436 3221 signiﬁcativa
2474 3152 2541 3206 de
2574 3166 2640 3205 eo
2668 3151 2808 3220 quod
2834 3161 2918 3206 est
2947 3166 3069 3207 esse
3093 3151 3323 3222 aliquid,
3351 3153 3433 3213 vel

1845 3257 1950 3296 non
1982 3257 2122 3311 esse,
2157 3253 2212 3298 ut
2238 3259 2341 3298 vox
2370 3244 2721 3314 signiﬁcativa
2754 3244 2994 3312 utrisque
3020 3245 3321 3300 communis
3339 3245 3428 3311 sit,

1843 3331 1910 3386 de
1939 3347 2004 3387 eo
2027 3332 2170 3402 quod
2196 3343 2280 3389 est
2314 3347 2434 3388 esse
2459 3332 2657 3402 aliquid
2679 3371 2696 3398 ,
2733 3330 3109 3387 afﬁrmationis
3138 3334 3334 3398 solius,
3364 3334 3433 3389 de

1844 3434 1911 3475 eo
1940 3422 2082 3490 quod
2109 3430 2194 3476 est
2219 3437 2321 3475 non
2349 3436 2491 3487 esse,
2522 3422 2690 3475 solius
2720 3422 2792 3476 sit
2817 3422 3137 3492 negationis.
3169 3423 3273 3479 Sed
3301 3423 3431 3480 nihil

1834 3513 2016 3582 potuit
2053 3513 2171 3566 ﬁeri
2213 3513 2457 3579 brevius,
2494 3514 2592 3567 nisi
2638 3522 2695 3567 ut
2725 3516 2779 3569 in
2817 3516 3003 3571 eadem
3036 3517 3352 3574 difﬁnitione
3379 3528 3431 3576 et

1836 3605 2228 3659 renuntiationis
2271 3615 2513 3659 naturam
2543 3607 2927 3674 constitueret,
2961 3620 3015 3663 et
3042 3610 3206 3679 ipsius
3234 3612 3428 3670 faceret

1842 3690 2182 3757 divisionem,
2216 3702 2465 3762 tanquam
2493 3696 2636 3748 enim
2667 3697 2710 3750 si
2742 3696 2811 3750 ita
2832 3696 3093 3752 dixisset:
3126 3701 3428 3755 Enuntiatio

1843 3793 1926 3837 est
1951 3798 2048 3837 vox
2084 3785 2460 3853 signiﬁcativa,
2493 3785 2547 3839 in
2589 3801 2689 3855 qua
2734 3802 2919 3841 verum
2953 3787 3251 3857 falsumque
3284 3789 3426 3844 desi-

1843 3884 2092 3944 gnantur,
2138 3874 2294 3944 hujus
2326 3885 2504 3932 autem
2556 3892 2658 3931 una
2706 3879 2914 3948 species
2955 3878 3273 3935 afﬁrmativa
3309 3891 3427 3949 est,

1842 3967 1945 4022 alia
1977 3970 2245 4039 negativa,
2278 3969 2348 4024 ita
2376 3970 2469 4024 ait.
2504 3970 2814 4026 Enuntiatio
2842 3983 2925 4027 est
2957 3987 3055 4027 vox
3079 3974 3427 4044 signiﬁcativa

1840 4059 1909 4116 de
1948 4076 2013 4116 eo
2040 4061 2180 4133 quod
2216 4071 2299 4117 est
2337 4063 2572 4134 aliquid,
2604 4064 2688 4119 vel
2726 4079 2833 4119 non
2872 4075 2973 4120 est.
3009 4065 3244 4137 Namque
3271 4068 3425 4136 dixit,

1841 4139 1909 4209 de
1937 4170 2002 4210 eo
2031 4156 2171 4225 quod
2202 4157 2508 4228 estaliquid
2536 4158 2620 4212 vel
2651 4172 2756 4211 non
2792 4168 2903 4212 est:
2936 4159 3041 4213 tale
3066 4169 3149 4213 est
3177 4175 3239 4214 ac
3269 4161 3313 4216 si
3338 4160 3423 4216 di-

1840 4255 1991 4303 ceret
2012 4263 2131 4317 qua:
2158 4263 2343 4303 verum
2373 4250 2669 4319 falsumque
2695 4249 3052 4305 demonstrat.
3082 4251 3250 4307 Omne
3278 4253 3421 4309 enim

1839 4341 1983 4411 quod
2011 4356 2130 4396 esse
2159 4344 2305 4410 ponit
2334 4344 2551 4413 aliquid,
2579 4352 2637 4399 ut
2665 4343 2708 4398 si
2735 4345 2909 4398 dicam
2938 4345 3051 4401 dies
3075 4356 3176 4412 est,
3205 4347 3288 4403 vel
3314 4363 3421 4405 non

1834 4446 1987 4497 esse,
2024 4442 2080 4487 ut
2109 4434 2152 4487 si
2184 4434 2357 4488 dicam
2384 4433 2501 4489 dies
2530 4449 2634 4489 non
2666 4444 2781 4499 est,
2816 4451 2999 4490 verum
3041 4435 3301 4493 falsumve
3329 4438 3420 4495 de-

144 4535 313 4589 divisa
350 4549 488 4593 ml.
527 4542 811 4610 Alﬁrmatt’o
836 4563 954 4602 vero
995 4523 1071 4604 est
1112 4555 1396 4609 enuntiatio
1424 4523 1643 4631 alicujtis
1671 4560 1734 4617 de
1757 4560 1814 4625 Ι)
1838 4531 2126 4625 ξηθῃδιηιῖ
2161 4523 2216 4579 Si
2243 4539 2371 4631 erg?
2399 4524 2606 4631 iniqu“.
2626 4533 2855 4631 ρωωξω
2883 4540 3004 4582 esse
3032 4526 3113 4630 .ve}
3138 4543 3245 4630 non.
3273 4542 3419 4631 ’ἕξεθ’

143 4626 338 4695 aliqua.
372 4629 597 4702 Negatio
617 4650 733 4691 vero
756 4648 831 4693 est
853 4643 1130 4698 enuntiatio
1157 4648 1377 4719 alicujus
1404 4652 1467 4705 ab
1491 4626 1680 4722 aliqua.

220 4716 504 4790 Postquam
526 4723 594 4779 de
616 4727 797 4784 multis
818 4739 979 4802 atque
1004 4736 1122 4790 unis
1144 4753 1241 4793 nec
1267 4716 1372 4795 non
1404 4716 1732 4813 simplicibus

142 4814 567 4886 compositisque
594 4823 1046 4882 enuntiationibus
1082 4832 1381 4901 expedivit,
1414 4840 1733 4895 enuntiatio-

142 4923 277 4963 nem
302 4911 603 4983 simplicem
646 4926 866 4987 tractat,
895 4932 947 4977 et
972 4938 1089 4979 eam
1118 4926 1436 4986 difﬁnitione
1461 4934 1734 4992 concludit

138 5001 363 5068 dicens,
401 5020 588 5064 vocem
626 5025 745 5066 eam
777 5026 898 5068 esse
933 5014 1321 5084 signiﬁcantem
1366 5021 1567 5092 aliquid
1608 5040 1730 5082 esse

137 5095 231 5150 vel
260 5112 367 5152 non
392 5114 531 5156 esse.
565 5102 715 5171 Quod
744 5119 872 5176 ergo
899 5109 975 5161 ait
1005 5124 1189 5165 vocem
1222 5126 1339 5166 eam
1368 5128 1517 5182 esse,
1546 5117 1611 5170 ad
1638 5131 1730 5187 ge-

136 5203 246 5242 nus
273 5191 475 5261 retulit,
500 5194 641 5262 quod
662 5194 1066 5265 signiﬁcativam
1098 5202 1164 5255 ad
1186 5201 1354 5271 ipsius
1374 5203 1728 5264 differentiam

136 5284 313 5337 vocis.
343 5285 495 5352 Quod
526 5286 593 5343 de
619 5303 684 5343 eo
716 5291 856 5359 quod
888 5303 1031 5349 esset
1057 5304 1149 5349 aut
1182 5310 1288 5351 non
1329 5306 1471 5352 esset
1495 5300 1725 5371 aliquid,

132 5374 211 5429 ad
252 5378 666 5449 signiﬁcatarum
697 5400 874 5441 rerum
914 5403 1099 5446 rursus
1140 5390 1495 5448 differentiam
1523 5397 1725 5464 retulit,

136 5477 307 5534 habet
332 5482 474 5537 enim
500 5499 682 5541 secum
713 5486 879 5558 ipsam
913 5505 1094 5547 vocem
1126 5509 1227 5565 qua
1253 5495 1538 5564 profertur,
1572 5506 1629 5553 ut
1656 5498 1727 5555 si-

132 5585 358 5655 gniﬁcet
402 5589 679 5661 quiddam.
728 5579 865 5663 Quid
904 5608 1081 5654 autem
1119 5599 1412 5671 signiﬁcet,
1459 5614 1550 5661 aut
1589 5606 1729 5664 circa

132 5686 716 5763 quid'designationem
739 5698 1032 5754 enuntiatio
1058 5707 1257 5769 teneat,
1284 5700 1351 5758 ad
1371 5701 1728 5764 diﬁerentiam

130 5784 612 5857 signiﬁcativarutl
638 5794 868 5864 pertinet
897 5810 1107 5867 vocum,
1137 5797 1211 5859 ita
1228 5800 1373 5862 enim
1393 5803 1596 5865 dictum
1622 5816 1726 5874 est.

1837 4614 1891 4669 in
1922 4628 1988 4669 eo
2016 4616 2215 4669 veritas
2262 4625 2315 4668 et
2347 4614 2551 4670 falsitas
2595 4615 2882 4682 invenitur,
2911 4627 2993 4672 est
3032 4618 3190 4688 igitur
3236 4621 3287 4673 in
3319 4619 3419 4675 hoc

1835 4705 1978 4775 quod
2007 4706 2085 4760 ait
2118 4721 2304 4761 vocent
2348 4706 2751 4775 signiﬁcativam
2799 4722 2920 4763 esse
2957 4708 3025 4764 de
3059 4724 3125 4765 eo
3157 4710 3296 4781 quod
3337 4719 3419 4767 est

1836 4799 2058 4869 aliquid,
2083 4800 2169 4855 vel
2194 4816 2298 4853 non
2326 4813 2425 4867 est,
2453 4810 2699 4870 tanquam
2725 4802 2771 4858 si
2794 4803 3028 4860 diceret:
3050 4805 3148 4860 Est
3176 4808 3417 4861 enuntia-

1826 4889 1914 4944 tio
1937 4904 2038 4944 vox
2066 4890 2415 4959 significativa
2444 4906 2623 4947 verum
2654 4891 2956 4963 falsumque
2985 4896 3311 4965 signiﬁcans.
3335 4898 3391 4951 Si

1835 4979 2113 5048 gniﬁcatio
2152 4994 2385 5050 namque
2416 4980 2484 5036 de
2512 4995 2578 5036 eo
2612 4981 2750 5051 quod
2782 4992 2864 5038 est
2899 4998 3021 5040 esse
3065 4985 3259 5055 aliquid
3286 5027 3301 5051 ,
3331 4986 3416 5042 vel

1838 5086 1943 5127 non
1972 5087 2123 5137 esse,
2156 5074 2264 5128 veri
2295 5072 2517 5143 falsique
2552 5074 2939 5131 demnnstratio
2964 5086 3081 5142 est,
3109 5078 3204 5132 sed
3244 5077 3296 5131 in
3323 5093 3416 5133 ea-

1838 5163 1960 5221 dem
1985 5164 2303 5221 difﬁnitione
2337 5167 2547 5235 species
2571 5166 2869 5224 admirabili
2899 5169 3158 5227 brevitate
3193 5170 3416 5238 partitus

1837 5269 1953 5325 est,
1985 5268 2234 5328 tanquam
2276 5261 2418 5315 enim
2459 5261 2501 5315 si
2544 5259 2786 5327 diceret,
2824 5276 2925 5318 vox
2962 5262 3308 5332 signiﬁcativa
3336 5275 3414 5319 est

1835 5350 2163 5415 enuntiatio,
2195 5350 2249 5404 in
2291 5366 2393 5420 qua
2434 5366 2618 5407 verum
2661 5351 2959 5423 falsumque
2992 5351 3412 5408 demonstratur.

1828 5438 1943 5498 Sed
1972 5455 2074 5496 una
2108 5439 2226 5511 ejus
2255 5456 2376 5511 pars
2402 5428 2719 5499 afﬁrmativa
2747 5454 2861 5508 est,
2900 5444 3004 5497 alia
3042 5444 3309 5510 ttcgativn,
3344 5450 3413 5502 ita

1835 5532 1941 5600 ait,
1977 5532 2046 5590 de
2073 5547 2138 5588 eo
2166 5533 2309 5604 quod
2340 5544 2423 5590 est
2461 5535 2656 5603 aliquid
2697 5536 2779 5589 vel
2807 5551 2913 5588 non
2940 5544 3042 5589 est.
3088 5532 3413 5603 Signiﬁcatio

1834 5626 1978 5682 enim
2024 5625 2095 5681 de
2121 5640 2190 5682 eo
2218 5626 2362 5694 quod
2407 5636 2487 5682 est
2531 5626 2765 5693 aliquid,
2791 5624 3081 5680 afﬁrmatio
3109 5634 3217 5691 est,
3249 5626 3318 5682 de
3352 5644 3414 5685 ea

1833 5736 1963 5777 vero
1993 5719 2135 5790 quod
2167 5737 2273 5777 non
2304 5729 2423 5785 est,
2448 5720 2678 5788 negatio.
2714 5719 2783 5772 Ita
2817 5718 2866 5773 id
2898 5717 3039 5789 quod
3068 5718 3141 5773 ait
3167 5718 3414 5789 designa-

1837 5812 1997 5868 tivant
2029 5828 2146 5869 esse
2180 5828 2363 5869 voce-.n
2402 5808 2820 5872 enuntiationem
2848 5808 2919 5867 de
2946 5822 3013 5869 eo
3040 5805 3186 5878 quod
3214 5821 3297 5865 est
3322 5813 3409 5870 ali.
