4022 6332
485 328 590 383 455

1745 324 1857 382 ΔΝ.
1896 324 2106 380 ΜΑΝιη
2146 324 2299 380 SEV.
2343 324 2565 380 BOETII

3670 318 3774 375 456

485 439 633 512 quid,
658 447 750 493 ant
775 453 880 493 non
903 446 1008 505 est,
1032 444 1317 505 utrumque
1338 451 1442 490 una
1469 435 1675 505 colligit
1698 436 2070 505 intelligentia.
2102 436 2150 494 Α
2181 435 2466 504 applicuit,
2509 434 2605 489 sed
2645 442 2753 488 tota
2786 429 3086 503 huiusmodi
3124 432 3504 501 propositionis
3528 434 3613 488 vis
3649 442 3760 497 esi,

491 535 603 589 Hoc
628 534 771 588 enim
802 530 941 600 quod
972 529 1106 583 dixit
1131 528 1200 583 de
1228 542 1295 583 eo
1319 528 1460 597 quod
1493 537 1574 582 est
1600 526 1821 596 aliquid,
1852 534 1946 581 aut
1964 540 2072 582 non

486 633 592 689 est,
622 634 902 691 utrumque
931 618 1228 689 signiﬁcat,
1257 628 1313 673 et
1337 618 1449 673 veri
1481 616 1707 688 falsique
1731 617 2072 673 demonstra-

418 732 425 737 ·
488 716 722 781 tionem,
768 721 821 767 et
866 709 1243 766 afﬁrmationis
1287 709 1691 779 negationisque
1727 708 2070 763 divisionem.

486 810 590 866 Sed
620 806 919 863 Alexander
948 814 1003 860 et
1028 803 1249 874 propria”
1273 803 1537 858 sententia
1568 817 1676 857 non
1699 801 1930 864 desistit,
1973 814 2074 856 nec

484 903 589 956 alio
618 914 774 968 quam
818 896 999 952 caueri
1032 905 1244 951 tenetur
1278 910 1487 950 errore.
1529 894 1617 949 Ait
1652 894 1794 948 enim
1825 893 1909 947 hic
1937 908 2076 962 quo-

483 1010 588 1062 que
620 1004 882 1061 apparere
913 1004 1018 1044 non
1058 1002 1180 1044 esse
1208 1002 1378 1057 genus
1415 987 1789 1045 alﬁrmationis
1829 995 1885 1041 et
1914 999 2073 1055 nega-

488 1085 646 1140 tionis
694 1081 1152 1147 enunt‘ationem,
1208 1081 1459 1150 quoniam
1515 1078 1587 1132 ita
1650 1080 1701 1131 in
1750 1076 2075 1131 difﬁnitione

486 1176 870 1233 enuntiationis
895 1173 1249 1229 alfirmatione
1286 1180 1343 1227 et
1388 1172 1704 1242 negatione,
1747 1179 1807 1225 ut
1835 1170 2073 1239 partibus

488 1284 613 1323 usus
636 1277 739 1324 est.
769 1251 940 1321 bmne
967 1273 1145 1320 autem
1167 1264 1523 1332 compositum
1550 1270 1709 1331 atque
1728 1276 1890 1317 omne
1908 1260 2075 1329 aequi-

487 1375 675 1416 vocum
705 1359 790 1415 vel
815 1357 928 1412 suis
956 1355 1224 1426 partibus,
1256 1356 1338 1409 vel
1382 1355 1493 1408 suis
1522 1351 1834 1423 signiﬁcatis
1863 1350 2073 1406 definiri

488 1461 685 1521 potest,
714 1458 773 1505 ut
797 1451 841 1504 si
868 1448 989 1519 quis
1010 1447 1298 1501 ternarium
1327 1458 1611 1499 numerum
1640 1443 1864 1498 deﬁnire
1888 1442 2075 1497 volens

486 1547 629 1602 dicat
653 1562 667 1596 :
694 1542 987 1598 Ternarius
1012 1554 1269 1594 numerus
1298 1546 1383 1591 est
1410 1538 1499 1606 qui
1533 1552 1598 1590 ex
1626 1551 1730 1590 uno
1760 1534 2076 1602 duobusque

487 1637 804 1707 conjunctus
841 1642 951 1698 est;
983 1632 1069 1687 vel
1096 1632 1141 1685 si
1182 1630 1300 1700 quis
1331 1629 1602 1684 hominem
1631 1628 1859 1683 deﬁnire
1886 1626 2076 1681 volens

488 1732 632 1786 dicat
658 1746 674 1783 :
708 1729 878 1783 Homo
907 1735 1021 1792 est,
1052 1735 1142 1779 aut
1166 1722 1365 1778 animal
1396 1722 1652 1777 rationale
1688 1720 1941 1786 mortale,
1984 1726 2078 1772 aut

2176 525 2377 595 aliquid
2408 541 2529 580 esse
2568 525 2849 581 declarare
2885 542 2899 576 :
2930 538 3114 579 rursus
3151 538 3270 578 cum
3310 523 3461 587 dico,
3503 524 3622 578 dies
3659 539 3768 575 non

2177 626 2289 685 est,
2323 618 2521 687 aliquid
2562 619 2719 673 alicui
2766 634 2872 672 non
2901 630 3023 672 esse
3064 616 3371 687 pronuntio,
3416 616 3513 671 sed
3542 625 3650 670 tota
3685 617 3769 671 vis

2177 710 2338 777 hujus
2369 717 2453 764 est
2481 725 2587 764 non
2614 724 2735 764 esse
2770 709 2976 774 dicere;
3011 724 3175 776 quare
3204 707 3543 763 manifestum
3574 718 3657 764 est
3682 724 3768 763 se-

2178 801 2410 855 cundum
2439 800 2794 872 Porphyrium
2817 816 2883 855 ex
2913 808 3023 855 tota
3053 801 3102 853 vi
3133 798 3502 855 alﬁrmationis
3527 808 3582 852 et
3607 813 3770 868 nega-

2181 892 2342 947 tionis
2371 894 2792 949 enuntiationem
2823 908 2946 950 esse
2993 893 3345 961 descriptam,
3389 908 3454 947 ex
3485 893 3597 946 suis
3641 908 3770 947 vero

2180 982 2422 1038 terminis
2472 985 2640 1054 ipsam
2693 984 3101 1039 afﬁrmationem
3162 993 3218 1038 et
3263 983 3624 1052 negationem.
3685 982 3771 1036 Ait

2178 1078 2347 1143 enim,
2373 1077 2659 1133 afﬁrmatio
2673 1094 2802 1133 vero
2826 1087 2909 1133 est
2925 1078 3222 1133 enuntiatio
3233 1075 3459 1145 alicujus
3478 1076 3546 1129 de
3565 1076 3766 1145 aliquo,

2180 1169 2232 1222 in
2261 1169 2634 1225 afﬁrmationis
2662 1170 2982 1227 difﬁnitione
3006 1185 3176 1240 genus
3200 1183 3440 1231 sumens;
3471 1171 3769 1225 enuntiatio

2178 1265 2321 1317 enim
2355 1264 2438 1333 (ut
2462 1264 2663 1319 dictum
2693 1265 2797 1333 est)
2823 1278 2992 1335 genus
3018 1272 3101 1319 est
3126 1263 3496 1317 afﬁrmationis
3522 1272 3577 1317 et
3599 1277 3768 1332 nega-

2181 1353 2361 1417 tionis,
2391 1355 2532 1424 quod
2564 1355 2678 1424 ipse
2706 1356 3022 1411 Aristoteles
3048 1356 3244 1410 clarius
3280 1356 3647 1417 demonstrat,
3681 1356 3769 1423 qui

2179 1444 2233 1497 in
2295 1455 2643 1516 utrorumque
2711 1446 3031 1502 difﬁnitione
3109 1447 3489 1502 enuntiationis
3569 1461 3768 1501 nomen

2180 1537 2428 1609 ascripsit
2452 1540 2637 1595 dicens
2662 1558 2675 1592 :
2712 1539 3011 1595 Afﬁrmatio
3038 1555 3168 1594 veto
3190 1549 3273 1594 est
3302 1537 3622 1594 enuntiatio.
3658 1538 3769 1592 Hoc

2180 1630 2323 1683 enim
2353 1630 2540 1686 retulit
2568 1630 2636 1685 ad
2665 1646 2858 1700 genus,
2890 1630 3033 1701 quod
3061 1645 3189 1685 vero
3216 1628 3422 1684 addidit
3447 1626 3680 1696 alicujus
3706 1627 3771 1683 de

2151 1723 2365 1799 ἐ,ειίιιιιο
2407 1723 2622 1777 reduxit
2650 1722 2715 1777 ad
2749 1722 3031 1789 terminos,
3067 1723 3121 1776 in
3169 1721 3399 1789 simplici
3447 1722 3593 1775 enim
3622 1720 3770 1774 afﬁr-

491 1820 793 1892 hujusmodi
815 1818 1117 1881 coloribus,
1150 1816 1233 1871 vel
1266 1814 1488 1870 metallo
1513 1811 1653 1867 facta
1680 1810 1971 1876 simulatio,
2005 1809 2076 1863 ita
2107 1799 2419 1871 B'matione
2448 1815 2646 1883 aliquid
2693 1815 2761 1869 de
2810 1815 2990 1885 aliquo
3037 1813 3371 1869 enuntiando
3419 1813 3770 1882 prazdicatur,

491 1930 684 1970 nomen
722 1912 1051 1982 aequivocum
1086 1923 1151 1964 ex
1190 1907 1274 1962 his
1307 1922 1425 1976 qua:
1466 1905 1638 1973 ipsum
1679 1917 1874 1958 nomen
1913 1901 2079 1970 aequi-

491 2019 682 2063 vocum
727 2003 1072 2074 designabat,
1121 2008 1396 2054 ostensum
1440 2005 1549 2059 est,
1596 1995 1682 2050 hic
1719 2010 1849 2065 ergo
1888 1992 2081 2048 eodem

492 2102 652 2159 modo
677 2118 690 2154 :
718 2097 1050 2165 Enuntiatio,
1082 2095 1276 2165 inquit,
1305 2101 1388 2148 est
1411 2107 1514 2145 vox
1540 2090 1894 2160 signiﬁcativa
1923 2090 1989 2143 de
2015 2101 2082 2143 εο

494 2193 633 2263 quod
662 2201 744 2247 est
782 2189 1014 2261 aliquid,
1050 2187 1132 2242 vel
1173 2201 1279 2240 non
1311 2192 1423 2249 est,
1462 2192 1712 2252 tanquam
1743 2181 1789 2236 si
1829 2180 2035 2235 diceret
2064 2195 2077 2232 :

495 2283 802 2344 Euuntiatio
831 2290 917 2338 est
944 2294 1048 2335 vox
1078 2287 1168 2333 aut
1190 2276 1545 2339 afﬁrmativa,
1595 2282 1685 2327 aut
1712 2274 1959 2343 negativa
1979 2312 1993 2335 ,
2027 2270 2081 2325 in

496 2376 742 2433 eumdem
764 2373 974 2430 scilicet
993 2385 1234 2427 errorem
1261 2368 1467 2437 labens,
1497 2381 1596 2421 nec
1619 2365 1807 2420 videns
1826 2364 2085 2435 quemad-

502 2471 719 2527 modum
750 2483 852 2524 una
880 2465 1221 2530 difﬁnitione,
1253 2471 1308 2518 et
1334 2461 1650 2516 divisionem
1683 2460 1887 2525 fecerit,
1913 2469 1968 2514 et
1991 2474 2085 2514 na-

498 2574 672 2620 turam
703 2556 1086 2617 enuntiationis
1113 2553 1441 2618 ostenderit,
1485 2552 1581 2631 sed
1610 2552 1751 2607 hanc
1794 2552 2087 2620 expositio-

500 2672 623 2713 nem
659 2653 837 2725 (quod
883 2651 1060 2707 adhuc
1085 2650 1282 2718 sciam)
1310 2662 1483 2717 neque
1516 2644 1867 2717 Porphyrius,
1914 2659 2087 2715 neque

501 2748 646 2802 ullus
691 2745 831 2801 alius
879 2751 1362 2799 commentatorum
1408 2736 1560 2793 vidit:
1610 2738 1864 2806 Aspasins
1924 2738 2087 2792 etiam

498 2839 765 2897 consentit
801 2836 1109 2895 Alexandro
1137 2854 1150 2888 :
1183 2833 1315 2889 dicit
1359 2833 1504 2888 enim
1554 2832 1857 2887 Alexander
1897 2831 2088 2886 eodem

501 2932 663 2989 modo
687 2931 774 2987 hic
797 2929 1061 2986 difﬁnisse
1085 2926 1431 2983 Aristotelem
1458 2922 1885 2978 enuntiationem
1906 2965 1919 2987 ,
1951 2923 2090 2976 sicut

499 3023 626 3079 alibi
656 3036 901 3093 quoque,
945 3020 997 3075 id
1027 3027 1141 3084 est,
1176 3019 1228 3071 in
1274 3014 1614 3071 resolutoriis
1650 3030 1662 3065 :
1698 3013 1804 3068 illic
1842 3014 1984 3068 enim
2016 3014 2090 3067 ita

502 3115 922 3187 prepositionem
942 3152 957 3179 ,
987 3126 1106 3182 qua:
1135 3117 1218 3164 est
1245 3106 1573 3173 enuntiatio,
1603 3105 1923 3161 difﬁnitionc
1959 3120 2090 3160 con-

502 3179 667 3263 clusit
701 3207 887 3262 dicens
920 3221 934 3259 :
967 3179 1265 3271 Propositio
1293 3214 1423 3269 ergo
1458 3208 1542 3254 est
1572 3200 1745 3254 oratio
1772 3198 2090 3255 afﬁrntativa
2119 3179 2165 3243 (ἶ

504 3300 586 3355 vel
618 3296 859 3367 negativa
889 3292 1115 3362 alicujus
1153 3291 1221 3346 de
1249 3290 1459 3360 aliquo,
1490 3290 1577 3346 vel
1614 3289 1839 3360 alicujus
1884 3292 1952 3345 ab
1994 3291 2091 3345 ali-

504 3404 631 3460 quo.
664 3387 808 3441 Idem
834 3396 1047 3453 quoque
1075 3380 1335 3450 Aspasius
1360 3380 1617 3451 sequitur.
1649 3380 1979 3451 Porphyrius
1999 3396 2094 3436 au-

506 3496 611 3541 tem
636 3482 716 3538 sic
742 3481 872 3536 dicit
903 3497 916 3532 :
947 3475 1332 3533 Admirabilem
1374 3491 1495 3531 esse
1523 3474 1869 3531 subtilitatem
1897 3475 2095 3552 difﬁni-

508 3575 703 3637 tionis,
737 3587 802 3627 ex
842 3585 935 3625 sua
979 3569 1122 3624 enim
1161 3568 1212 3622 vi
1246 3566 1622 3622 aflirmationis
1661 3576 1715 3622 et
1760 3562 2091 3638 negationis,

504 3664 799 3724 enuntiatio
826 3661 1053 3718 difﬁnita
1083 3670 1186 3717 est.
1230 3661 1307 3716 Ex
1341 3661 1585 3715 terminis
1608 3675 1757 3726 vero,
1801 3660 1913 3729 ipsa
1949 3660 2097 3716 afﬁr-

508 3760 673 3816 ntalio
694 3796 708 3821 ,
749 3767 912 3827 atque
955 3755 1189 3827 negatio,
1218 3754 1503 3808 afﬁrmatio
1534 3768 1765 3824 namque
1805 3754 1856 3807 in
1886 3751 2095 3806 duobus

507 3853 752 3909 terminis
797 3862 1077 3915 constans,
1125 3850 1323 3919 aliquid
1370 3850 1528 3905 alicui
1579 3850 1759 3904 inesse
1811 3848 2091 3918 signiﬁcat.

507 3947 639 4003 Tela
678 3956 855 4002 autem
890 3944 970 3998 vis
1008 3943 1173 4011 ipsius
1209 3950 1293 3996 est
1332 3940 1532 4010 aliquid
1573 3955 1845 4003 annuere,
1884 3940 2096 4009 negatio

507 4053 718 4109 quoque
747 4034 946 4106 aliquid
974 4034 1135 4089 alicui
1170 4048 1277 4086 non
1317 4032 1494 4087 inesse
1534 4031 1827 4100 signiﬁcat,
1860 4030 1953 4086 sed
1987 4040 2094 4086 tota

509 4131 588 4183 vis
622 4128 793 4197 ipsius
822 4136 906 4181 est
947 4123 1148 4194 aliquid
1190 4123 1425 4178 abnuere
1455 4132 1613 4193 atque
1647 4123 1984 4192 disjungere.
2014 4112 2095 4179 vel

508 4236 696 4277 rursus
726 4219 1013 4274 aflirmatio
1041 4215 1238 4286 aliquid
1283 4215 1439 4270 alicui
1487 4216 1664 4270 inesse
1694 4216 1969 4286 designat,
2003 4214 2097 4270 sed

510 4320 590 4372 vis
619 4308 784 4385 ipsius
812 4324 921 4368 tota
967 4326 1166 4381 ponere
1203 4310 1401 4380 aliquid
1429 4318 1532 4365 est.
1565 4310 1698 4365 Cum
1724 4311 1868 4365 enim
1896 4307 2098 4378 aliquid

513 4410 671 4465 alicui
706 4408 883 4462 inesse
906 4404 1262 4469 demonstrat,
1296 4401 1445 4472 ponit
1467 4401 1665 4471 aliquid
1687 4418 1700 4467 ;
1721 4416 1909 4455 rursus
1932 4414 2099 4471 nega-

508 4502 582 4558 tio
620 4500 835 4570 quidem
866 4496 1067 4567 atiquid
1104 4496 1258 4551 alicui
1309 4510 1413 4549 non
1468 4494 1645 4549 inesse
1684 4493 1952 4559 declarat,
2002 4494 2096 4548 sed

2187 1906 2316 1960 utin
2334 1922 2400 1962 eo
2426 1908 2564 1975 quod
2594 1916 2698 1972 est,
2723 1894 2838 1961 dies
2861 1915 2963 1970 est,
2987 1920 3108 1960 esse
3131 1905 3295 1962 diem.
3316 1905 3535 1974 Negatlo
3557 1921 3773 1974 quoque

2185 1998 2258 2053 ita
2286 1998 2509 2054 difﬁnita
2560 2009 2642 2054 est
2672 2017 2685 2052 :
2718 1999 2935 2070 negatio
2973 2009 3057 2053 est
3100 2000 3397 2053 enuntiatio
3443 2000 3679 2067 alicujus
3708 2000 3774 2054 ab

2186 2093 2387 2163 aliquo,
2428 2102 2687 2161 quantum
2719 2093 2784 2146 ad
2815 2092 3241 2147 enuntiationem
3277 2108 3459 2146 rursus
3485 2108 3512 2143 a
3542 2107 3769 2160 genere,

2184 2198 2441 2257 quantum
2469 2186 2700 2256 alicujus
2741 2186 2808 2241 ab
2848 2186 3052 2256 aliquo,
3101 2201 3286 2241 rursus
3314 2186 3380 2240 ad
3407 2186 3693 2241 terminos.
3722 2185 3775 2239 lu

2189 2280 2289 2333 hac
2313 2280 2457 2334 enim
2485 2281 2770 2348 negatione
2796 2293 2917 2348 quae
2944 2286 3049 2345 est,
3071 2278 3188 2334 dies
3215 2294 3320 2333 non
3343 2288 3448 2347 est,
3473 2293 3603 2334 esse
3629 2295 3659 2333 a
3690 2279 3775 2334 die

2186 2370 2515 2425 enuntiando
2558 2369 2828 2435 tollimus;
2885 2370 2980 2425 sed
3032 2379 3089 2424 ut
3120 2385 3223 2425 non
3276 2370 3448 2425 solum
3495 2372 3778 2439 praesentis

2188 2461 2446 2531 temporis
2490 2462 2914 2518 enuntiationem
2963 2462 3224 2519 difﬁnisse
3270 2463 3570 2529 videretur,
3623 2464 3778 2519 addi-

2188 2555 2268 2610 dit
2296 2555 2678 2611 ennntiationis
2708 2554 3082 2611 difﬁnitionem
3130 2556 3200 2611 de
3247 2556 3366 2611 aliis
3395 2571 3614 2627 quoque
3642 2566 3778 2613 tem-

2197 2648 2415 2717 poribus
2437 2648 2695 2719 intelligi;
2723 2647 2798 2701 ait
2822 2647 2995 2703 enim:
3020 2648 3314 2703 enuntiatio
3329 2659 3411 2704 est
3438 2663 3542 2703 vox
3575 2650 3779 2719 signift.

2190 2742 2363 2795 cativa
2389 2740 2458 2795 de
2487 2755 2553 2795 eo
2582 2740 2722 2810 quod
2752 2749 2837 2795 est
2864 2739 3061 2809 aliquid
3088 2739 3170 2795 vel
3200 2756 3306 2796 non
3332 2749 3417 2796 est
3435 2780 3450 2805 ,
3479 2740 3783 2810 adjecitque

2192 2832 2644 2903 quemadmodum
2662 2840 2903 2903 tempora
2923 2833 3095 2889 divisa
3113 2842 3255 2889 sunt.
3285 2834 3462 2889 Divisa
3483 2834 3633 2888 enim
3659 2842 3784 2889 sunt

2196 2933 2436 2994 tempora
2484 2925 2533 2978 in
2577 2924 2769 2991 tribus,
2800 2940 2962 2980 omne
2988 2926 3132 2980 enim
3180 2935 3389 2996 tempus
3417 2935 3511 2979 aut
3542 2924 3782 2980 futurum

2194 3030 2299 3088 est,
2327 3031 2419 3075 aut
2445 3037 2704 3091 praesens,
2727 3033 2820 3076 aut
2841 3023 3189 3092 praeteritum,
3221 3032 3315 3076 aut
3337 3038 3400 3077 ex
3426 3022 3509 3075 his
3537 3022 3784 3076 mistum.

2201 3113 2515 3168 Enuntiatio
2541 3122 2623 3169 est
2651 3129 2780 3182 ergo
2812 3130 2917 3170 vox
2945 3114 3319 3185 signiﬁcativa,
3343 3112 3657 3184 significans
3688 3122 3787 3170 aut

2193 3205 2317 3264 esse
2359 3208 2559 3277 aliquid
2584 3249 2600 3276 ,
2643 3218 2735 3264 aut
2764 3225 2873 3264 non
2902 3224 3044 3265 esse.
3078 3210 3183 3265 Sed
3228 3210 3480 3280 quoniam
3510 3210 3618 3264 hoc
3651 3219 3788 3264 tem-

2198 3316 2296 3370 pus
2327 3316 2566 3372 praesens
2594 3301 2879 3372 designat,
2911 3317 3017 3357 non
3062 3302 3235 3357 solum
3280 3304 3348 3358 de
3377 3302 3667 3372 prmsenti,
3700 3302 3788 3357 in-

2196 3394 2331 3461 quit,
2364 3392 2651 3461 loqttimur,
2677 3393 2772 3448 sed
2803 3394 2964 3449 etiam
2995 3392 3063 3448 de
3087 3392 3171 3448 his
3197 3393 3531 3462 temporibus
3560 3409 3685 3464 qua:
3708 3394 3789 3449 di-

2196 3485 2470 3551 viduntur,
2515 3494 2574 3540 ut
2616 3485 2717 3542 hoc
2764 3500 2908 3553 esse,
2962 3494 3018 3541 et
3058 3501 3166 3541 non
3193 3501 3335 3554 esse,
3368 3496 3423 3542 et
3459 3486 3513 3540 in
3547 3486 3786 3542 futurum

2199 3577 2377 3631 veniat
2404 3586 2459 3630 et
2486 3576 2539 3631 in
2566 3577 2919 3645 praeteritum,
2945 3586 3002 3631 ut
3026 3577 3309 3649 aliquoties
3333 3578 3411 3633 sic
3436 3592 3579 3645 esse,
3603 3588 3663 3634 et
3684 3594 3788 3633 non

2198 3679 2318 3721 esse
2347 3665 2636 3736 signiﬁcet,
2694 3666 2746 3720 id
2799 3675 2882 3721 est
2934 3666 3012 3721 sic
3073 3678 3235 3736 ponat
3280 3677 3443 3736 atque
3473 3668 3551 3723 sic
3580 3670 3789 3729 auferat

2201 3756 2593 3821 cnnntiatio,ut
2613 3769 2665 3812 et
2689 3773 2927 3827 prmsens
2950 3766 3161 3837 tempus
3186 3769 3366 3828 ponat,
3399 3769 3452 3814 et
3476 3762 3713 3827 auferat,
3741 3773 3789 3818 ut

2200 3860 2303 3920 est,
2326 3850 2575 3906 Socrates
2596 3862 2699 3916 est,
2722 3851 2974 3906 Socrates
2989 3866 3094 3907 non
3130 3862 3234 3919 est,
3257 3862 3313 3907 et
3340 3854 3669 3921 praeteritum
3698 3870 3789 3923 po-

2201 3951 2314 4005 ret,
2346 3949 2399 3997 et
2427 3941 2655 4007 auferat,
2692 3951 2749 3996 ut
2789 3941 3042 3999 Socrates
3088 3941 3210 4012 fuit,
3246 3943 3496 4000 Socrates
3522 3962 3632 4000 non
3668 3947 3791 4011 fuit,

2201 4034 2392 4087 eodem
2424 4047 2635 4102 quoque
2670 4032 2831 4088 modo
2855 4033 3115 4097 futurum,
3149 4034 3400 4091 Socrates
3426 4037 3551 4101 erit,
3595 4037 3792 4093 Socra-

2204 4134 2285 4180 tes
2315 4138 2423 4180 non
2450 4126 2574 4180 erit.
2605 4125 2745 4199 Ergo
2776 4126 2827 4181 in
2852 4126 2936 4181 his
2965 4128 3215 4184 omnibus
3242 4130 3576 4201 temporibus
3597 4146 3792 4187 secum

2203 4216 2330 4272 dum
2362 4232 2484 4274 esse
2509 4218 2708 4287 aliquid
2743 4219 2828 4275 vel
2865 4235 2969 4275 non
2997 4236 3117 4277 esse
3146 4221 3368 4293 aliquid,
3402 4222 3456 4277 id
3483 4232 3569 4279 est
3595 4238 3817 4280 secunw

2203 4307 2327 4363 dum
2371 4324 2591 4380 ponere,
2637 4320 2692 4365 et
2734 4310 2949 4368 auferre
2997 4321 3105 4369 tota
3146 4314 3532 4372 enuntiationis
3556 4317 3640 4372 vis
3670 4327 3794 4384 est;

2204 4400 2308 4456 hoc
2335 4416 2463 4472 ergo
2491 4411 2576 4457 est
2601 4403 2742 4472 quod
2771 4404 2865 4470 ait,
2897 4403 2966 4460 de
3016 4420 3082 4461 eo
3130 4406 3273 4476 quod
3323 4417 3407 4462 est
3450 4407 3676 4478 aliquid,
3709 4409 3794 4466 vel

2205 4511 2314 4550 non
2346 4505 2449 4563 est,
2484 4496 2934 4566 quemadmodum
2980 4506 3221 4569 tempora
3270 4500 3441 4555 divisa
3469 4510 3615 4567 sunt,
3674 4509 3794 4557 tan-

512 4602 622 4647 tota
640 4568 731 4645 ﬂvis
760 4590 875 4659 ejus
896 4588 1108 4644 auferre
1138 4596 1239 4643 est.
1272 4587 1413 4657 Ergo
1441 4601 1599 4654 nunc,
1634 4586 1825 4655 inquit,
1854 4586 2098 4641 enuntia-
2126 4568 2179 4627 D
2203 4601 2363 4656 quam
2391 4585 2439 4641 si
2459 4586 2684 4653 diceret,
2712 4588 2780 4643 de
2810 4604 2875 4645 eo
2905 4590 3046 4660 quod
3075 4568 3158 4647 est
3186 4592 3405 4662 aliquid,
3434 4593 3521 4647 vel
3550 4607 3659 4648 non
3688 4603 3793 4655 est.

510 4686 712 4739 tionem
745 4696 810 4737 ex
838 4689 946 4735 tota
975 4680 1024 4733 vi
1056 4678 1425 4734 aflirmationis
1456 4678 1864 4748 negationisque
1904 4677 2101 4733 difﬁnit

510 4777 698 4831 dicens
725 4792 739 4826 :
772 4772 1081 4829 Enuntialio
1110 4781 1195 4828 est
1222 4788 1322 4826 vox
1354 4772 1706 4842 signiﬁcativa
1744 4771 1813 4825 de
1856 4786 1919 4825 eo
1956 4770 2099 4827 quod

511 4871 708 4943 aliquid
734 4880 817 4926 est
842 4872 926 4926 vel
958 4885 1065 4926 non
1085 4879 1189 4925 est.
1221 4870 1333 4924 lloc
1357 4878 1535 4925 autem
1564 4868 1630 4923 ad
1659 4868 1959 4938 negationis
1980 4881 2100 4936 per-

510 4968 645 5017 tinet
671 4961 1150 5033 alﬁrmationisque
1176 4961 1302 5030 vim,
1336 4970 1585 5031 tanquam
1608 4961 1654 5015 si
1677 4961 1901 5029 diceret,
1932 4974 2102 5013 enun-

511 5054 664 5109 tiatio
703 5062 786 5110 est
825 5068 929 5109 vox
972 5053 1320 5123 signiﬁcativa
1367 5068 1486 5123 quae
1530 5052 1681 5122 ponit
1722 5049 1958 5120 aliquid,
2005 5057 2097 5104 aut

510 5147 682 5213 tollit,
716 5162 837 5218 quae
869 5146 1084 5218 proprie
1108 5147 1333 5202 virtutes
1362 5155 1485 5201 sunt
1524 5144 1896 5218 afﬁrmationis
1922 5151 1979 5197 et
2001 5158 2096 5198 ne-

510 5240 760 5310 gationis.
790 5241 847 5296 Si
884 5239 1029 5295 enim
1072 5241 1146 5294 ita
1182 5239 1437 5303 dixisset,
1482 5236 1782 5292 enuntiatio
1810 5243 1894 5290 est
1935 5235 2001 5290 de
2030 5249 2098 5290 eo

510 5331 656 5400 quod
685 5342 769 5387 est
790 5331 986 5403 aliquid
1014 5331 1175 5387 alicui
1206 5332 1289 5386 vel
1317 5346 1422 5385 non
1452 5337 1564 5396 est,
1599 5335 1726 5382 tunc
1753 5342 1818 5383 ex
1851 5327 2097 5382 terminis

510 5422 882 5480 affirmationis
913 5425 996 5479 vel
1033 5423 1333 5493 negationis
1377 5419 1799 5478 enuntiationem
1841 5417 2099 5475 dilﬁnisse

510 5516 808 5581 videretur;
838 5530 961 5570 cum
985 5524 1163 5569 autem
1189 5513 1316 5567 dicit
1338 5512 1406 5567 de
1432 5526 1498 5566 eo
1524 5509 1665 5581 quod
1691 5518 1774 5563 est
1797 5508 1996 5579 aliquid
2016 5509 2100 5564 vel

513 5622 622 5663 non
652 5615 763 5671 est,
811 5606 880 5661 de
909 5614 1021 5661 tota
1062 5615 1409 5673 utrorumque
1445 5601 1498 5656 vi
1535 5599 1878 5657 determinat.
1914 5599 1969 5654 ln
2003 5599 2103 5655 hac

514 5699 657 5755 enim
689 5700 1044 5754 afﬁrmatione
1076 5712 1197 5768 quae
1236 5696 1364 5753 dicit
1389 5696 1507 5752 dies
1540 5703 1655 5761 est,
1700 5691 1903 5765 aliquid
1942 5692 2100 5748 alicui

515 5791 808 5847 secundum
833 5791 1087 5849 terminos
1114 5789 1306 5847 adesse
1333 5788 1679 5853 monstravit,
1711 5793 1796 5844 est
1820 5785 1967 5843 enim
1994 5785 2100 5843 diei

2206 4698 2310 4735 vox
2342 4682 2669 4737 enuntiativa
2695 4683 2983 4754 signiﬁcat,
3014 4687 3097 4742 vel
3131 4687 3182 4741 in
3213 4701 3469 4755 prassens,
3486 4687 3569 4741 vel
3588 4686 3641 4742 in
3661 4702 3794 4757 prae-

2206 4771 2445 4837 teritum,
2472 4772 2556 4828 vel
2583 4773 2635 4828 in
2662 4772 2923 4843 futurum,
2943 4777 3392 4846 quemadmodum
3415 4779 3529 4848 ipsa
3551 4786 3794 4848 tempora

2204 4867 2536 4924 dividuntur.
2568 4868 2678 4925 Cur
2706 4880 2885 4927 autem
2918 4873 3037 4928 talis
3066 4872 3203 4927 ordo
3241 4870 3580 4928 difﬁnitionis
3608 4868 3794 4937 fuerit,

2206 4960 2391 5030 paucis
2435 4960 2732 5017 absolvam.
2783 4962 2941 5018 Prius
2979 4964 3122 5019 enim
3172 4963 3241 5021 de
3271 4963 3522 5027 nomine,
3577 4972 3703 5034 post
3730 4964 3795 5023 de

2207 5058 2391 5113 verbo,
2419 5050 2544 5105 hinc
2568 5051 2636 5107 de
2664 5052 2929 5117 oratione,
2962 5068 3149 5109 rursus
3187 5054 3256 5110 de
3284 5053 3676 5121 enuntiatione,
3707 5054 3795 5111 de-

2210 5142 2335 5197 hinc
2377 5142 2445 5197 de
2490 5140 2880 5211 afﬁrmatione,
2916 5155 3190 5215 postremo
3214 5147 3281 5200 de
3310 5146 3594 5214 negatione
3620 5144 3795 5199 disse-

2210 5234 2335 5287 ruit.
2367 5237 2538 5288 Umne
2579 5234 2935 5303 compositum
2969 5236 3081 5289 suis
3111 5237 3350 5305 partibus
3398 5236 3664 5304 posterius
3694 5245 3795 5297 est,

2210 5340 2371 5381 omne
2399 5342 2566 5396 genus
2595 5327 2706 5381 suis
2734 5328 2972 5395 partibus
3000 5329 3147 5397 prius
3187 5348 3198 5381 :
3233 5344 3359 5399 ergo
3401 5329 3455 5382 in
3485 5327 3796 5397 compositis

2213 5429 2396 5490 partes
2426 5428 2536 5474 toto
2569 5420 2777 5489 priores
2804 5429 2951 5487 sunt,
2986 5422 3039 5475 in
3082 5423 3371 5491 generibus
3420 5431 3473 5477 et
3517 5422 3795 5490 speciebus

2208 5520 2391 5581 partes
2424 5520 2533 5565 toto
2566 5512 2918 5581 posteiiores.
2967 5511 3175 5568 Rursus
3203 5514 3254 5566 in
3288 5512 3599 5582 compositis
3625 5523 3792 5568 totum

2206 5602 2453 5671 partibus
2487 5603 2772 5670 posterius,
2816 5604 2870 5657 in
2901 5604 3181 5673 speciebus
3211 5613 3263 5659 ει
3304 5605 3592 5674 generibus
3623 5612 3789 5685 totum

2208 5697 2450 5768 partibus
2487 5697 2636 5765 prius
2662 5707 2778 5763 est;
2809 5713 2941 5770 ergo
2986 5699 3239 5769 quoniam
3274 5698 3437 5753 verba
3467 5707 3523 5754 et
3553 5700 3788 5761 nomina,

2208 5801 2387 5851 neque
2409 5783 2783 5844 afﬁrmationis
2851 5803 3022 5855 neque
3047 5787 3385 5857 negationis,
3418 5801 3591 5859 neque
3619 5802 3788 5844 enuti-
