4022 6332
263 332 369 403 457

1000 334 1067 391 IN
1106 335 1354 394 LIBRUM
1398 336 1484 395 DE
1525 328 2171 395 INTERPRETATIONE
2214 339 2438 397 EDITIO
2477 340 2815 400 SECUNDA.

3444 358 3555 416 458

266 443 525 507 tiationis,
556 460 730 514 neque
751 443 1011 501 orationis
1039 447 1247 516 species
1273 458 1449 521 erant,
1483 449 1576 506 sed
1608 449 1855 521 quaedam
1882 449 1932 509 Α
1963 449 2214 522 quoniam
2265 451 2515 510 novimus
2560 454 2692 511 alias
2740 471 2828 513 res
2871 471 3021 524 esse,
3068 460 3200 518 alias
3253 477 3359 521 non
3404 482 3551 539 esse,

267 534 460 591 horum
505 535 741 591 omnium
774 545 951 606 partes
974 537 1169 609 quibus
1212 539 1327 595 lucc
1355 541 1532 595 omnia
1560 539 1859 617 iungeren-

264 635 373 692 tur,
429 628 603 684 oratio
654 637 832 685 autem
885 645 1055 702 genus
1101 626 1509 703 enuntiationis,
1556 636 1857 711 enuntiatio

264 720 643 779 afﬁrmationis
670 734 725 780 et
752 723 1051 795 negationis
1074 767 1089 791 ,
1117 726 1407 783 affirmatio
1437 729 1580 797 prior
1613 711 1855 800 negatio-

264 828 358 892 ne,
387 814 591 871 scilicet
624 817 918 873 secundum
951 818 1305 888 prolationem
1330 860 1343 886 ,
1376 821 1517 876 sicut
1545 820 1658 892 ipse
1689 832 1855 877 testa-

267 887 353 966 tus
374 921 475 967 est.
510 911 647 982 Ergo
669 914 918 984 quoniam
945 915 1061 971 haec
1080 916 1283 980 omnia,
1309 924 1363 971 et
1384 916 1581 982 oratio,
1604 928 1660 972 et
1683 932 1855 973 enun-

266 1004 452 1069 tiatio,
481 1014 536 1061 et
557 1006 848 1062 affirmatio
872 1048 887 1075 ,
920 1015 973 1063 et
1009 1009 1222 1079 negatio
1254 1008 1433 1066 verbis
1465 1016 1521 1065 et
1545 1010 1855 1066 nominibus

265 1096 666 1168 conjunguntur
689 1136 705 1164 ,
736 1098 822 1154 liis
865 1100 1133 1170 omnibus,
1155 1101 1372 1158 nomina
1399 1112 1453 1158 et
1481 1104 1642 1157 verba
1676 1104 1854 1173 priora

266 1176 415 1244 sunt.
443 1188 673 1247 Nomine
696 1201 874 1247 autem
916 1207 1006 1249 res
1049 1201 1142 1249 aut
1184 1210 1279 1265 per
1326 1209 1384 1249 se
1415 1194 1734 1262 subsistens,
1764 1206 1857 1253 aut

268 1290 519 1354 tanquam
554 1298 650 1353 per
675 1298 736 1342 se
777 1284 1074 1358 subsistens
1100 1286 1453 1357 signiﬁcatur,
1484 1287 1650 1343 verbo
1666 1297 1854 1355 autem

266 1375 516 1432 accidens
554 1376 885 1447 designatur,
917 1387 974 1434 et
1011 1379 1155 1435 velut
1181 1380 1272 1436 alii
1300 1380 1572 1452 accidens,
1607 1368 1749 1453 quod
1789 1399 1855 1439 ex

266 1468 589 1536 supradictis
641 1471 856 1537 planum
889 1479 991 1538 est,
1021 1471 1166 1542 quod
1193 1482 1371 1529 autem
1399 1487 1497 1543 per
1520 1488 1581 1530 se
1608 1476 1856 1533 consistit

267 1559 417 1629 prius
463 1570 568 1616 est.
600 1560 741 1632 Ergo
778 1560 834 1617 id
861 1562 1003 1633 quod
1035 1560 1528 1634 nomen‘signiﬁcat
1579 1566 1728 1636 prius
1773 1576 1855 1624 est

267 1668 426 1724 quam
452 1653 507 1710 id
526 1654 670 1725 quod
692 1656 915 1712 verbum
935 1696 951 1723 ,
980 1671 1146 1726 quare
1171 1656 1337 1714 verbo
1359 1659 1507 1727 prius
1526 1668 1617 1735 est
1633 1674 1853 1716 nomen.

271 1743 420 1817 Ergo
466 1745 717 1818 quoniam
748 1761 944 1803 nomen
974 1760 1029 1804 et
1056 1748 1279 1805 verbum
1309 1749 1575 1818 oratione,
1612 1754 1856 1807 enuntiao

1964 551 2017 597 et
2052 542 2305 611 quoniam
2338 560 2436 599 nos
2467 546 2564 615 ipsi
2598 548 2776 605 dicere
2804 551 3072 620 possimus
3100 563 3157 610 et
3183 559 3389 614 sentire
3417 560 3552 619 alias

1964 619 2051 686 res
2080 648 2222 700 esse,
2255 634 2389 690 alias
2417 650 2522 693 non
2562 652 2701 694 esse.
2751 640 2829 696 Ex
2861 640 2946 698 his
2973 652 3199 715 quatuor
3222 650 3552 710 enuntiatio~

1962 721 2120 778 nibus
2149 722 2280 779 ﬁunt
2306 727 2533 795 geminae
2576 733 3024 790 contradictiones
3058 755 3071 790 :
3100 739 3143 793 si
3173 741 3292 811 quis
3318 743 3461 799 enim
3493 745 3548 801 id

1960 815 2099 883 quod
2125 826 2206 872 est
2232 817 2375 874 dicat
2403 835 2509 876 non
2541 835 2682 889 esse,
2713 834 2766 877 ut
2808 825 2854 879 si
2894 829 3105 885 vivente
3130 831 3353 889 Socrate
3380 834 3547 903 dicat,

1959 902 2206 961 Socrates
2244 923 2348 963 non
2374 908 2537 987 vivit,
2576 912 2717 982 quod
2757 924 2839 969 est
2877 928 3051 986 negat,
3097 929 3151 973 et
3192 922 3294 977 erit
3335 902 3549 997 negatio

1959 991 2121 1059 falsa;
2150 1011 2335 1052 rursus
2364 998 2409 1052 si
2446 1000 2565 1068 quis
2598 1001 2648 1056 id
2678 1004 2816 1072 quod
2847 1022 2949 1062 non
2980 1019 3062 1065 est
3089 1026 3210 1067 esse
3236 991 3542 1086 confirmet,

1959 1092 2015 1136 ut
2054 1083 2098 1138 si
2137 1099 2242 1140 non
2304 1088 2515 1144 vivente
2576 1091 2798 1151 Socrate
2863 1097 3022 1166 dicat,
3085 1104 3331 1163 Socrates
3390 1083 3545 1178 vivit,

1958 1173 2073 1232 hate
2131 1193 2319 1235 rursus
2357 1180 2643 1239 afﬁrmatio
2716 1185 2846 1243 falsa
2890 1202 2972 1246 est
3000 1210 3013 1258 ;
3042 1193 3087 1249 si
3117 1198 3234 1265 quis
3276 1200 3437 1258 etiam
3486 1173 3543 1259 id

1958 1270 2101 1339 quod
2129 1280 2212 1328 est
2267 1288 2388 1330 esse
2435 1279 2803 1337 enuntiatione
2831 1286 3155 1356 constituat,
3195 1303 3253 1346 ut
3281 1293 3326 1348 si
3361 1296 3543 1353 vivenc

1958 1369 2011 1417 te
2037 1362 2260 1422 Socrate
2287 1366 2451 1434 dicat,
2481 1369 2610 1426 vivit
2634 1370 2907 1443 Socrates,
2936 1392 3061 1433 vera
3093 1381 3197 1436 erit
3222 1383 3533 1444 afﬁrmatio.

1959 1451 2053 1508 Sin
2094 1470 2221 1512 vero
2252 1459 2395 1528 quod
2429 1476 2535 1516 non
2567 1471 2650 1518 est
2700 1480 2822 1522 esse
2875 1472 3170 1540 negaverit,
3217 1485 3300 1530 est
3329 1482 3545 1547 negatio

1960 1560 2103 1614 vera,
2138 1549 2264 1605 utsi
2292 1551 2413 1621 quis
2442 1568 2549 1609 non
2578 1555 2793 1614 vivente
2843 1557 3067 1618 Socrate
3103 1564 3265 1633 dicat,
3293 1567 3545 1628 Socrates

1962 1652 2066 1692 non
2098 1639 2249 1695 vivit.
2278 1642 2358 1697 Ex
2384 1640 2467 1699 liis
2491 1644 2649 1716 igitur
2672 1689 2687 1713 ,
2734 1649 2787 1704 id
2808 1658 2892 1706 est
2936 1668 3003 1708 ex
3031 1654 3389 1716 afﬁrmatione
3417 1676 3544 1719 vera

1960 1743 2013 1790 et
2041 1736 2324 1806 negatione
2370 1739 2520 1806 falsa,
2579 1752 2636 1798 et
2662 1760 2849 1801 rursus
2878 1763 2941 1802 ex
2989 1740 3272 1820 negatione
3320 1770 3445 1811 vera
3491 1768 3551 1813 et

267 1839 434 1906 “one,
482 1840 842 1899 afﬁrmatione
865 1852 922 1901 et
945 1845 1232 1916 negamus
1275 1846 1455 1916 prima
1493 1856 1642 1917 sum,
1678 1858 1853 1921 partes
1880 1824 1930 1889 Β
1961 1822 2333 1921 afﬁrmatione~
2376 1829 2535 1921 falsa,
2576 1834 2816 1903 jquatuor
2862 1837 3077 1907 quidem
3129 1850 3256 1896 sunt
3301 1845 3549 1901 enuntia-

265 1932 411 1988 enim
455 1932 661 2003 priores
694 1946 824 1992 sunt
864 1935 951 1993 his
978 1952 1099 2007 qua
1128 1949 1543 2010 componuntur,
1571 1940 1696 2012 jure
1739 1942 1855 1999 haec

264 2033 392 2080 ante
446 2027 629 2083 omnia
680 2027 902 2085 definita
954 2036 1102 2086 sunt.
1152 2029 1416 2099 Quoniam
1466 2048 1598 2090 vero
1655 2049 1853 2093 nomen

265 2114 417 2187 prius
439 2124 526 2173 est
554 2117 738 2185 verbo,
768 2118 914 2189 prius
942 2134 1163 2191 nomen,
1192 2131 1383 2193 postea
1411 2138 1541 2181 vero
1567 2124 1853 2182 difﬁnitum

266 2217 348 2264 est
395 2209 640 2266 verbum.
683 2208 791 2267 Sed
840 2212 1095 2282 quoniam
1139 2228 1300 2272 omne
1347 2209 1517 2289 genus
1570 2218 1855 2289 speciebus

263 2302 378 2359 suis
410 2303 555 2371 prius
582 2312 688 2372 est,
730 2314 852 2375 post
883 2306 1018 2375 haec,
1066 2308 1121 2364 id
1162 2319 1247 2366 est
1294 2324 1491 2368 nomen
1520 2322 1576 2369 et
1607 2314 1851 2383 verbum,

264 2396 563 2454 orationem
592 2396 912 2467 difﬁnitione
953 2399 1261 2471 descripsit,
1310 2416 1434 2473 qua:
1463 2413 1521 2460 et
1546 2405 1852 2475 proximum

264 2488 650 2546 enuntiationis
680 2505 849 2562 genus
899 2500 1065 2561 esset,
1105 2501 1162 2550 et
1198 2495 1448 2565 superius
1476 2496 1855 2555 afﬁrmationis

264 2592 320 2640 et
349 2583 691 2656 negationis;
743 2594 866 2655 post
889 2586 1192 2644 orationem
1242 2602 1371 2645 vero
1398 2590 1851 2660 enuntiationem,

267 2691 383 2748 quae
419 2690 542 2731 cum
576 2679 645 2732 sit
684 2681 892 2747 species
931 2680 1213 2749 orationis,
1256 2680 1631 2738 affirmationis
1673 2691 1852 2740 tamen

266 2774 317 2822 et
347 2766 646 2838 negationis
691 2775 838 2824 esset
876 2783 1065 2840 genus.
1108 2770 1237 2827 Post
1266 2773 1692 2829 enuntiationem
1723 2789 1853 2831 vero

266 2860 721 2929 affirmationem,
778 2877 897 2932 quae
957 2879 1258 2936 quanquam
1310 2867 1581 2936 negationi
1620 2882 1855 2939 azqumva

264 2955 475 3023 species
524 2963 671 3011 esset
724 2955 1021 3011 secundum
1070 2971 1239 3027 genus
1295 2960 1605 3029 proprium,
1666 2959 1719 3015 id
1770 2970 1855 3017 est

264 3045 717 3114 enuntiationem,
746 3047 799 3102 in
832 3047 1137 3118 prolatione
1160 3060 1338 3106 tamen
1360 3051 1511 3120 prior
1530 3059 1633 3119 est,
1656 3060 1714 3107 ut
1738 3051 1855 3123 ipse

265 3152 426 3209 supra
452 3138 566 3209 jam
595 3139 779 3195 docuit
803 3141 988 3197 dicens
1023 3158 1039 3197 :
1070 3141 1168 3197 Est
1188 3151 1366 3199 autem
1401 3158 1503 3199 una
1537 3144 1708 3215 prima
1731 3162 1854 3203 ora-

1959 1915 2153 1985 tiones,
2197 1918 2290 1974 sed
2320 1919 2373 1974 in
2404 1920 2613 1978 duabus
2638 1923 2953 1993 affirmatio,
2987 1929 3041 1983 in
3080 1928 3291 1989 duabus
3324 1937 3547 2007 negatio

1955 2010 2279 2068 continetur.
2304 2011 2777 2074 Contradictiones
2805 2035 2933 2075 vero
2958 2020 3099 2088 duce,
3131 2025 3232 2082 hoc
3272 2036 3355 2083 est
3399 2030 3545 2086 enim

1955 2100 2096 2172 quod
2126 2102 2201 2157 ait
2232 2121 2243 2156 :
2273 2103 2536 2174 Quoniam
2568 2116 2747 2165 autem
2777 2120 2860 2167 est
2887 2097 3170 2171 enuniiare
3200 2126 3256 2173 et
3295 2119 3437 2189 quod
3463 2130 3547 2179 est

1957 2205 2064 2246 non
2091 2206 2232 2259 esse,
2266 2192 2454 2252 falsam
2485 2199 2911 2258 enuntiationem
2944 2206 3245 2276 negationis
3271 2211 3547 2278 ostendit;

1956 2283 2204 2355 quodque
2239 2284 2462 2355 addidit,
2493 2300 2547 2346 et
2569 2292 2714 2363 quod
2740 2308 2847 2350 non
2878 2305 2961 2351 est
2992 2311 3134 2364 esse,
3170 2298 3359 2357 falsam
3401 2302 3551 2359 affir.

1958 2377 2249 2433 mationem
2301 2381 2353 2435 in
2390 2383 2763 2442 enuntiatione
2809 2388 3111 2459 proposuit.
3172 2390 3308 2448 Illud
3337 2407 3552 2465 quoque

1956 2467 2098 2540 quod
2130 2470 2289 2551 dixit,
2338 2484 2394 2529 et
2437 2474 2579 2546 quod
2618 2487 2699 2534 est
2724 2492 2865 2546 esse,
2893 2481 3318 2540 enuntiationem
3362 2500 3550 2544 veram

1957 2560 2223 2633 designat,
2249 2565 2372 2635 quia
2398 2565 2447 2620 id
2504 2568 2646 2638 quod
2703 2580 2786 2625 est
2833 2585 2954 2628 esse
3007 2589 3133 2629 vera
3186 2560 3551 2635 afﬁrmatione

1957 2653 2263 2725 profertur;
2306 2659 2538 2730 amplius
2566 2663 2707 2733 quod
2751 2664 2865 2731 ait,
2895 2676 2948 2722 et
2986 2668 3125 2738 quod
3155 2684 3260 2725 non
3311 2679 3396 2727 est
3439 2688 3551 2731 non

1957 2760 2098 2814 esse,
2139 2764 2281 2806 verae
2327 2753 2629 2823 negationis
2682 2758 2919 2825 speciem
2966 2758 3137 2815 dedit.
3180 2761 3357 2829 Quare
3401 2772 3456 2819 et
3500 2765 3552 2821 si

1956 2837 2100 2909 quod
2129 2848 2214 2895 est
2242 2856 2369 2897 vere
2404 2852 2581 2913 potest
2608 2844 2713 2901 dici
2748 2861 2889 2918 esse,
2921 2857 2977 2903 et
3017 2848 3069 2904 id
3118 2850 3262 2922 quod
3301 2861 3385 2909 est
3412 2852 3553 2911 falso

1961 2936 2141 3000 potest
2166 2929 2448 3000 praedicari
2476 2949 2584 2989 non
2610 2948 2755 3002 esse,
2803 2944 2857 2992 et
2901 2936 2956 2993 id
2984 2939 3126 3009 quod
3158 2954 3264 3013 non
3309 2950 3393 2998 est
3421 2958 3553 3001 vero

1958 3029 2136 3091 potest
2153 3022 2422 3078 enuntiari
2454 3038 2560 3080 non
2587 3039 2731 3093 esse,
2764 3035 2820 3082 et
2848 3026 2900 3082 id
2948 3027 3094 3098 quod
3139 3045 3246 3086 non
3290 3041 3373 3087 est
3414 3033 3552 3090 falso

1958 3123 2080 3167 esse
2112 3112 2311 3181 poterit
2341 3113 2624 3183 offirmari,
2650 3117 2992 3173 manifestum
3030 3131 3115 3175 est
3140 3136 3357 3179 omnem
3407 3125 3551 3182 affir-

269 3192 1053 3301 ;..'...1.;.;.;..;."..i;;.;;;i.,
1070 3192 1708 3306 agresta'gr's';
1723 3192 1855 3308 ira-
1881 3213 1931 3281 c
1962 3204 2263 3308 υταιίοηεω,
2276 3206 2478 3308 habere
2516 3208 2747 3281 διίειιιεηη
2802 3211 3282 3273 contradictionem
3313 3220 3554 3290 ηεεειίο-

261 3324 411 3382 ‘niam
441 3341 473 3381 a
497 3326 652 3382 nobis
680 3328 928 3398 superius
967 3327 1170 3384 dictum
1200 3338 1285 3384 est
1316 3329 1413 3384 has
1450 3344 1575 3387 eum
1619 3331 1856 3402 quinque

266 3433 355 3475 res
384 3419 619 3476 diffinire
662 3420 823 3489 velle,
872 3420 1000 3492 quid
1046 3422 1116 3476 sit
1139 3420 1324 3491 dictio,
1365 3424 1494 3493 quid
1536 3425 1852 3493 enuntiatio,

266 3509 394 3579 quid
442 3510 738 3567 afﬁrmatio
767 3554 782 3578 ,
834 3511 964 3582 quid
1015 3514 1255 3585 negatio,
1305 3512 1436 3583 quid
1476 3515 1852 3572 contradictio.

268 3602 569 3660 Dictionem
600 3604 723 3674 quid
756 3604 828 3659 sit
857 3604 1095 3661 ostendit
1122 3620 1217 3677 per
1244 3604 1298 3660 id
1320 3606 1460 3676 quod
1493 3606 1570 3661 ait
1603 3625 1619 3663 :
1649 3606 1855 3667 Nomen

270 3682 399 3767 ergo
411 3703 467 3752 et
479 3697 701 3752 verbum
726 3694 891 3752 dictio
914 3695 1107 3752 sitsola
1123 3737 1139 3763 ,
1164 3697 1588 3758 enuntiationem
1612 3713 1742 3756 vero
1763 3716 1859 3772 per

272 3791 324 3847 id
348 3792 495 3863 quod
516 3794 591 3849 ait
616 3812 628 3847 :
660 3793 759 3851 Est
785 3805 963 3851 autem
992 3795 1221 3867 simplex
1251 3796 1548 3855 enuntiatio
1576 3814 1679 3855 vox
1699 3800 1861 3873 signi-

269 3887 487 3943 ﬁcativa
527 3886 598 3944 de
618 3902 684 3945 eo
710 3887 853 3960 quod
885 3898 967 3946 est
988 3890 1190 3961 aliquid
1217 3890 1303 3948 vel
1338 3906 1444 3949 non
1467 3902 1570 3962 est,
1600 3878 1857 3966 quemad-

269 3982 489 4038 modum
522 3992 767 4053 tempora
793 3982 958 4039 divisa
990 3994 1155 4049 sunt,
1179 3984 1589 4044 afﬁrmationem
1613 4004 1742 4046 vero
1766 4004 1861 4061 per

268 4074 321 4129 id
350 4072 497 4145 quod
532 4073 611 4129 ait
641 4092 654 4128 :
692 4072 786 4129 Est
812 4081 990 4131 autem
1020 4074 1309 4133 affirmatio
1357 4079 1655 4136 enuntiatio
1694 4080 1861 4137 alicu-

272 4168 357 4239 ius
382 4171 453 4227 de
480 4169 695 4240 aliquo;
724 4171 1062 4241 negationem
1090 4186 1304 4243 quoque
1344 4171 1596 4229 diffinivit
1635 4174 1818 4230 dicens
1845 4193 1857 4229 :

271 4262 500 4335 Negatio
556 4278 687 4320 vero
732 4263 956 4336 alicujus
1002 4266 1301 4322 enuntiatio
1325 4267 1394 4322 ab
1445 4267 1645 4339 aliquo.
1680 4270 1863 4325 Restat

270 4370 402 4428 ergo
426 4357 497 4411 de
522 4356 946 4413 contradictione
975 4357 1265 4415 disserere.
1298 4357 1437 4427 Quid
1467 4359 1538 4416 sit
1566 4374 1696 4432 ergo
1724 4375 1861 4418 con-

272 4448 523 4504 tradictio
555 4447 674 4518 ipse
701 4449 1043 4519 prosequitur
1065 4449 1292 4507 dicens:

258 4574 261 4577 ν
344 4542 603 4607 Quoniam
638 4549 810 4595 antem
837 4550 911 4598 est
948 4543 1212 4598 enuntiare
1248 4544 1459 4615 etquod
1481 4552 1558 4630 es!
1595 4558 1696 4600 non
1733 4561 1860 4615 esse,

258 4641 318 4686 tet
348 4632 490 4702 quod
519 4647 621 4686 non
650 4641 724 4687 est
750 4648 877 4699 esse,
905 4643 953 4688 et
980 4635 1116 4703 quod
1145 4642 1220 4689 est
1257 4650 1388 4704 esse,
1420 4644 1468 4689 et
1496 4636 1632 4706 quod
1661 4653 1761 4691 non
1792 4648 1865 4693 est

275 4738 376 4777 non
423 4736 553 4787 esse,
600 4731 647 4776 et
676 4722 813 4776 circa
839 4738 898 4777 ea
925 4738 1038 4792 qua:
1065 4732 1181 4778 sunt
1207 4730 1353 4779 extra
1381 4740 1603 4794 promens
1633 4734 1865 4797 tempora

273 4812 511 4868 similiter
584 4828 731 4868 omne
786 4813 1033 4883 contingit
1138 4813 1275 4884 quod
1347 4817 1461 4885 quis
1541 4818 1864 4887 alﬁrmaverit

260 4921 487 4980 negare,
514 4906 717 4976 etquod
740 4905 995 4977 negaverit
1044 4905 1334 4976 animare;
1359 4922 1516 4977 quare
1540 4908 1863 4978 manifestum

274 5006 349 5052 at
388 4996 634 5065 quoniam
683 4997 821 5051 omni
871 4995 1196 5068 aﬂirmationi
1243 5000 1443 5070 negatio
1484 5009 1559 5054 est
1602 5002 1860 5071 opposita,

274 5094 326 5142 et
363 5087 507 5143 omni
544 5087 804 5160 negationi
839 5088 1108 5159 aﬁ'irmetio
1127 5129 1144 5157 ,
1183 5102 1232 5142 et
1269 5089 1335 5142 sit
1373 5088 1469 5143 hoc
1506 5086 1863 5158 contradictio,

260 5180 551 5253 nﬁrmatio
587 5190 638 5237 et
677 5182 877 5252 negatio
914 5184 1179 5253 opposita.

260 5322 263 5323 ν
366 5274 649 5345 Expeditis
691 5274 941 5331 omnibus
984 5288 1105 5345 quae
1149 5286 1270 5330 sese
1315 5272 1702 5344 explicaturum
1746 5288 1869 5332 esse
1956 5314 1959 5317 ν

260 5367 624 5441 promiserat,
660 5381 801 5423 nunc
837 5366 905 5422 ad
946 5366 1207 5437 reliquam
1250 5364 1457 5421 scilicet
1490 5364 1868 5422 contradictio-

280 5478 404 5520 nem
433 5460 625 5519 ordine
651 5461 820 5527 venit,
862 5472 1090 5530 eamque
1124 5457 1194 5513 ab
1229 5454 1675 5513 alfirmationibus
1705 5472 1869 5529 nega-

282 5554 626 5625 tionibusque
655 5550 859 5623 reperit
912 5549 1099 5607 dicens
1136 5547 1383 5605 omnibus
1426 5547 1901 5633 allirmationibus.

284 5662 444 5715 posse
475 5646 717 5717 prepriis
747 5643 1056 5715 negationes
1087 5640 1310 5711 opponi,
1342 5647 1397 5696 et
1428 5638 1677 5696 omnibus
1707 5654 1869 5712 nega-

286 5739 520 5795 tionibus
571 5737 812 5808 proprias
862 5748 1077 5806 quoque
1115 5745 1302 5788 rursus
1338 5745 1407 5787 ex
1445 5729 1677 5788 adverso
1722 5730 1869 5787 afﬁr-

287 5831 561 5891 tmtioncs
592 5843 746 5896 posse
783 5825 1063 5889 constitui;
1106 5825 1210 5904 hoc
1239 5830 1415 5882 autem
1456 5823 1582 5881 hinc
1618 5822 1868 5885 sumitur.

583 5944 844 6005 Ριτιοοιρ
897 5939 1112 6002 LXIV.

1850 5997 1997 6030 ,....‘:-I

1962 3294 2046 3350 nis
2075 3295 2399 3367 Oppositam,
2424 3307 2478 3354 et
2515 3314 2733 3357 omnem
2779 3318 2965 3359 rursus
3010 3307 3352 3377 negationem
3402 3311 3553 3368 afﬁr-

1962 3386 2211 3441 mationis
2238 3388 2577 3459 Oppositione
2601 3390 2782 3450 facere
2805 3395 3313 3456 contradictionem.
3336 3400 3554 3472 Etenim

1962 3472 2009 3527 si
2030 3489 2191 3531 omne
2216 3477 2359 3547 quod
2410 3478 2527 3547 quis
2561 3478 2797 3534 afﬁrmat
2840 3483 3025 3552 negari
3051 3488 3267 3555 poterit,
3308 3498 3362 3543 et
3408 3492 3557 3561 quod

1962 3563 2080 3632 quis
2112 3573 2269 3636 negat
2295 3566 2571 3633 afﬁrmari,
2604 3567 2724 3637 quis
2754 3568 3079 3627 dubitaverit
3113 3590 3211 3630 nec
3237 3576 3556 3635 afﬁrmatio-

1964 3667 2087 3711 nem
2133 3670 2292 3727 posse
2340 3657 2595 3712 constitui
2643 3660 2726 3714 cui
2780 3661 2993 3730 negatio
3046 3678 3149 3717 non
3196 3668 3555 3737 contradicat,

1965 3762 2065 3805 nec
2123 3749 2463 3818 negationem
2516 3750 2670 3818 cujus
2719 3754 2862 3806 nulla
2891 3753 3177 3810 affirmatio
3206 3758 3375 3813 raleat
3405 3759 3557 3816 inve~

1966 3844 2089 3900 niri.
2120 3844 2308 3901 Omnis
2332 3846 2493 3915 igitur
2532 3845 2819 3902 affirmatio
2850 3850 3206 3919 negationem,
3240 3860 3293 3906 et
3336 3852 3557 3924 negatio

1964 3930 2131 3992 habet
2158 3937 2460 4005 oppositam
2504 3938 2936 4005 afﬁrmationem,
2991 3950 3072 3995 est
3126 3942 3282 4011 igitur
3336 3953 3559 4000 contra!

1965 4029 2134 4086 dictio
2177 4029 2465 4086 afﬁrmatio
2508 4041 2560 4086 et
2590 4033 2803 4103 negatio
2854 4033 3134 4103 oppositm.
3178 4036 3314 4104 Quid
3371 4049 3553 4095 nutent

1965 4120 2034 4175 sit
2062 4121 2327 4191 oppositio
2382 4121 2647 4191 posterius
2700 4122 2985 4183 dicendum
3017 4133 3131 4188 est,
3181 4135 3272 4182 aut
3318 4127 3445 4197 quid
3482 4132 3556 4186 sit;

1965 4213 2319 4269 contradictio
2351 4224 2469 4283 post
2525 4214 2933 4286 diligentissima
2979 4218 3184 4274 ratione
3214 4222 3551 4278 monstrabo.
3610 4290 3613 4291 ν

1964 4302 2117 4371 Quod
2142 4312 2318 4360 autem
2349 4304 2444 4371 ait,
2477 4314 2532 4360 et
2562 4306 2702 4361 circa
2736 4322 2799 4389 ea
2821 4323 2941 4375 qua:
2976 4318 3099 4364 sunt
3128 4320 3277 4367 extra
3311 4328 3556 4382 prmsens

1969 4404 2230 4469 tempora,
2264 4399 2367 4455 tale
2396 4410 2477 4455 est
2501 4408 2753 4470 tanquam
2781 4400 2826 4456 si
2856 4401 3060 4457 diceret
3089 4422 3099 4455 :
3136 4402 3285 4461 Sicut
3312 4406 3583 4485 afﬁrtnag
3622 4418 3633 4449 η·

1967 4489 2042 4545 ιίο
2068 4500 2121 4545 et
2141 4491 2352 4562 negatio
2382 4492 2434 4546 in
2488 4493 2737 4561 praesenti
2786 4502 3029 4563 tempore
3079 4495 3194 4550 ﬁeri
3240 4509 3436 4568 potest,
3482 4502 3561 4559 ita

1886 4594 1944 4662 υ
1967 4587 2129 4643 etiam
2158 4589 2244 4644 vel
2287 4586 2341 4642 in
2368 4587 2639 4659 praeterito
2677 4586 2761 4642 vel
2793 4588 2844 4643 in
2863 4587 3043 4644 futuro
3080 4609 3091 4643 :
3130 4606 3252 4647 nam
3289 4594 3429 4649 sient
3462 4611 3565 4665 ρο-
3619 4581 3622 4584 ’

1978 4688 2081 4735 test
2121 4678 2173 4735 id
2209 4679 2350 4751 quod
2395 4689 2476 4735 est
2516 4694 2636 4735 esse
2677 4681 2963 4745 constitui,
2995 4680 3065 4737 ita
3106 4691 3280 4753 potest
3324 4683 3375 4740 id
3413 4685 3565 4756 quod

1974 4772 2071 4827 fuit
2097 4771 2262 4828 fuisse
2293 4771 2540 4843 preponi,
2571 4778 2628 4826 et
2660 4771 2711 4827 id
2753 4772 2894 4842 quod
2945 4772 3180 4829 futurum
3214 4784 3297 4832 est
3345 4777 3397 4832 in
3427 4779 3613 4860 spe‘"

1972 4866 2106 4918 cient
2137 4863 2295 4919 futuri
2348 4863 2606 4933 temporis
2631 4862 2909 4928 afﬁrmari,
2939 4872 2996 4919 ut
3046 4880 3165 4921 cum
3194 4867 3423 4924 dicimus
3461 4868 3564 4926 So-

1972 4963 2147 5010 crates
2177 4954 2295 5022 fuit,
2324 4953 2404 5009 sol
2433 4962 2620 5009 testate
2656 4953 2707 5008 in
2734 4953 2943 5010 Cancro
2973 4955 3180 5013 futurus
3209 4970 3309 5015 est.
3350 4957 3564 5015 Eodem
3608 4960 3635 5030 fy

1975 5048 2136 5105 modo
2162 5063 2291 5118 ergo
2318 5057 2373 5103 et
2402 5046 2470 5103 de
2501 5048 2679 5103 futuro
2699 5055 2751 5104 et
2780 5047 2850 5106 de
2881 5049 3153 5117 praeterito
3191 5049 3479 5107 afﬁrmatio
3508 5060 3579 5108 et“
3644 5110 3645 5113 η

1975 5140 2186 5213 negatio
2214 5139 2614 5197 constituuntur
2633 5184 2647 5207 ,
2678 5140 3128 5211 quemadmodum
3167 5140 3235 5196 de
3254 5134 3568 5212 praesenti:

1974 5234 2211 5290 futurum
2258 5240 2436 5289 autem
2482 5241 2540 5289 et
2582 5234 2914 5303 praeteritum
2968 5236 3303 5293 extrinsecus
3354 5247 3461 5306 est,
3511 5248 3575 5298 et
3648 5264 3651 5267 ·

1976 5334 2172 5397 prmter
2198 5339 2440 5397 praesens
2468 5333 2699 5399 tempus.
2733 5324 2867 5383 Illud
2895 5326 3037 5382 enim
3074 5328 3269 5395 veniet,
3300 5328 3429 5385 illud
3479 5342 3601 5411 rc~_
3654 5394 3655 5397 η

1977 5417 2162 5476 cessit.
2204 5416 2369 5473 Recte
2396 5416 2559 5488 igitur
2585 5426 2641 5473 et
2665 5418 2811 5474 circa
2838 5430 2898 5473 ea
2927 5432 3048 5490 quae
3076 5426 3201 5473 sunt
3227 5426 3377 5474 extra
3418 5434 3575 5491 prae-a

1978 5528 2105 5571 sens
2155 5506 2748 5583 tempora'hujusmodi
2778 5525 2937 5583 posse
2980 5511 3363 5568 afﬁrmationes
3404 5527 3575 5585 nega—

1976 5615 2256 5688 tionesque
2284 5610 2417 5671 dixit
2455 5615 2710 5679 evenire;
2739 5612 2883 5670 circa
2936 5612 3079 5669 enim
3132 5615 3462 5685 prateritum
3510 5620 3581 5687 et

1976 5717 2232 5785 futurum,
2259 5716 2399 5790 quod
2448 5725 2531 5774 est
2572 5715 2914 5772 extrinsecus
2941 5729 2972 5771 a
3015 5705 3267 5786 praesenti
3298 5700 3574 5793 tempore,

1975 5821 2225 5883 similiter
2252 5836 2414 5882 omne
2441 5819 2701 5891 contingit
2729 5819 2808 5889 (ut
2838 5819 2953 5901 ipse
2973 5820 3070 5891 ait)
3097 5821 3253 5903 quod
3276 5822 3397 5905 quis
3419 5820 3572 5899 Μῦες]

2018 5979 2093 6027 γρ,
3135 5936 3205 6000 ts
