2011 3166
879 167 933 195 ΔΝ.
955 167 1056 195 ΜΑΝΙ...
1077 166 1155 196 διν.
1175 166 1288 198 ωετῐι

1824 167 1879 199 ιω

239 223 355 252 moverit
365 230 476 260 negare,
499 228 527 251 et
555 223 624 258 quod
650 223 711 258 quis
726 223 864 259 negaverit
885 223 1033 259 afiirmare;
1049 224 1077 256 Α
1088 225 1204 259 negatio,
1221 226 1292 262 quod
1309 225 1448 254 constituit
1461 224 1617 254 affirmatio.
1632 225 1782 254 Aiﬂrmatio
1807 227 1879 256 enim

240 268 313 297 Inde
325 269 353 296 iit
367 275 394 295 nt
404 269 431 296 in
444 268 569 296 omnibus
584 270 749 303 temporibus
765 270 829 297 illttd
844 275 959 304 constet,
975 278 1034 297 ont-

241 315 454 343 niaiiirmationi
470 322 549 349 posse
573 316 672 350 opponi
696 316 878 350 negationem.
906 316 1033 351 omnique

241 361 375 396 negatinni
401 362 551 395 oppositam
578 362 783 390 aiiirntationetn
801 371 881 398 posse
895 364 1033 391 constitui.

240 406 318 436 Nune
331 412 419 434 autem
435 407 521 440 qualis
533 408 631 435 debeat
656 409 725 435 sumi
739 409 885 443 oppositio,
907 410 934 436 in
961 408 1035 436 amr-

241 453 358 480 lllzllitlne
371 457 398 480 et
412 453 554 487 negatione
567 454 584 481 d
596 459 745 489 intonstrat,
760 455 812 483 ltoc
826 455 897 483 enim
913 460 953 483 est
967 463 1035 484 con-

241 499 377 531 tradictio,
391 498 537 526 afﬁrmatio
550 505 577 527 et
592 501 698 535 negatio
712 502 852 535 oppesitte.
865 501 941 535 Quod
955 502 978 528 si
994 501 1035 529 Ita:

241 544 371 578 opposita-
382 546 549 572 cotntitunnt
573 546 828 580 contradictionem,
844 547 931 582 qualis
950 548 976 574 in
993 547 1036 576 his

240 590 337 618 debeat
347 598 407 619 esse
417 592 551 626 oppositio
561 599 621 627 quae
631 592 868 621 contradictionem
897 593 1037 621 constituit

239 641 314 664 recte
329 639 509 671 prosequitur.

277 682 341 709 Dico
353 688 437 709 autem
451 683 547 717 opponi
558 683 672 719 ejusdem
695 684 728 711 de
752 684 849 717 eodem,
878 693 928 712 non
950 689 1037 712 autem

239 729 382 763 cqttivoce,
398 733 420 755 et
430 737 588 765 quamcunque
597 735 687 757 cetera
707 730 797 758 talium
816 731 1036 759 determinatiimus

240 781 329 802 contra
343 776 495 810 sophistica:
517 777 732 812 importunitates.

275 820 341 847 Cum
355 820 461 848 duobus
476 821 599 849 terminis
614 823 728 857 simplex
744 821 895 856 propositio
918 825 1034 858 constet,

239 871 266 893 at
282 874 349 894 unus
363 867 501 902 subjectus
513 870 557 899 sit.
569 873 596 896 et
611 868 680 896 alius
693 869 853 903 pra-dicetur
870 876 878 902 ;
898 868 1036 903 subiectus

239 918 327 941 autem
344 916 380 942 sit
397 914 442 950 qui
458 916 559 949 primus
582 916 691 948 dicitur,
719 916 880 951 praedicatus
902 923 968 943 vero
990 917 1035 952 qtti
1050 908 1075 938 Β

239 962 389 996 posterius:
416 963 479 989 dicit
507 963 551 990 iis
578 963 749 998 oppositione
774 964 980 992 aflirtnationem
1008 969 1035 992 et

238 1006 408 1041 negationem
434 1009 566 1044 integrant
594 1010 759 1037 consuluere
783 1011 1034 1046 contradictionem,

238 1060 298 1086 quae
312 1054 382 1081 idem
397 1054 546 1090 subjectum
562 1056 693 1089 habeant,
710 1057 780 1085 idem
795 1057 876 1085 etiam
906 1058 1035 1092 praedica-

239 1102 308 1130 tutn.
324 1105 352 1127 ut
372 1108 460 1136 neque
482 1101 632 1137 subjectum
650 1111 736 1137 neqtte
759 1103 931 1137 pratdicatntn
958 1104 1035 1139 plura

238 1145 382 1180 signiticet,
399 1146 497 1182 alioqui
521 1156 573 1175 llOiI
603 1150 654 1176 eth
681 1149 858 1177 contradictio
882 1157 931 1177 nec
945 1150 1035 1184 aliqua

238 1194 373 1228 oppositio
386 1203 393 1210 -
408 1200 436 1222 ιιι
448 1203 508 1222 cum
523 1196 594 1230 dico,
609 1196 821 1229 Socratesaibns
843 1202 884 1225 est
895 1217 904 1230 ,
925 1202 952 1225 et
966 1198 1035 1225 alius

238 1238 313 1271 dicit,
334 1239 459 1275 Etltiops
472 1242 549 1269 albus
563 1249 616 1269 non
633 1247 685 1275 est,
711 1243 769 1270 lucc
783 1242 943 1270 afﬁrmatio»
955 1249 1035 1278 atque

238 1286 345 1324 negatio
383 1295 435 1314 non
473 1293 536 1316 sunt
571 1290 716 1324 opposita},
758 1290 861 1318 idcirco
893 1290 955 1325 quia
992 1294 1035 1318 est

236 1331 308 1359 aliud
323 1334 469 1367 subiectum
481 1335 589 1363 etidem
605 1336 792 1371 praedicatum.
806 1337 836 1365 in
849 1337 1034 1364 afﬁrmatione

236 1379 307 1405 enim
322 1380 447 1408 Socrates
463 1381 601 1417 subjectus
616 1383 673 1416 iuit,
700 1383 725 1410 in
740 1383 881 1418 negatione
895 1382 1033 1416 Etliiops.

236 1423 338 1452 Rursus
352 1433 411 1454 cum
425 1427 496 1458 dico.
513 1428 641 1456 Socrates
660 1429 737 1456 albus
760 1435 811 1462 est,
826 1434 853 1457 et
866 1429 936 1456 alius
957 1428 1033 1462 dicit.

235 1469 361 1498 Socrates
375 1471 553 1506 philosophus
575 1481 628 1500 non
641 1478 695 1506 est,
711 1478 760 1501 nec
775 1474 833 1501 ltazc
847 1481 939 1500 rursus
955 1481 1034 1508 nega—

234 1516 272 1542 tio
287 1522 380 1543 contra
396 1517 605 1546 ailirutationem
622 1519 720 1546 retittet
745 1520 956 1555 oppositionem,
969 1520 1032 1547 ideo

235 1562 297 1596 quia
319 1562 391 1589 aliud
414 1564 588 1598 praedicatum
615 1565 642 1592 in
668 1564 788 1599 utrisque
810 1565 977 1600 proponitur,
1006 1566 1034 1594 in

235 1606 415 1635 amrmatone
435 1609 505 1636 enint
530 1610 624 1637 album
651 1611 811 1646 prtediCaIur
833 1612 865 1638 ad
881 1612 1031 1648 Socratem,

234 1654 262 1683 ltt
278 1655 420 1690 negatione
435 1656 621 1691 philosophus.
641 1657 717 1692 Quod
738 1659 759 1685 si
780 1663 893 1694 utraque
915 1663 978 1686 sunt
992 1658 1033 1686 di-

234 1707 324 1733 versa,
341 1702 425 1729 tttttlto
438 1702 523 1738 magis
535 1704 607 1730 nulla
624 1704 653 1730 fit
676 1705 822 1739 oppositio,
844 1709 874 1732 ut
887 1712 947 1732 cum
970 1705 1033 1733 dico

233 1747 360 1777 Socrates
376 1748 488 1784 pltilosol
501 1750 550 1777 hus
565 1756 617 1784 est,
629 1750 652 1778 si
667 1751 831 1786 respondeat
850 1752 930 1785 alius,
955 1751 1033 1779 Plato

232 1795 372 1824 Romanus
388 1805 440 1824 non
466 1802 518 1831 est,
533 1797 579 1825 itic
600 1806 686 1833 tteqttc
709 1799 779 1826 idem
806 1799 954 1834 subjectum
978 1803 1030 1833 est,

233 1850 320 1879 neque
330 1844 399 1871 idem
414 1844 598 1879 praedicatum,
612 1849 640 1872 et
652 1845 709 1879 plus
721 1845 779 1872 ista:
790 1846 903 1874 diversa:
919 1850 989 1877 sunt.
1004 1849 1034 1874 et

233 1889 307 1916 nulla
323 1895 415 1916 contra
438 1898 467 1917 se
479 1891 648 1924 oppositione
675 1892 842 1926 compositw,
863 1896 943 1927 atque
971 1891 1034 1919 ideo

233 1938 347 1970 pOssunt
374 1939 494 1970 utrmque
517 1936 597 1962 simul
612 1943 673 1963 esse
697 1945 780 1969 verae,
800 1937 852 1964 etsi
875 1939 909 1963 ita
925 1936 1033 1964 contin-

233 1979 271 2016 git
283 1985 403 2016 utraeque
416 1981 496 2008 simul
513 1989 574 2009 es~e
599 1981 684 2014 falsae,
712 1990 760 2010 nec
786 1990 838 2010 non
865 1983 946 2010 etiam
978 1990 1031 2010 una

233 2032 307 2059 Vera,
321 2027 403 2054 altera
416 2027 492 2054 falsa.
505 2027 569 2060 Qttte
583 2028 654 2054 enim
671 2035 700 2055 se
716 2036 767 2055 non
795 2028 947 2063 perimunt,
965 2028 1032 2055 nihil

233 2080 280 2101 eas
294 2073 405 2108 impedit
419 2077 465 2100 aut
479 2078 608 2107 utrasque
623 2073 713 2106 falsas,
725 2078 771 2100 aut
786 2078 914 2108 utrasque
937 2081 1029 2109 veras,

233 2123 280 2146 aut
292 2126 371 2145 unam
384 2126 485 2152 veram,
502 2119 595 2146 ialsmn
605 2120 716 2147 alteram
727 2120 839 2155 reperiri
852 2129 858 2147 :
873 2127 957 2155 quare
968 2127 1033 2154 quo-

233 2170 293 2192 runt
307 2164 348 2191 vel
364 2164 436 2191 aliud
452 2165 601 2198 subjectum
624 2172 676 2199 est,
692 2166 733 2193 vel
749 2165 820 2192 aliud
845 2167 1029 2201 praedicatum,

233 2210 279 2238 illa
294 2210 420 2249 opposita
439 2217 499 2238 esse
514 2219 565 2237 non
581 2211 715 2243 dit-imus;
733 2212 803 2238 unde
818 2212 847 2238 iit
868 2216 897 2238 ut
923 2220 971 2239 nec
985 2211 1030 2239 illa

233 2264 340 2292 quoque
352 2264 412 2291 qttze
427 2258 502 2291 p'ura
515 2257 679 2291 significant,
702 2258 724 2284 si
754 2257 874 2291 subjecta
900 2262 946 2284 aut
963 2266 1031 2292 prm-

233 2302 322 2331 dicata
338 2303 401 2335 sint,
417 2298 652 2331 coiitradictoriam
678 2304 849 2338 negationem
864 2304 971 2332 valeant
982 2312 1030 2332 cu-

233 2348 346 2376 stodire.
359 2348 386 2375 Si
404 2350 463 2383 quis
476 2348 548 2375 enini
574 2356 671 2376 nomen
696 2349 863 2383 teqnivocnm
887 2349 1029 2384 subjiciat,

234 2399 261 2422 ct
276 2394 346 2421 aliui
361 2395 497 2429 prtcdicel,
520 2398 550 2421 ttt
563 2395 583 2422 si
606 2394 663 2430 quis
677 2399 769 2421 contra
785 2394 937 2430 hujnsmodi
958 2395 1032 2422 aiiir-

232 2440 379 2468 motionem
394 2442 536 2470 constituat
555 2442 736 2476 negationem,
761 2450 813 2469 non
843 2441 923 2469 faciet
948 2449 1030 2476 oppo-

233 2485 359 2514 sitionem
376 2492 497 2519 unicum
519 2487 590 2520 dico,
606 2487 674 2521 (lato
696 2495 726 2514 se
747 2486 831 2515 Utica:
854 2478 969 2519 occidit.
986 2494 1032 2514 no-

237 2542 298 2562 men
313 2534 444 2569 ltocqund
458 2534 555 2562 dicitur
577 2533 642 2562 Cato
670 2535 837 2570 :cquivocum
861 2540 912 2562 est.
937 2535 1032 2563 Potest

234 2582 307 2609 enim
322 2587 348 2609 et
363 2581 459 2609 Orator
474 2581 597 2618 intelligi,
614 2587 640 2609 et
653 2581 697 2609 hic
712 2582 757 2617 qui
780 2582 930 2609 exercitum
953 2581 1030 2611 duxit

234 2627 263 2655 in
279 2628 405 2655 Africam.
421 2628 447 2655 Si
463 2628 523 2662 quis
539 2629 618 2663 igitur
633 2627 716 2662 dicat,
731 2627 798 2654 Cato
813 2635 843 2654 se
854 2627 938 2654 Utica:
959 2629 1032 2655 occi-

204 2686 209 2691 -
233 2674 283 2709 dit,
298 2680 385 2709 petest
405 2674 517 2702 fortasse
542 2675 653 2709 intelligi
676 2674 709 2704 de
731 2674 833 2704 Catone
860 2673 975 2703 Marene.
1001 2674 1031 2702 Si

232 2722 293 2757 quis
307 2722 477 2755 respondeat,
490 2720 555 2747 Cato
565 2728 594 2747 se
607 2720 690 2747 Utica:
705 2727 756 2746 non
769 2718 878 2752 occidit,
892 2724 981 2753 potest
994 2720 1028 2748 de

232 2767 335 2794 Catone
350 2767 419 2794 Ceus
432 2767 478 2793 τεο
491 2765 661 2792 constituisse
680 2765 860 2799 negationem.
881 2764 933 2794 Sed
962 2773 1028 2800 quo.

231 2813 305 2841 niam
320 2813 442 2840 diversus
457 2817 498 2839 est
513 2811 578 2838 Cato
589 2810 733 2838 Censorius
747 2817 761 2836 a
782 2810 884 2838 Catone
910 2810 1027 2845 Marciae,

228 2864 263 2889 'ot
277 2867 374 2888 nomen
386 2860 471 2894 ipsum
491 2856 602 2885 Catonis
626 2856 731 2884 diversa
746 2856 895 2891 signiﬁcat,
911 2857 1026 2886 diversae

229 2913 250 2936 ι
263 2914 293 2935 se
306 2905 451 2934 affirmatio
461 2908 488 2931 et
499 2902 613 2937 negatio.
633 2902 665 2930 Et
678 2901 705 2930 id
718 2909 774 2931 non
788 2902 898 2931 omnino
919 2903 1028 2939 perimit

1086 272 1223 300 constituit
1237 273 1340 300 Marcia:
1354 273 1484 301 Catonem
1498 280 1530 301 se
1546 272 1630 300 Utica:
1656 273 1813 308 peremisse.
1828 274 1881 302 Ne-

1086 318 1157 353 gatio
1172 327 1237 347 vero
1249 320 1314 347 dicit
1327 319 1469 353 Catonem,
1489 319 1512 347 si
1526 319 1562 347 ita
1585 319 1727 355 contingit,
1740 320 1882 349 Oratorem

1087 371 1140 390 non
1154 371 1184 391 se
1199 364 1281 392 Utica;
1296 366 1452 399 peremisse.
1463 366 1552 400 Quare
1571 372 1624 392 non
1647 365 1813 393 constituunt
1829 373 1877 393 νεα

1089 416 1147 436 rom
1160 410 1230 437 inter
1244 417 1273 438 se
1286 411 1447 447 falsumque.
1473 411 1574 440 idcirco
1588 411 1658 446 quod
1673 418 1689 438 a
1713 419 1745 439 so
1768 411 1883 440 diversae

1087 459 1159 483 sunt.
1176 455 1241 482 Nam
1256 461 1400 492 utrumque
1424 464 1517 485 verum
1545 461 1597 490 est,
1611 461 1639 485 et
1665 457 1737 492 quod
1765 464 1796 485 se
1817 457 1884 485 Cato

1087 501 1171 530 Uticze
1181 502 1292 535 occidit,
1303 502 1407 530 scilicet
1423 501 1539 534 Muciae,
1556 507 1585 529 et
1594 502 1665 537 quod
1679 509 1709 530 se
1721 502 1790 529 Cato
1801 502 1884 530 Utica

1087 555 1142 575 non
1165 548 1272 580 occidit,
1294 548 1399 575 scilicet
1425 548 1532 580 Orator,
1547 552 1629 582 atque
1653 548 1696 576 hic
1717 549 1883 583 tequivqcum

1087 594 1237 629 subjectum
1251 595 1324 627 iecit,
1341 599 1371 621 ut
1384 593 1441 621 btec
1455 591 1604 621 afﬁrmatio
1627 597 1656 621 et
1677 594 1785 628 negatio
1799 601 1884 628 oppo-

1087 639 1215 667 sitionom
1230 640 1305 666 nullo
1316 639 1396 666 modo
1409 640 1616 667 constituerent.
1643 639 1718 673 Quod
1740 639 1763 666 si
1785 639 1877 674 pradi-

1087 690 1176 713 eatunt
1191 684 1464 719 fueritaequivocum,
1480 684 1575 712 eodem
1597 684 1681 711 modo
1704 685 1885 712 contradictio

1088 738 1142 758 non
1158 731 1198 759 lit.
1212 731 1287 758 Dicat
1296 731 1370 759 enim
1383 732 1535 766 quisquam.
1560 730 1626 759 Cato
1642 730 1719 758 fortis
1731 735 1785 763 est,
1813 736 1841 758 et
1853 731 1886 760 dt

1087 775 1189 803 Catone
1204 775 1331 810 praedicet
1341 775 1525 803 fortitudinem
1548 775 1664 808 mentis,
1688 774 1813 810 aliusque
1827 782 1886 803 res-

1088 823 1219 857 pondeat,
1230 823 1298 849 Cato
1313 822 1390 850 fortis
1402 830 1457 849 non
1472 825 1524 854 est,
1540 823 1574 849 ad
1596 821 1812 849 imbecillitatem
1828 829 1887 849 eor-

1088 870 1163 904 poris
1188 873 1327 904 spectans.
1350 869 1387 896 ita
1413 868 1495 903 igitur
1519 868 1698 903 a‘qnivocatio
1720 869 1887 897 fortitudinis

1088 915 1290 950 ambiguitatem
1306 915 1381 948 fecit.
1403 922 1466 950 qua
1478 915 1678 949 appetitionem
1692 915 1764 942 nulla
1781 917 1887 944 ratione

1088 965 1283 995 componeret:
1304 964 1333 987 et
1356 961 1381 987 si
1406 964 1520 994 uterque
1540 960 1671 987 terminos
1694 960 1835 994 subjectus
1861 965 1887 989 et

1089 1006 1251 1042 pradicatus
1262 1006 1393 1041 atquivoci
1409 1006 1518 1040 iuerint,
1529 1006 1615 1033 multo
1634 1006 1720 1040 magis
1731 1006 1851 1034 diverse
1874 1014 1888 1034 a

1088 1062 1119 1082 se
1133 1059 1214 1082 orunt
1225 1053 1423 1088 pnopositiones
1435 1058 1464 1082 ct
1477 1060 1532 1080 non
1544 1054 1676 1087 opposita
1689 1073 1698 1086 ,
1712 1061 1762 1080 nec
1775 1053 1888 1082 intona

1088 1109 1182 1129 verum
1208 1101 1360 1136 falsumque
1385 1100 1543 1128 dividentes
1555 1120 1564 1133 ,
1577 1100 1625 1128 sed
1648 1104 1776 1136 utrasque
1794 1108 1888 1133 veras,

1089 1147 1225 1176 intordtsm
1263 1152 1389 1181 utrasque
1419 1146 1503 1175 falsas
1529 1153 1593 1174 esse
1623 1146 1768 1181 contingit.
1798 1146 1888 1180 Quart

1089 1200 1171 1220 unum
1180 1197 1292 1227 operm
1303 1199 1363 1223 esse
1374 1191 1536 1227 subjectum,
1549 1198 1685 1226 unumque
1695 1191 1888 1226 pridie-tum,

1089 1244 1119 1266 ut
1132 1239 1159 1267 id
1174 1239 1248 1274 quod
1261 1239 1406 1267 afﬁrmatio
1420 1239 1574 1273 indicavit
1587 1243 1614 1266 et
1626 1240 1729 1273 iuuit,
1743 1239 1819 1266 idem
1843 1247 1889 1267 ne-

1087 1284 1161 1319 gatio
1174 1284 1275 1312 dit-idat
1284 1290 1314 1311 et
1329 1285 1468 1320 sbjungat,
1481 1290 1509 1312 et
1522 1284 1551 1312 id
1563 1284 1635 1320 quod
1659 1285 1692 1313 do
1705 1284 1833 1321 subjer
1854 1285 1888 1312 at

1089 1330 1207 1358 ﬁrmalio
1232 1330 1387 1365 praedicat-it
1412 1331 1446 1358 de
1460 1330 1560 1359 eodem
1579 1331 1687 1366 negatio
1713 1337 1806 1366 neget.
1823 1331 1889 1362 Nam

1088 1376 1111 1403 si
1126 1376 1161 1403 sit
1171 1382 1286 1411 uterque
1301 1377 1457 1412 aquivocus
1470 1377 1603 1404 terminus
1617 1381 1664 1404 aut
1675 1377 1789 1412 quilibet
1815 1385 1888 1405 unus

1087 1431 1194 1453 eorum.
1211 1424 1268 1450 iieri
1282 1428 1371 1458 potest
1384 1428 1414 1451 nt
1435 1423 1508 1450 aliud
1521 1423 1601 1451 tollat
1615 1423 1724 1459 negatio
1743 1431 1827 1458 quam
1850 1424 1888 1451 ιε.

1087 1469 1206 1496 ﬁrmatio
1220 1469 1320 1504 posuit.
1334 1469 1426 1504 itaque
1438 1469 1515 1497 nulla
1525 1470 1557 1496 tit
1570 1463 1717 1504 oppositio.
1730 1470 1823 1503 Quare
1835 1478 1887 1498 nos

1087 1514 1125 1542 ita
1136 1514 1291 1544 faciendum
1306 1520 1363 1549 est,
1377 1516 1426 1543 sed
1443 1516 1514 1543 idem
1527 1516 1677 1551 subjectum
1704 1521 1731 1544 et
1752 1517 1888 1552 pradica-

1088 1564 1146 1588 tntn
1160 1569 1187 1587 tu
1202 1561 1381 1589 afﬁrmatione
1394 1569 1457 1589 esse
1471 1561 1563 1595 debet,
1578 1562 1650 1589 idet-
1674 1562 1704 1589 in
1715 1563 1885 1598 negatione;

1047 1598 1074 1633 α
1089 1610 1170 1642 atque
1185 1607 1236 1634 boc
1248 1611 1290 1634 est
1310 1608 1383 1642 quod
1394 1608 1432 1635 ait
1445 1617 1451 1633 τ
1469 1608 1535 1635 Dico
1547 1613 1638 1636 autem
1653 1609 1752 1643 opponi
1764 1608 1888 1643 ejusdem

1084 1653 1122 1681 de
1132 1652 1238 1685 eodem,
1252 1661 1305 1681 non
1316 1659 1408 1681 autem
1423 1654 1572 1688 aquivoce.
1583 1654 1660 1688 Quod
1671 1653 1743 1681 ctum
1765 1654 1802 1681 ait
1815 1655 1888 1689 ejus-

1087 1699 1162 1731 dem.
1174 1699 1210 1727 ad
1228 1699 1401 1734 praedicatum
1414 1701 1519 1733 retulit,
1531 1701 1604 1735 quod
1614 1700 1648 1728 de
1661 1701 1757 1737 eodem
1772 1701 1807 1729 ad
1823 1704 1888 1730 sub-

1084 1746 1198 1782 jectum,
1211 1751 1238 1774 ot
1251 1747 1468 1777 subaudiendum
1481 1751 1535 1781 est,
1549 1748 1610 1775 dico
1623 1753 1714 1775 autem
1728 1748 1831 1783 opponi
1845 1756 1887 1777 no

1085 1792 1224 1827 gstionetn
1238 1792 1361 1828 ejusdem
1375 1793 1514 1828 prodicati
1524 1793 1559 1821 de
1570 1794 1667 1822 eodem
1688 1793 1826 1829 subjecto.
1837 1794 1887 1822 sed

1087 1846 1141 1866 non
1156 1839 1371 1872 sitttzequisoca,
1381 1847 1472 1874 neque
1494 1839 1656 1874 subjeaum,
1681 1847 1770 1875 neque
1786 1840 1887 1874 prtuli-

1084 1890 1187 1917 catnm.
1201 1887 1328 1914 ctutuito
1352 1887 1438 1920 magis
1456 1891 1581 1921 utraque.
1606 1887 1655 1915 sed
1675 1895 1760 1914 .nnunt
1783 1887 1887 1922 aliquid

1083 1931 1251 1966 signiﬁcent.
1264 1933 1341 1965 Quod
1357 1939 1405 1967 per
1420 1933 1471 1961 boc
1483 1933 1551 1961 dixit
1575 1933 1647 1969 quod
1662 1934 1708 1967 ait,
1723 1941 1780 1961 non
1790 1939 1886 1963 autem

1082 1978 1234 2013 ecquivoce.
1246 1986 1296 2008 nec
1309 1980 1368 2008 sola
1379 1980 1466 2008 sinon
1482 1980 1518 2008 sit
1531 1981 1719 2017 zeqttivocatio,
1730 1983 1887 2010 ratioﬁrma

1091 2027 1135 2052 est
1157 2023 1191 2051 ad
1215 2025 1432 2053 constituendam
1458 2027 1672 2061 .oppositionem.
1705 2027 1786 2055 llnlts
1809 2028 1889 2057 enim

1056 2071 1060 2075 ”
1084 2074 1148 2100 sunt
1176 2077 1237 2105 qua
1258 2071 1285 2098 in
1302 2072 1459 2106 sophisticis
1469 2072 1591 2100 elencbis
1602 2078 1697 2105 contra
1708 2080 1756 2101 eos
1770 2073 1817 2108 qui
1842 2082 1889 2103 ar-

1084 2117 1223 2151 mnentis
1246 2117 1388 2148 ialiaeibus
1422 2127 1494 2149 vero:
1518 2120 1631 2148 rationis
1654 2121 1726 2148 viam
1751 2126 1888 2150 conantur

1085 2167 1211 2190 evertere
1240 2163 1448 2197 determinavit,
1482 2166 1708 2200 quemadmodum
1751 2166 1887 2199 iacienda

1085 2215 1176 2237 essent
1191 2211 1410 2245 propositiones.
1430 2216 1458 2240 et
1470 2213 1698 2247 quemadmodum
1719 2213 1886 2243 invenienda

1084 2261 1158 2285 esset
1172 2262 1392 2296 argumentorum
1406 2258 1524 2292 fallacia,
1538 2260 1610 2292 quod
1624 2260 1668 2288 hic
1679 2261 1718 2287 ait
1732 2261 1785 2288 εει
1806 2269 1886 2296 qua:-

1085 2308 1191 2335 cunqtte
1202 2293 1302 2331 cte'tera
1333 2303 1428 2331 talium
1450 2304 1661 2334 deer-timus
1681 2312 1776 2334 contra
1789 2293 1886 2342 sopbi-

1084 2347 1166 2373 stieas
1176 2347 1404 2382 importunitatis,
1417 2355 1543 2384 unquis:
1555 2351 1576 2378 si
1585 2352 1710 2380 diceret:
1729 2353 1795 2381 Dico
1819 2355 1884 2388 qui-

1085 2390 1147 2421 dem
1161 2393 1261 2426 opponi
1275 2393 1481 2427 afﬁrmationem
1494 2398 1632 2432 negationi
1645 2398 1768 2432 ejusdem
1781 2400 1884 2434 pracdi-

1080 2439 1137 2466 .cati
1162 2439 1197 2466 de
1222 2440 1317 2468 eodem
1343 2441 1466 2474 subiecto
1480 2464 1489 2476 ,
1514 2444 1567 2472 hoc
1586 2449 1618 2476 et
1640 2452 1807 2480 quotcunque
1822 2447 1881 2479 alio

1085 2489 1158 2517 sunt.
1174 2492 1235 2519 qua:
1246 2485 1273 2512 in
1295 2486 1449 2521 sophisticis
1468 2488 1589 2523 eiuseius
1610 2490 1789 2519 determinat:
1816 2496 1883 2521 sunt

1083 2533 1177 2558 contra
1190 2537 1409 2565 argumentorum
1421 2533 1501 2568 iutpo't
1508 2534 1647 2563 tunitates.
1662 2537 1695 2564 Et
1706 2536 1755 2564 hic
1767 2538 1881 2572 quidem

1083 2575 1210 2609 quoniam
1225 2577 1297 2605 aliud
1324 2579 1458 2614 negotium
1473 2586 1542 2614 ent,
1568 2582 1788 2611 commodissime
1815 2584 1881 2616 ιφ

1083 2622 1205 2657 aitarens
1218 2624 1387 2658 perstrinxit.
1401 2625 1456 2654 Nos
1469 2632 1560 2655 autem
1582 2629 1647 2664 quid
1673 2629 1701 2657 in
1719 2629 1881 2665 sophisticis

1078 2668 1203 2697 etencbis
1213 2669 1438 2699 determinaverit
1446 2673 1481 2702 sd
1495 2676 1713 2703 cmstitucndam
1724 2677 1880 2712 oppositio-
1906 2670 1910 2675 ”

1079 2717 1127 2746 stis
1137 2717 1390 2751 contradictionem.
1405 2726 1534 2755 quantum
1559 2722 1677 2751 breuitas
1696 2724 1806 2759 patitur.
1821 2732 1877 2753 non

1078 2770 1227 2798 arantur
1239 2772 1388 2799 apponere.
1403 2766 1462 2794 Non
1474 2769 1548 2795 enim
1563 2769 1651 2797 solum
1660 2771 1684 2798 si
1699 2771 1877 2805 nquiruatio

1083 2811 1111 2838 in
1127 2812 1356 2847 propositionibus
1364 2813 1514 2843 collocetur
1533 2816 1606 2843 nulla
1628 2816 1659 2844 lit
1681 2817 1874 2852 contradictio,

1080 2865 1176 2886 verum
1200 2859 1281 2887 etiam
1303 2859 1326 2887 si
1355 2861 1508 2889 ttnivoeatio
1537 2862 1564 2890 in
1590 2863 1730 2899 negatione
1755 2865 1874 2900 ponitur,

1082 2905 1128 2933 lita
1150 2905 1290 2940 oppositio
1303 2907 1543 2936 contradictionem
1559 2909 1667 2944 penitus
1676 2917 1729 2938 non
1743 2910 1853 2939 habebit
1864 2918 1871 2926 ·

1184 2980 1242 2990 Λα.-.
1251 2977 1300 2985 ια’-ο
