3982 6334
190 384 311 475 461

934 385 999 441 ΙΝ
1039 382 1294 444 LIBRUM
1334 381 1423 438 DE
1464 372 2116 465 INTEBPBE‘I‘pTIONE
2156 374 2384 432 EDlTlO
2422 374 2754 433 SECUNDA.

3366 376 3475 437 162

191 456 455 561 estqenim
499 500 771 572 oppositio
811 501 1015 563 habens
1044 500 1550 567 contradictionem,
1580 499 1637 554 in
1680 509 1784 566 qua
1816 494 1871 556 Α
1894 491 2028 547 nihil
2051 490 2247 562 poterit
2270 492 2519 559 inveniri,
2545 492 2834 548 affirmatio
2876 499 3052 548 autem
3085 493 3233 563 ponit
3272 456 3472 566 aliquid

192 597 490 654 affirmatio
513 596 557 652 si
589 610 716 652 vera
745 604 849 665 est,
895 598 1108 668 negatio
1162 597 1295 652 falsa
1341 597 1434 662 sit,
1486 595 1531 650 si
1576 594 1789 664 negatio

192 705 327 746 vera
357 697 463 760 est,
489 689 646 751 fallax
693 688 982 746 affirmatio
1007 690 1271 746 videatur.
1316 687 1516 743 Positis
1548 700 1677 757 ergo
1703 698 1789 740 se-

145 790 153 795 ’
194 784 437 843 eundum
474 783 901 840 univocationem
925 782 1204 849 terminis,
1235 791 1490 852 utrasque
1542 776 1704 834 simul
1736 785 1790 833 et

196 875 614 941 affirmationem
643 885 698 933 et
724 878 1062 949 negationem
1093 891 1250 933 veras
1270 890 1392 931 esse
1412 870 1699 942 contingit,
1728 879 1788 925 ιιι

194 971 245 1026 si
274 971 393 1041 quis
412 969 556 1035 dicat
590 986 605 1023 :
662 968 835 1029 Homo
872 969 1134 1036 ambulat,
1178 968 1339 1045 homo
1369 982 1476 1021 non
1513 962 1784 1033 ambulat,
1824 956 1835 967 ’

192 1060 484 1121 imrmzttio
514 1062 583 1121 de
624 1063 854 1131 quodam
887 1062 1103 1118 homine
1147 1076 1274 1123 vera
1325 1068 1426 1124 est,
1458 1058 1674 1130 negatio
1720 1056 1787 1113 de

195 1157 418 1229 speciali
444 1167 698 1229 νει-δεδι,
730 1156 825 1225 sed
852 1156 1107 1227 specialis
1150 1155 1311 1210 homo
1341 1164 1397 1209 et
1447 1150 1788 1223 particularis

196 1248 425 1307 univoca
455 1257 602 1307 sunt.
624 1246 885 1314 Quocirca
908 1248 1136 1318 sumptis
1163 1246 1407 1302 univocis
1428 1242 1787 1300 contradictio

197 1353 308 1395 non
349 1339 408 1395 fit
442 1356 458 1394 :
487 1347 543 1393 at
574 1354 703 1395 vero
734 1322 832 1403 nec
853 1338 897 1394 si
925 1339 993 1409 ad
1017 1340 1175 1393 aliam
1203 1346 1257 1393 et
1285 1337 1445 1392 aliam
1462 1351 1668 1406 partem
1712 1333 1790 1389 af-

198 1429 435 1486 lirma=io
476 1432 803 1503 negatioque
844 1442 1095 1502 ponatur,
1150 1430 1208 1484 fit
1240 1430 1292 1484 in
1344 1427 1474 1497 ipsis
1528 1427 1632 1482 ulla
1678 1425 1791 1481 veri

199 1520 427 1593 falsique
481 1522 694 1587 divisio,
726 1522 819 1587 sed
851 1535 1107 1603 utrasque
1149 1536 1306 1577 veras
1335 1536 1456 1577 esse
1507 1519 1789 1589 contingit,

199 1604 260 1669 ιιι
296 1628 415 1671 cum
448 1613 569 1669 dico
599 1614 789 1671 oculos
812 1615 965 1671 albus
988 1624 1093 1678 est,
1120 1614 1311 1683 oculus
1357 1614 1514 1668 albus
1547 1627 1653 1667 non
1684 1619 1789 1666 est.

200 1702 259 1763 In
292 1706 393 1761 alia
424 1706 564 1785 enim
596 1716 749 1785 parte
777 1706 933 1761 albus
962 1718 1065 1774 est,
1092 1708 1142 1775 in
1167 1707 1268 1761 alia
1318 1706 1475 1761 albus
1521 1721 1626 1760 non
1662 1712 1744 1759 est
1774 1721 1787 1757 :

200 1807 365 1869 atque
386 1800 454 1854 ita
484 1811 536 1854 et
566 1801 779 1870 negatio
801 1816 925 1856 vera
958 1812 1061 1868 est,
1090 1808 1144 1856 et
1174 1799 1484 1859 affirmatio.
1520 1814 1618 1853 nec
1654 1796 1696 1852 si
1726 1795 1793 1850 ad

1892 598 2037 651 esse,
2061 584 2311 656 idemque
2332 585 2507 642 aufert
2538 586 2771 657 negatio.
2799 595 2954 641 etest
2992 587 3346 642 enutradictio
3392 589 3474 645 af-

1892 679 2126 736 firmatio
2146 690 2200 737 et
2219 679 2432 749 negatio
2447 681 2730 752 oppositae,
2756 680 2875 735 talis
2903 681 3174 752 oppositio
3213 687 3473 753 integram

1891 772 2021 829 facit
2048 774 2548 841 contradictionem,
2582 774 2637 829 in
2682 789 2786 844 qua
2840 774 3130 829 affirmatio
3156 783 3211 830 ει
3263 776 3478 843 negatio

1891 878 2138 939 utrmque
2178 883 2319 924 verte
2368 867 2530 923 simul
2553 881 2677 923 esse
2701 883 2808 923 non
2844 877 3091 938 possunt.
3151 866 3480 923 Aflirmatio-

1893 961 1978 1016 nis
2000 969 2180 1015 autem
2207 960 2612 1031 negationisque
2637 970 2829 1015 natura
2848 961 2914 1014 ad
2940 944 3252 1031 qualitatem
3285 977 3478 1031 quam-

1893 1053 2016 1109 dam
2044 1053 2297 1109 refertur.
2331 1054 2571 1121 Qualitas
2599 1053 2743 1109 enim
2786 1056 3029 1126 quendam
3082 1064 3167 1111 est
3191 1056 3479 1112 affirmatio

1893 1155 2055 1215 atque
2101 1145 2356 1215 negatio,
2414 1155 2611 1217 praeter
2656 1146 2793 1201 hanc
2854 1162 2983 1201 vero
3034 1148 3347 1218 qualitatem
3397 1159 3482 1203 est

1895 1239 2060 1295 etiam
2104 1242 2373 1311 quantitas
2429 1242 2889 1313 propositionum,
2937 1242 3005 1297 de
3059 1257 3160 1311 qua
3211 1241 3481 1313 posterius

1896 1329 2056 1400 paulo
2087 1330 2375 1387 dicendum
2431 1340 2534 1387 est.
2592 1331 2700 1389 Sed
2759 1333 2943 1388 volens
2998 1333 3313 1389 Aristoteles
3351 1333 3479 1405 quid

1897 1431 2042 1477 esset
2069 1422 2427 1478 contradictio
2452 1438 2550 1479 nos
2575 1422 2795 1490 docere,
2829 1424 2975 1493 prius
3005 1425 3092 1479 ubi
3123 1434 3268 1482 esset
3298 1437 3481 1483 osten-

1897 1512 1998 1568 dit.
2030 1514 2084 1569 In
2141 1519 2483 1587 oppositione
2537 1520 2681 1573 enim
2732 1518 3213 1573 contradictionem
3264 1536 3481 1577 omnem

1898 1621 2123 1663 necesse
2146 1618 2397 1665 estesse.
2422 1610 2601 1677 Quare
2648 1611 2902 1681 quoniam
2929 1611 3283 1667 contradictio
3312 1613 3362 1666 in
3397 1628 3486 1683 op.

1900 1699 2169 1768 positione
2196 1714 2276 1756 εει
2302 1742 2319 1767 ,
2349 1703 2523 1772 qualis
2568 1714 2749 1759 autem
2789 1705 3054 1776 oppositio
3102 1705 3241 1762 hanc
3270 1716 3488 1761 contra-

1901 1794 2191 1852 dictionem
2216 1795 2377 1852 faciat
2432 1798 2608 1853 adltut.
2647 1801 2823 1869 ignota
2852 1810 2953 1855 est.
2986 1798 3188 1867 Estque
3234 1800 3350 1856 lucc
3394 1816 3490 1871 op-

198 1891 345 1951 aliud
375 1901 536 1965 atque
557 1893 698 1948 aliud
725 1893 967 1950 referens
1010 1894 1176 1959 dicat,
1209 1895 1352 1947 "una
1408 1892 1535 1947 inde
1575 1899 1785 1946 cnnfra-
1822 1882 1872 1944 Β
1901 1895 2095 1963 positio
2122 1906 2211 1951 aut
2241 1896 2291 1953 in
2320 1897 2581 1967 qualitate
2632 1899 3054 1970 oppositionmn,
3080 1912 3168 1955 aut
3222 1901 3273 1955 in
3323 1918 3492 1969 quan-

198 1982 366 2040 dictio
389 1995 723 2054 procreatur,
770 1998 828 2041 ιιι
870 2002 992 2045 cum
1050 1986 1193 2054 dico,
1236 1989 1421 2041 decem
1451 1985 1598 2055 dupli
1640 1992 1787 2052 sunt,

198 2074 388 2133 decem
416 2077 565 2153 dupli
590 2092 694 2133 non
717 2090 863 2135 sunt.
885 2078 1017 2159 Nam
1043 2079 1087 2134 si
1110 2078 1174 2141 ad
1200 2079 1502 2155 quinarium
1534 2078 1787 2143 referam,

198 2164 327 2223 vera
350 2178 431 2223 cst
455 2165 762 2236 affirmatio,
791 2170 835 2225 si
866 2170 933 2224 ad
964 2171 1233 2227 senarium
1268 2186 1391 2225 vera
1422 2171 1657 2239 negatio,
1690 2182 1792 2223 nec

198 2258 246 2313 si
276 2259 544 2314 diversum
577 2268 787 2328 tempus
813 2258 865 2315 in
890 2260 1249 2315 affirmatione
1276 2275 1339 2314 ac
1388 2259 1674 2330 negatione
1700 2273 1794 2312 su-

199 2361 400 2418 matur,
430 2360 489 2406 ut
514 2365 636 2407 cum
665 2352 804 2418 dico,
856 2353 1105 2409 Socrates
1162 2355 1332 2423 sedet,
1381 2352 1634 2408 Socrates
1683 2366 1791 2405 non

200 2443 519 2501 sedet.Alio
546 2445 691 2521 enim
751 2456 992 2516 tempore
1043 2458 1314 2520 sumptum
1362 2448 1554 2503 si-dere
1615 2459 1792 2500 veram

201 2535 330 2594 facit
358 2538 796 2603 affirmationem,
829 2540 936 2594 alio
971 2522 1210 2611 tempore
1234 2557 1341 2596 non
1371 2541 1561 2595 sedere
1609 2554 1791 2594 veram

202 2628 331 2685 facit
359 2631 722 2701 negationem.
754 2632 992 2701 Amplius
1023 2647 1236 2707 quoque
1282 2632 1328 2688 si
1385 2634 1602 2688 diverso
1633 2632 1795 2688 modo

202 2720 328 2792 quis
348 2708 489 2778 dicat
513 2725 564 2778 in
595 2725 877 2795 negatione
904 2724 1041 2797 quod
1066 2725 1175 2797 jam
1205 2726 1256 2780 in
1289 2726 1643 2779 affirmatione
1673 2739 1796 2795 pro-

205 2816 406 2886 posuit,
438 2817 542 2871 vim
574 2819 1015 2875 contradictionis
1072 2804 1366 2887 intercipit.
1408 2819 1463 2874 Si
1496 2821 1615 2889 quis
1644 2820 1792 2876 enim

202 2908 352 2963 dicat
381 2909 790 2965 affirmationem
816 2919 1098 2991 potestate,
1129 2898 1462 2991 negationem
1496 2898 1792 2976 veroactn,

200 3012 438 3071 possant
484 3002 767 3057 affirmatio
815 3012 871 3060 et
917 2988 1131 3076 negatio
1206 3019 1312 3058 uno
1369 2988 1610 3074 tempore
1666 3019 1795 3058 con-

198 3103 436 3163 gruente
450 3094 667 3152 veritate
682 3095 965 3162 constitui;
991 3096 1102 3151 utsi
1117 3097 1236 3164 quis
1250 3094 1391 3151 dicat
1405 3098 1612 3151 catulus
1625 3095 1791 3164 videt,

202 3185 420 3238 catulus
452 3200 555 3240 non
595 3187 756 3254 videt,
788 3198 1056 3260 potestate
1088 3188 1234 3244 enim
1275 3190 1442 3254 videt,
1491 3200 1613 3245 actu
1664 3203 1795 3243 vero

1902 1985 2077 2052 titate,
2112 1997 2205 2042 aut
2232 1987 2286 2042 in
2316 1997 2565 2060 utroque,
2598 2000 2658 2047 et
2686 1991 2753 2047 de
2783 1992 3043 2064 qualitate
3068 1994 3488 2063 propositionum

1900 2095 2021 2150 qua:
2050 2079 2105 2134 in
2135 2080 2495 2137 affirmatione
2540 2091 2597 2140 et
2650 2090 2933 2155 negatione
2976 2088 3244 2151 consistit,
3286 2082 3490 2145 dictum

1900 2182 2003 2228 eat.
2056 2171 2206 2229 Nunc
2232 2174 2298 2229 de
2326 2177 2624 2247 quantitate
2650 2178 2877 2245 dicetur,
2903 2188 2959 2234 ιιι
2988 2166 3283 2252 εειήιιοιιιιε
3310 2182 3493 2254 cogni-

1901 2276 1953 2321 ta
1986 2267 2345 2338 perspiciatur
2388 2286 2456 2326 an
2488 2273 2539 2326 in
2570 2274 2845 2343 qualitate,
2882 2290 2948 2328 an
2976 2275 3025 2328 in
3057 2277 3391 2347 quantitate,
3422 2291 3490 2332 an

1902 2360 1957 2447 in
1984 2371 2220 2439 utroque
2244 2365 2672 2435 propositionum
2702 2360 3057 2424 contradictio
3088 2371 3179 2428 sit.

1920 2444 1945 2451 ”
2023 2471 2093 2511 ne
2131 2471 2403 2513 SUBJEC‘I’IS
2443 2476 2510 2515 ετ
2548 2476 2874 2519 ιδιιευιειιτιε
2915 2479 3363 2522 estvu'rtntosuu.

1876 2586 1877 2589 η
1956 2545 2214 2614 Quoniam
2228 2557 2396 2606 autem
2411 2562 2527 2604 sunt
2538 2553 2647 2606 haec
2661 2554 2864 2626 quidem
2877 2573 2946 2609 rei
2962 2573 3043 2608 um
3063 2574 3130 2609 τινι
3144 2560 3387 2626 Διιενιιιιιῑη,
3403 2559 3495 2614 illa

1903 2653 2021 2692 vero
2050 2640 2360 2711 singularia.
2387 2640 2515 2696 Dira
2532 2642 2701 2697 autem
2729 2647 3013 2701 universale
3025 2648 3160 2714 quod
3173 2648 3234 2701 de
3264 2649 3495 2718 pluribus

1903 2740 2079 2783 natum
2101 2739 2174 2786 est
2200 2734 2495 2805 pradicari,
2515 2734 2782 2804 singulare
2804 2754 2937 2801 vero,
2963 2740 3098 2806 quod
3120 2756 3244 2805 non,
3262 2751 3315 2792 ut
3344 2742 3497 2795 homo

1901 2823 2109 2894 quidem
2133 2825 2415 2880 universale
2435 2838 2529 2881 est.
2559 2825 2711 2882 Plato
2734 2844 2849 2883 vero
2878 2846 3050 2883 eorum
3080 2848 3191 2900 qua:
3211 2832 3499 2903 singularia

1901 2925 2041 2969 sunt.
2070 2915 2286 2971 Necesse
2305 2927 2377 2971 est
2400 2930 2572 2972 autem
2594 2921 2861 2975 enuntiare
2886 2925 3123 2993 quonia-n
3148 2924 3277 2979 inea!
3298 2926 3497 2998 aliquid

1903 3017 1995 3060 aut
2017 3023 2138 3071 non,
2160 3008 2430 3080 aliquoties
2453 3012 2656 3079 quidem
2677 3028 2852 3067 eorum
2880 3014 3037 3067 alicui
3058 3032 3173 3085 qua:
3190 3016 3497 3071 universalia

1903 3109 2044 3183 sunt,
2067 3102 2339 3173 aliquoties
2356 3115 2527 3158 autent
2547 3106 2702 3159 alicui
2729 3123 2901 3160 eorum
2926 3119 3169 3180 quwsaut
3190 3109 3492 3183 singularia.

1975 3191 2163 3249 Omnis
2194 3196 2489 3265 propositio
2518 3197 2929 3269 significationis
2972 3216 3082 3253 sua:
3117 3200 3497 3271 proprietatem

204 3293 319 3334 non
353 3278 515 3334 videt.
541 3279 801 3349 Quocirca
834 3290 1048 3351 Oportet
1075 3283 1188 3337 fieri
1212 3283 1256 3337 si
1283 3282 1525 3339 facienda
1558 3291 1641 3339 est
1663 3299 1803 3340 con-
1826 3276 1875 3353 ς
1906 3297 1972 3338 ex
2004 3284 2263 3355 subjectis
2290 3287 2649 3345 intellectibos
2678 3289 2842 3362 capit.
2864 3291 2967 3346 Sed
2999 3294 3252 3362 quoniam
3278 3309 3501 3350 neces-e

206 3371 462 3428 tradietio
481 3374 724 3445 ejusdem
775 3376 857 3447 (ut
890 3368 1003 3446 ipse
1049 3375 1144 3446 ait)
1188 3376 1460 3446 praedicati
1496 3377 1564 3431 de
1611 3368 1802 3432 eodem

207 3464 481 3538 subjecto,
527 3483 630 3522 non
663 3460 961 3538 :cquivoce,
1008 3456 1404 3541 s'edounivoce,
1460 3470 1525 3524 ad
1556 3470 1804 3525 eamdem

209 3570 523 3633 partem,et
547 3561 614 3617 ad
646 3546 787 3618 idem
813 3563 1063 3627 relatum,
1097 3563 1163 3618 ad
1190 3563 1436 3635 idemque
1470 3572 1701 3632 tempus,
1752 3574 1806 3618 et

210 3654 406 3710 eodem
438 3652 601 3709 modo
646 3656 922 3710 constitui.
976 3656 1107 3725 Quae
1165 3656 1345 3710 omnia
1388 3655 1442 3710 in
1494 3655 1806 3726 Sophisticis

209 3743 456 3802 elencltis
483 3745 893 3817 diligentissime
941 3756 1255 3817 prosccutus
1279 3756 1380 3801 est.
1431 3746 1584 3802 Nunc
1640 3762 1805 3815 pauca

212 3832 648 3892 commemorans
672 3836 878 3891 distulit
904 3838 952 3891 in
987 3837 1093 3891 illis
1142 3836 1292 3893 lihris
1336 3840 1596 3909 integram
1625 3838 1808 3910 dispu-

211 3928 499 3983 tationem.
532 3927 629 3983 Est
658 3939 833 3984 autem
866 3929 1255 4009 cnuntiatiode
1286 3946 1351 3984 eo
1379 3931 1523 4000 quod
1572 3941 1655 3986 est
1706 3930 1808 3986 ali-

210 4020 344 4091 quid
376 4035 516 4086 esse,
550 4022 636 4077 vel
688 4037 794 4075 non
834 4037 991 4087 esse;
1038 4004 1332 4077 affirmatio
1378 4024 1591 4093 quidem
1632 4023 1700 4078 de
1741 4038 1807 4079 eo

214 4111 364 4184 quod
388 4120 471 4165 est
497 4126 635 4176 esse,
658 4121 715 4166 ut
741 4113 893 4167 Plato
917 4113 1263 4183 philosophus
1286 4123 1365 4168 est
1390 4131 1405 4177 ;
1435 4114 1648 4185 negatio
1678 4126 1809 4169 vero

213 4204 293 4260 de
323 4219 388 4261 eo
410 4205 551 4276 quod
584 4215 663 4261 εει
696 4224 801 4262 non
833 4222 974 4274 esse,
1024 4219 1078 4262 ut
1129 4207 1284 4263 Plato
1315 4208 1668 4278 philosophus
1701 4225 1806 4264 non

211 4304 325 4354 est.
362 4296 485 4353 ilzec
512 4309 735 4367 utraque
788 4301 1086 4355 enuntiatio
1127 4300 1275 4355 Plato
1305 4301 1652 4371 philosophus
1700 4310 1804 4368 est,

211 4390 371 4448 Plato
393 4391 743 4461 philosophus
768 4408 873 4447 non
897 4403 999 4455 est.
1027 4409 1148 4448 sese
1175 4394 1493 4463 perimentia
1525 4401 1581 4447 et
1612 4393 1663 4447 in
1687 4384 1809 4447 con-

212 4483 441 4539 trarium
474 4484 624 4551 quasi
648 4483 879 4552 quodam
924 4483 1099 4539 locata
1141 4485 1311 4554 litigio
1354 4482 1556 4538 faciunt
1594 4492 1810 4537 contra-

214 4572 536 4630 dictionem.
572 4564 939 4633 Coutradictio
962 4592 1092 4631 vero
1126 4586 1207 4629 est
1257 4576 1526 4646 oppositiu
1570 4575 1809 4629 affirma-

212 4664 386 4720 tionis
415 4675 470 4721 et
493 4667 815 4738 negationis,
846 4667 899 4721 in
929 4682 1029 4738 qua
1064 4682 1239 4738 neque
1278 4668 1463 4721 ambas
1490 4666 1650 4722 falsas
1672 4708 1685 4731 ,
1717 4682 1815 4721 ne-

214 4772 327 4829 que
349 4759 536 4813 ambas
566 4773 719 4813 veras
766 4774 885 4814 esse
916 4754 1211 4831 contingit,
1238 4759 1332 4813 sed
1390 4773 1552 4812 unam
1594 4772 1811 4828 semper
1834 4756 1847 4769 ‘

214 4860 429 4913 veram,
458 4850 681 4905 alteram
709 4864 839 4904 vero
868 4849 1077 4905 falsam.
1113 4850 1167 4907 Si
1192 4866 1291 4919 qua
1324 4859 1502 4903 autem
1556 4858 1681 4904 sunt
1709 4847 1811 4903 bu-

214 4937 477 5010 jusmodi,
511 4940 564 4995 in
596 4939 789 5010 quibus
815 4955 999 4997 verum
1033 4941 1334 5010 falsumque
1374 4941 1666 4996 affirmatio
1717 4955 1813 4995 ne—

206 5028 475 5105 ‘gatioque
510 5046 618 5089 non
674 5028 927 5101 dividat,“
959 5026 1010 5088 in
1044 5035 1150 5091 illis
1176 5033 1373 5105 aliquid
1416 5035 1712 5104 diversum,
1759 5043 1814 5090 et

217 5140 331 5182 non
358 5126 425 5183 ad
470 5127 864 5199 oppositionem
898 5128 1166 5201 integrum
1217 5128 1509 5199 reperitur.
1546 5128 1683 5184 Dicit
1718 5122 1816 5182 nn-

221 5228 331 5274 tem
360 5218 694 5293 Porphyrius
717 5229 1093 5291 argumentum
1121 5235 1244 5277 esse
1292 5219 1359 5275 ad
1389 5218 1439 5275 id
1487 5219 1628 5291 quod
1683 5219 1819 5275 dici-

220 5326 345 5367 mus
372 5311 784 5368 affirmationem
813 5313 1083 5385 negatinni
1106 5308 1177 5368 ita
1208 5304 1462 5384 oportere
1494 5312 1715 5383 opponi,
1759 5321 1816 5367 ut

220 5419 330 5460 una
352 5420 473 5461 vera
507 5405 752 5477 Opposita
784 5406 839 5461 in
893 5406 1116 5461 alteram
1174 5421 1302 5460 mox
1357 5403 1562 5459 falsitas
1612 5405 1815 5474 veniat,

221 5510 564 5554 communem
612 5499 755 5554 inter
807 5513 905 5554 nos
956 5478 1407 5575 consuetudinem
1453 5496 1815 5564 colloquendi.

220 5592 451 5659 Quando
472 5592 614 5648 enim
638 5594 760 5664 quis
791 5589 997 5663 aliquid
1029 5604 1149 5645 esse
1192 5587 1395 5645 dixerit
1419 5596 1475 5644 et
1496 5586 1638 5644 idem
1684 5588 1819 5643 alios

225 5686 524 5758 negaverit,
582 5702 747 5743 unum
805 5685 1050 5757 ipsorum
1082 5680 1267 5740 verum
1316 5682 1550 5763 dicere,
1605 5682 1823 5737 mentiri

225 5780 391 5837 alium
419 5783 781 5853 suspicamur.
805 5780 1050 5855 Amplius
1077 5794 1315 5854 quoque.
1368 5776 1429 5839 Si
1478 5770 1677 5849 aliquid
1730 5785 1824 5831 aut

198 5960 203 5965 ι
232 5893 340 5947 est.
382 5894 471 5939 aut
502 5900 607 5961 non
633 5862 1110 5955 εειξιηεάἱιιωριιε
1152 5883 1300 5965 inter
1326 5872 1447 5942 esse
1473 5888 1529 5939 et
1556 5880 1672 5938 non
1702 5891 1823 5937 esse

1202 6014 1347 6045 "ﬁ"
1402 6016 1558 6042 ,ιιι-»οι
1602 6012 1692 6031 "'"‘

1910 3388 1994 3433 est
2031 3379 2337 3435 intellectus
2368 3397 2547 3438 rerum
2592 3398 2715 3439 esse
2754 3382 3150 3447 similitudines,
3185 3386 3267 3441 vis
3302 3401 3498 3457 propo-

1912 3470 2166 3528 sitionum
2210 3489 2303 3540 per
2335 3475 2641 3529 intellectus
2670 3474 2735 3527 ad
2778 3490 2865 3530 res
2895 3491 3108 3545 quoque
3133 3479 3499 3537 continuatur.

1916 3564 2089 3633 Atque
2133 3565 2255 3620 ideo
2289 3580 2412 3619 cum
2469 3565 2668 3635 aliquid
2713 3565 2797 3619 vel
2841 3564 3111 3621 affirmare
3140 3567 3387 3637 cupimus
3414 3570 3497 3624 vel

1913 3671 2133 3725 negare,
2167 3656 2269 3711 hoc
2296 3657 2361 3710 ad
2387 3656 2689 3712 intellectus
2711 3666 2762 3712 et
2786 3659 3153 3728 conceptioois
3181 3658 3343 3713 animi
3370 3674 3502 3730 qua.

1912 3748 2116 3803 litatem
2149 3746 2399 3803 refertur.
2417 3748 2567 3816 Quod
2615 3742 2757 3802 enim
2802 3748 2939 3817 imag
2963 3748 3179 3803 natione
3205 3748 3501 3804 intellectu-

1914 3855 2020 3909 que
2048 3837 2403 3909 concipimus,
2454 3837 2504 3893 id
2537 3839 2588 3893 in
2620 3837 2977 3893 affirmatione
3002 3847 3093 3893 aut
3132 3838 3186 3895 in
3218 3838 3501 3910 negatione

1918 3944 2200 4001 ponentes,
2245 3930 2577 3986 affirmamus
2604 3932 2808 3987 scilicet
2839 3931 2922 3985 vel
2954 3946 3236 4002 negamus,
3265 3928 3318 3986 et
3355 3930 3503 4001 prin-

1914 4025 2163 4091 cipalitcr
2208 4024 2421 4092 quidem
2468 4023 2537 4077 ab
2577 4022 2921 4095 intelligentia
2963 4023 3355 4091 propositiones
3397 4022 3503 4079 vim

1861 4164 1876 4179 ,
1915 4116 2134 4181 capiunt
2162 4124 2216 4169 et
2248 4102 2652 4184 proprietatem.
2704 4113 2941 4171 secundo
2979 4130 3111 4169 vero
3143 4116 3260 4169 loco
3301 4131 3369 4171 ex
3419 4132 3505 4172 re-

1916 4207 2017 4262 bus
2045 4215 2265 4261 sumunt
2306 4218 2369 4260 ex
2402 4206 2594 4276 quibus
2626 4206 2771 4275 ipsos
2802 4205 3104 4261 intellectus
3133 4216 3381 4262 constare
3411 4222 3505 4263 ne.

1918 4316 2073 4355 cesse
2098 4311 2199 4355 est.
2235 4297 2390 4355 Unde
2420 4300 2479 4353 fit
2500 4311 2551 4353 ut
2580 4310 2628 4354 et
2660 4300 2954 4370 quantitate
2978 4300 3275 4368 propositio
3304 4313 3353 4355 et
3378 4282 3506 4372 qua-

1920 4376 2073 4447 litate
2104 4391 2388 4461 partictpct
2418 4410 2431 4446 :
2461 4391 2716 4462 qualitate
2756 4391 2968 4460 quidem
3021 4393 3071 4446 in
3121 4392 3233 4461 ipsa
3265 4394 3503 4448 affirma-

1918 4484 2080 4538 tionis
2105 4492 2160 4539 ct
2188 4484 2482 4554 negationis
2507 4484 2823 4553 prolatione,
2856 4499 3014 4553 quam
3045 4499 3113 4537 ex
3144 4486 3359 4553 proprio
3385 4485 3508 4553 quis

1914 4574 2119 4644 judicio
2144 4576 2338 4630 cmit‘it
2368 4591 2429 4629 ac
2477 4574 2709 4645 profert;
2742 4579 3035 4645 quantitate
3062 4589 3188 4629 vero
3216 4591 3281 4631 ex
3325 4577 3508 4645 subje-

1921 4669 2022 4724 czis
2043 4671 2205 4724 rebus
2229 4682 2360 4737 quas
2396 4669 2613 4737 capiunt
2639 4668 2964 4723 intellectus.
2994 4666 3249 4724 Videmus
3279 4684 3509 4739 namque

1920 4762 2053 4815 alias
2072 4775 2194 4816 esse
2218 4761 2271 4815 in
2299 4760 2459 4815 rebus
2483 4757 2572 4830 huj
2614 4760 2784 4814 smodi
2805 4759 3249 4831 qualitate=,qu:e
3270 4761 3321 4815 in
3350 4748 3508 4818 aliam

1922 4853 2213 4908 convenire
2259 4867 2365 4907 non
2415 4860 2659 4922 possunt,
2705 4852 2804 4906 nisi
2845 4852 2897 4907 in
2929 4868 3087 4907 unam
3132 4848 3511 4924 quamcunque

1924 4932 2301 5015 particularem
2350 4943 2784 5013 singularemque
2830 4944 3181 4997 substantiam
3223 4961 3239 4998 :
3276 4943 3377 4995 alia
3428 4950 3511 4996 est

1920 5037 2065 5093 enim
2118 5037 2343 5107 qualitas
2397 5032 2704 5106 singularis,
2747 5044 2803 5090 ut
2846 5034 3085 5089 Platonis
3132 5032 3219 5089 vel
3247 5033 3516 5093 Socratis.

1922 5122 2025 5186 alla
2079 5140 2162 5187 cst
2201 5146 2318 5202 qua:
2367 5122 2922 5185 communicatacum
2969 5126 3215 5198 pluribus
3249 5136 3414 5180 totam
3452 5142 3512 5181 se

1925 5225 2149 5296 singulis
2176 5232 2228 5281 et
2263 5222 2512 5278 omnibus
2544 5224 2765 5291 prmbet,
2798 5233 2854 5277 ιιι
2898 5232 2980 5275 est
3026 5222 3137 5291 ipsa
3185 5219 3506 5275 humanitas.

1928 5319 2023 5375 Est
2053 5319 2196 5373 enim
2226 5316 2470 5387 quadam
2495 5316 2798 5386 ltnjusmodi
2820 5312 3070 5386 qualitas,
3092 5328 3210 5383 qua:
3234 5322 3287 5367 et
3318 5312 3369 5366 in
3401 5311 3512 5366 sin-

1924 5413 2060 5485 gulis
2104 5420 2211 5466 tota
2264 5411 2353 5473 sit,
2397 5419 2449 5464 et
2505 5412 2557 5463 in
2608 5411 2857 5463 omnibus
2906 5416 3036 5463 tota.
3077 5406 3513 5475 Quotiescunque

1912 5508 2072 5564 enim
2105 5505 2305 5574 aliquid
2340 5503 2448 5559 tale
2474 5503 2655 5558 animo
2684 5502 3045 5573 speculamur,
3074 5516 3177 5554 nntt
3209 5496 3262 5555 in
3285 5497 3514 5567 quamli-

1928 5598 2019 5654 bet
2045 5611 2203 5653 unam
2236 5610 2517 5667 personam
2541 5608 2637 5664 per
2658 5608 2855 5649 nomen
2886 5592 2988 5646 hoc
3016 5594 3209 5645 mentis
3233 5589 3515 5659 cogilalio-

1931 5686 2053 5750 nem
2086 5691 2425 5753 deducimur,
2458 5687 2551 5743 sed
2580 5688 2631 5743 in
2659 5700 2849 5741 omnes
2873 5698 2967 5738 eos
2997 5684 3300 5754 quicunque
3325 5686 3515 5738 imma-
3602 5683 3616 5699 '

1931 5788 2113 5841 uitatis
2140 5784 2461 5840 diffinitione
2488 5780 2834 5851 participant.
2869 5776 3022 5837 Unde
3063 5776 3120 5831 ιιι
3160 5785 3220 5830 ιιι
3254 5777 3370 5832 hac
3396 5774 3516 5846 qui.

1931 5878 2053 5934 dem
2096 5878 2163 5931 sit
2193 5876 2495 5931 communis
2526 5870 2795 5937 omnibus,
2829 5870 2919 5927 illa
2950 5885 3083 5927 vero
3108 5872 3259 5938 prior
3310 5868 3518 5935 incum.

3558 5292 3571 5345 ζ

3561 5350 3571 5383 l
