4022 6332
484 428 592 488 466

1702 419 1810 476 ΑΝ.
1857 417 2061 475 MANL.
2101 414 2254 476 δεῖν.
2298 414 2520 473 ΒΟΕτΙῐ

3662 384 3761 479 m

483 543 821 606 municabilis
847 540 1058 613 quidem
1085 538 1314 603 cunctis,
1349 536 1437 590 uni
1470 543 1643 591 tamen
1676 534 1907 604 propria.
1936 533 2068 589 Nam
2099 534 2143 595 Α
2179 532 2359 587 venire
2389 530 2439 584 in
2463 528 2624 582 alium
2654 538 2758 581 non
2791 531 2983 595 potest.
3005 524 3234 592 Quidam
3263 523 3424 579 homo
3450 541 3594 589 iero,
3622 530 3758 595 qun-1

483 641 529 696 si
561 652 754 696 nomen
784 636 984 705 ﬁngere
1017 631 1222 693 liceret,
1262 628 1403 682 illam
1436 628 1758 698 singularem
1784 628 2069 685 uuamdam

482 734 791 804 qualitatem
814 737 869 783 et
896 722 1452 780 incommunicabilent
1480 722 1635 777 alicui
1660 723 1747 778 alii
1773 721 2070 778 subsisten-

486 830 575 885 tia:
610 838 709 881 suo
750 824 873 879 ﬁcto
919 821 1135 876 nomine
1186 832 1573 887 nuncuparent,
1608 827 1664 871 ut
1690 816 1886 871 clarior
1912 816 2068 871 fieret

482 920 651 976 forma
686 914 967 986 propositi.
1001 912 1112 985 Age
1140 913 1281 967 enim
1318 909 1836 966 incommunicabilis
1879 908 2067 964 Plato-

483 1015 564 1069 nis
604 1011 695 1068 illa
753 1009 1051 1081 proprietas
1089 1005 1379 1060 Platonitas
1427 1003 1748 1073 appelletur,
1800 1016 1867 1058 eo
1921 1001 2081 1075 enim

481 1105 641 1162 modo
689 1102 1000 1174 qualitatem
1054 1099 1189 1155 hanc
1232 1097 1601 1154 Platonitatem
1646 1098 1766 1152 ticto
1804 1095 2065 1151 vocabulo

477 1210 787 1265 nuncupare
820 1207 1103 1265 possumus
1126 1234 1140 1259 ,
1174 1190 1441 1262 quomodo
1482 1190 1713 1246 hominis
1754 1190 2065 1261 qualitatem

477 1288 707 1346 dicimus
753 1286 1172 1349 humanitatem,
1223 1284 1338 1337 haec
1377 1297 1505 1353 ergo
1548 1282 1844 1337 Platonitas
1893 1282 2065 1336 solius

482 1381 639 1437 unius
671 1389 755 1434 est
785 1378 1037 1442 hominis,
1073 1387 1126 1431 et
1156 1376 1258 1431 hoc
1290 1392 1395 1430 non
1435 1374 1742 1443 cujuslibet,
1773 1372 1865 1428 sed
1897 1373 2065 1427 solius

476 1475 749 1539 Platonis;
783 1470 1086 1529 humanitas
1128 1486 1256 1527 vero
1287 1478 1341 1525 et
1373 1468 1610 1525 Platonis
1643 1476 1695 1523 et
1742 1476 2062 1523 ceterorum

474 1568 775 1639 quicunque
797 1568 898 1620 hoc
922 1563 1183 1619 vozraltulo
1220 1563 1581 1618 continentur.
1613 1559 1761 1614 Unde
1782 1559 1837 1613 ﬁt
1860 1567 2068 1628 utquo-

474 1662 615 1717 niam
672 1659 964 1715 Platonitas
1023 1660 1073 1714 iu
1123 1674 1283 1714 unum
1337 1656 1584 1712 convenit
1627 1655 1927 1727 Platonem,
1973 1668 2068 1707 au-

479 1754 677 1810 dientis
698 1753 913 1808 animus
945 1752 1185 1807 Platonis
1239 1749 1554 1806 vocabulum
1591 1747 1657 1803 ad
1693 1762 1851 1803 unam
1884 1760 2067 1817 perso-

475 1860 597 1900 nam
622 1859 890 1914 unamque
909 1843 1284 1913 particularem
1311 1842 1661 1897 substantiam
1690 1832 1918 1905 referat;
1942 1854 2063 1894 cum

2176 622 2393 686 dicitur,
2427 618 2817 690 particulariter
2849 616 3064 686 quidem
3101 615 3274 686 ipsum
3308 631 3503 671 nomen
3535 617 3756 672 univcr-

2173 716 2288 773 sale
2336 714 2678 779 determinat,
2736 710 2828 767 sed
2881 711 2924 765 si
2979 710 3193 766 deesset
3233 710 3469 781 quidam,
3519 710 3569 766 id
3617 712 3755 782 quod

2183 809 2414 883 dicimus
2445 808 2604 861 homo
2658 804 2961 860 universale
2992 812 3156 870 esset,
3189 818 3251 857 ac
3304 817 3399 873 per
3443 803 3544 857 hoc
3588 805 3761 858 amtti-

2174 917 2336 974 gnum
2390 908 2753 969 permaneret,
2801 898 2943 969 quod
2990 912 3119 954 vero
3161 897 3391 953 dicimus
3420 884 3571 952 Plato
3623 912 3761 952 nun-

2172 1009 2328 1065 quam
2359 1008 2478 1050 esse
2501 991 2695 1063 poterit
2724 990 3046 1046 universale.
3080 988 3211 1044 Nam
3261 990 3356 1045 etsi
3396 980 3607 1058 quando
3667 1001 3771 1061 no:

2174 1103 2296 1144 men
2343 1085 2449 1142 hoc
2477 1085 2629 1155 Plato
2688 1084 2927 1154 pluribus
2959 1083 3284 1153 imponatur,
3318 1096 3422 1135 non
3451 1087 3629 1136 tamen
3658 1079 3762 1135 hoc

2176 1194 2371 1237 nomen
2402 1179 2605 1235 idcirco
2624 1176 2724 1233 erit
2749 1177 3077 1234 universale.
3094 1175 3336 1249 Namque
3359 1174 3663 1229 humanitas
3688 1188 3759 1229 ex

2172 1274 2504 1345 singulorum
2532 1271 2811 1327 hominum
2828 1266 3064 1328 'collecta
3091 1270 3298 1327 naturis
3355 1269 3410 1325 in
3434 1283 3593 1345 unam
3625 1281 3763 1338 quo-

2173 1344 2462 1420 dammodo
2507 1362 2769 1432 redigitur
2825 1360 3230 1433 intelligentiam
3277 1368 3435 1431 atque
3484 1344 3757 1417 naturam.

2173 1459 2379 1514 Nomen
2413 1472 2543 1513 vero
2570 1457 2670 1513 hoc
2719 1456 2862 1528 quod
2910 1455 3137 1511 dicimus
3168 1455 3323 1511 Plato
3352 1454 3534 1510 multis
3564 1469 3761 1510 secun-

2173 1550 2301 1607 dum
2345 1549 2666 1606 vocabulum
2701 1550 2928 1605 fortasse
2969 1562 3255 1605 commune
3300 1563 3423 1604 esse
3447 1548 3761 1612 videretur;

2171 1644 2302 1700 nulli
2335 1653 2510 1700 tamen
2540 1643 2627 1698 illa
2664 1643 2963 1714 proprietas
2994 1642 3233 1698 Platonis
3261 1642 3571 1700 conveniret
3603 1682 3620 1710 ,
3642 1657 3764 1713 qua

2169 1737 2659 1808 eratproprietatis
2708 1743 2801 1791 aut
2849 1744 3056 1791 natura:
3090 1735 3208 1806 ejus
3235 1736 3475 1792 Platonis
3520 1738 3611 1808 qui
3662 1734 3764 1791 fuit

2171 1831 2410 1889 Socratis
2445 1830 2680 1895 auditor,
2729 1830 2856 1885 licet
2907 1828 3097 1886 eodem
3140 1828 3396 1885 vocabulo
3422 1812 3763 1898 nuncupare-

477 1947 653 1994 eutem
698 1937 843 1992 audit
880 1935 1171 2001 hominem,
1201 1935 1268 1990 ad
1306 1936 1486 2005 plures
1515 1949 1726 2005 quoque
1753 1931 1951 1988 referat
1981 1933 2061 1986 iu-
2098 1933 2146 1994 B
2174 1932 2278 1980 tur.
2308 1923 2421 1978 lloc
2449 1937 2577 1980 vero
2599 1922 2719 1978 ideo
2747 1920 2999 1992 quoniam
3029 1920 3335 1976 humanitas
3364 1920 3624 1977 naturalis
3651 1930 3763 1987 est,

473 2030 745 2086 tellectutu
782 2043 1129 2100 quoscunque
1161 2027 1546 2082 humanitatem
1581 2028 1856 2080 cont‘nere
1874 2024 2058 2078 novit:

475 2132 633 2191 atque
660 2121 781 2176 ideo
803 2122 1054 2192 quoniam
1084 2120 1385 2174 humanitas
1407 2129 1458 2175 et
1486 2118 1735 2173 omnibus
1758 2115 2062 2172 hominibus

473 2216 779 2271 communis
825 2224 929 2279 est,
983 2196 1036 2269 et
1084 2214 1135 2268 in
1184 2214 1408 2283 singulis
1442 2212 1747 2267 hominibus
1796 2218 1903 2265 tota
1957 2218 2060 2273 est,

472 2306 807 2377 mqualitatcr
854 2305 1034 2361 cuncti
1087 2298 1334 2360 humines
1385 2304 1621 2359 retinent
1669 2302 2057 2357 humanitatem

470 2401 609 2457 sicut
632 2415 767 2455 unus
797 2400 977 2454 homo.
1010 2398 1067 2454 Si
1092 2400 1235 2453 enim
1269 2397 1316 2453 id
1353 2398 1421 2452 ita
1447 2414 1551 2451 non
1584 2404 1746 2458 esset,
1780 2409 2056 2465 nunquam

472 2492 721 2563 specialis
752 2490 984 2547 hominis
1007 2490 1257 2547 diffinitio
1307 2489 1642 2558 tarticularis
1676 2488 1905 2543 hominis
1934 2488 2063 2543 sub-

471 2585 683 2641 stantiae
725 2584 1058 2641 cenveniret.
1104 2583 1371 2652 Quoniam
1429 2582 1588 2653 igitur
1634 2581 1748 2637 haec
1796 2580 1870 2636 ita
1916 2587 2060 2647 sunt,

474 2677 676 2734 idcirco
726 2677 885 2732 homo
940 2675 1155 2747 quidem
1194 2676 1390 2731 dicitur
1434 2674 1738 2730 universale
1782 2672 2059 2743 quiddam,

469 2770 585 2840 ipsa
618 2783 746 2825 vero
786 2768 1075 2824 Platonitas
1106 2776 1158 2823 et
1189 2766 1340 2821 Plato
1374 2767 1712 2836 particulare.
1759 2763 1856 2820 His
1901 2763 2061 2836 igitur

469 2860 544 2918 ita
601 2860 789 2932 positis
829 2860 1083 2932 quoniam
1140 2859 1462 2915 universalis
1511 2860 1599 2914 illa
1649 2857 1880 2929 qualitas
1908 2866 1962 2914 et
2004 2857 2059 2913 in

468 2955 717 3010 omnibus
746 2963 920 3025 potest
970 2962 1026 3009 et
1072 2954 1124 3008 in
1170 2954 1397 3023 singulis
1438 2951 1744 3021 praedicari,
1774 2965 1895 3006 cum
1926 2949 2062 3005 dici-

469 3062 588 3102 mus
645 3046 806 3102 homo
833 3045 1137 3116 ambiguum
1187 3056 1270 3100 est
1306 3054 1360 3100 et
1396 3043 1627 3099 dubitari
1668 3051 1842 3109 potest
1882 3050 2059 3099 utrum

469 3136 538 3191 de
577 3135 796 3206 speciali
846 3136 1045 3191 dictum
1115 3134 1277 3189 sitan
1310 3134 1378 3189 de
1409 3133 1589 3203 aliQuo
1617 3132 1947 3204 particulari,
1981 3133 2061 3188 id-

470 3229 613 3283 eirco
650 3227 790 3299 quod
839 3241 1035 3281 nomen
1069 3225 1300 3281 hominis
1353 3235 1408 3281 et
1445 3225 1513 3280 de
1541 3223 1795 3280 omnibus
1823 3223 1926 3281 dici
1959 3240 2062 3297 po-

2166 2029 2362 2070 nomen
2410 2030 2538 2070 vero
2561 2013 2852 2085 proprium,
2876 2011 3177 2083 positionis.
3207 2011 3314 2068 Nec
3347 2028 3472 2068 vero
3494 2013 3597 2068 hoc
3617 2028 3763 2068 nunc

2165 2108 2360 2165 dicitur
2390 2107 2530 2180 quod
2582 2122 2775 2163 nomen
2808 2105 3045 2163 Platonis
3072 2106 3139 2162 de
3170 2106 3413 2178 pluribus
3443 2122 3548 2161 non
3581 2114 3762 2175 potest

2165 2201 2469 2274 praedicari,
2494 2201 2588 2258 sed
2617 2200 2917 2274 proprietas
2939 2200 3198 2256 Platonis.
3228 2198 3321 2254 Illa
3345 2200 3488 2255 enim
3514 2215 3761 2269 proprie-

2165 2307 2248 2353 tas
2287 2295 2602 2352 naturaliter
2638 2295 2707 2352 de
2748 2294 2988 2366 pluribus
3018 2309 3122 2350 non
3150 2294 3369 2360 dicitur,
3398 2294 3538 2349 sicut
3580 2292 3761 2348 homi-

2166 2390 2272 2456 nis,
2294 2398 2349 2445 et
2373 2388 2494 2444 ideo
2521 2387 3037 2444 incommuuicabilis
3064 2386 3146 2457 (ut
3169 2385 3371 2442 dictum
3394 2384 3497 2455 est)
3525 2384 3762 2456 qualitas

2165 2492 2249 2538 est
2277 2482 2392 2552 ipsa
2420 2480 2733 2547 Platonitas,
2756 2478 3222 2538 eommunicahilis
3239 2493 3367 2534 vero
3388 2478 3615 2549 qualitas
3637 2479 3761 2534 uni-

2164 2575 2391 2632 versalis
2420 2589 2539 2646 qua
2570 2584 2622 2630 et
2650 2574 2702 2630 in
2735 2574 2973 2647 pluribus
3015 2581 3070 2627 et
3119 2571 3171 2627 in
3212 2571 3441 2643 singulis
3467 2578 3570 2627 est.
3603 2569 3763 2626 Unde

2166 2669 2227 2723 ﬁt
2257 2678 2314 2725 ut
2361 2684 2484 2727 cum
2512 2668 2659 2736 dico,
2690 2668 2867 2724 omnis
2897 2668 3079 2734 homo,
3109 2666 3163 2722 in
3195 2680 3473 2720 numerum
3504 2665 3757 2734 preposi-

2168 2761 2369 2818 tionem
2402 2760 2648 2827 tendam;
2678 2776 2801 2817 cum
2839 2775 2971 2817 vero
3004 2758 3144 2823 dico,
3176 2759 3424 2816 Sucrates
3454 2764 3545 2810 aut
3580 2754 3756 2823 Plato,

2166 2870 2275 2911 non
2305 2856 2360 2911 in
2385 2869 2669 2912 numerum
2692 2855 2956 2918 emittam,
2987 2852 3083 2909 sed
3111 2851 3423 2924 qualitatem
3453 2851 3759 2921 preprieta-

2166 2957 2383 3021 temque
2407 2947 2565 3005 unius
2593 2948 2645 3004 in
2679 2962 2773 3003 sua
2804 2945 3075 3003 individua
3107 2944 3472 3015 singularique
3497 2943 3755 2999 substan-

2167 3040 2238 3095 tia
2260 3042 2625 3113 constringam
2665 3056 2729 3098 ac
2776 3041 3087 3112 prmdicem.
3114 3040 3292 3107 Quare
3318 3039 3370 3095 in
3406 3040 3506 3094 hoc
3534 3052 3758 3110 quoque

2166 3133 2406 3191 maxime
2451 3133 2534 3189 lim
2576 3134 2697 3191 dua:
2743 3133 3216 3204 partirularitates,
3238 3132 3453 3203 quidam
3486 3131 3673 3195 homo,
3702 3140 3761 3188 et

2164 3226 2346 3293 Plato,
2382 3228 2601 3294 distant,
2639 3214 2778 3299 quod
2812 3243 2934 3284 cum
2964 3228 3083 3286 dico
3127 3226 3277 3281 Plato
3293 3240 3450 3296 quem
3480 3224 3512 3280 h
3555 3228 3759 3280 minem

468 3329 569 3374 test
627 3328 683 3374 et
731 3317 798 3373 de
843 3317 1066 3388 singulis
1097 3316 1399 3388 quibusque
1446 3317 1535 3388 qui
1583 3316 1684 3373 sub
1712 3317 2055 3376 humanitatis
2085 3317 2133 3384 C
2164 3322 2391 3377 dixerim
2418 3322 2679 3377 vocabulo
2716 3321 3015 3393 designavi,
3049 3320 3534 3393 proprietatemque
3564 3321 3759 3375 unius-

469 3415 646 3482 specie
674 3413 1037 3469 continentur.
1070 3412 1247 3481 Quare
1271 3412 1608 3469 indeﬁnitum
1641 3423 1723 3471 est
1778 3426 1955 3471 utrum
1990 3415 2058 3470 de

470 3507 722 3564 omnibus
770 3506 973 3563 dictum
1022 3507 1091 3562 sit
1134 3507 1187 3563 id
1230 3508 1370 3578 quod
1409 3507 1643 3566 diximus
1671 3509 1853 3581 homo,
1883 3527 1949 3567 an
1989 3512 2061 3568 de

469 3616 789 3671 unaquaque
817 3598 1091 3657 individua
1123 3598 1355 3655 hominis
1383 3609 1438 3656 et
1473 3600 1777 3671 particulari
1808 3603 2059 3659 substan-

469 3691 560 3747 tia.
580 3690 729 3748 llanc
743 3692 903 3762 igitur
917 3690 1228 3762 qualitatem
1253 3691 1600 3749 humanitatis
1630 3694 1676 3749 si
1705 3694 2057 3764 ambiguitate

467 3782 773 3838 intellectus
819 3795 1076 3851 separare
1123 3782 1377 3850 nitamur,
1420 3782 1830 3841 determinanda
1868 3795 1971 3853 est,
2002 3798 2057 3844 et

468 3883 559 3930 aut
588 3875 641 3930 in
665 3874 1027 3945 pluralitatem
1048 3874 1423 3943 distendenda,
1456 3888 1550 3934 aut
1577 3880 1629 3934 in
1662 3880 1919 3937 unitatem
1956 3899 2057 3937 nu-

466 3967 600 4027 meri
653 3966 976 4039 colligenda.
1028 3967 1162 4023 Nam
1194 3984 1313 4024 cum
1357 3969 1586 4027 dicimus
1614 3972 1775 4029 homo
1803 3974 2054 4030 indeﬁni-

465 4067 582 4116 tum
612 4068 696 4115 est
747 4068 926 4115 utrum
970 4074 1160 4117 omnes
1188 4060 1429 4119 dicamus
1468 4079 1535 4119 an
1580 4080 1764 4121 unum.
1799 4067 1893 4123 Sin
1923 4081 2054 4124 νετο

464 4153 704 4210 additum
759 4152 919 4209 fuerit
1000 4155 1216 4220 omnis,
1275 4166 1332 4211 ut
1381 4157 1453 4213 sit
1496 4159 1807 4228 praedicatio
1879 4161 2056 4217 omnis

464 4245 631 4302 homo
676 4243 762 4300 vel
809 4243 1049 4314 quidam,
1084 4255 1210 4302 tunc
1243 4247 1301 4301 lit
1336 4248 1645 4306 distributio
1693 4261 1749 4309 et
1795 4250 2053 4307 determi-

463 4338 615 4398 natio
644 4335 1087 4404 universalitatis,
1132 4347 1186 4393 et
1214 4355 1411 4396 nomen
1437 4342 1582 4413 quod
1613 4344 1920 4399 universale
1946 4352 2052 4410 est,

473 4427 527 4486 id
583 4436 669 4483 est
719 4426 910 4494 homo,
971 4427 1345 4487 universaliter
1400 4433 1726 4503 proferimus
1779 4433 2048 4501 dicentes,

472 4522 649 4580 omnis
728 4523 888 4577 homo
916 4562 932 4589 ,
988 4531 1078 4578 aut
1119 4525 1517 4594 particularitcr
1546 4527 1787 4585 dicentes
1832 4526 2051 4597 quidam

462 4617 650 4682 homo,
683 4613 859 4670 oumis
902 4615 1043 4670 enim
1090 4631 1285 4673 nomen
1328 4618 1751 4677 universalitatis
1780 4618 2051 4690 signiﬁca-

2165 3414 2427 3485 cujnsquc
2456 3429 2612 3484 quem
2659 3415 2879 3470 nomino
2900 3454 2915 3479 ,
2949 3428 3069 3470 cum
3115 3428 3244 3467 vero
3270 3412 3389 3467 dico
3419 3411 3636 3481 quidam
3662 3410 3760 3466 ιω-

2164 3521 2275 3569 mo,
2310 3523 2592 3563 numerum
2621 3515 2841 3562 tantum‘
2866 3508 3053 3580 rejeci.
3077 3516 3132 3562 et
3158 3507 3223 3561 ad
3254 3506 3512 3563 Ullifalt'm
3554 3521 3759 3578 propo-

2163 3598 2414 3653 sitionem
2446 3599 2652 3671 redegi.
2688 3599 2765 3655 De
2782 3614 2901 3670 quo
2927 3609 3107 3655 autem
3134 3599 3336 3666 dicam,
3376 3598 3491 3655 lucc.
3520 3601 3759 3670 particu-

2164 3688 2352 3745 laritas
2379 3690 2512 3771 mihi
2536 3706 2643 3746 non
2666 3690 2925 3751 subdidit.
2949 3693 3165 3761 quidam
3189 3691 3332 3745 enim
3366 3690 3527 3745 homo
3578 3700 3762 3759 potest

2162 3797 2283 3840 esse
2315 3794 2366 3840 et
2410 3784 2659 3842 Socrates
2702 3795 2753 3841 et
2812 3785 2963 3841 Plato
2997 3795 3054 3840 et
3091 3786 3278 3841 Cicero
3308 3796 3361 3842 ct
3393 3785 3761 3854 unusquisque

2161 3878 2495 3949 singulorum
2523 3895 2746 3949 quorum
2781 3879 3137 3951 proprietates
3175 3894 3203 3933 a
3254 3895 3312 3933 se
3363 3879 3414 3933 in
3460 3878 3758 3949 singulari-

2161 3969 2287 4024 tatis
2318 3970 2527 4025 ratione
2574 3978 2629 4025 et
2671 3979 2860 4025 natura
2892 3969 3123 4025 diversam
3148 3979 3294 4024 sunt.
3329 3969 3479 4025 Unde
3511 3984 3758 4023 commo-

2160 4059 2385 4115 dissime
2414 4059 2817 4131 Theophrastus
2874 4061 3180 4132 hujusmodi
3232 4059 3582 4129 partit‘ul'rcs
3633 4074 3759 4133 pro-

2161 4150 2481 4222 positiones,
2504 4152 2691 4223 quales
2713 4160 2839 4208 sunt
2867 4153 3084 4223 quidam
3116 4153 3278 4208 homo
3298 4151 3496 4222 justus,
3520 4152 3759 4222 particn<

2161 4241 2303 4299 lares
2334 4243 2641 4301 indeﬁnltas
2676 4245 2906 4301 vocavit.
2955 4245 3166 4301 Partem
3221 4260 3453 4314 namque
3502 4243 3645 4299 tollit
3689 4262 3759 4303 ex

2161 4331 2383 4392 homine
2407 4335 2550 4407 quod
2579 4344 2662 4391 est
2689 4335 2996 4393 universale
3022 4336 3106 4392 vel
3147 4327 3405 4392 vocabulo
3430 4334 3511 4391 vel
3543 4346 3756 4392 natura.

2162 4431 2293 4501 Qua:
2317 4441 2494 4489 tamen
2517 4433 2630 4503 ipsa
2660 4432 2731 4489 sit
2750 4446 2875 4502 pars
2905 4441 2959 4489 et
2989 4447 3091 4502 qua
3122 4431 3446 4503 proprietate
3485 4430 3759 4499 desieripta

2162 4539 2272 4581 non
2303 4526 2630 4584 determinat
2666 4541 2766 4582 nec
2790 4524 2999 4582 deﬁnit.
3031 4524 3182 4581 Unde
3211 4523 3515 4579 universale
3547 4520 3759 4578 vocavit

2161 4619 2303 4688 quod
2333 4619 2402 4676 de
2438 4620 2684 4690 pluribus
2715 4618 3031 4676 naturaliter
3070 4619 3417 4689 pra'dicatur,
3461 4627 3518 4673 ut
3557 4616 3756 4682 homo.

464 4711 634 4766 tivum
679 4718 780 4768 est.
831 4708 1093 4775 Quocirca
1149 4712 1193 4767 si
1247 4714 1425 4771 omnis
1450 4714 1593 4786 quod
1640 4715 1952 4772 universale
1977 4716 2054 4770 si-
2080 4696 2140 4761 Ῑ)
2165 4728 2274 4771 non
2306 4711 2447 4783 quod
2490 4710 2778 4782 positione,
2807 4710 3256 4781 quemadmodum
3290 4724 3487 4766 nomen
3518 4709 3758 4765 Alexano

462 4800 683 4873 gniﬁcat
718 4800 786 4855 ad
847 4799 1117 4858 hominem
1163 4805 1305 4875 quod
1355 4804 1496 4861 idem
1543 4806 1716 4875 ipsum
1760 4806 2059 4862 universale

471 4903 556 4952 est
582 4892 925 4964 adjungatnr,
955 4910 1044 4951 res
1068 4897 1407 4966 universalis,
1441 4914 1561 4969 qua:
1602 4906 1687 4953 est
1732 4896 1914 4965 homo,
1942 4899 2060 4955 uni-

465 4987 750 5043 versaliter
778 4986 1098 5057 praedicatur
1156 4990 1449 5046 secundum
1481 4990 1535 5046 id
1562 4990 1707 5062 quod
1736 4990 1982 5047 difﬁnitio
2007 4991 2057 5046 ei

464 5078 719 5151 adjicitur
745 5081 1079 5150 quantitatis.
1107 5082 1202 5138 Sin
1236 5097 1366 5138 vero
1394 5084 1594 5140 dictum
1624 5083 1809 5152 fuerit,
1839 5083 2056 5153 quidam

440 5223 450 5252 ε
466 5173 649 5239 homo,
686 5181 810 5227 tunc
838 5174 1163 5244 universale,
1189 5175 1334 5245 quod
1355 5185 1438 5232 est
1467 5176 1647 5242 homo,
1682 5176 1862 5231 addita
1890 5176 2056 5245 parti-

466 5267 750 5324 cularitate
774 5283 872 5339 per
893 5269 944 5324 id
977 5271 1119 5340 quod
1147 5271 1198 5326 ei
1223 5271 1490 5342 adjectum
1517 5282 1603 5327 est
1627 5271 1866 5341 quidam,
1891 5273 2055 5341 parti-

471 5361 728 5418 culariter
754 5362 1042 5433 profertur,
1076 5371 1131 5419 et
1159 5363 1355 5419 dicitur
1380 5377 1469 5419 res
1496 5363 1826 5419 universalis
1847 5363 2054 5432 prolata

470 5455 887 5527 particulariter.
916 5456 1023 5511 Sed
1054 5458 1306 5528 quoniam
1348 5455 1694 5525 particularis
1740 5463 1824 5511 est
1854 5456 2054 5525 praedi.

462 5549 630 5613 eatio,
661 5549 876 5620 quidam
914 5549 1121 5612 ltomo,‘
1148 5547 1487 5619 particularis
1526 5563 1715 5604 rursus
1745 5548 2053 5617 praedicatio

466 5643 701 5698 Platoris
723 5686 737 5709 ,
798 5643 868 5700 de
896 5658 1001 5699 uno
1040 5643 1182 5698 enim
1212 5641 1411 5717 dicitur
1431 5641 1649 5713 quidam
1680 5642 1863 5707 homo,
1893 5651 1950 5699 et
1988 5644 2057 5701 de

469 5749 577 5789 uno
599 5733 794 5791 dicitur
823 5735 1006 5801 Plato,
1037 5751 1144 5789 non
1185 5734 1376 5790 eodem
1410 5733 1573 5790 modo
1599 5742 1845 5806 utraeque
1885 5736 2051 5805 parti-

464 5826 674 5882 culares
711 5840 834 5884 esse
862 5826 1132 5883 dicuntur.
1166 5826 1318 5901 Plato
1342 5827 1485 5884 enim
1511 5842 1669 5883 unam
1690 5841 1759 5897 ac_
1779 5828 2052 5886 definitam

462 5917 816 5979 sutttsrtiam
862 5918 1349 5991 proprietatemque
1394 5921 1752 5988 demonstrat,
1778 5939 1898 5995 qua:
1925 5940 2056 5984 eon-

2165 4807 2249 4863 dri
2272 4806 2340 4862 de
2362 4803 2599 4875 Trojano
2626 4813 2679 4861 et
2701 4804 2770 4862 de
2800 4804 3090 4862 Macedone
3112 4803 3340 4873 Philippi
3374 4804 3483 4858 ﬁlio
3504 4801 3570 4857 de
3593 4803 3701 4874 plut
3718 4801 3759 4858 i-

2165 4903 2266 4959 bus
2287 4900 2505 4957 dicitur.
2537 4899 2650 4957 Hoc
2679 4900 2824 4957 enim
2854 4899 3120 4969 positione
3158 4899 3227 4955 de
3257 4897 3504 4969 pluribus
3533 4896 3757 4963 dicitur,

2164 4992 2298 5050 illud
2328 5002 2536 5049 natura.
2571 4992 2638 5047 Et
2687 4992 3054 5061 persubtiliter
3095 4991 3171 5048 ait
3193 5032 3208 5057 ,
3239 4991 3380 5061 quod
3431 4990 3482 5045 in
3515 4989 3760 5061 pluribus

2169 5098 2357 5144 natum
2386 5097 2471 5144 est
2497 5086 2798 5158 praedicari.
2828 5085 2923 5143 Est
2944 5088 3089 5142 enim
3119 5085 3236 5143 haec
3261 5083 3641 5142 universaliter.
3669 5096 3761 5139 ata-

2169 5182 2379 5250 turalis,
2410 5181 2556 5238 illam
2585 5196 2715 5238 vero
2751 5180 2987 5236 nominis
3011 5180 3195 5251 reique
3219 5179 3602 5250 proprietatem
3637 5191 3761 5247 qua:

2170 5273 2509 5343 particularis
2553 5280 2639 5330 est
2710 5270 3036 5342 singularem
3079 5269 3293 5327 vocavit
3337 5269 3569 5325 dicens:
3610 5266 3761 5322 Plato

2169 5382 2304 5423 vero
2340 5380 2529 5423 eorum
2553 5381 2672 5438 qua:
2701 5373 2828 5419 sunt
2854 5364 3179 5435 singularia;
3222 5361 3363 5434 quod
3397 5371 3576 5417 autem
3605 5376 3763 5417 secu-

2167 5470 2256 5516 tos
2284 5467 2367 5517 est
2397 5459 2629 5515 dicens:
2669 5456 2908 5515 Necesse
2955 5466 3041 5515 est
3079 5465 3255 5513 autem
3306 5455 3591 5512 enuntiare
3631 5467 3761 5525 quo-

2168 5554 2313 5609 niam
2345 5554 2485 5610 inest
2512 5549 2714 5619 aliquid
2737 5558 2831 5605 aut
2849 5565 2978 5619 non,
3009 5548 3298 5620 aliquoties
3326 5547 3541 5620 quidem
3571 5560 3761 5603 eorum

2165 5645 2328 5703 alicui
2361 5662 2485 5716 qua:
2513 5653 2638 5701 sunt
2662 5644 3015 5710 universalia,
3044 5642 3331 5716 aliquoties
3358 5650 3537 5697 autem
3571 5654 3762 5697 eorum

2171 5755 2292 5809 quae
2318 5747 2443 5796 sunt
2472 5737 2786 5811 singularia,
2815 5735 3122 5807 hujusmodi
3142 5743 3227 5793 est
3256 5744 3504 5805 tanquam
3534 5733 3581 5789 si
3604 5733 3759 5789 dice.

2162 5845 2245 5892 ret
2279 5854 2291 5889 :
2322 5834 2511 5892 Omnis
2539 5833 2753 5903 quidem
2784 5831 3073 5890 afﬁrmatio
3100 5841 3155 5891 et
3192 5831 3401 5903 negatio
3457 5830 3637 5887 inesse
3672 5837 3762 5889 aut

2161 5942 2271 5987 non
2307 5927 2488 5985 inesse
2533 5925 2887 5985 demonstrat.
2933 5920 3276 5998 thuidquid
3304 5922 3759 5993 διακαίων-,θυι
