4022 6332
315 230 435 320 ut.

1057 256 1123 311 IN
1162 256 1417 315 LIBRUM
1458 258 2238 340 DE‘INTEltl’llETATlONE
2283 264 2510 322 EDITIO
2550 267 2891 327 SECUNDA.

3497 284 3601 342 4ῑῶ

312 377 376 431 dc
396 391 463 432 eo
486 375 629 447 quod
656 383 737 431 est
765 389 887 432 esse
910 375 1247 447 proponitur,
1274 384 1333 430 ut
1366 373 1519 432 Plato
1546 374 1897 446 philosophus
1925 380 1981 438 Α
2009 375 2062 432 in
2086 376 2445 437 afﬁrmatione
2473 391 2529 438 et
2551 386 2836 456 negatione
2866 396 2950 445 est
2972 404 2989 455 ;
3013 398 3105 445 aut
3137 392 3280 448 enim
3330 368 3604 453 universa-

312 476 390 524 est
411 507 427 535 ,
454 466 568 547 hac
587 468 732 522 enim
757 468 1052 538 propositio
1080 466 1287 524 Platoni
1311 466 1701 538 philosophiam
1725 466 1902 525 inesse

311 560 628 628 constituit,
658 570 752 616 aut
793 548 860 616 de
890 577 956 618 eo
982 561 1126 633 quod
1158 570 1259 629 est,
1278 552 1420 618 ‘non'
1444 562 1642 633 inesse,
1669 571 1727 618 ut
1750 562 1903 619 Plato

310 653 660 731 philosophus
698 669 802 709 non
830 662 958 709 est:
991 652 1109 711 hac
1139 655 1282 711 enim
1326 670 1357 710 a
1405 654 1629 731 Platone
1662 654 1901 726 philoso-

310 749 489 819 phiam
514 747 779 816 dividens,
810 748 987 806 eidem
1018 750 1411 823 philosophiam
1435 765 1545 806 non
1569 749 1747 808 inesse
1777 764 1903 824 pro-

311 843 479 913 ponit.
518 842 657 914 Ergo
686 844 938 915 quoniam
977 859 1201 902 necesse
1242 854 1345 912 est,
1385 852 1479 902 ant
1504 844 1704 916 aliquid
1738 844 1899 902 alicui

310 937 488 994 inesse
535 938 735 1008 dicere,
768 948 859 994 aut
898 937 1098 1010 aliquid
1143 937 1306 993 alicui
1361 953 1465 993 non
1524 938 1726 1007 inesse,
1772 936 1899 993 illud

308 1045 523 1102 quoque
548 1039 875 1087 necesseest
907 1039 967 1085 ut
997 1030 1354 1103 intelligamus
1380 1030 1465 1087 cui
1499 1030 1677 1086 inesse
1694 1028 1898 1100 aliquid

308 1125 561 1191 dicimus,
586 1133 678 1180 aut
712 1124 1017 1182 universale
1046 1138 1187 1193 esse,
1222 1133 1278 1181 ut
1316 1138 1439 1181 cum
1465 1123 1693 1180 dicimus
1738 1122 1900 1179 homo

307 1216 462 1277 albus
495 1227 601 1283 est,
651 1216 958 1273 albedinem
988 1216 1280 1272 universali
1309 1218 1385 1273 rei
1413 1215 1591 1271 inesse
1632 1222 1899 1271 monstra-

305 1325 451 1374 mus,
469 1308 521 1364 id
543 1318 621 1365 est
648 1309 873 1377 homini,
892 1318 982 1364 aut
1002 1317 1149 1366 certe
1172 1309 1494 1380 particulare
1516 1324 1577 1363 ac
1591 1307 1893 1381 singulare,

305 1411 364 1456 ut
394 1404 437 1454 si
467 1401 590 1471 quis
620 1399 782 1468 dicat,
808 1399 1060 1457 Socrates
1096 1400 1251 1457 albus
1283 1410 1387 1469 est,
1415 1400 1721 1457 albedinem
1752 1400 1895 1458 enim

304 1494 513 1552 Socrati
543 1495 800 1567 singulari
825 1496 1138 1553 sub5tantian
1168 1504 1224 1551 et
1251 1495 1564 1566 proprietati
1598 1495 1898 1553 incommu-

303 1588 522 1642 nicabili
556 1589 733 1644 incs-e
758 1589 1111 1659 signiﬁcavit;
1141 1587 1241 1645 sed
1293 1588 1346 1644 in
1387 1588 1753 1659 singularibus
1781 1590 1897 1646 sive

303 1679 607 1736 altirmetur
644 1677 867 1751 aliquld,
910 1682 1025 1735 sive
1065 1688 1308 1750 negetur,
1357 1693 1492 1735 unus
1540 1680 1896 1751 oppositionis

2011 467 2117 525 lem
2143 486 2256 528 rem
2289 474 2663 534 universaliter
2691 479 2947 550 praedicat
2968 481 3306 556 affirmative,
3340 496 3398 544 ut
3427 493 3601 547 omnis

2009 562 2172 620 homo
2200 566 2397 623 animal
2424 576 2528 637 est,
2561 581 2653 627 aut
2680 574 3039 632 universalem
3068 592 3182 634 rem
3212 581 3601 651 particularitcr

2006 655 2347 727 aiﬁrmative,
2387 669 2446 716 ut
2488 663 2704 734 quidam
2737 666 2899 724 homo
2945 670 3143 725 animal
3196 680 3298 738 est,
3348 686 3437 729 aut
3485 676 3602 732 uni-

2006 753 2272 808 versalem
2297 767 2413 809 rem
2444 755 2825 815 universaliter
2853 763 3118 832 negative,
3151 773 3209 819 ut
3236 766 3414 823 nullus
3442 767 3601 825 homo

2013 844 2150 921 lapis
2178 855 2282 917 est,
2316 855 2411 902 aut
2442 848 2805 906 universalem
2830 868 2943 910 rem
2994 856 3389 926 particularittr
3436 876 3601 933 nega-

2007 937 2135 1005 tive,
2158 946 2217 993 ut
2242 937 2464 1011 quidam
2480 940 2643 997 homo
2666 942 2801 1012 lapis
2832 959 2938 999 non
2969 954 3068 1003 est.
3093 945 3317 1019 Oportet
3336 959 3517 1006 autem
3547 952 3602 1007 in

2006 1029 2090 1086 his
2129 1046 2251 1103 quae
2302 1032 2595 1091 universali
2642 1034 3093 1097 determinationc
3144 1053 3518 1114 proponuntur
3548 1046 3601 1102 in

2005 1123 2137 1194 ipsis
2156 1124 2699 1184 determinationibus
2728 1129 2843 1185 lieri
2874 1134 3236 1204 negationem,
3264 1146 3321 1193 ut
3343 1138 3597 1209 quoniam

2003 1214 2386 1275 determinatio
2416 1219 2737 1277 universalis
2780 1222 2856 1279 rei
2899 1230 2983 1279 est
3030 1224 3427 1296 universaliter,
3474 1246 3599 1287 cum

2001 1307 2253 1378 dicimus,
2281 1313 2462 1369 omnis
2494 1312 2659 1369 homo
2684 1314 2861 1385 justus
2893 1325 2998 1385 est,
3028 1317 3073 1373 si
3102 1318 3478 1378 universaliter
3506 1337 3599 1379 ne-

2001 1402 2266 1477 gabimus,
2321 1404 2563 1462 dicamus
2613 1406 2790 1463 nullus
2840 1408 3003 1466 homo
3042 1410 3220 1480 justus
3243 1423 3344 1479 est,
3374 1425 3425 1471 et
3455 1417 3598 1487 quod

2000 1496 2086 1553 aio
2109 1496 2287 1554 nullus
2314 1512 2433 1556 eam
2487 1499 2944 1557 universalitatem
2973 1516 3092 1575 qua:
3120 1511 3203 1560 est
3222 1507 3397 1561 omnis
3428 1507 3598 1564 inter-

1999 1591 2150 1663 cipit,
2165 1606 2270 1649 non
2296 1606 2413 1648 eam
2443 1608 2563 1665 quae
2592 1603 2675 1650 est
2703 1594 2885 1650 homo.
2922 1595 3129 1653 Rursus
3155 1598 3198 1653 si
3226 1597 3366 1655 idem
3386 1600 3559 1671 ipsum
3578 1646 3591 1669 ,

2000 1684 2176 1741 omnis
2206 1684 2371 1741 homo
2395 1686 2575 1756 justus
2606 1696 2713 1753 est,
2752 1702 2950 1759 negare
2982 1689 3382 1760 particularitcr
3410 1693 3594 1760 velim,

304 1772 499 1829 modus
551 1781 633 1827 est
660 1810 676 1837 ,
745 1770 886 1841 quod
961 1771 1066 1826 vim
1137 1770 1579 1827 contradictionis
1636 1772 1895 1829 obtineat.
1929 1777 1977 1841 Β
2002 1776 2177 1833 dicam
2210 1792 2317 1834 non
2347 1780 2523 1834 omnis
2555 1778 2715 1835 homo
2733 1779 2913 1851 justus
2940 1791 3048 1852 est,
3081 1797 3181 1854 per
3211 1784 3594 1855 particularem

302 1866 438 1935 Nam
494 1867 749 1939 quoniam
801 1866 1073 1938 singulare
1132 1876 1293 1937 atque
1358 1865 1689 1922 individuum
1751 1866 1898 1923 nuila

302 1958 548 2015 sectione
596 1956 869 2019 dividitur,
925 1956 1219 2013 secundum
1278 1958 1449 2028 ipsum
1498 1972 1709 2030 quoque
1758 1957 1899 2015 facta

301 2056 659 2113 contradictio
707 2056 932 2128 simplex
982 2055 1107 2111 erit.
1189 2053 1243 2110 In
1297 2053 1379 2109 his
1436 2062 1618 2109 autem
1664 2068 1786 2125 qua:
1842 2053 1896 2110 in

302 2148 707 2207 ultime-salibus
748 2148 899 2213 liunt,
940 2161 1045 2202 non
1089 2155 1171 2201 est
1210 2161 1347 2202 unus
1392 2147 1583 2201 modus
1623 2145 1897 2201 contradi-

300 2240 522 2298 ctionis.
552 2238 684 2295 Nam
721 2255 840 2294 cum
877 2237 1022 2306 dico,
1052 2236 1305 2293 Socrates
1329 2236 1490 2294 homo
1519 2248 1621 2304 est,
1645 2238 1895 2295 Socrates

304 2333 470 2388 homo
516 2348 624 2388 non
671 2342 778 2401 est,
826 2333 941 2387 :oia
988 2332 1293 2403 huiusmodi
1340 2334 1628 2404 oppositio,
1674 2333 1720 2388 si
1774 2346 1891 2388 om-

302 2426 390 2483 nia
420 2425 512 2482 illa
535 2428 857 2484 conveniant
879 2441 998 2498 qua:
1020 2436 1205 2483 contra
1229 2437 1666 2498 argumentorum
1692 2428 1895 2499 impor-

304 2518 564 2576 tunitatcs
588 2534 748 2590 supra
771 2519 881 2591 jam
911 2520 1053 2575 dicta
1084 2528 1230 2587 sunt,
1256 2519 1322 2576 ad
1356 2519 1655 2577 faciendam
1687 2529 1899 2577 contra-

301 2615 593 2672 dictionem
642 2615 834 2671 idouea
883 2616 1171 2685 reperitur.
1217 2616 1310 2673 Sin
1364 2632 1496 2675 vero
1546 2617 1652 2674 tale
1693 2616 1895 2689 aliquid

248 2722 255 2727 ‘
302 2708 603 2779 subjectum
633 2709 703 2763 sit
757 2707 825 2764 de
867 2722 972 2778 quo
1012 2706 1213 2778 aliquid
1264 2709 1587 2781 pradicetur
1634 2708 1777 2780 quod
1825 2708 1897 2764 sit

302 2803 631 2870 universale,
654 2814 709 2860 et
734 2804 787 2859 in
810 2804 1052 2875 pluribus
1080 2805 1295 2879 (utipse
1322 2803 1421 2875 ait)
1452 2816 1635 2860 natum
1663 2802 1734 2859 sit
1758 2819 1897 2873 pra:-

305 2893 497 2959 dicari,
554 2911 658 2948 non
706 2904 790 2950 est
834 2895 1062 2966 simplex
1113 2893 1383 2966 oppositio
1426 2893 1891 2951 contradictionis.

301 2986 437 3045 Sunt
457 2986 606 3042 enim
644 3002 829 3043 earum
873 2987 1304 3059 propositionum
1350 3002 1471 3059 quae
1518 2987 1587 3045 de
1615 2986 1896 3042 universa-

302 3078 442 3136 libus
486 3081 649 3136 rebus
693 3080 825 3137 [lunt
870 3092 978 3138 tres
1021 3080 1356 3149 differentiae,
1391 3090 1496 3136 una
1538 3095 1657 3151 qua:
1702 3092 1895 3136 omnes

2007 1869 2346 1941 negationem
2407 1871 2826 1930 universalitatis
2869 1874 2975 1930 vim
3022 1874 3356 1932 interimens.
3391 1878 3446 1934 ln
3476 1894 3596 1951 par-

2005 1962 2321 2019 ticularibus
2378 1980 2509 2020 vero
2538 1979 2648 2021 non
2682 1967 2751 2021 ita
2791 1975 2895 2023 est.
2950 1967 3009 2026 Si
3047 1969 3189 2025 enim
3217 1984 3337 2026 eam
3370 1987 3487 2043 qua:
3517 1983 3598 2030 est

2005 2056 2347 2128 particularis
2375 2056 2754 2114 determinatio
2784 2059 3108 2117 universalis
3135 2061 3235 2133 rei,
3265 2069 3325 2118 ut
3350 2072 3437 2119 est
3481 2065 3598 2135 qui-

2002 2147 2125 2205 dam
2175 2148 2337 2203 homo
2377 2145 2558 2218 justus
2590 2157 2696 2211 est,
2729 2163 2927 2221 negare
2957 2148 3138 2216 velim,
3199 2150 3597 2222 particularitcr

2001 2240 2197 2308 dicam,
2229 2241 2446 2313 quidam
2494 2243 2656 2298 homo
2698 2240 2875 2313 juSltlS
2901 2258 3006 2299 non
3025 2253 3127 2300 est.
3172 2242 3284 2301 Hoc
3309 2254 3487 2302 autem
3516 2246 3597 2303 id-

2000 2335 2147 2392 circo
2189 2335 2268 2403 ﬁt,
2294 2335 2549 2407 quoniam
2581 2335 2743 2393 habet
2759 2336 3043 2407 quamdam
3073 2338 3480 2395 similitudinem
3511 2349 3593 2395 at-

2001 2446 2106 2503 que
2134 2429 2535 2501 ambiguitatem
2589 2437 2766 2485 utrum
2791 2430 3173 2489 universaliter
3215 2447 3281 2488 an
3324 2432 3395 2488 sit
3433 2433 3595 2503 parti-

2001 2521 2260 2578 cularitcr
2288 2521 2517 2591 dictum,
2541 2521 2587 2576 si
2618 2521 2671 2577 in
2706 2522 3104 2579 universalibus
3134 2524 3595 2596 propositionibus

2002 2615 2265 2686 negativa:
2298 2614 2577 2685 particulae
2608 2613 2674 2670 ad
2699 2613 3114 2686 praedicationes
3137 2617 3309 2687 potius
3342 2632 3501 2688 quam
3529 2617 3597 2674 ad

2004 2706 2411 2763 terminationes
2457 2715 2745 2777 ponantur.
2785 2705 2843 2763 Si
2881 2707 3024 2762 enim
3067 2715 3256 2763 contra
3288 2708 3425 2763 hanc
3452 2708 3594 2764 afﬁr-

2003 2802 2290 2857 mationem
2320 2816 2440 2869 quas
2482 2811 2587 2867 εει,
2613 2799 2791 2857 omnis
2830 2800 2991 2857 homo
3031 2800 3357 2872 justus'est,
3400 2816 3594 2874 ponam

2003 2892 2139 2949 hanc
2172 2908 2291 2965 quae
2318 2886 2471 2959 di'cit,
2510 2892 2687 2947 omnis
2730 2890 2893 2947 homo
2940 2891 3117 2963 justus
3166 2906 3272 2949 non
3320 2901 3425 2962 est,
3480 2893 3595 2951 haec

1999 2985 2133 3041 duas
2159 3000 2247 3042 res
2290 2983 2596 3056 signiﬁcare
2648 2984 2934 3052 videbitur,
2958 2992 3013 3040 et
3035 2984 3177 3057 quod
3225 2984 3402 3041 nullus
3433 2983 3594 3042 homo

1995 3079 2173 3149 justus
2200 3081 2288 3149 sit,
2322 3095 2536 3136 omnem
2576 3079 2719 3136 enim
2762 3079 3033 3137 hominem
3075 3081 3280 3152 justum
3312 3096 3421 3139 non
3468 3096 3595 3141 esse

301 3175 699 3247 complectitur,
731 3186 788 3231 ut
817 3190 940 3232 cum
966 3175 1111 3246 dico,
1141 3178 1321 3232 omnis
1352 3174 1513 3230 homo
1537 3172 1737 3229 animal
1766 3182 1889 3240 est;
1921 3174 1971 3243 ο
2000 3171 2300 3243 proposuit,
2323 3180 2379 3227 et
2408 3171 2552 3243 quod
2581 3171 2690 3227 sint
2719 3171 2937 3243 quidam
2994 3172 3241 3229 homines
3288 3187 3395 3230 non
3436 3171 3592 3245 iusti,

302 3267 404 3325 alia
447 3282 570 3339 qua
598 3282 666 3324 es
712 3267 987 3324 indeﬁnita
1019 3267 1364 3325 multitudine
1392 3275 1446 3324 et
1471 3266 1751 3323 innumera
1781 3265 1893 3336 plu-

303 3363 521 3421 ralitate
566 3362 634 3418 ad
676 3376 840 3419 unum
899 3362 1283 3434 propositionis
1320 3362 1428 3417 vim
1477 3360 1685 3431 colligit
1732 3368 1893 3431 atque

303 3455 647 3527 constringit.
678 3454 804 3512 Haec
836 3455 1139 3526 hujusmodi
1169 3464 1254 3512 est
1307 3464 1561 3526 tanquam
1597 3455 1641 3510 si
1668 3454 1789 3524 quis
1810 3453 1893 3509 di-

302 3558 409 3615 cat,
436 3548 657 3620 quidam
672 3548 836 3604 homo
855 3548 1053 3605 animal
1071 3558 1174 3605 est.
1191 3548 1309 3604 Alia
1332 3562 1462 3605 vero
1475 3556 1557 3604 est
1588 3562 1706 3618 qua:
1720 3561 1893 3617 neque

301 3644 355 3700 in
378 3643 746 3714 pluralitatem
775 3643 1200 3715 propositionem
1234 3642 1431 3707 tendit,
1458 3658 1634 3713 neque
1672 3643 1726 3697 in
1769 3656 1892 3711 par-

300 3741 680 3798 ticularitatem
707 3742 921 3814 redigit,
950 3751 1008 3798 ut
1043 3755 1105 3798 ea
1136 3755 1255 3812 quae
1284 3740 1402 3796 sine
1433 3739 1538 3795 ulla
1567 3737 1892 3795 determina-

301 3835 448 3891 tione
503 3835 839 3907 proponitur,
870 3844 928 3890 ut
976 3845 1081 3900 est,
1130 3835 1292 3892 homo
1343 3833 1541 3890 animal
1591 3842 1697 3902 est,
1728 3832 1891 3889 homo

301 3928 497 3984 animal
529 3943 635 3983 non
664 3939 748 3985 est
774 3946 790 3985 :
821 3928 944 3985 huic
986 3927 1129 3984 enim
1161 3942 1262 3984 nec
1282 3925 1682 3999 quidam,quod
1728 3925 1890 3996 parti-

300 4020 618 4090 eularitatis,
647 4034 747 4077 nec
770 4023 975 4090 omnis,
1024 4022 1165 4093 quod
1191 4029 1276 4078 est
1324 4019 1765 4089 universalitatis,
1796 4020 1890 4075 ad-

298 4111 598 4181 iunximus.
634 4111 787 4169 Unde
812 4114 872 4168 tit
900 4121 958 4167 ut
1001 4112 1346 4188 singularitas
1389 4112 1707 4182 simpliciter
1751 4125 1891 4182 prte-

297 4206 531 4275 dicetur,
563 4205 943 4262 universalitas
982 4220 1112 4262 vero
1157 4206 1443 4278 aliquoties
1491 4204 1887 4272 universaliter,

299 4309 352 4355 ut
387 4300 570 4356 omnis
616 4301 780 4356 homo
822 4299 1021 4355 animal
1075 4307 1178 4366 est,
1230 4299 1393 4355 homo
1431 4314 1520 4355 res
1570 4297 1889 4356 universalis

296 4394 674 4451 universaliter
704 4394 989 4465 praedicata
1020 4402 1120 4449 est.
1147 4391 1279 4448 Nam
1308 4406 1431 4449 cum
1462 4392 1533 4448 sit
1554 4387 1734 4447 homo
1764 4392 1887 4447 uni-

297 4486 544 4555 versalis,
590 4488 732 4558 quod
781 4490 831 4543 ei
877 4485 1147 4557 adjectum
1199 4496 1284 4543 est
1320 4487 1520 4555 omnis,
1572 4485 1888 4541 universali-

1997 3278 2209 3321 omnem
2238 3264 2380 3320 enim
2411 3264 2680 3320 hominem
2714 3265 2929 3337 negavit
2952 3265 3157 3336 justum
3186 3280 3329 3323 esse.
3360 3263 3474 3321 Hoc
3494 3279 3595 3321 au-

1996 3363 2101 3412 tem
2123 3356 2253 3412 nihil
2276 3356 2499 3428 impedit
2517 3366 2573 3412 ttt
2589 3357 2781 3429 aliquis
2808 3359 2879 3414 sit
2898 3358 3155 3430 injustus,
3173 3358 3372 3431 aliquis
3390 3358 3590 3429 justus.

1994 3444 2127 3504 Nam
2158 3447 2205 3503 si
2230 3448 2421 3519 aliquis
2449 3458 2534 3504 est
2555 3447 2754 3518 justus,
2787 3464 2893 3504 non
2945 3457 3210 3521 repugnat
3244 3463 3313 3506 ne
3353 3463 3480 3506 vera
3522 3449 3594 3506 sit

1995 3543 2291 3611 propositio
2316 3558 2434 3613 qua:
2488 3541 2639 3610 dicit,
2672 3544 2847 3599 omnis
2898 3544 3060 3600 homo
3106 3545 3289 3615 justus
3335 3553 3441 3613 est,
3482 3559 3590 3603 non

1993 3645 2136 3700 enim
2178 3655 2261 3700 est
2284 3644 2461 3715 justus
2496 3645 2673 3700 omnis
2702 3645 2897 3715 homo,
2943 3647 2988 3702 si
3030 3645 3119 3702 alii
3161 3645 3292 3718 justi
3321 3646 3455 3714 sint,
3500 3648 3590 3705 alii

1994 3752 2124 3793 vero
2151 3736 2357 3807 injusﬁ.
2389 3736 2565 3805 Quare
2605 3739 2857 3809 quoniam
2908 3738 3136 3812 duplicis
3185 3738 3591 3809 significationis

1993 3841 2098 3904 est,
2130 3833 2331 3890 idcirco
2374 3833 2692 3892 universalis
2720 3834 3021 3906 negationis
3043 3835 3316 3902 dilﬁnitio,
3350 3851 3472 3908 quae
3508 3847 3591 3895 est

1994 3928 2195 3997 nullus,
2229 3930 2549 3988 universalis
2578 3929 2952 3987 alﬁrmationis
3002 3930 3139 3987 tollit
3186 3930 3591 3987 determinatio-

1992 4034 2142 4095 nem,
2172 4036 2294 4091 quae
2343 4030 2425 4078 est
2465 4024 2666 4091 omnis,
2708 4032 2871 4094 atque
2914 4022 3035 4079 ideo
3076 4023 3129 4079 in
3180 4023 3591 4094 particularihus

1995 4111 2369 4182 negationibus
2398 4113 2466 4169 ad
2494 4114 2662 4184 ipsam
2687 4114 3146 4171 universalitatem
3169 4114 3587 4172 altlrmationum

1994 4205 2209 4274 negatio
2259 4219 2487 4261 necesse
2538 4214 2624 4262 est
2662 4217 2990 4278 apponatur,
3023 4214 3083 4263 ut
3127 4208 3181 4263 in
3212 4223 3279 4264 eo
3308 4208 3452 4281 quod
3507 4221 3589 4265 est

1990 4297 2169 4354 omnis
2205 4296 2368 4353 homo
2412 4298 2589 4368 justus
2617 4308 2721 4364 est,
2756 4300 2840 4354 illa
2870 4310 2954 4357 est
2991 4301 3040 4357 ei
3084 4291 3329 4372 opposita
3376 4303 3588 4373 negatio

1994 4404 2114 4462 quae
2144 4399 2245 4456 est,
2282 4405 2386 4446 non
2420 4394 2595 4446 omnis
2624 4389 2787 4448 homo
2812 4393 2989 4463 justus
3027 4400 3129 4459 est,
3183 4408 3291 4449 non
3328 4393 3421 4449 illa
3472 4409 3590 4465 qua:

1992 4491 2097 4550 est,
2130 4483 2307 4539 omnis
2329 4483 2491 4538 homo
2520 4483 2693 4555 justus
2736 4498 2843 4539 non
2891 4493 2997 4551 est,
3053 4500 3119 4540 nc
3164 4485 3234 4540 sit
3278 4484 3585 4558 ambiguum

297 4586 459 4633 tatem
506 4576 886 4634 universaliter
932 4577 1194 4650 appellari
1238 4577 1388 4635 fecit.
1446 4577 1651 4634 Rursus
1690 4585 1774 4633 est
1830 4588 1884 4631 ut
1909 4569 1968 4635 Ι)
1996 4584 2173 4631 utrum
2205 4575 2586 4631 universaliter
2613 4591 2681 4630 an
2721 4575 3120 4646 particularitcr
3152 4585 3330 4648 neget.
3376 4577 3586 4634 Dictum

296 4672 674 4729 universalitas
704 4673 1099 4744 particularitcr
1123 4672 1471 4744 prmdicetnr,
1493 4682 1550 4728 ut
1576 4687 1698 4727 cum
1742 4671 1885 4741 dico,

295 4766 512 4839 quidam
538 4766 702 4823 homo
727 4768 928 4823 animal
948 4776 1053 4835 est,
1093 4767 1309 4839 quidam
1339 4766 1660 4839 pztrticulare
1704 4764 1887 4821 deter-

294 4862 482 4928 minat,
532 4859 627 4916 sed
670 4868 915 4931 junctum
946 4860 1014 4916 ad
1052 4860 1326 4918 hominem
1359 4859 1719 4917 universalem
1760 4857 1891 4914 sub-

293 4956 544 5011 stantiam
592 4955 991 5026 particulariter
1017 4956 1298 5027 praedicari
1344 4956 1491 5012 fecit.
1532 4956 1625 5010 Est
1672 4968 1889 5026 quoque

293 5048 605 5105 universale
627 5063 737 5105 non
760 5048 1141 5105 universaliter
1168 5048 1486 5119 praedicare,
1521 5048 1733 5118 quoties
1765 5046 1885 5103 sine

292 5143 599 5215 adjectione
650 5140 1075 5198 universalitatis
1132 5141 1214 5197 vel
1273 5139 1710 5211 particularitatis
1758 5139 1889 5194 sim-

294 5235 508 5307 pliciter
529 5249 727 5289 nomen
745 5232 1049 5289 universale
1082 5232 1323 5302 ponitur,
1358 5238 1415 5286 ut
1442 5236 1547 5298 est,
1573 5228 1736 5285 homo
1772 5228 1889 5285 anl-

288 5327 523 5403 malest.
578 5325 1069 5382 Determinationes
1098 5334 1279 5381 autem
1310 5323 1564 5380 dicuntur
1599 5337 1721 5394 quas
1768 5337 1884 5380 rem

292 5419 655 5475 universalem
683 5420 768 5477 vel
798 5420 852 5475 in
880 5427 1050 5475 totum
1079 5418 1333 5486 fundunt,
1366 5429 1425 5475 ut
1461 5419 1662 5487 omnis,
1691 5421 1775 5477 vel
1829 5423 1882 5477 in

291 5521 501 5584 partem
529 5512 881 5581 contrahunt,
911 5521 968 5569 ut
992 5512 1236 5583 quidam.
1266 5513 1451 5571 Omnis
1490 5526 1620 5569 vero
1647 5513 1732 5571 vel
1767 5514 1886 5587 qui-

291 5606 415 5663 dam
463 5605 819 5680 quantitatem
872 5605 1258 5678 propositionis
1319 5605 1685 5674 determinat,
1769 5621 1889 5677 quae

292 5703 768 5778 quantitasjuncta
797 5716 919 5763 cum
964 5702 1226 5777 qualitate
1268 5702 1697 5776 propositionum
1751 5713 1887 5772 qua-

294 5808 411 5869 tuor
440 5799 680 5869 variatur
702 5799 901 5868 modis.
944 5797 1188 5874 (iutilius
1231 5804 1414 5864 autem
1453 5793 1885 5865 propositionum

1995 4678 2077 4724 est
2131 4669 2277 4726 enim
2327 4668 2466 4724 hanc
2512 4667 2850 4740 negationem
2884 4685 3004 4740 quae
3052 4680 3156 4750 est,
3209 4672 3385 4729 omnis
3429 4672 3585 4726 homo

1988 4760 2169 4830 justus
2210 4776 2317 4816 non
2366 4771 2471 4830 est,
2520 4771 2572 4817 et
2611 4760 3035 4817 universalitatis
3082 4760 3583 4833 interpretationem

1997 4853 2282 4925 designare
2327 4863 2380 4911 et
2410 4854 2848 4931 particularitatis
2881 4854 3333 4924 propositionem.
3366 4857 3584 4924 Quoties

1998 4959 2127 5000 vero
2178 4944 2507 5016 particulare
2534 4944 2738 5016 aliquid
2782 4945 3010 5014 tollitur,
3045 4946 3098 5002 in
3131 4947 3217 5003 his
3250 4963 3362 5023 ‘non
3383 4948 3493 5017 jam
3521 4950 3583 5003 at?

1999 5036 2524 5108 determinationem,
2554 5038 2651 5095 sed
2691 5038 2758 5094 ad
2807 5039 3154 5109 praedicatum
3195 5039 3455 5110 particula
3494 5056 3562 5096 ne

1996 5132 2228 5204 galionis
2253 5133 2560 5204 apponitur,
2590 5143 2650 5188 ut
2680 5134 2733 5188 in
2760 5146 2826 5188 eo
2852 5134 2998 5204 quod
3020 5143 3123 5201 est,
3172 5132 3391 5203 quidam
3424 5135 3586 5190 homo

1993 5223 2170 5294 justus
2200 5233 2302 5294 est,
2346 5224 2523 5281 nullus
2569 5223 2722 5295 dicit,
2785 5239 2891 5279 non
2939 5224 3165 5296 quidam
3206 5223 3369 5281 homo
3412 5224 3581 5296 justus

1996 5329 2107 5386 est,
2131 5318 2317 5390 Neque
2360 5318 2503 5375 enim
2557 5318 2645 5375 hic
2688 5317 2754 5374 ad
2801 5317 3307 5374 determinationem
3350 5321 3556 5390 particu

1997 5413 2185 5478 larem,
2221 5411 2365 5484 quod
2409 5422 2491 5467 est
2543 5411 2779 5485 quidam,
2825 5410 3042 5482 negatio
3088 5410 3327 5481 ponitur,
3377 5409 3473 5466 sed
3508 5412 3581 5466 di-

1994 5508 2170 5565 cimus
2198 5507 2414 5578 quidam
2446 5507 2607 5563 homo
2633 5508 2811 5577 justus
2834 5521 2941 5560 non
2972 5513 3074 5571 est,
3102 5503 3310 5561 scilicet
3338 5504 3405 5559 ad
3453 5520 3561 5577 pra:

1993 5600 2232 5657 dicatum
2263 5598 2404 5672 quod
2436 5609 2520 5656 est
2543 5599 2739 5671 justus.
2768 5597 2921 5654 Unde
2953 5596 3115 5652 etiam
3155 5595 3223 5650 ad
3273 5595 3581 5653 indetermi.

1996 5703 2154 5753 natas
2184 5694 2600 5766 propositiones,
2629 5706 2748 5762 quae
2772 5698 2899 5748 sunt
2925 5688 3043 5745 sine
3056 5686 3255 5756 omnis,
3278 5697 3368 5746 aut
3389 5689 3582 5753 nullus,

1993 5800 2088 5855 aut
2119 5788 2346 5871 alienius
2369 5783 2840 5868 determinatio»,
2871 5784 2939 5859 ad
2965 5782 3320 5872 praedicatum
3365 5797 3547 5847 senm»
