4022 6332
472 304 575 388 sci

1709 308 1822 390 ad.
1860 331 2066 389 nam.
2107 322 2263 390 εεν.
2291 335 2516 392 socru

3632 338 3731 396 ‘68

472 448 755 535 apponitur
792 428 1052 533 particula
1090 426 1903 519 negativa,utest,|tomojustus
1932 465 2041 504 non
2067 450 2124 517 Ᾱ
2146 452 2201 506 in
2234 467 2300 508 eo
2326 452 2467 523 quod
2518 463 2602 511 est
2630 455 2795 521 ullus,
2824 435 2969 526 quad
3011 444 3093 513 est
3123 440 3498 515 diminutivum
3548 460 3722 518 unius.

471 550 576 597 est.
620 530 787 595 Nemo
813 530 955 595 enim
980 537 1107 593 dicit
1136 556 1241 593 non
1268 536 1624 609 ltomojustus
1646 549 1748 604 est,
1767 540 1862 596 sed
1890 536 2048 596 homo

469 632 645 704 justus
683 648 787 687 non
808 642 911 688 est.
944 630 999 685 In
1024 622 1380 702 singularibus
1395 620 1607 702 quoque
1635 648 1742 689 non
1769 630 1910 701 dico,
1944 634 2067 690 non'

474 724 721 779 Socrates
760 723 935 793 justus
977 718 1079 799 est,
1110 724 1201 777 sed
1244 722 1492 779 Socrates
1514 724 1689 792 justus
1734 738 1839 782 non
1870 739 1970 794 est,
1996 736 2050 783 et

474 814 570 869 nisi
599 814 881 886 aliquoties
920 815 1241 885 ambiguitas
1271 810 1559 886 impedirei
1603 818 1669 872 ad
1701 804 2048 888 prmdicatum

470 924 682 977 semper
712 908 919 976 iugatio
972 921 1284 979 poneretur.
1335 894 1443 967 Sed
1488 910 1669 967 omnia
1715 894 2047 987 qttmcttnque

470 1000 521 1052 in
553 1000 1001 1055 tleterminatione
1044 1011 1331 1069 ponuntur,
1362 1002 1484 1056 talia
1518 1010 1663 1069 sunt,
1694 996 1811 1073 quin
1842 1013 1932 1056 aut
1964 998 2046 1059 to;

468 1103 577 1147 tum
627 1092 875 1162 cuiligant
916 1096 964 1148 in
994 1093 1332 1160 allirmativo,
1355 1105 1409 1151 ut
1429 1104 1516 1152 est
1537 1098 1732 1164 omnis,
1757 1098 1848 1150 aut
1876 1104 2045 1152 totum

467 1186 733 1256 perimant
785 1182 837 1240 in
877 1186 1139 1256 ttegati‘lo,
1199 1199 1253 1243 ut
1299 1198 1383 1243 est
1436 1184 1634 1254 nuliu~,
1677 1196 1768 1243 aut
1794 1188 2048 1258 colligant

466 1278 521 1333 in
571 1279 895 1334 allii-mativn
950 1292 1176 1349 partem,
1234 1292 1289 1335 ut
1325 1292 1407 1336 est
1460 1282 1711 1353 quidant,
1762 1266 1853 1337 aut
1903 1282 2043 1337 inte-

467 1383 664 1438 rimant
705 1385 758 1438 iu
797 1368 1042 1455 negativo
1071 1394 1298 1455 partem,
1328 1388 1383 1439 ut
1409 1386 1622 1455 quidam
1676 1370 1805 1453 non,
1847 1372 1938 1440 aut
1990 1384 2044 1440 in

463 1485 712 1554 negativo
759 1486 1025 1555 perimant
1048 1485 1217 1540 totum
1251 1486 1661 1555 particulariter,
1699 1502 1755 1541 ut
1805 1468 1889 1541 est
1936 1501 2042 1542 non

463 1579 791 1643 ontnis;sed
816 1578 1027 1649 quidam
1058 1564 1163 1632 non
1212 1588 1265 1633 et
1304 1594 1409 1634 non
1474 1584 1649 1632 omnis
1695 1562 2043 1648 particulares

465 1672 776 1742 negationes
804 1676 948 1727 sunt.
977 1672 1101 1729 Sive
1124 1674 1266 1727 enim
1292 1675 1412 1742 quis
1439 1688 1533 1743 par
1557 1688 1641 1728 em
1663 1688 1729 1728 ex
1764 1684 1875 1728 toto
1924 1688 2041 1727 sur-

461 1764 646 1835 ripiat,
681 1764 997 1832 particulam
1025 1773 1106 1819 est
1155 1764 1297 1833 quod
1345 1766 1580 1835 reliquit,
1623 1765 1744 1834 quia
1796 1780 1826 1819 ιι
1880 1765 2043 1820 totius

460 1858 788 1926 perfectione
810 1856 1072 1911 discessit.
1093 1855 1219 1911 Sive
1246 1856 1365 1926 quis
1397 1866 1566 1919 totum
1595 1869 1716 1911 esse
1741 1867 1899 1925 neget
1928 1857 2041 1912 sive

459 1962 667 2022 partem
700 1951 981 2018 relinquat,
1014 1965 1228 2004 rursum
1278 1949 1601 2019 particulare
1631 1958 1714 2005 est
1741 1948 1883 2020 quod
1916 1949 2041 2003 reli-

458 2058 622 2115 quum
656 2043 733 2097 iit.
760 2042 898 2109 ,Nam
928 2056 1047 2095 eum
1078 2042 1223 2108 dico,
1256 2041 1469 2111 quidam
1513 2042 1673 2096 homo
1716 2041 1892 2110 justus
1933 2055 2041 2095 non

459 2143 564 2199 est,
592 2134 783 2189 abstuli
812 2144 1018 2203 partem
1044 2151 1059 2201 ;
1110 2142 1165 2187 et
1190 2147 1377 2187 rursus
1406 2147 1527 2187 cum
1552 2133 1699 2197 dico,
1727 2118 1833 2187 non
1864 2130 2040 2187 omnis

456 2224 622 2279 homo
640 2224 819 2294 justus
857 2232 961 2291 est,
1003 2239 1122 2278 cum
1166 2223 1352 2294 negavi
1405 2238 1642 2291 omnem,
1694 2225 1924 2294 aliquem
1950 2223 2041 2294 qtti

454 2315 634 2385 justus
679 2331 788 2370 non
819 2327 959 2381 esset
1009 2316 1241 2370 ostendi.
1293 2316 1417 2370 ilarc
1446 2332 1597 2388 ergo,
1625 2332 1729 2371 non
1760 2312 1957 2384 omnis,
1986 2325 2042 2373 et

455 2407 1211 2481 quidam,determinatiuues
1257 2392 1587 2480 planissima:
1618 2419 1766 2479 sunt,
1805 2396 1859 2467 et
1889 2406 2040 2465 com;

456 2501 603 2557 muni
654 2501 1019 2572 intelligentia:
1068 2501 1321 2571 subjecta:
1355 2504 1493 2579 :ltas
1542 2503 1661 2558 dute
1690 2500 2040 2572 particulares

454 2593 721 2661 rccipiunt
748 2596 1081 2663 ncgitioues,
1106 2602 1163 2647 ut
1186 2608 1247 2648 ca
1273 2609 1386 2664 quae
1407 2602 1493 2649 est
1535 2595 1749 2664 quidam
1808 2610 1913 2649 non
1942 2588 2038 2649 de;

453 2683 881 2740 tenninatiouem
916 2685 1287 2755 particularem
1346 2699 1523 2755 nrgat,
1551 2702 1612 2742 ea
1647 2702 1775 2742 vero
1797 2704 1915 2756 qua:
1955 2696 2040 2743 est

454 2792 559 2832 non
584 2780 761 2835 omnis
808 2780 1164 2835 nuiversalem
1196 2791 1355 2851 negat
1377 2779 1904 2857 determinatiouem,
1938 2770 2035 2836 sed

452 2879 691 2942 utrmque
717 2871 1053 2942 negationem
1085 2870 1166 2941 (ut
1188 2873 1387 2926 dictum
1441 2876 1547 2943 est)
1598 2872 1650 2927 iu
1701 2871 2040 2941 particulari-

452 2970 617 3020 tatem
659 2965 1051 3033 constringunt.
1106 2964 1259 3041 Quod
1287 2972 1465 3018 autem
1524 2962 1807 3041 dicimus,‘
1834 2964 2036 3027 nullus,

451 3065 728 3135 preprium
777 3064 1047 3135 quoddam
1094 3063 1308 3120 videtur
1360 3078 1485 3120 esse
1531 3036 1877 3129 vocabuluin,
1929 3078 2035 3118 non

450 3155 631 3211 Omnis
671 3157 816 3211 enim
863 3156 1005 3225 quod
1049 3156 1247 3212 dicitur
1307 3170 1521 3211 omnem
1579 3171 1675 3226 per
1724 3141 2035 3210 adverbium

448 3248 755 3317 negativum
792 3248 951 3319 quod
999 3259 1220 3304 estnon
1270 3247 1477 3304 adimit.
1525 3248 1730 3303 Rursus
1776 3262 1898 3304 cum
1952 3248 2028 3303 die

449 3340 621 3396 cimus
669 3340 887 3413 qnidtm
923 3357 1030 3398 non
1076 3343 1129 3397 in
1183 3357 1249 3397 eo
1287 3341 1431 3413 quod
1469 3348 1556 3397 est
1602 3342 1817 3411 quidam
1845 3340 2037 3396 adver-

448 3430 596 3487 bium
623 3404 764 3501 quud
787 3443 870 3488 est
901 3451 1013 3503 non
1035 3434 1272 3489 additum
1296 3404 1325 3488 ιι
1353 3418 1601 3504 subjecto
1641 3435 1873 3491 termino
1912 3450 2034 3519 pars

449 3523 676 3580 ticttlare
711 3534 945 3597 sepatat.
996 3524 1184 3582 Nullus
1214 3542 1343 3584 vero
1375 3527 1427 3583 in
1462 3528 1722 3589 vocabulo
1748 3529 1864 3597 ipso
1903 3520 2032 3600 quid

448 3627 663 3686 separet
691 3633 795 3674 non
828 3630 1109 3688 monstrat,
1152 3629 1207 3677 et
1235 3622 1443 3691 videtur
1481 3621 1876 3692 quodammodo
1923 3638 2029 3679 non

447 3710 629 3779 petitis
658 3696 777 3766 esse
804 3708 1016 3781 negatio
1041 3727 1199 3781 quam
1229 3710 1534 3780 afﬁrmatio,
1569 3728 1740 3783 neque
1770 3716 1913 3769 enim
1938 3712 2033 3769 ad-

447 3801 687 3855 verbium
727 3809 830 3865 est,
859 3816 957 3857 nec
992 3800 1317 3871 cenjunctio,
1350 3796 1659 3859 adverbium
1694 3820 1924 3872 namque
1952 3815 2031 3859 at-

448 3905 553 3961 que
588 3882 895 3960 conjuncti.)
935 3876 1385 3951 declinaiionibus
1430 3900 1634 3953 carent.
1687 3886 1877 3953 Nullus
1905 3912 2033 3953 vero

447 3980 590 4050 quod
612 3980 841 4037 dicimus
870 3988 925 4038 et
952 3984 1240 4054 generibus
1270 3982 1508 4056 subiacet
1538 3995 1594 4043 et
1623 3978 1916 4043 inﬂectitur
1942 3988 2032 4043 ca-

446 4075 619 4141 sibus,
666 4075 787 4148 quid
816 4077 973 4148 igitur
999 4066 1125 4133 est?
1150 4064 1214 4132 an
1240 4079 1339 4135 erit
1370 4080 1609 4138 nomen?
1639 4084 1730 4137 sed
1760 4082 1898 4161 nulla
1931 4097 2032 4137 ne—

446 4168 592 4241 gatio
632 4183 823 4224 nomen
846 4166 967 4226 esse
1010 4158 1357 4226 menstratur.
1390 4168 1526 4238 Quid
1558 4172 1626 4227 sit
1654 4170 1782 4243 ergo
1812 4158 1902 4227 tali
1946 4175 2031 4228 in-

444 4246 798 4335 vestigatione
836 4256 1180 4330 quaerendum
1211 4275 1317 4319 est.
1363 4260 1586 4319 Videtur
1614 4265 1755 4318 enim
1783 4265 1923 4336 quod
1950 4264 2034 4321 di-

445 4349 584 4406 citur
614 4350 791 4405 nullus
817 4352 917 4405 tale
943 4348 1062 4406 esse
1090 4358 1340 4422 tanquam
1377 4353 1422 4407 si
1443 4353 1687 4407 dicamus
1719 4368 1819 4409 nec
1861 4369 2031 4421 unus;

444 4459 569 4499 nam
598 4440 686 4513 qui
713 4444 839 4500 dicit
858 4444 1029 4500 nullus
1057 4442 1419 4501 homoanimal
1438 4450 1545 4511 est,
1576 4445 1907 4501 tantumdem
1939 4456 2033 4505 va-

446 4542 522 4596 let
564 4547 819 4610 quantum
850 4553 950 4595 nec
977 4546 1114 4595 unus
1162 4538 1322 4596 homo
1349 4539 1547 4595 animal
1569 4548 1672 4596 est.
1722 4539 1871 4608 Quod
1900 4554 2029 4595 vero

444 4628 677 4687 dicimus
718 4628 881 4698 ullus,
913 4630 1013 4688 ltoc
1055 4630 1122 4687 ab
1166 4646 1234 4687 eo
1261 4630 1642 4686 diminutivum
1672 4628 1920 4701 estquod
1952 4642 2031 4689 est

444 4737 602 4779 unus.
630 4720 920 4779 Diminntio
946 4718 1172 4794 namque
1199 4720 1361 4779 unius
1386 4724 1529 4780 ullus
1554 4730 1637 4779 est
1669 4731 1947 4795 tanquam,
1983 4725 2030 4780 si

444 4814 678 4872 dicerem
710 4816 924 4881 nullus;
973 4830 1102 4886 ergo
1128 4810 1246 4886 plus
1275 4822 1434 4885 negat
1467 4810 1710 4885 quisquis
1748 4815 1909 4869 etiam
1948 4813 2029 4868 di-

445 4906 796 4965 minutionem
827 4915 1004 4977 neget,
1050 4907 1172 4962 utsi
1220 4905 1339 4976 quis
1386 4900 1531 4959 dicat
1558 4910 1667 4958 non
1712 4901 1875 4957 modo
1920 4908 2025 4959 non

445 4997 609 5055 baliet
662 5013 929 5070 gemmam
977 4994 1115 5068 quod
1167 4993 1339 5065 majus
1381 5001 1487 5061 est,
1528 4992 1879 5048 verumetlam
1926 4990 2027 5051 nec

445 5088 769 5161 gemmulam
800 5088 940 5161 quod
972 5098 1055 5145 est
1081 5088 1275 5143 minus.
1302 5086 1391 5143 Sic
1416 5096 1545 5157 ergo
1572 5087 1661 5157 qui
1687 5094 1884 5155 negare
1910 5082 2028 5138 vult

444 5184 610 5241 etiam
656 5200 851 5253 unum,
893 5187 1011 5254 plus
1050 5192 1205 5254 negat
1231 5180 1274 5237 si
1322 5182 1466 5237 dicat
1514 5194 1612 5235 nec
1640 5180 1813 5249 ipsum
1868 5178 2028 5232 u'nius

444 5276 825 5332 diminutivum
856 5272 981 5331 illud
1009 5290 1128 5331 esse
1154 5273 1292 5347 quod
1322 5266 1560 5328 dicitur:
1592 5278 1649 5325 ttt
1674 5270 1720 5326 si
1750 5267 1870 5341 quis
1900 5269 2031 5324 velit

448 5366 629 5423 ditere
667 5383 765 5425 nec
791 5383 953 5422 unum
975 5380 1095 5422 esse
1121 5366 1387 5420 hominem
1415 5362 1467 5417 in
1496 5362 1726 5426 theatro,
1758 5362 1829 5417 ita
1858 5360 2025 5425 dicat,

447 5474 554 5513 non
587 5460 748 5515 modo
778 5456 884 5514 illic
906 5473 1042 5513 unus
1065 5454 1225 5513 ltdmo
1255 5471 1358 5511 non
1388 5463 1495 5519 est,
1517 5464 1704 5509 verum
1735 5468 1834 5508 nec
1862 5452 2021 5507 ullus.

445 5551 579 5605 Cum
611 5565 741 5622 ergo
768 5544 999 5605 dit-imus
1038 5551 1236 5614 nullus,
1260 5547 1331 5603 ita
1366 5544 1729 5614 praeponimus
1769 5552 2024 5611 tanquam

448 5646 492 5701 si
520 5643 763 5701 dicamus
792 5659 892 5701 nec
922 5645 1082 5700 ullus.
1108 5641 1279 5697 Tenet
1308 5640 1469 5709 igitur
1498 5632 1612 5689 hace
1657 5634 1709 5688 tu
1740 5647 1800 5688 se
1837 5631 2021 5687 deter-

449 5739 689 5805 minatio,
714 5754 832 5808 qun
847 5746 926 5791 est
954 5734 1150 5801 nullus,
1169 5734 1340 5787 vicem
1366 5726 1663 5800 negatiOuis
1682 5735 1735 5781 et
1764 5722 2022 5779 nominis.

450 5826 752 5903 Negalionis
782 5830 996 5903 quidem
1023 5829 1073 5884 in
1114 5842 1178 5885 eo
1206 5822 1349 5898 quod
1369 5832 1453 5881 est
1483 5834 1603 5891 nec,
1634 5816 2025 5898 ρῳξρῃᾼορ

2150 547 2223 602 Ita
2253 546 2414 617 igitur
2436 548 2667 603 maxima
2692 549 2748 604 lit
2776 544 2993 620 negatio
3022 546 3097 605 rei
3130 552 3464 621 parvissima:
3479 552 3620 623 quod
3647 562 3730 610 est

2151 655 2311 705 unus,
2336 641 2381 695 si
2410 638 2576 709 ipsius
2614 636 2986 701 diminutivum
3018 658 3231 713 quoque
3254 643 3558 711 subtrahat,
3587 642 3725 715 quod

2149 741 2230 785 est
2258 731 2416 785 ullus.
2444 731 2620 798 Quare
2648 724 2704 789 et
2730 724 2947 789 euntem
2994 720 3048 789 et
3078 734 3362 805 quemdam
3406 738 3585 792 statim
3626 738 3724 795 tol-

2150 821 2208 874 lit
2259 822 2488 891 negatio,
2522 836 2641 907 qua:
2686 823 2844 879 unius
2891 830 3106 896 quoque
3132 825 3304 895 ipsius
3350 826 3725 885 diminutivum

2151 914 2527 983 praediCatione
2557 916 2827 987 subducit,
2862 924 2919 973 ut
2951 933 3013 973 ea
3041 928 3159 989 qua:
3206 930 3289 975 est
3340 910 3519 977 nullus
3572 916 3729 978 itomo

2145 1004 2322 1072 justus
2348 998 2447 1060 est.
2483 1006 2592 1062 Hoc
2614 1009 2773 1082 enim.
2791 1016 2995 1066 tantum
3038 1020 3141 1075 est,
3178 1008 3428 1079 tanquam
3474 1008 3519 1069 si
3562 1013 3727 1084 ditat,

2150 1112 2256 1150 non
2284 1096 2426 1151 ullus
2458 1097 2617 1154 homo
2641 1099 2818 1168 justus
2846 1108 2947 1165 est,
2998 1101 3098 1156 huc
3131 1101 3271 1157 idem
3304 1104 3447 1157 Valet
3478 1110 3729 1174 tanquam

2151 1189 2195 1241 si
2223 1188 2446 1253 dicatur,
2468 1205 2570 1242 non
2604 1205 2738 1245 unus
2759 1191 2921 1245 homo
2946 1190 3123 1260 justus
3145 1190 3246 1247 est.
3273 1193 3452 1260 Quare
3479 1196 3733 1267 quoniam

2151 1278 2217 1333 de
2249 1279 2331 1334 Itis
2361 1292 2571 1350 quoque
2602 1281 2931 1337 sufﬁcienter
2956 1283 3155 1338 dictant
3186 1293 3289 1348 est,
3330 1283 3397 1339 ad
3423 1284 3735 1341 Aristotelis

2149 1370 2309 1427 verba
2333 1374 2679 1441 consequenti
2710 1373 2898 1428 ordine
2928 1368 3229 1430 veniamus.

2223 1460 2284 1515 Si
2310 1474 2431 1530 ergo
2461 1460 2813 1515 uniersaliter
2836 1463 3063 1516 enuntiet
3087 1466 3151 1515 de
3171 1462 3461 1527 uniuersali,
3486 1464 3735 1533 quoniam

2147 1559 2219 1605 est
2241 1562 2328 1606 aut
2351 1568 2453 1605 non
2481 1561 2575 1616 est,
2600 1565 2744 1605 erunt
2775 1554 2855 1606 lue
2874 1555 3146 1608 contraria:
3187 1554 3587 1621 enuntiationes,
3618 1556 3736 1610 dico

2146 1654 2316 1698 autem
2338 1644 2391 1697 in
2422 1644 2695 1699 universali
2723 1647 3122 1700 enuntiationem
3146 1648 3505 1715 uniuersalem,
3532 1659 3591 1703 ut
3622 1664 3728 1703 om-

2148 1739 2226 1792 nis
2251 1737 2400 1791 homo
2426 1736 2574 1792 albus
2594 1748 2687 1805 est,
2720 1738 2891 1792 nullus
2917 1739 3070 1793 homo
3092 1740 3237 1795 albus
3264 1748 3356 1796 est.

2070 1808 2119 1895 ﬂ
2220 1830 2529 1885 Dcmonstl‘a
2539 1844 2596 1884 re
2612 1829 2999 1898 oppositionem
3016 1831 3452 1887 contradictionis
3470 1831 3731 1901 intendit,

2145 1924 2238 1979 sed
2263 1922 2516 1992 quoniam
2536 1922 2671 1976 viam
2695 1921 2995 1991 reperiendi
3018 1921 3369 1991 ordinemque
3393 1924 3730 1993 permiscuit,

2146 2017 2345 2072 idcirco
2374 2030 2471 2071 nos
2502 2028 2712 2085 quoque
2740 2029 2903 2083 pauca
2926 2014 3170 2084 quaedam
3194 2015 3341 2085 prius
3361 2016 3606 2070 ordinata
3636 2030 3733 2073 ex-

2146 2110 2410 2180 pasitione
2440 2108 2814 2179 p‘rzcdicemus,
2847 2122 2915 2163 ne
2948 2108 3118 2163 lector
3143 2109 3472 2164 confusionis
3496 2111 3730 2182 caligine

2141 2210 2302 2274 atque
2332 2202 2659 2257 obscuritate
2703 2202 2967 2256 turbetur.
3008 2200 3257 2255 Omnium
3298 2202 3731 2272 propesitionum

2142 2310 2260 2367 quae
2301 2305 2421 2349 sunt
2452 2295 2755 2362 simplices,
2796 2306 2927 2363 quas
2957 2294 3283 2361 categoricas
3310 2291 3480 2349 Graeci
3510 2308 3729 2364 veesm,

2145 2398 2241 2444 nos
2288 2385 2662 2458 praedicativas
2688 2386 2867 2441 dicere
2895 2394 3202 2456 possumus,
3234 2395 3464 2455 quatuor
3490 2396 3619 2440 sunt
3646 2386 3731 2444 di.

2144 2479 2444 2536 versitatcs.
2471 2482 2579 2533 Aut
2615 2478 2758 2531 enim
2789 2476 3076 2531 al‘lirmatio
3103 2485 3225 2545 est,
3265 2486 3321 2533 et
3363 2477 3578 2545 negatio
3609 2479 3733 2533 unio

2143 2575 2385 2639 versatis,
2420 2576 2483 2627 ut
2513 2581 2594 2626 est
2620 2570 2793 2625 omnis
2825 2571 2985 2625 nemo
3012 2569 3190 2639 justus
3218 2578 3322 2633 est,
3356 2570 3534 2625 nullus
3562 2569 3735 2625 homo

2136 2669 2313 2738 justus
2351 2674 2454 2722 est.
2488 2668 2595 2721 Aut
2620 2663 2907 2720 afﬁrmatio
2945 2662 3000 2719 et
3037 2665 3248 2734 negatio
3278 2663 3638 2733 particularis,
3671 2672 3735 2721 ut

2142 2764 2225 2818 est
2250 2760 2464 2832 quidam
2508 2761 2671 2815 homo
2713 2761 2890 2829 iusius
2931 2767 3033 2824 est,
3081 2758 3296 2826 quidam
3342 2755 3506 2811 homo
3546 2755 3729 2825 justus

2144 2866 2251 2905 nun
2274 2859 2377 2906 est.
2401 2853 2503 2903 Aut
2524 2848 2809 2901 afﬁrmatio
2834 2858 2886 2902 et
2914 2845 3130 2916 negatio
3151 2843 3447 2910 iudeiiuita,
3473 2854 3533 2898 ut
3562 2849 3732 2905 homo

2139 2944 2311 3013 justus
2340 2953 2443 3012 est,
2478 2941 2641 2996 homo
2678 2926 2855 3012 justus
2899 2955 3005 2993 non
3043 2947 3149 2994 est.
3195 2939 3304 2992 Aut
3346 2936 3414 2992 de
3466 2934 3730 3006 singulari

2143 3039 2384 3107 subjecto
2437 3036 2730 3092 aitirtnatto
2773 3043 2828 3090 et
2874 3035 3108 3104 negatio,
3157 3043 3217 3087 ut
3261 3030 3395 3085 Cato
3419 3029 3597 3099 justus
3617 3035 3729 3095 est,

2142 3130 2275 3185 Cato
2300 3131 2479 3201 justus
2506 3144 2611 3185 non
2640 3138 2745 3185 est.
2779 3129 2976 3183 llarum
3004 3142 3133 3182 vero
3155 3127 3296 3181 inter
3319 3136 3379 3179 se
3403 3124 3605 3179 veritas
3636 3121 3729 3178 [ειη

2063 3202 2111 3277 Β
2139 3225 2378 3292 sitasque
2404 3238 2509 3278 non
2540 3232 2601 3278 se
2630 3223 2791 3278 habet
2816 3223 3065 3277 sutiliter
3085 3222 3179 3275 sed
3209 3220 3444 3275 diverse.
3474 3217 3544 3272 Et
3574 3220 3729 3286 prius

2138 3314 2206 3371 de
2253 3315 2650 3370 universalibus
2676 3323 2838 3383 atque
2872 3312 3311 3384 particularibos,
3344 3310 3396 3364 id
3426 3320 3512 3364 est
3539 3310 3607 3362 de
3637 3307 3729 3364 itis

2136 3414 2256 3477 qua:
2283 3406 2653 3461 determinatus
2680 3416 2806 3460 sunt
2831 3405 3113 3460 dicendum
3131 3411 3235 3464 est,
3267 3408 3387 3472 post
3407 3400 3475 3456 de
3500 3399 3727 3469 reliquis

2137 3498 2513 3568 disputibitur.
2540 3497 2863 3564 Disponatur
2906 3509 3036 3565 ergo
3081 3492 3370 3548 aliirmatio
3401 3489 3724 3561 universalis

2134 3602 2254 3664 qua:
2283 3602 2386 3656 est,
2415 3590 2592 3646 omnis
2622 3592 2782 3645 homo
2806 3589 2983 3659 justus
3008 3596 3114 3652 est,
3144 3595 3202 3641 et
3237 3593 3424 3640 contra
3455 3584 3595 3637 lianc
3624 3597 3724 3637 ne-

2136 3688 2279 3756 gatio
2310 3685 2647 3749 universalis,
2688 3697 2806 3752 quae
2855 3687 2961 3745 est,
3008 3678 3189 3734 nullus
3223 3680 3383 3732 homo
3406 3675 3585 3746 justus
3610 3684 3721 3730 est.

2134 3778 2248 3833 Sub
2298 3778 2381 3831 itis
2402 3786 2601 3840 autem,
2627 3775 2730 3829 sub
2773 3772 3129 3829 afﬁrmatione
3153 3770 3371 3838 quidem
3404 3765 3721 3845 universali,

2140 3871 2474 3941 particularis
2502 3866 2787 3921 afﬁrmatio
2813 3878 2933 3933 qua:
2960 3870 3064 3926 est,
3106 3860 3322 3931 quidam
3352 3858 3512 3943 homo
3534 3855 3718 3941 jusms

2135 3970 2259 4027 est;
2292 3960 2392 4014 sub
2437 3957 2726 4013 universali
2777 3955 3064 4024 negatione
3110 3946 3448 4023 particular-is
3501 3947 3727 4031 negatio

2133 4070 2253 4125 qua:
2291 4062 2394 4119 est,
2426 4052 2640 4122 quidam
2687 4050 2852 4105 homo
2888 4051 3068 4117 justus
3114 4061 3221 4101 non
3260 4052 3367 4100 est.
3399 4043 3511 4098 lloc
3535 4050 3720 4098 autem

2132 4151 2465 4207 demonstrat
2492 4145 2785 4215 descriptio
2817 4140 3061 4213 subjecta
3082 4148 3111 4194 tr

2984 4272 3191 4322 linivers
3206 4269 3283 4321 ills
3305 4267 3523 4329 uegltio.

2134 4274 2431 4339 Universalis
2454 4280 2720 4332 affirmatio.
2982 4274 3024 4344 tt

2138 4335 2302 4397 Buiuts
2324 4335 2466 4397 homo
2489 4348 2645 4397 iustus
2667 4350 2760 4392 est.
2982 4335 3154 4390 Nullus
3176 4336 3323 4384 homo
3338 4335 3503 4397 justus
3525 4336 3620 4384 est.

2132 4351 2302 4401 Omnis
2324 4351 2466 4398 homo
2483 4348 2645 4409 justus
2667 4350 2760 4392 est.

3084 4738 3085 4743 ‘
3120 4748 3127 4755 ν

3362 4838 3367 4841 .
3438 4838 3441 4845 ,
3454 4846 3457 4853 4

2970 5014 3172 5093 otitdam
3184 5026 3326 5080 hvmo
3338 5026 3499 5089 iustus
3510 5033 3602 5077 non
3616 5032 3717 5088 est,

2174 5047 2330 5099 uiuam
2349 5045 2491 5095 homo
2510 5041 2669 5100 justus
2685 5048 2783 5101 est,
2970 5041 3172 5093 outdam
3186 5041 3519 5089 ﬂ"m0)t1ﬂﬂSl

2174 5104 2440 5155 articularls
2456 5104 2722 5155 atﬁrmatio.
2974 5094 3043 5147 Ps
3070 5096 3286 5147 tieulsris
3303 5093 3519 5155 negatio.

2171 5104 2440 5159 artirularis
2456 5104 2722 5155 stiirmatio.

2132 5258 2223 5317 llic
2268 5258 2428 5329 igitur
2476 5254 2595 5310 diue
2642 5248 2962 5329 universalis
2990 5244 3275 5309 afﬁrmatio
3300 5218 3714 5313 eiparticuiaris

2129 5328 2411 5406 aflirmatio
2424 5346 2670 5402 dicuntur
2688 5332 3030 5397 subalternte.
3050 5337 3252 5419 Rursus
3271 5328 3587 5423 universalis
3613 5343 3711 5423 ne:

2129 5442 2294 5513 gallo,
2316 5450 2370 5496 et
2391 5434 2723 5509 particularis
2747 5410 3230 5511 negatio‘dicun‘tur
3245 5406 3569 5513 subtilior-mc
3582 5461 3603 5513 Α,
3622 5406 3711 5473 id;

2128 5504 2537 5599 circoquomam
2555 5541 2618 5598 pa
2627 5504 3177 5603 rticttlaritassempe,r
3189 5510 3291 5603 sub
3303 5504 3706 5603 t‘nii‘vei-sa‘litate

2127 5622 2417 5681 concludit.
2437 5620 2493 5675 In
2516 5619 2705 5690 quibus
2722 5592 2849 5683 iliud
2862 5621 2957 5695 est
2972 5581 3433 5695 considerandum.
3452 5596 3591 5695 quod

2129 5676 2546 5781 ⁷εΐιιιιιιιιιίιξ
2588 5680 2923 5763 universalis
2953 5684 3109 5781 Viam)
3146 5676 3704 5781 ,έΐΨῘηηίίὸνᾴυρἣλῒῤ

2130 5774 2467 5881 psrticularis
2496 5788 2623 5868 vera
2651 5806 2752 5867 εει,
2784 5784 2840 5867 et
2866 5782 2952 5862 ubi
2982 5774 3195 5862 negatio
3226 5772 3547 5846 liiiiversAiis
3577 5776 3701 5839 seu
