3982 6334
223 346 348 403 469

965 351 1033 409 ΙΝ
1072 349 1329 409 LIBRUM
1371 348 1459 405 DE
1501 334 2151 405 INTERPRETATIONE
2192 346 2419 405 EDITIO
2455 350 2809 419 SECUNDA.

3412 334 3512 402 Uti

224 464 343 527 est,
373 454 709 530 particularis
736 464 949 533 quoque
993 464 1206 534 negatio
1258 464 1383 519 vera
1439 471 1541 517 est.
1596 459 1727 515 Nam
1779 450 1821 511 Si
1850 446 1902 516 Α
1931 452 2079 513 falsa:
2101 472 2220 515 esse
2242 458 2483 531 possunt.
2515 462 2583 521 Ut
2612 462 2739 521 vei'o
2768 462 2872 519 una
2900 458 3027 520 vers
3053 464 3141 528 sit,
3170 463 3335 518 altera
3359 462 3519 530 falsa,‘

224 566 367 611 vera
405 562 489 611 est
517 550 694 610 odiuis
726 549 887 610 homo
926 556 1123 612 animal
1170 566 1279 621 est,
1328 559 1452 609 verti
1498 552 1579 610 est
1610 552 1825 623 quidam

226 646 401 704 homo
421 638 621 704 animal
652 648 755 705 est.
779 648 846 704 Et
873 648 916 705 sl
940 654 1063 705 vera
1090 660 1170 706 est
1190 648 1439 721 quoniam
1465 647 1641 704 nulliis
1664 647 1825 701 homo

226 740 375 810 lapis
402 748 506 810 est,
557 740 686 796 Vera
717 742 797 797 est
828 742 1082 813 quoniam
1116 740 1329 814 quidam
1367 739 1528 796 homo
1559 741 1691 809 lapis
1719 742 1824 793 non

226 840 343 891 est.
371 834 443 889 At
469 832 515 888 si
548 826 677 889 falsa
708 836 779 890 sit
806 826 1145 905 particular-is
1174 832 1483 901 affirmatid,
1529 830 1586 888 ut
1614 842 1674 888 ea
1706 830 1825 902 quat

226 936 322 983 est
348 928 561 997 quidam
596 918 757 984 iiomo
787 912 921 999 lapis
943 942 1043 997 ρει,
1078 930 1207 985 falsa
1257 936 1339 985 ‘est
1387 927 1703 983 universalis
1744 925 1824 980 af-

225 1016 491 1088 ﬁrmalio,
523 1020 699 1075 omnis
740 1019 903 1075 homo
937 1018 1072 1089 lapis
1102 1030 1203 1076 est.
1240 1021 1383 1075 Idem
1418 1020 1469 1073 in
1517 1019 1820 1087 negatione.

228 1109 292 1166 Si
312 1113 452 1166 enim
478 1114 688 1181 negatio
707 1114 1043 1185 pa‘rticuiaris
1067 1114 1196 1168 falsa
1220 1110 1323 1178 cst,
1347 1123 1403 1168 ut
1422 1112 1635 1183 quidam
1658 1113 1822 1168 homo

126 1202 155 1285 ξ
227 1206 435 1259 animal
470 1223 574 1261 non
606 1206 719 1274 est,
754 1206 883 1264 falsis
932 1217 1015 1264 est
1064 1206 1408 1275 universalis,
1454 1204 1630 1263 nullus
1659 1206 1821 1263 homo

114 1292 131 1303 ’
229 1298 435 1352 animal
466 1306 568 1355 est.
618 1292 689 1355 lla
731 1312 791 1355 ut
834 1300 1144 1371 przeceduut
1190 1296 1521 1356 universales
1571 1300 1625 1354 in
1667 1302 1817 1367 vero,

227 1390 427 1445 eodem
456 1392 617 1446 modo
648 1392 954 1460 praecedunt
986 1393 1335 1464 partictiia‘res
1366 1392 1417 1447 in
1444 1394 1596 1449 ιιιεο.
1631 1386 1823 1449 Dicun-

227 1489 324 1536 tur
353 1497 481 1538 vero
502 1482 790 1539 aflirmatio
822 1483 1139 1541 universalis
1167 1492 1221 1540 et
1260 1485 1475 1555 negatio
1503 1482 1821 1539 universalis

226 1574 538 1630 contrariae.
571 1574 681 1630 Hoc
702 1584 878 1631 autem
906 1575 1125 1642 idcirco,
1150 1576 1401 1648 quoniam
1425 1575 1820 1631 contrariorum

227 1660 544 1734 huiusmodi
574 1666 757 1723 natura
787 1680 902 1738 est,
940 1678 995 1724 ιιι
1020 1668 1329 1740 longissime
1359 1674 1388 1725 ει
1431 1685 1490 1725 se
1518 1669 1736 1732 diuen‘t,
1764 1674 1819 1723 et

229 1759 283 1813 si
318 1760 543 1830 aliquam
573 1761 709 1816 inter
732 1774 791 1817 se
815 1761 1047 1817 habeant
1071 1756 1435 1827 medietatem,
1467 1776 1572 1816 non
1604 1770 1820 1829 semper

1930 549 1981 606 id
2034 556 2244 624 quoque
2284 546 2628 625 conceditur:
2684 556 2741 613 dt
2788 564 3027 629 utrmque
3077 556 3182 615 sint
3214 570 3357 615 verat
3398 559 3514 613 fieri

1928 642 2034 697 non
2066 642 2263 713 potest,
2287 644 2423 702 sicut
2453 644 2584 703 illud
2610 648 2819 721 quoque
2845 648 3029 707 verum
3088 652 3190 717 est,
3245 648 3516 705 contraria

1927 730 2087 788 slluul
2114 746 2233 791 esse
2275 738 2379 792 non
2426 738 2602 808 posse.
2661 743 2979 799 Rectissime
3007 741 3167 813 igitur
3194 741 3513 797 universalis
3560 750 3591 785 -'

1926 828 2233 899 affirmatio,
2286 832 2711 907 linit-ersniisq‘ue
2753 839 2964 905 negatio
3009 838 3293 894 contraria:
3344 838 3511 891 uomi-
3579 870 3593 894 ιι

1926 922 2139 979 nentur.
2174 922 2517 983 Particularis
2548 932 2722 985 autem
2770 932 3054 988 affirmatio
3101 947 3218 1002 quae
3247 940 3348 997 est,
3397 946 3513 1000 qut-

1926 1015 2048 1071 dam
2080 1019 2239 1072 homo
2262 1020 2434 1087 iustus
2457 1026 2555 1087 est,
2586 1032 2638 1077 et
2662 1023 2995 1091 particul:lris
3022 1027 3235 1095 negatio
3264 1038 3385 1095 qua:
3405 1028 3508 1089 est,
3542 1034 3547 1049 λ

1925 1108 2138 1178 Quidam
2172 1110 2333 1165 homo
2360 1112 2531 1181 justus
2552 1130 2654 1167 non
2686 1123 2787 1181 est,
2817 1115 3204 1172 universalibus
3225 1116 3512 1171 contrariis

1924 1203 2222 1256 conlrarias
2252 1207 2605 1273 proprietates
2631 1206 2849 1260 habent.
2884 1205 2990 1261 like
3020 1208 3161 1261 enim
3185 1207 3345 1261 simul
3369 1220 3512 1262 vera:

1925 1296 2045 1350 esse
2078 1298 2193 1349 ιιοῆ
2216 1305 2459 1366 poterant
2488 1314 2505 1363 ;
2534 1310 2589 1353 ιιι
2616 1313 2742 1353 vero
2768 1312 2949 1354 essent
2979 1300 3137 1353 simul
3164 1300 3335 1378 falsae,
3368 1300 3512 1370 smpti

1923 1386 2097 1457 aliqua
2129 1390 2756 1446 rationeconcedebatur.
2779 1390 3006 1445 Particui
3024 1406 3126 1446 tres
3140 1396 3268 1444 vero
3282 1403 3334 1445 ut
3351 1402 3509 1445 utras-

1922 1494 2027 1548 que
2041 1495 2179 1535 vera
2196 1479 2528 1536 sintevenire
2544 1490 2740 1552 potest,
2764 1490 3074 1552 ututrteque
3100 1482 3249 1537 falsa:
3265 1485 3373 1538 sint
3396 1482 3513 1539 fieri

1925 1589 2031 1628 non
2065 1576 2237 1644 potest
2264 1593 2278 1630 :
2311 1582 2366 1631 ut
2400 1578 2452 1632 in
2481 1592 2545 1632 eo
2576 1578 2716 1646 quod
2748 1590 2850 1644 esl,
2875 1576 3091 1647 quidam
3132 1576 3293 1632 humo
3334 1577 3512 1646 justus

1921 1678 2027 1733 est,
2058 1684 2241 1723 verum
2265 1681 2370 1735 est;
2422 1670 2636 1741 quidam
2661 1670 2819 1725 homo
2836 1670 3012 1740 jusuts
3042 1685 3146 1724 non
3170 1678 3273 1734 est,
3297 1669 3348 1723 id
3379 1685 3511 1739 quo-

1924 1775 2026 1829 que
2051 1776 2235 1815 verum
2260 1772 2340 1816 est
2370 1778 2384 1826 ;
2425 1771 2483 1817 ut
2510 1770 2749 1831 utraeque
2776 1763 2922 1817 fals-c
2966 1762 3098 1828 sint,
3128 1760 3352 1817 inveniri
3402 1776 3509 1817 non

226 1828 465 1906 allerum
499 1852 733 1921 ipsorbm
765 1850 1009 1925 subjecto
1058 1850 1205 1917 insit,
1240 1854 1297 1907 ut
1323 1854 1499 1907 album
1525 1862 1579 1908 et
1607 1854 1814 1925 nigrum
1847 1828 1897 1903 θ
1924 1828 2119 1921 potest,
2151 1864 2204 1907 et
2236 1854 2287 1908 in
2318 1854 2417 1909 hoc
2447 1828 2675 1924 quidem
2693 1863 2820 1909 sunt
2861 1855 3150 1911 dissimiles
3200 1855 3507 1911 contrariis.

227 1952 342 1995 nun
377 1946 659 2008 possumus
692 1942 893 2009 dicere,
940 1945 1192 2008 ultumam
1221 1958 1381 1999 omne
1406 1958 1603 2014 corpus
1628 1956 1720 2000 aut
1746 1947 1823 2000 ai-

224 2031 359 2087 bum
397 2036 489 2087 aut
520 2035 729 2103 ltigrtlm
754 2040 869 2100 est;
905 2042 1080 2102 potest
1104 2035 1251 2091 enim
1276 2042 1374 2093 nec
1404 2037 1582 2091 album
1613 2050 1711 2092 nec
1739 2037 1821 2091 nia

224 2126 388 2193 grutii
417 2128 540 2179 esse
560 2167 575 2191 ,
629 2133 685 2180 et
727 2128 1011 2195 ulruinqlte
1042 2126 1230 2181 falsum
1263 2134 1384 2183 esse
1413 2129 1555 2198 quod
1601 2128 1814 2195 dicitur,

225 2217 437 2277 idcirco
460 2218 711 2288 quoniam
749 2220 957 2274 medius
991 2228 1071 2275 est
1100 2222 1270 2277 color.
1302 2222 1453 2289 Quod
1497 2222 1542 2276 si
1584 2238 1689 2277 non
1726 2223 1821 2277 Ita-

224 2310 363 2367 bent
407 2312 782 2378 medietatem;
834 2315 1058 2367 alterum
1114 2316 1350 2384 ipsorum
1383 2324 1606 2370 necesse
1634 2322 1715 2369 est
1738 2317 1821 2370 in-‘

231 2405 448 2461 haerere
485 2402 763 2475 suijectis,
792 2412 847 2460 ιιι
875 2410 995 2461 cum
1037 2392 1271 2462 dicimus
1298 2423 1460 2463 omne
1494 2410 1690 2477 corpus
1728 2416 1820 2463 aut

222 2496 466 2565 quietum
497 2502 598 2558 est.
642 2503 737 2551 aut
760 2506 1020 2560 movetur,
1067 2494 1255 2553 lterum
1290 2498 1417 2553 nihil
1448 2509 1529 2553 est
1559 2499 1814 2566 medium,

222 2594 287 2642 et
312 2594 530 2642 necesse
559 2596 640 2644 est
664 2588 822 2644 omne
842 2592 1035 2659 corpus
1059 2590 1140 2644 vel
1161 2589 1462 2645 consistere
1483 2591 1569 2645 vel
1591 2590 1813 2645 moveri.

228 2676 302 2735 Ut
328 2684 503 2734 autem
536 2678 588 2734 in
619 2682 806 2736 eodem
827 2683 985 2737 Simul
1006 2682 1207 2752 possint
1233 2696 1357 2738 esse
1384 2684 1669 2746 contraria,
1702 2682 1816 2739 fieri

224 2782 340 2826 non
372 2780 565 2841 potest.
590 2773 772 2843 Neque
796 2775 942 2828 enim
967 2775 1224 2843 possibile
1249 2784 1332 2830 est
1359 2782 1421 2829 ut
1449 2776 1590 2830 idem
1631 2775 1816 2832 album

223 2866 547 2935 nigrumque
573 2866 663 2929 sit,
694 2866 835 2936 quod
880 2866 933 2921 in
974 2866 1419 2923 afﬁrmationibos
1446 2876 1503 2923 et
1529 2867 1817 2938 negatiouli

224 2956 336 3012 bus
363 2958 745 3014 universallil‘us
773 2968 1015 3029 apparet.
1042 2960 1297 3031 NegatiVa
1329 2962 1470 3016 enim
1500 2973 1551 3016 ct
1580 2961 1815 3017 aftirina“

227 3047 339 3105 tiva
369 3050 692 3107 universales
723 3052 1008 3121 plurimum
1048 3054 1263 3125 quidem
1296 3054 1494 3109 distant
1516 3069 1546 3109 ιι
1574 3069 1653 3110 se.
1681 3056 1811 3109 Nam

223 3142 373 3213 quod
405 3143 490 3198 illa
518 3146 662 3215 punit
690 3146 967 3213 omnibds,
1002 3145 1090 3201 illa
1122 3147 1257 3202 tollit
1278 3148 1525 3202 omnibus
1554 3156 1608 3201 et
1641 3158 1809 3203 totum

1923 1941 2140 1998 Similes
2162 1953 2339 2000 autem
2370 1946 2449 2001 eis
2479 1947 2733 2002 videnlur
2757 1947 2898 2017 quod
2930 1947 3068 2002 sicut
3094 1947 3380 2002 contraria;
3410 1943 3508 2002 ali-

1921 2036 2132 2103 quoties
2162 2052 2344 2090 verum
2375 2036 2678 2107 falsumque
2722 2038 2986 2104 dividunt,
3032 2051 3090 2094 ut
3127 2053 3229 2093 una
3260 2054 3385 2095 vera
3416 2041 3510 2106 sit,

1920 2125 2087 2180 altera
2122 2128 2251 2182 falsa
2271 2169 2287 2194 ,
2320 2129 2393 2183 ila
2422 2144 2633 2200 qucque
2662 2140 2717 2186 et
2754 2130 3094 2199 particularis
3125 2146 3227 2185 una
3257 2145 3379 2186 vera
3414 2146 3509 2200 po-

1922 2227 2027 2273 test
2064 2234 2206 2285 esse,
2230 2221 2396 2276 altera
2441 2223 2593 2287 falsa,
2628 2231 2684 2277 ιιι
2725 2221 2940 2293 quidam
2974 2222 3134 2277 homo
3182 2223 3379 2279 animai
3403 2231 3507 2289 est,

1920 2313 2135 2379 quidam
2178 2312 2338 2366 homo
2368 2314 2565 2367 animal
2597 2329 2702 2368 non
2734 2326 2835 2370 est.
2875 2316 3107 2372 Servant
3136 2327 3313 2371 autem
3344 2315 3510 2372 stabi-

1919 2403 2026 2457 lem
2049 2404 2650 2477 iucommutabilemque
2694 2408 2938 2464 ordinem
2973 2417 3028 2465 et
3056 2410 3426 2466 similitudinis
3454 2418 3510 2469 et

1918 2498 2337 2553 contrarietatis.
2365 2499 2663 2555 Contraria
2698 2506 2840 2557 enim
2867 2504 3120 2573 quoniam
3146 2514 3508 2575 possuntesso

1920 2598 2159 2659 utrmque
2190 2589 2444 2669 falsa-uin
2478 2593 2884 2663 quibuscunque
2914 2603 3161 2664 utrmque
3193 2596 3340 2650 falsa:
3378 2610 3507 2650 con-

1920 2678 2102 2736 trariae
2124 2697 2197 2745 re;
2218 2683 2483 2751 eriunlur,
2510 2686 2561 2739 iu
2594 2685 2676 2739 Itis
2700 2686 3084 2739 sultcoulrurite
3108 2694 3346 2756 utraeque
3368 2700 3508 2743 verm

1918 2781 2063 2827 sunt.
2097 2772 2202 2828 Sed
2230 2772 2484 2842 quoniam
2517 2785 2757 2845 utraeque
2793 2778 3079 2829 contrariae
3109 2790 3251 2830 verae
3279 2774 3506 2831 inveniri

1918 2880 2023 2919 non
2055 2874 2311 2935 possunt,
2364 2867 2486 2921 ideo
2528 2878 2769 2934 utrmque
2815 2867 3202 2933 subcontrarite
3234 2866 3380 2922 falsae
3408 2883 3506 2923 ne-

1918 2967 2119 3028 queunt
2150 2958 2396 3031 reperiri,
2430 2968 2488 3013 ut
2511 2960 2562 3013 in
2584 2976 2649 3013 eo
2668 2962 2808 3029 quod
2836 2970 2916 3013 est
2938 2961 3114 3015 omnis
3144 2960 3308 3014 homo
3328 2958 3506 3031 justul

1919 3056 2020 3114 est,
2050 3026 2227 3103 nullus
2261 3049 2423 3104 homo
2447 3049 2625 3121 jusnls
2644 3060 2747 3107 est.
2774 3051 3037 3119 Quoniam
3072 3051 3151 3104 Ιιεις
3183 3050 3329 3106 fusa:
3358 3061 3506 3119 sunt,

1922 3139 2004 3194 ha:
2033 3154 2167 3211 quas
2207 3142 2311 3196 sub
2334 3154 2397 3197 se
2424 3140 2733 3207 continent,
2782 3142 3130 3211 particulam
3171 3156 3317 3198 verre
3359 3156 3506 3212 sunt,

222 3236 409 3307 negat.
462 3234 594 3292 Nam
624 3255 742 3307 qua!
772 3238 903 3295 dicit
926 3240 1101 3293 omnis
1124 3239 1281 3295 ltomn
1300 3240 1475 3311 justus
1503 3250 1583 3294 est
1605 3254 1817 3295 omnem
1848 3222 1897 3298 C
1927 3238 1985 3289 υι
2012 3242 2095 3287 εει
2122 3234 2336 3303 quidam
2369 3235 2530 3287 Ιιοιηο
2560 3233 2876 3303 Ῐιιειιιεὶεῑ.
2902 3236 3118 3303 quidam
3153 3233 3506 3307 lmmojllslul

224 3331 497 3385 hominem
533 3334 713 3400 ponit,
775 3334 893 3401 Quae
938 3332 1067 3387 dicit
1114 3332 1289 3387 nullus
1337 3330 1497 3387 homo
1531 3331 1708 3403 justus
1734 3343 1817 3388 est

150 3454 157 3457 -
224 3422 361 3478 nillil
391 3428 576 3477 eorum
605 3424 721 3492 quae
749 3424 803 3478 in
836 3424 1178 3480 humanitatis
1206 3426 1331 3479 Sunt
1376 3424 1694 3480 diffiniliune
1730 3425 1818 3494 ju-

225 3518 370 3572 stum
403 3520 523 3571 e356
551 3514 818 3571 concedit.
852 3515 924 3571 ita
953 3528 1081 3586 ergo
1125 3531 1156 3570 a
1202 3532 1260 3571 se
1282 3516 1590 3585 longissime
1616 3515 1818 3570 discre-

227 3610 377 3677 pant.
405 3607 595 3663 Adhuc
616 3609 660 3662 si
692 3616 753 3663 ea
781 3612 899 3679 quas
921 3609 1221 3679 Significant
1249 3610 1445 3664 habent
1475 3612 1611 3664 inter
1636 3620 1695 3664 se
1718 3607 1814 3664 all-

222 3708 385 3770 quam
415 3701 779 3768 medietatem,
824 3704 982 3756 unam
1031 3710 1234 3766 veram,
1279 3710 1435 3757 uuam
1482 3705 1667 3758 falsam
1698 3717 1818 3761 esse

225 3792 333 3845 non
363 3798 446 3846 est
483 3790 731 3857 neces~e,
765 3804 819 3847 ut
848 3795 899 3847 in
930 3804 996 3850 eo
1026 3794 1165 3864 quod
1196 3802 1280 3850 est
1308 3796 1484 3850 omnis
1527 3796 1688 3851 homo
1731 3798 1817 3866 ju-

224 3891 343 3937 stus
361 3892 463 3947 est,
479 3884 657 3939 nullus
682 3884 843 3940 homo
867 3883 1046 3955 justus
1065 3897 1170 3942 est.
1190 3888 1449 3957 Quoniam
1476 3894 1651 3961 potest
1672 3902 1816 3961 quae-

226 3972 353 4028 tlam
384 3978 505 4029 esse
551 3976 808 4031 medietas
834 4017 849 4041 ,
881 3984 937 4032 ut
968 3990 1067 4033 nec
1109 3982 1284 4036 nullus
1328 3982 1486 4035 homo
1523 3981 1697 4050 justus
1721 3983 1814 4049 sit,

229 4074 353 4121 cum
378 4067 447 4119 sit
467 4067 677 4137 quidam
705 4083 722 4136 ;
747 4080 848 4124 nec
873 4072 1047 4125 omnis
1072 4070 1233 4125 ltomo
1249 4071 1427 4143 justus
1448 4074 1535 4138 sit,
1558 4082 1678 4128 eum
1706 4080 1813 4129 non

229 4154 306 4212 sit
332 4157 568 4226 quidam.
609 4159 674 4214 Et
717 4166 942 4230 possunt
989 4166 1229 4233 utraeque
1268 4164 1419 4218 finisse
1448 4174 1501 4218 et
1529 4165 1816 4221 affirmatio

227 4257 284 4304 et
338 4251 552 4320 negatio
603 4252 847 4321 reperiri.
900 4253 1084 4323 Neque
1135 4254 1279 4309 enim
1341 4260 1527 4309 terum
1583 4262 1664 4309 est
1724 4263 1816 4311 aut

228 4350 444 4395 omnem
474 4341 744 4397 hominem
769 4343 973 4413 justum
1002 4354 1121 4399 esse
1146 4386 1161 4411 ,
1195 4348 1286 4398 aut
1315 4345 1513 4399 nullum
1544 4338 1814 4400 hominem

227 4429 427 4498 justum
448 4442 587 4488 esse.
650 4435 911 4501 Quocirca
939 4442 1110 4506 potest
1133 4436 1245 4489 fleri
1274 4446 1328 4490 ut
1354 4436 1406 4491 in
1438 4437 1522 4492 llis
1542 4437 1593 4490 iu
1622 4440 1815 4507 qubus

229 4524 406 4592 aliqua
437 4526 698 4582 medietas
757 4529 1026 4583 invenitur
1074 4531 1387 4585 universalis
1436 4529 1497 4583 af
1529 4530 1724 4585 rmatio
1760 4538 1815 4587 et

1920 3345 2029 3384 non
2075 3338 2195 3396 est;
2249 3330 2344 3383 sed
2376 3331 2420 3384 si
2456 3331 2785 3386 universales
2815 3331 2956 3385 inter
2985 3346 3045 3386 se
3071 3346 3254 3386 verum
3289 3331 3506 3384 falsumo

1919 3432 2025 3492 que
2052 3422 2318 3489 dividunt,
2348 3430 2403 3478 et
2427 3438 2529 3476 una
2561 3436 2687 3477 vera
2726 3430 2832 3491 est,
2874 3432 2925 3479 et
2954 3424 3118 3478 altera
3147 3425 3298 3488 falsa,
3334 3422 3506 3491 partl-

1918 3518 2128 3569 culares
2170 3529 2382 3584 quoque.
2413 3514 2551 3569 idem
2596 3513 2820 3580 faciunt,
2868 3524 2925 3568 ιιι
2979 3516 3033 3569 in
3082 3530 3149 3570 eo
3201 3516 3343 3585 quod
3400 3526 3505 3583 est;

1919 3606 2096 3658 omnis
2121 3602 2285 3659 hoino
2335 3606 2531 3657 animal
2584 3615 2687 3670 est,
2736 3606 3124 3659 utiliusitonto
3174 3604 3506 3670 attimaiest.

1918 3695 2240 3751 universalis
2286 3694 2577 3750 alilrmalio
2624 3708 2749 3750 vera
2799 3704 2904 3760 est,
2951 3694 3081 3749 falsa
3130 3695 3364 3764 negatio.
3395 3694 3503 3750 Sed

1916 3801 2040 3844 cum
2086 3790 2206 3843 dico
2246 3788 2460 3857 quidam
2496 3789 2655 3843 homo
2696 3789 2891 3847 animal
2930 3797 3047 3852 est,
3097 3788 3310 3861 quidam
3343 3787 3505 3841 homo

1916 3882 2114 3937 animal
2145 3895 2249 3935 nou
2278 3892 2380 3947 est,
2416 3880 2748 3950 psrticuiaris
2772 3879 3059 3934 affirmatio
3086 3878 3208 3934 vers
3240 3888 3345 3944 est,
3371 3878 3503 3935 falsa

1916 3975 2133 4043 negatio
2162 3973 2516 4039 particuiaris.
2552 3972 2645 4027 ιιω
2694 3970 2851 4041 igitur
2895 3971 3144 4025 dicuntur
3184 3969 3505 4025 subl-uuln»

1917 4068 2034 4132 rite,
2067 4066 2150 4121 vel
2197 4066 2339 4135 quod
2371 4066 2471 4120 sub
2509 4063 2793 4120 contrariis
2840 4064 3027 4132 positis
3072 4072 3220 4127 sunt,
3248 4063 3333 4116 vel
3359 4062 3502 4132 quod

1916 4160 2048 4229 ipsa:
2089 4160 2456 4229 superioribus
2502 4158 2605 4213 suli
2650 4157 2846 4226 quibus
2888 4165 3013 4210 sunt
3054 4155 3140 4227 (ut
3166 4155 3367 4209 dictum
3397 4154 3503 4226 est)

1915 4251 2213 4307 contrarias
2226 4250 2576 4317 proprietates
2590 4245 2805 4301 habent;
2824 4246 2878 4299 lu
2892 4246 2990 4298 hac
3007 4246 3165 4314 igitur
3179 4253 3323 4300 recta
3336 4254 3505 4315 oppa-

1914 4344 2115 4398 sitione
2135 4339 2526 4396 contrariarum
2573 4349 2629 4395 et
2656 4339 3147 4393 subcolllrariarum
3179 4339 3231 4393 in
3262 4340 3505 4407 superio-

1915 4435 2063 4489 ribus
2090 4434 2335 4504 utrisque
2362 4431 2571 4486 falsitas
2598 4446 2717 4486 esse
2745 4437 2942 4499 potest,
2966 4445 3238 4498 nunquam
3269 4431 3500 4496 veritas;

1916 4528 1971 4582 in
2011 4526 2353 4583 inferioribus
2382 4530 2513 4578 vero
2556 4523 2797 4591 utrisque
2841 4522 3059 4589 quidem
3095 4522 3293 4575 veritas
3325 4522 3505 4576 inesse

230 4618 548 4675 universalis
587 4623 800 4692 negatio
830 4626 1108 4679 veritatem
1151 4624 1543 4696 falsitatemqlle
1590 4634 1695 4680 non
1727 4626 1809 4682 di-
1916 4630 2111 4693 potest,
2145 4633 2415 4687 nunquam
2442 4614 2671 4671 falsitas.
2712 4613 2807 4669 Sin
2838 4624 2968 4667 vero
2988 4613 3109 4681 quis
3134 4611 3388 4677 respiciat
3414 4624 3505 4665 an-

228 4710 430 4778 vidaut,
454 4712 549 4767 sed
574 4724 812 4784 utrmque
833 4716 942 4770 sint
965 4716 1111 4772 falsae
1137 4718 1203 4770 ad
1258 4718 1559 4785 exemplum
1608 4719 1816 4774 scilicet

226 4806 643 4872 contrariorum,
692 4820 811 4877 quae
858 4807 1091 4877 aliquam
1140 4810 1280 4865 inter
1308 4820 1367 4865 se
1396 4812 1674 4865 continent
1703 4822 1815 4865 me-

223 4893 502 4951 dietatem.
536 4896 721 4953 Potest
742 4901 885 4953 enim
915 4900 970 4954 in
990 4901 1091 4954 illis
1114 4901 1228 4956 ﬁeri
1261 4907 1320 4956 ιιι
1358 4910 1581 4973 utraque
1596 4910 1814 4958 contra-

226 4989 309 5045 ria
335 4989 663 5059 mssintnon
688 4993 864 5049 inesse
880 4993 1144 5064 subjecto,
1166 4996 1303 5049 sicut
1327 5008 1488 5065 supra
1512 4997 1813 5054 docuimus.

227 5082 286 5135 lu
316 5082 398 5136 his
425 5095 554 5138 vero
581 5097 701 5154 quat
727 5086 1016 5141 medietate
1040 5096 1245 5153 carent,
1271 5098 1492 5142 necesse
1516 5098 1597 5143 est
1623 5096 1683 5144 ut
1711 5099 1815 5144 una

225 5174 353 5227 vrr'a
382 5174 453 5229 sit
486 5188 734 5245 semper,
767 5178 932 5233 altera
964 5190 1178 5249 semper
1209 5180 1359 5234 falsa.
1387 5180 1451 5235 Ut
1480 5181 1536 5234 in
1582 5194 1649 5235 eo
1674 5180 1814 5248 quod

224 5273 331 5333 est,
364 5267 540 5321 cumis
570 5266 734 5323 homo
755 5269 948 5325 animal
971 5280 1072 5331 est.
1100 5271 1277 5327 nullus
1304 5273 1466 5327 homo
1490 5276 1686 5326 animai
1710 5268 1811 5338 est,

228 5366 310 5418 Im:
340 5366 732 5435 plupo9ltiones
766 5364 1071 5439 huiusmodi
1099 5378 1242 5434 sunt,
1281 5377 1336 5423 ut
1369 5384 1471 5424 una
1506 5383 1630 5424 vera
1663 5369 1729 5423 sit
1759 5378 1815 5425 et

227 5473 330 5510 una
363 5456 516 5523 fal-a,
574 5460 774 5515 idcirco
797 5463 1049 5530 quoniam
1080 5462 1219 5516 inter
1245 5461 1440 5516 animai
1464 5475 1583 5517 esse
1610 5473 1665 5518 et
1706 5466 1814 5517 non

227 5558 346 5603 esse
390 5550 523 5605 nihil
574 5550 798 5608 interest
826 5553 892 5607 sd
942 5558 1128 5607 eorum
1160 5552 1365 5608 scilicet
1422 5553 1814 5608 contrariorum

228 5644 633 5702 similitudinem
679 5652 798 5717 'quas
847 5647 1135 5703 medietate
1178 5657 1383 5703 carent.
1438 5649 1498 5705 ln
1537 5648 1643 5703 illis
1672 5649 1815 5704 enim

231 5742 453 5793 necati!
474 5748 592 5794 erat
620 5740 848 5795 alterum
894 5741 1071 5796 inesse
1113 5741 1377 5811 subjecto.
1409 5736 1495 5797 Sic
1528 5756 1654 5811 ergo
1700 5743 1818 5795 unl-

232 5830 457 5889 νιιιιιιι
501 5830 792 5902 immotis
845 5840 901 5904 et
950 5835 1268 5900 universalis
1311 5836 1529 5909 negatio
1574 5842 1819 5900 utra-qus

1919 4714 2172 4786 gulares,
2220 4721 2274 4767 et
2322 4709 2684 4764 universalem
2724 4705 3139 4761 aifirmatiourm
3195 4703 3505 4774 particulari

1918 4816 2152 4881 opponat
2175 4805 2477 4875 negationi,
2511 4801 2981 4869 universaletuque
3011 4800 3349 4871 negationem
3384 4813 3503 4864 par-

1920 4898 2132 4956 ticu'arl
2187 4903 2463 4967 comparet
2509 4894 2870 4953 alflrmationi.
2927 4906 3030 4946 una
3087 4907 3212 4947 vera
3264 4904 3501 4959 semper,

1918 4992 2052 5048 falsa
2083 4992 2250 5046 altera
2289 4989 2610 5059 reperietur.
2658 4986 2767 5042 Nec
2813 5000 3047 5055 unquam
3097 4983 3210 5038 fieri
3244 4989 3420 5051 potest
3447 4989 3505 5036 ut

1921 5084 2279 5142 affirmatione
2301 5083 2587 5137 universali
2614 5095 2764 5145 vera,
2792 5078 3130 5149 particularis
3157 5075 3369 5144 negatio
3396 5086 3504 5128 non

1917 5181 2049 5235 falsa
2080 5178 2167 5245 sit,
2217 5176 2301 5231 vel
2347 5174 2447 5229 hac
2499 5178 2625 5228 vera
2678 5186 2786 5225 non
2839 5170 2986 5224 illam
3018 5170 3273 5222 continuo
3301 5163 3505 5219 falsitas

1922 5268 2303 5340 subsequatur.
2340 5267 2543 5321 Rursus
2567 5266 2611 5319 si
2643 5263 2856 5333 negatio
2885 5257 3202 5315 universalis
3235 5270 3357 5311 vera
3392 5261 3502 5345 est.
3560 5284 3567 5345 ι

1917 5364 2046 5419 falsa
2102 5360 2439 5432 partlcularis
2491 5357 2806 5419 affirmatio;
2865 5353 2911 5407 si
2964 5346 3300 5421 particularis
3344 5344 3497 5401 amr-

1918 5461 2086 5511 matio
2117 5469 2237 5508 vera
2254 5463 2356 5518 est,
2376 5451 2507 5505 falsa
2533 5446 2849 5504 universalis
2870 5443 3080 5515 negatio
3101 5450 3204 5497 est.
3229 5440 3381 5494 Licet
3405 5452 3505 5492 au-

1922 5558 2028 5605 tem
2051 5548 2153 5602 ltoc
2180 5556 2236 5602 et
2263 5547 2317 5601 in
2346 5544 2583 5614 Subiecta
2614 5538 2976 5607 descriptione
3003 5532 3201 5596 metiri,
3229 5542 3283 5586 et
3307 5532 3361 5585 in
3386 5530 3505 5585 aliis

1922 5654 2135 5713 quoque
2165 5636 2411 5693 terminis
2433 5644 2780 5703 quoscunque
2809 5626 2914 5682 sibi
2938 5635 3092 5678 mens
3115 5620 3507 5713 considerantis
3561 5671 3570 5680 ,

1920 5710 2212 5800 affiuxerll,
2245 5732 2385 5787 idem
2428 5725 2648 5789 videbit,
2679 5736 2805 5776 nam
2849 5720 2902 5772 in
2933 5732 2998 5772 eo
3024 5710 3171 5783 quod
3196 5717 3301 5776 est,
3331 5711 3509 5769 omnis

1923 5829 2089 5889 homo
2114 5828 2289 5899 justus
2327 5834 2432 5901 est,
2486 5818 2739 5905 quoniam
2784 5814 2905 5885 hac
2931 5809 3067 5868 falsa
3096 5812 3199 5871 est,
3228 5816 3361 5863 vera
3402 5810 3511 5879 εει,
