4022 6332
936 255 971 266 ﬁ

492 295 553 347 τι
938 296 945 305 ’
1282 332 1286 334 ~
1685 296 1794 353 ΑΝ.
1835 297 2043 355 ΜΑΝι.

2152 298 2250 355 Βνί
2275 300 2494 358 BUETII

3610 305 3723 362 479.

450 409 667 485 quidam
712 409 870 467 homo
911 410 1237 489 justusuon
1266 419 1368 468 est.
1407 410 1470 467 Et
1514 426 1699 469 rursus
1728 412 1779 468 in
1806 427 1872 469 eo
1897 413 2038 483 quod
2069 414 2117 489 ΑΛ
2145 422 2305 482 atque
2360 414 2480 471 ideo
2535 414 2616 470 hae
2700 424 2885 471 contra
2943 417 3271 473 universales
3342 420 3722 479 ,uuiversaliter

453 514 555 576 est,
588 508 761 563 nullus
792 506 955 561 homo
975 505 1149 576 justus
1196 515 1299 573 est,
1348 505 1599 577 quoniam
1651 506 1777 561 falsa
1819 505 2030 576 negatio

453 609 557 667 est,
586 616 712 658 vera
734 608 818 656 est
838 599 1144 667 atﬁrmatio,
1162 599 1379 672 quidam
1404 602 1565 656 homo
1581 600 1760 670 justus
1778 609 1883 657 est.
1909 600 2032 656 llase

453 702 633 750 autem
662 693 978 748 universalis
1005 691 1295 748 afﬁrmatio
1340 700 1393 747 et
1446 691 1781 762 particularis
1821 689 2032 763 negatio

454 803 575 856 quae
606 794 729 842 sunt
759 788 1061 859 angulares,
1092 795 1146 842 et
1172 786 1492 843 universalis
1518 786 1751 858 negatio,
1791 794 1845 842 et
1870 786 2033 857 parti-

454 879 652 935 cularis
681 879 929 935 aftirmati
955 906 995 945 ι,
1026 895 1144 949 quae
1177 880 1304 948 ipsae
1332 894 1542 951 quoque
1563 888 1687 935 sunt
1726 878 2031 949 angulares,

454 972 885 1028 contradictorize
930 972 1291 1028 nominantur.
1352 973 1417 1028 Et
1446 972 1562 1028 haec
1608 972 1696 1028 illa
1751 980 1834 1029 est
1874 985 2032 1042 quam

444 1066 648 1138 quaerit
685 1067 1041 1122 contradictio
1082 1066 1134 1122 in
1163 1080 1265 1137 qua
1290 1081 1639 1137 unarsempcr
1665 1081 1812 1137 vera,
1864 1066 2034 1123 altera

455 1176 667 1232 semper
693 1162 823 1217 lalsa
854 1161 941 1217 sit.
976 1160 1281 1232 Superioris
1302 1171 1477 1217 autem
1500 1159 1871 1232 disputationis
1898 1160 2034 1216 inte-

456 1270 607 1326 grum
637 1254 1012 1323 descriptionis
1060 1254 1391 1311 subdidimus
1439 1256 1732 1326 exemplar,
1774 1263 2037 1326 quatenus

454 1346 598 1414 quod
672 1347 850 1402 animo
908 1348 1337 1420 cogitationeque
1385 1361 1706 1421 conceptum
1757 1358 1839 1406 est
1869 1348 2037 1406 oculis

454 1438 755 1510 expositum
780 1442 1050 1497 memoriae
1084 1443 1321 1501 tenacius
1341 1445 1607 1515 iufigatur.

518 1530 785 1587 Aitirmatio
801 1532 1111 1587 universalis.
1424 1536 1633 1601 Negotia
1664 1536 1972 1590 universalis.

773 1990 853 2103 cfs
1195 1930 1273 1968 ω
1480 1991 1570 2057 ei}
1682 1915 1749 1966 ω

642 2128 648 2133 ’
689 2072 795 2173 \
1088 2026 1415 2217 (3;?

577 2418 583 2429 .
637 2388 643 2435 ε
841 2366 849 2387 ⁴
938 2357 987 2381 τ’
1089 2330 1229 2451 εἷθ’
1271 2338 1399 2452 4%,,
1533 2348 1699 2427 m"...

781 2502 1026 2606 (ιιιίἆᾶδο
1375 2439 1819 2609 ῥῶκ

628 2672 631 2673 ν
785 2637 866 2676 me
886 2610 1056 2709 {uitus

776 2710 860 2781 σέέ
1467 2742 1591 2787 non
1605 2719 1666 2822 cf
1657 2734 1680 2783 ι

526 2998 786 3051 Amrmatio
810 2996 1125 3060 particularis.
1428 2993 1636 3055 Negotia
1663 2994 1981 3058 particularts.

463 3112 558 3171 His
585 3126 713 3182 ergo
745 3112 813 3166 ita
842 3125 963 3167 sese
1000 3107 1344 3177 habentibus,
1376 3106 1682 3164 indeﬂnitas
1714 3105 2045 3176 propositio-

2134 508 2453 579 priedicatas
2492 508 2693 565 faciunt
2738 507 3242 566 contradictionem.
3270 508 3402 567 Nam
3449 511 3494 567 si
3532 522 3727 569 contra

2133 601 2282 658 illam
2328 617 2444 672 quae
2474 612 2556 658 est
2581 603 2757 659 omnis
2803 602 2965 660 homo
3009 603 3188 674 justus
3221 613 3307 660 est
3350 606 3420 660 ea'
3470 620 3597 676 qua:
3641 617 3730 664 est

2134 693 2296 751 homo
2338 694 2514 765 justus
2555 709 2660 750 non
2710 703 2814 765 est,
2873 696 2924 751 in
2955 696 3298 767 oppositione
3344 698 3725 773 constituatur,

2136 802 2239 842 una
2266 801 2481 857 semper
2506 801 2634 843 vera
2657 795 2762 853 est,
2801 787 2969 845 altera
3000 786 3156 844 falsa.
3191 787 3258 843 Et
3287 786 3330 842 si
3377 776 3568 845 contra
3608 805 3730 847 eam

2134 892 2256 950 qua:
2283 888 2366 935 est
2418 879 2592 935 nullus
2617 877 2776 934 homo
2802 879 2977 949 justus
3023 888 3107 936 est
3162 878 3437 935 indefinita
3482 883 3731 952 proposi-

2136 974 2211 1032 tio
2232 992 2349 1046 quae
2374 984 2478 1041 est,
2502 976 2665 1030 homo
2683 974 2858 1044 justus
2880 983 2964 1031 est
3006 984 3332 1046 opponatur,
3360 989 3549 1031 verum
3584 977 3726 1033 inter

2136 1083 2196 1126 se
2222 1068 2615 1140 propositiones
2639 1068 2942 1139 falsumque
2962 1067 3308 1136 distribuunt,
3330 1068 3471 1125 sicut
3491 1069 3732 1126 deﬁnite

2138 1175 2350 1233 quoque
2372 1160 2755 1215 universalium
2786 1159 3202 1230 propositiones,
3233 1160 3525 1216 secundum
3560 1163 3735 1231 parti-

2106 1328 2109 1331 η
2140 1254 2352 1309 culares
2375 1261 2537 1325 atque
2569 1252 2903 1310 universales
2928 1252 3188 1324 opposita:
3215 1254 3558 1324 quantitates,
3604 1268 3735 1312 con-

2153 1349 2493 1408 tradictorias
2525 1349 2725 1404 faciunt
2766 1348 3153 1419 oppositiones.
3197 1348 3375 1415 Quare
3403 1357 3617 1404 constat
3642 1363 3735 1404 ea:

2140 1459 2258 1515 qua:
2287 1442 2586 1499 universale
2609 1456 2713 1497 non
2745 1442 3120 1498 universaliter
3144 1440 3442 1511 proferunt,
3505 1452 3563 1496 et
3602 1453 3730 1498 sunt

2141 1536 2448 1599 indeﬁnite.
2475 1550 2647 1606 neque
2664 1534 2985 1605 particulare
3010 1548 3185 1605 neque
3209 1518 3510 1590 universale
3536 1536 3719 1604 profe-

2142 1638 2342 1690 rentes,
2376 1629 2519 1699 ipsas
2546 1626 2761 1697 quidem
2791 1640 2896 1680 non
2928 1639 3143 1695 semper
3172 1624 3311 1680 inter
3340 1640 3399 1681 se
3425 1640 3611 1680 verum
3640 1623 3738 1679 fal-

2143 1735 2372 1792 sumque
2399 1718 2669 1786 dividere,
2699 1717 3116 1789 particularibus
3154 1726 3333 1775 tamen
3361 1717 3598 1774 defin‘tis
3618 1732 3740 1776 esse

2065 1803 2113 1866 Β
2138 1816 2466 1873 consimiles.
2492 1813 2801 1885 Singulares
2823 1827 2953 1868 vero
2982 1828 3101 1884 quas
3127 1822 3252 1869 sunt
3291 1827 3455 1867 unum
3516 1813 3740 1882 opposi-

2142 1911 2303 1966 tionis
2331 1908 2545 1965 modum
2573 1910 2712 1964 inter
2740 1922 2801 1963 se
2829 1916 3013 1963 tenent
3044 1924 3059 1959 :
3092 1906 3188 1963 has
3213 1908 3257 1962 si
3287 1907 3354 1962 ad
3377 1906 3521 1961 idem
3557 1905 3740 1978 subje-

2143 2014 2313 2071 ctum,
2344 2002 2413 2058 ad
2442 2002 2584 2059 idem
2627 2000 2993 2072 prmdieatum,
3037 1999 3104 2055 ad
3133 1998 3377 2057 eamdem
3407 2009 3637 2071 partem.
3670 2001 3739 2056 ad

2142 2096 2283 2153 idem
2313 2104 2551 2166 tempus,
2573 2099 2638 2149 ad
2674 2092 2920 2149 eamdem
2962 2091 3299 2159 relationem,
3343 2093 3534 2149 eodem
3576 2094 3741 2149 modo

2143 2188 2509 2259 proposueris,
2541 2187 2682 2243 inter
2701 2202 2761 2243 se
2789 2202 2976 2242 verum
3001 2186 3269 2242 falsumve
3299 2186 3737 2265 distribuunt,gut

2145 2293 2230 2339 est
2253 2282 2507 2340 SOcrates
2533 2280 2714 2352 justus
2743 2289 2847 2345 est,
2871 2280 3121 2336 Socrates
3145 2280 3323 2349 justus
3342 2295 3448 2335 non
3477 2289 3581 2336 est.
3604 2278 3743 2335 Sunt

2145 2378 2306 2448 igitur
2329 2375 2449 2432 duas
2481 2372 2959 2440 contradictiones,
2992 2387 3096 2428 una
3128 2387 3248 2443 qua
3276 2371 3335 2427 ﬁt
3372 2372 3426 2427 in
3457 2372 3742 2427 universa-

2145 2468 2286 2525 libus
2320 2466 2648 2539 angulariter
2677 2464 3084 2537 particularibus
3113 2473 3297 2519 contra
3331 2462 3539 2534 positis,
3569 2463 3744 2518 altera

2145 2576 2265 2632 qua:
2293 2559 2353 2615 ﬁt
2384 2560 2437 2621 in
2466 2557 2828 2630 singularibus
2852 2571 2975 2613 cum
3007 2554 3260 2613 omnibus
3286 2554 3371 2611 his
3401 2568 3535 2624 quas
3566 2554 3623 2609 in
3651 2570 3745 2609 so-

2148 2650 2395 2722 phisticis
2425 2649 2668 2706 elenchis
2699 2648 2948 2719 exposuit
2992 2644 3531 2703 determinationibus
3577 2660 3744 2717 oppo-

2146 2745 2287 2802 sitis.
2320 2744 2502 2812 Quare
2532 2743 2785 2816 quouiam
2819 2740 3274 2813 quemadmodum
3302 2756 3360 2797 se
3390 2741 3591 2797 habent
3622 2756 3746 2812 pro-

2149 2838 2461 2909 positiones,
2490 2850 2702 2908 quoque
2740 2834 2900 2892 modo
2931 2834 3128 2891 faciant
3158 2833 3607 2893 contradictorias
3641 2849 3743 2905 op-

2150 2930 2446 3003 positiones
2493 2929 2863 2995 ostendimus,
2921 2927 2988 2982 ad
3044 2926 3158 2997 ipsa
3217 2924 3525 2983 Aristotelis
3580 2926 3747 2981 verba

2153 3022 2455 3087 veniamus,
2483 3020 2536 3076 in
2565 3019 2758 3091 quibus
2794 3033 2889 3090 per
2916 3018 3034 3074 haec
3063 3027 3186 3073 ante
3207 3017 3417 3088 cognita
3446 3016 3619 3072 facilis
3655 3032 3749 3088 pc-

2156 3114 2281 3170 terit
2307 3114 2526 3169 evenire
2554 3112 2810 3183 cognitio.
2841 3112 3144 3182 Superioris
3178 3110 3556 3179 descriptionis
3578 3111 3748 3166 intel-

463 3217 564 3261 nes
587 3202 995 3273 singularesque
1030 3200 1322 3266 videamus,
1373 3207 1429 3256 et
1466 3198 1697 3269 primum
1723 3198 1790 3254 de
1828 3198 2052 3255 infinitis
2076 3190 2125 3256 C
2156 3206 2431 3277 ligentiam
2466 3203 2677 3274 plenius
2702 3210 2870 3260 notat.
2897 3204 2986 3257 Ait
3005 3202 3149 3258 enim
3178 3202 3391 3271 quando
3418 3216 3504 3258 res
3528 3202 3749 3259 univer-

463 3295 844 3365 disputandum
872 3303 975 3352 est.
1010 3293 1303 3351 Indeﬁnitus
1334 3293 1496 3366 igitur
1523 3308 1621 3365 per
1660 3308 1719 3348 se
1766 3294 2051 3350 veritatem

466 3390 864 3461 falsitatemque
890 3403 997 3444 non
1025 3386 1303 3452 dividunt;
1335 3385 1537 3443 etenim
1562 3400 1684 3442 cum
1708 3385 1852 3454 dico,
1887 3384 2050 3442 homo

465 3484 640 3554 justus
663 3493 765 3552 est,
798 3485 956 3538 homo
973 3482 1146 3551 justus
1174 3494 1279 3536 non
1307 3488 1410 3544 est,
1460 3490 1713 3551 utrasque
1741 3492 1896 3535 veras
1924 3495 2055 3535 con-

468 3577 623 3651 tingit
649 3590 770 3633 esse
796 3574 1124 3631 indefinitas.
1154 3572 1412 3642 Quocirca
1447 3585 1541 3628 eas
1566 3585 1597 3626 a
1623 3570 2053 3629 contradictione

467 3683 778 3738 separamus
822 3665 1220 3724 :contradictio
1272 3680 1505 3735 namque
1561 3664 1908 3721 constituitur
1962 3665 2055 3737 (ut

471 3776 615 3831 smpe
638 3760 844 3816 dictum
880 3758 1075 3829 εει)εο
1113 3757 1257 3829 quod
1306 3772 1578 3828 nunquam
1635 3764 1875 3826 utraeque
1909 3770 2052 3812 verse

468 3862 565 3907 aut
594 3862 833 3923 utrmque
861 3850 1009 3907 falsae
1061 3851 1283 3919 reperiri
1319 3858 1538 3921 queant,
1571 3850 1666 3906 sed
1692 3865 1796 3906 una
1839 3863 2053 3917 semper

472 3944 647 4000 verita
675 3942 743 4009 is,
786 3941 957 3996 altera
1002 3939 1253 3995 falsitatis
1282 3954 1451 4009 capax
1486 3948 1586 3996 est.
1620 3938 1727 3995 Sed
1766 3953 1887 4009 qua:
1930 3938 2051 3991 uni-

473 4036 839 4095 versalitatem
866 4034 1145 4108 proferunt
1173 4034 1524 4100 indeﬁnitum,
1564 4034 1669 4088 illa:
1716 4031 2053 4088 delinitarum

469 4132 876 4203 particularium
904 4131 1011 4185 vim
1042 4138 1248 4185 tenent.
1281 4127 1413 4185 Tale
1451 4127 1594 4183 enim
1622 4133 1705 4182 est
1735 4124 1876 4195 quod
1907 4124 2050 4188 dico.

469 4224 635 4282 homo
680 4225 859 4296 justus
890 4231 991 4292 est,
1028 4231 1276 4294 tanquam
1323 4221 1367 4276 si
1411 4220 1608 4289 dicam,
1636 4219 1851 4289 quidam
1892 4219 2055 4275 homo

470 4321 647 4389 justus
666 4327 780 4384 est;
804 4328 861 4375 et
895 4331 1079 4373 rursus
1104 4316 1210 4371 tale
1232 4324 1311 4371 est
1339 4315 1481 4387 quod
1504 4315 1645 4380 dico,
1687 4314 1850 4370 homo
1883 4314 2057 4384 justus

466 4426 584 4469 ‘non
614 4422 718 4478 est,
749 4423 999 4481 tanquam
1028 4410 1071 4464 si
1100 4408 1298 4473 dicam,
1327 4407 1543 4478 quidam
1570 4408 1731 4461 homo
1748 4406 1923 4476 justus
1949 4420 2054 4459 non

476 4515 580 4562 est.
614 4506 725 4560 lloe
756 4504 844 4559 illa
894 4518 981 4558 res
1007 4502 1288 4573 approbat,
1319 4501 1460 4572 quod
1489 4498 1938 4571 quemadmodum
1961 4498 2057 4555 de—

2158 3301 2287 3356 salis
2318 3298 2691 3354 universaliter
2718 3296 3051 3367 designatur,
3086 3304 3143 3352 et
3171 3310 3288 3351 eam
3319 3296 3438 3366 quis
3462 3296 3749 3353 universa-

2160 3392 2280 3448 liter
2326 3391 2578 3454 aftirmat,
2627 3389 2671 3444 si
2713 3388 2957 3445 eamdem
2986 3387 3124 3443 alius
3156 3388 3534 3449 universaliter
3562 3399 3748 3459 neget,
3792 3440 3799 3443 _

2159 3486 2229 3540 ita
2259 3483 2477 3539 sibimet
2506 3491 2846 3553 comparatas
2868 3482 3263 3550 propositiones
3280 3496 3401 3538 esse
3424 3484 3751 3538 contrarias.

2159 3582 2335 3648 Atque
2362 3577 2415 3632 in
2443 3577 2545 3632 hoc
2568 3590 2722 3633 suam
2759 3575 3080 3632 sententiam
3118 3574 3453 3632 manifestius
3482 3577 3746 3634 ostendit.

2161 3669 2250 3726 Ait
2276 3668 2443 3734 enim,
2467 3668 2588 3722 dico
2613 3675 2792 3723 autem
2821 3665 3181 3723 universalem
3224 3666 3653 3724 enuntiationem
3690 3668 3750 3725 in

2161 3759 2469 3816 universali.
2500 3767 2560 3814 ut
2585 3758 2760 3813 omnis
2793 3759 2954 3813 homo
2983 3757 3135 3813 albus
3167 3766 3268 3814 est.
3306 3757 3435 3813 Nam
3472 3772 3595 3813 cum
3628 3758 3753 3815 uui-

2160 3851 2383 3908 versalis
2405 3852 2476 3905 sit
2520 3849 2706 3916 homo,
2749 3850 2801 3904 in
2841 3850 3131 3907 universali
3173 3851 3387 3907 homine
3420 3851 3752 3908 universalis

2159 3955 2244 4003 est
2280 3943 2601 4012 enuntiatio,
2647 3958 2744 4013 per
2771 3957 2930 4013 quam
2974 3943 3172 3999 dicitur
3201 3944 3375 3999 omnis
3404 3942 3585 3998 homo.
3642 3941 3754 4000 Res

2159 4054 2291 4108 ergo
2317 4036 2654 4102 universalis,
2685 4035 2737 4090 id
2768 4044 2853 4090 est
2883 4036 3067 4102 homo,
3094 4050 3188 4105 per
3204 4037 3377 4092 omnis
3399 4051 3519 4106 quae
3550 4045 3635 4092 est
3653 4039 3755 4092 de-

2161 4130 2468 4188 terminatio
2495 4130 2866 4187 universaliter
2904 4130 3193 4201 praedicata
3223 4140 3323 4195 est,
3357 4140 3411 4186 et
3457 4130 3562 4186 hoc
3596 4130 3750 4186 afﬁr—

2160 4224 2375 4281 mative.
2401 4223 2652 4294 Negative
2674 4238 2803 4281 vero
2822 4216 3202 4281 universaliter
3222 4224 3292 4279 ita
3313 4225 3545 4290 dicetur,
3568 4225 3753 4281 nullus

2162 4316 2324 4371 homo
2348 4314 2501 4372 albus
2528 4325 2632 4381 est,
2661 4315 2837 4370 nullus
2871 4316 3014 4371 enim
3066 4315 3435 4371 universalitas
3465 4317 3749 4372 universa-

2163 4408 2298 4464 litati
2326 4423 2444 4478 quae
2471 4416 2557 4463 est
2577 4408 2739 4462 homo
2759 4408 2967 4476 adjecta
2992 4417 3077 4462 est
3101 4424 3115 4473 ;
3147 4408 3250 4464 hoe
3271 4408 3432 4465 modo
3451 4408 3610 4477 igitur
3633 4410 3753 4464 uni-

2166 4501 2373 4557 versale
2403 4499 2782 4555 universaliter
2808 4504 3152 4557 enuntianles
3177 4500 3465 4555 afﬁrmatio
3492 4509 3547 4557 et
3579 4516 3749 4572 nega-

474 4599 642 4655 ﬂnitze
693 4607 748 4655 et
795 4597 1146 4668 particulares
1193 4598 1247 4653 in
1291 4596 1558 4667 aliquibus
1583 4610 1728 4651 vera:
1766 4609 1889 4650 esse
1926 4608 2051 4665 pos-
2082 4583 2139 4648 D
2164 4594 2238 4649 tio
2265 4592 2550 4648 contrarias
2578 4598 2724 4657 sunt,
2755 4591 2892 4647 sicut
2918 4602 2972 4648 et
3014 4592 3130 4661 ipse
3155 4600 3399 4657 testatur.
3433 4599 3490 4650 et
3530 4607 3633 4649 nos
3661 4607 3751 4649 su-

476 4704 623 4759 suut,
656 4693 708 4749 in
742 4692 1004 4763 aliquibus
1041 4706 1226 4747 verum
1266 4691 1562 4758 falsumque
1608 4686 1875 4752 dividunt,
1921 4703 2056 4742 nun-

475 4799 637 4853 quam
667 4799 795 4839 vero
818 4792 1071 4854 utrasque
1103 4783 1265 4838 falsas
1285 4798 1406 4839 esse
1431 4780 1715 4850 contingit.
1746 4780 1821 4835 lta
1843 4795 2057 4850 quoque

476 4877 532 4932 in
565 4877 857 4933 imlelinitis
889 4877 1189 4933 universale
1218 4874 1665 4947 signiﬁcantibus,
1697 4883 1953 4945 utrasque
1985 4875 2059 4930 si-

476 4970 585 5026 mul
618 4986 769 5027 veras
813 4983 933 5026 esse
971 4970 1252 5040 contingit,
1294 4978 1352 5022 ut
1406 4968 1460 5022 in
1500 4982 1569 5023 eo
1611 4966 1752 5036 quod
1804 4966 2054 5032 dicimus,

387 5101 395 5119 ς
476 5068 639 5122 homo
660 5066 833 5135 justus
860 5073 965 5131 est,
1001 5062 1162 5118 homo
1188 5060 1362 5131 justus
1405 5076 1510 5114 ttun
1542 5066 1646 5125 est,
1675 5064 1931 5128 utrasque
1960 5057 2060 5113 fal-

475 5175 566 5214 sas
598 5156 834 5226 proferre
872 5152 1201 5224 impossibile
1224 5160 1326 5218 est,
1358 5150 1454 5206 sed
1482 5164 1643 5205 unam
1674 5164 1880 5214 veram.
1929 5148 2059 5205 alte-

418 5263 426 5275 ’
472 5267 590 5308 ram
611 5250 796 5305 falsam
828 5249 880 5303 in
912 5248 995 5302 his
1020 5246 1271 5302 facillime
1297 5244 1615 5315 reperimus,
1649 5245 1701 5299 in
1732 5243 1819 5299 his
1858 5243 2062 5300 scilicet

406 5359 411 5366 '
474 5346 723 5400 terminis
749 5346 842 5415 qui
887 5342 1202 5399 naturaliter
1233 5350 1289 5397 et
1317 5340 1625 5397 necessario
1654 5339 1911 5411 subjectis
1936 5338 2060 5394 sub-

474 5437 687 5491 stantiis
719 5436 1100 5501 inhaerescunt,
1133 5434 1215 5489 vel
1244 5434 1296 5488 in
1334 5434 1414 5487 his
1439 5435 1530 5505 qui
1578 5434 1755 5489 inesse
1793 5448 1899 5489 nou
1939 5447 2063 5503 pos-

475 5540 646 5587 sunt;
679 5529 1003 5599 utqnoniam
1042 5526 1236 5581 animal
1279 5524 1479 5581 homini
1512 5541 1577 5582 ex
1609 5525 1926 5582 necessitate
1975 5527 2061 5581 in-

476 5633 582 5687 est,
615 5627 656 5679 si
689 5624 807 5694 quis
835 5624 1000 5688 dicat,
1038 5622 1198 5679 homo
1239 5621 1439 5676 animal
1464 5631 1567 5687 est,
1610 5621 1769 5691 idque
1814 5630 2056 5689 negetur,

478 5715 639 5770 homo
667 5715 861 5771 animal
909 5728 1013 5769 non
1038 5723 1141 5781 est,
1173 5713 1256 5768 vel
1288 5713 1449 5767 homo
1476 5713 1609 5783 lapis
1647 5720 1750 5782 est,
1786 5711 1945 5767 homo
1985 5712 2061 5769 la-

478 5810 561 5894 pis
585 5825 687 5879 non
718 5820 815 5889 est,
852 5824 955 5870 una
984 5822 1130 5872 vera.
1165 5808 1343 5873 statim
1393 5806 1524 5873 talea
1564 5806 1729 5871 altera
1773 5807 2054 5889 reperitur,

2170 4690 2370 4760 periuri
2402 4686 2738 4756 expositione
2764 4687 3109 4759 digessimus.

2150 4828 2153 4829 ν
2237 4780 2455 4848 Quando
2500 4789 2669 4835 autem
2714 4783 2779 4836 de
2814 4781 3181 4838 uniuersalibus
3225 4802 3325 4839 non
3371 4786 3749 4852 universaluer,

2165 4892 2267 4931 non
2293 4884 2409 4929 sunt
2429 4871 2511 4929 lue
2530 4875 2823 4943 contraria,
2852 4891 2964 4941 qua:
2983 4887 3155 4931 autem
3177 4877 3533 4947 signiﬁcantur
3551 4886 3627 4933 est
3645 4896 3754 4935 esse

2164 4970 2443 5039 aliquando
2492 4971 2771 5027 contraria.
2826 4970 2955 5026 Dico
3008 4982 3180 5027 autem
3232 4989 3334 5028 non
3400 4974 3754 5031 universatim

2165 5062 2429 5116 enuntiare
2467 5061 2531 5116 de
2572 5060 2652 5115 Itis
2696 5077 2805 5131 qua:
2847 5072 2963 5116 sunt
3010 5063 3345 5131 universalia,
3391 5074 3445 5117 ut
3490 5075 3565 5120 est
3604 5067 3752 5120 albus

2166 5154 2341 5225 homo,
2380 5170 2479 5209 non
2516 5164 2589 5209 est
2634 5152 2780 5208 albus
2827 5155 3013 5219 homo;
3058 5170 3173 5208 cttm
3215 5155 3349 5209 enim
3378 5156 3660 5212 universale
3686 5158 3753 5211 sit

2170 5246 2343 5313 homo,
2400 5262 2501 5300 non
2551 5244 2902 5299 universatim
2948 5251 3105 5298 utitur
3159 5247 3529 5301 enuntiatione.
3576 5246 3752 5301 Omnis

2169 5353 2386 5407 namque
2407 5352 2509 5392 non
2533 5335 2820 5393 universale
2858 5336 3135 5407 signiﬁcat,
3166 5339 3253 5393 sed
3282 5337 3521 5408 quoniam
3548 5338 3752 5392 univer-

2169 5432 2365 5488 saliter.
2464 5470 2469 5475 ι

2238 5525 2448 5582 Volenti
2502 5525 2833 5582 indeiinitam
2886 5526 3306 5596 propositionem
3380 5524 3554 5593 qualis
3607 5533 3753 5579 esset

2165 5619 2474 5689 ostendere,
2506 5636 2610 5675 non
2656 5619 2814 5675 modo
2861 5619 3153 5681 auferenda
3206 5617 3303 5673 luit
3347 5618 3414 5673 ab
3459 5615 3751 5673 universali

2166 5715 2397 5775 termino
2429 5714 2749 5773 universalis
2778 5712 3182 5779 determinatio,
3218 5725 3400 5769 verum
3427 5708 3591 5767 etiam
3634 5723 3748 5779 par-

2166 5807 2425 5879 tisulsris.
2461 5817 2515 5873 ct
2543 5806 2775 5885 oportuit
2814 5804 2919 5870 dici
2966 5803 3081 5870 huc
3108 5802 3287 5873 modo.
3319 5800 3542 5882 Quando
3573 5808 3747 5870 autem
