4022 6332
266 282 373 336 475

992 273 1056 328 IN
1098 272 1355 330 LIBRUM
1398 272 1483 329 DE
1523 271 2167 331 INTERPBETA’HUNE
2210 277 2435 333 EDITIU
2474 279 2813 338 SECUNDA.

3452 284 3557 340 ut

266 405 325 459 in
357 395 753 457 universalibus
784 410 891 451 non
922 392 1296 450 unii-ersaliter
1327 406 1501 463 neque
1530 388 1865 463 particulari-
1890 389 1945 451 Α
1975 389 2197 459 quidem
2226 397 2512 452 contrariae
2535 414 2643 457 non
2672 408 2820 465 sunt,
2856 409 3078 470 possunt
3106 412 3284 456 tamen
3309 399 3557 472 quaedam

267 507 375 564 ter,
407 509 514 551 non
547 500 673 547 sunt
710 490 1017 546 contraria.
1059 486 1210 542 Nunc
1251 493 1431 563 autem
1459 485 1711 555 quoniam
1752 497 1857 539 non

265 586 477 645 addidit
516 599 691 655 neque
718 581 1135 654 particulariler,
1159 578 1365 634 videtur
1392 593 1499 633 non
1528 577 1595 633 de
1620 574 1866 632 indeﬁni-

266 682 357 749 tis,
408 681 464 734 in
487 677 685 748 quibus
728 690 902 745 neque
931 672 1335 740 universalitas,
1373 685 1545 741 neque
1577 670 1857 740 particula-

266 751 399 832 ritas
439 772 613 837 adest,
676 769 772 826 sed
810 776 1015 824 tantum
1046 768 1114 823 de
1157 765 1565 839 particularibus
1609 766 1778 836 loqui,
1830 780 1862 820 a

264 870 462 942 quibus
488 865 664 921 solum
692 862 995 918 universale
1035 877 1141 916 non
1171 862 1331 916 etiam
1372 859 1699 931 particulare
1729 859 1859 914 sub-

264 964 451 1028 traxit,
489 958 585 1015 sed
622 957 747 1027 quid
790 956 921 1010 velit
946 953 1233 1010 ostendere
1278 954 1392 1023 ipse
1418 950 1862 1009 convenientibus

263 1052 532 1122 exemplis
554 1049 791 1106 edocuit.
825 1046 942 1102 Non
964 1046 1108 1102 enim
1142 1046 1318 1115 posuit
1346 1047 1597 1117 exempla
1628 1043 1860 1114 particu-

262 1147 392 1203 laris
425 1142 835 1217 propositionis,
873 1140 967 1197 sed
1013 1140 1326 1195 indeﬁnitze.
1384 1140 1474 1195 Ait
1523 1139 1689 1209 enim,
1736 1136 1860 1192 dico

261 1248 445 1295 autem
473 1252 582 1292 non
611 1235 989 1292 universaliter
1017 1234 1299 1296 enuntiare
1345 1234 1396 1287 in
1449 1232 1531 1287 his
1571 1246 1690 1302 quae
1733 1238 1860 1285 sunt

262 1332 620 1400 universalia,
656 1341 714 1385 ut
741 1338 825 1384 est
851 1330 1003 1385 albus
1028 1329 1213 1395 homo,
1246 1342 1352 1382 non
1374 1336 1459 1383 est
1484 1326 1641 1380 albus
1673 1324 1853 1379 homo.

264 1427 423 1496 Quod
456 1428 501 1481 si
534 1424 915 1496 particularem
956 1432 1261 1493 monstrare
1288 1422 1567 1487 voluisset,
1611 1421 1681 1474 ita
1712 1420 1856 1474 diee—

263 1530 344 1575 ret
379 1529 438 1573 nt
461 1527 544 1573 est
566 1516 783 1588 quidam
812 1516 973 1571 homo
1001 1515 1175 1580 albus,
1207 1529 1313 1570 non
1344 1525 1427 1571 est
1452 1513 1668 1585 quidam
1696 1512 1858 1566 homo

258 1613 442 1669 albus.
459 1610 568 1668 Sed
594 1611 846 1682 quoniam
880 1624 975 1678 per
1005 1609 1312 1680 exemplum
1334 1607 1463 1679 quid
1485 1607 1646 1663 vellet
1674 1613 1856 1661 osten-

259 1705 373 1774 dit,
437 1720 536 1760 nos
591 1719 805 1775 quoque
855 1702 1118 1774 superiori
1178 1698 1527 1773 propositioni
1582 1715 1702 1771 qua:
1730 1707 1851 1755 est:

1985 484 2293 556 signiﬁcare
2320 492 2612 547 contraria.
2656 492 2924 564 “ecquid
2954 494 3026 549 sit
3070 493 3438 566 multipliciter
3463 508 3557 551 ex-

1971 578 2271 649 positorum
2317 584 2603 639 sententiis
2643 585 2949 656 expeditur.
3001 587 3286 644 ilerminus
3328 601 3559 658 namque

1968 671 2102 727 dicit
2136 671 2340 729 idcirco
2372 676 2683 734 indeﬁnitas
2719 694 2877 750 posse
2918 680 3207 752 aliquando
3253 681 3587 753 signiﬁcare.

1970 766 2266 833 contraria,
2307 781 2429 822 euut
2477 769 2607 839 ipsa:
2650 780 2868 825 careant
2906 774 3306 843 contrarietate,
3357 775 3555 845 quippe

1966 871 2085 926 quae
2112 858 2497 916 univcrsalium
2536 876 2715 917 rerum
2751 873 2898 930 sunt,
2928 864 3167 922 additum
3212 874 3388 922 tamen
3437 866 3556 923 uni-

1969 953 2182 1010 versale
2211 968 2319 1010 non
2354 954 2573 1025 habent,
2606 957 2657 1011 in
2686 956 2817 1013 solis
2839 958 2923 1014 his
2953 960 3145 1030 quibus
3169 974 3229 1016 ea
3262 975 3381 1033 qua:
3407 959 3553 1016 afﬁr-

1965 1055 2180 1103 mantur
2204 1056 2295 1103 aut
2336 1058 2600 1120 negantur
2626 1051 2870 1121 subjecto
2908 1053 3218 1109 naturaliter
3241 1054 3458 1110 insunt:
3495 1062 3552 1109 ut

1963 1156 2085 1198 cum
2128 1142 2359 1199 dicimus
2406 1145 2567 1202 homo
2597 1146 2877 1202 rationalis
2912 1155 3017 1213 est,
3067 1147 3226 1201 homo
3274 1147 3551 1203 rationalis

1963 1251 2071 1293 non
2098 1245 2203 1303 est,
2230 1238 2481 1309 quoniam
2508 1240 2842 1297 rationalitas
2866 1241 3168 1310 hujusmodi
3212 1250 3296 1297 est
3348 1256 3468 1313 quae
3497 1243 3549 1297 in
3578 1304 3583 1307 ,

1962 1337 2152 1385 natura
2175 1332 2246 1386 sit
2274 1329 2527 1389 hominis.
2585 1333 2650 1388 Et
2673 1332 2965 1390 afﬁrmatio
2990 1344 3043 1388 ct
3080 1335 3291 1405 negatio
3332 1335 3468 1391 inter
3490 1349 3550 1393 se

1961 1437 2146 1478 verum
2196 1424 2492 1495 falsumque
2530 1424 2799 1492 dividunt,
2829 1436 2884 1483 et
2923 1425 3319 1497 quodammodo
3360 1425 3429 1482 ab
3466 1427 3549 1483 his

1960 1516 2229 1572 contraria
2257 1516 2625 1588 designantur.
2660 1518 2765 1575 Sed
2799 1519 2929 1575 nihil
2964 1519 3063 1576 hoc
3094 1521 3285 1576 attinet
3326 1519 3393 1576 ad
3421 1535 3549 1577 con-

1961 1608 2122 1663 traria
2156 1609 2503 1680 signiﬁcanda
2555 1612 2609 1666 in
2650 1610 2735 1668 his
2764 1627 2885 1684 qua!
2915 1622 3056 1685 sunt
3088 1612 3387 1683 indeﬁnite.
3417 1613 3547 1670 Nam

1963 1702 2125 1758 etiam
2156 1703 2511 1773 particulares
2542 1705 2670 1776 ipsae
2700 1720 2913 1778 quoque
2943 1707 2995 1762 in
3028 1706 3222 1763 talibus
3246 1724 3428 1764 verum
3452 1707 3549 1764 l‘al-

258 1800 489 1869 Quando
515 1799 763 1854 autemin
784 1796 1178 1853 universalibus
1205 1809 1309 1850 non
1336 1792 1733 1861 universaliter,
1758 1791 1850 1847 de-
1881 1780 1931 1842 Β
1953 1806 2181 1864 sumque
2243 1794 2505 1862 dividunt,
2547 1807 2604 1853 ut
2641 1806 2727 1855 est
2762 1799 2978 1870 quidam
3041 1800 3203 1856 homo
3274 1800 3549 1858 rationalis

257 1910 383 1952 esse
406 1903 652 1965 putemus
677 1902 769 1947 aut
799 1890 1209 1962 particulariter,
1231 1899 1357 1945 utet
1379 1887 1855 1959 particularitatem

257 1996 313 2041 et
344 1985 805 2040 universalitatem
860 1999 923 2038 ex
958 1991 1063 2037 tota
1089 1982 1297 2037 auferat
1337 1980 1593 2047 dictione,
1628 1991 1685 2035 ut
1738 1989 1883 2050 post

257 2078 508 2147 exempla
537 2077 837 2133 docuerunt
885 2089 990 2130 non
1033 2089 1157 2130 eum
1184 2075 1329 2143 loqui
1358 2073 1426 2129 de
1445 2072 1859 2144 particularibus

259 2170 357 2227 sed
389 2171 460 2227 de
504 2171 801 2226 indeﬁnita.
836 2168 1013 2236 Quare
1043 2166 1146 2223 hoc
1174 2167 1323 2235 dicit,
1353 2178 1411 2222 ut
1455 2167 1500 2222 si
1532 2181 1707 2238 neque
1737 2167 1881 2221 unio‘

261 2265 499 2322 ver-ales
530 2266 638 2320 sint
668 2263 1061 2335 propositiones
1094 2275 1270 2333 neque
1313 2260 1691 2332 particulares,
1714 2260 1856 2331 quod

260 2358 690 2415 subaudiendum
734 2367 838 2423 est,
889 2356 996 2411 illa;
1040 2371 1146 2411 non
1197 2364 1324 2410 sunt
1362 2353 1677 2418 contrarize,
1736 2362 1860 2409 sunt

260 2451 407 2507 enim
450 2448 734 2506 contrariae
771 2462 893 2519 qua:
930 2447 1309 2503 universaliter
1346 2445 1704 2501 universalem
1748 2448 1871 2501 ter-‘

259 2544 467 2601 miuum
516 2551 842 2614 proponunt.
894 2540 1190 2597 lndellnitte
1219 2556 1346 2596 vero
1388 2539 1467 2595 ad.
1502 2538 1857 2595 universalem

260 2639 553 2693 terminum
593 2634 956 2691 universalem
978 2633 1484 2690 determinationem
1509 2648 1613 2688 non
1640 2633 1872 2689 habent.

261 2726 472 2784 Idcirco
502 2734 680 2783 autem
712 2725 780 2782 ab
811 2725 1102 2782 indeﬁnitis
1126 2726 1585 2782 uuiversalitatem
1613 2726 1780 2782 solam
1806 2734 1859 2782 et

261 2838 367 2879 non
393 2821 872 2894 particularitatem
907 2836 1121 2893 quoque
1167 2820 1428 2891 seiunxit,
1475 2820 1617 2891 quod
1666 2820 1859 2877 indeﬁ-

261 2916 402 2973 nitas
446 2914 842 2987 prOpositiones
872 2930 902 2969 a
931 2915 1220 2971 contrariis
1258 2916 1454 2981 solum,
1486 2929 1594 2969 non
1631 2915 1795 2971 etiam
1828 2931 1856 2970 a

261 3008 677 3082 particularibus
704 3010 1039 3079 segregabat.
1070 3008 1223 3076 Quod
1248 3017 1426 3063 autem
1450 3008 1570 3064 dico
1602 3008 1708 3063 tale
1737 3016 1857 3064 est:

262 3104 303 3161 si
341 3101 505 3158 vellet
528 3102 815 3157 ostendere
844 3100 1152 3157 indeﬁnitas
1190 3102 1606 3171 propositiones,
1640 3102 1856 3172 pr0prie

1962 1893 2067 1950 est,
2099 1887 2317 1958 quidam
2350 1890 2510 1946 homo
2536 1891 2813 1948 rationalis
2841 1909 2945 1949 nou
2979 1904 3061 1950 est
3090 1911 3105 1961 ;
3140 1894 3238 1950 bas
3286 1895 3446 1966 igitur
3466 1908 3550 1951 se-

1962 1980 2193 2035 cundum
2230 1981 2548 2039 Herminum
2581 1984 2822 2041 videmus
2873 1999 3031 2056 posse
3077 1985 3379 2057 signiﬁcare
3423 2002 3551 2042 con-

1962 2074 2145 2130 traria.
2170 2075 2277 2131 Cur
2297 2092 2426 2148 ergo
2455 2077 2589 2134 dixit
2614 2079 2666 2135 in
2690 2080 2773 2135 his
2799 2095 3009 2150 quoque
3060 2081 3311 2153 quoniam
3334 2080 3550 2153 quidem

1962 2172 2245 2225 contrariae
2272 2186 2379 2226 non
2403 2180 2548 2239 sunt,
2579 2187 2699 2244 quae
2720 2184 2902 2230 autem
2925 2173 3298 2246 signiﬁcantur
3325 2185 3409 2231 est
3431 2189 3552 2231 esse

1962 2263 2267 2317 contraria?
2296 2262 2601 2320 Alexander
2628 2273 2807 2322 autem
2834 2265 2934 2322 huc
2973 2267 3101 2324 dicit
3133 2286 3145 2320 :
3175 2267 3426 2338 quoniam
3465 2260 3550 2323 in;

1964 2355 2201 2411 deﬁnitae
2229 2366 2356 2412 sunt
2377 2358 2482 2426 hae,
2514 2358 2646 2415 nihil
2673 2374 2785 2427 eas,
2821 2360 3014 2432 inquit,
3047 2360 3297 2431 prohibet
3321 2361 3459 2417 sicut
3486 2362 3553 2419 ad

1965 2450 2322 2521 particulares
2377 2452 2449 2507 ita
2507 2468 2722 2525 quoque
2766 2454 2833 2510 ad
2886 2454 3216 2513 universales
3271 2456 3554 2524 reducere,

1964 2558 2085 2613 quae
2112 2543 2363 2599 videntur
2386 2558 2507 2600 esse
2530 2546 2836 2613 contraria,
2864 2555 2919 2602 ut
2952 2548 3005 2603 in
3034 2561 3100 2603 eo
3120 2547 3262 2619 quod
3283 2548 3366 2603 erit
3395 2548 3557 2605 homo

1963 2636 2165 2691 animal
2190 2645 2292 2703 est,
2324 2636 2484 2692 homo
2504 2637 2699 2694 animal
2738 2653 2845 2695 non
2873 2648 2980 2707 est,
3010 2639 3262 2711 quoniam
3306 2640 3387 2696 hae
3427 2656 3555 2712 pro-

1967 2728 2264 2797 positiones
2292 2728 2586 2785 indeﬁnite:
2616 2739 2763 2798 sunt,
2792 2740 3017 2802 possunt
3047 2732 3215 2803 accipi
3248 2732 3401 2803 quasi
3423 2742 3551 2789 cono

1968 2821 2168 2877 traritc.
2198 2821 2330 2877 Nam
2355 2823 2400 2878 si
2429 2822 2682 2889 dicimus,
2708 2824 2869 2881 homo
2894 2825 3093 2882 animal
3120 2834 3223 2896 est,
3264 2834 3439 2897 potest
3482 2826 3552 2883 ita

1967 2916 2134 2985 accipi
2152 2925 2406 2989 tanquam
2433 2920 2477 2974 si
2502 2918 2732 2988 dicatur,
2752 2921 2930 2977 omnis
2948 2921 3109 2976 homo
3127 2919 3327 2976 animal
3347 2929 3428 2976 est
3446 2934 3461 2986 ;
3490 2929 3547 2977 et

1967 3021 2153 3062 rursus
2172 3025 2187 3075 ;
2206 3008 2366 3065 homo
2378 3009 2577 3066 animal
2598 3025 2703 3067 non
2720 3019 2825 3080 est,
2842 3013 2912 3067 ita
2925 3011 3100 3067 audiri
3113 3020 3288 3083 potest
3301 3021 3552 3083 tanquam

1966 3104 2011 3159 si
2032 3102 2257 3169 dicatur,
2279 3104 2461 3161 nullus
2476 3108 2638 3163 homo
2653 3105 2852 3162 animal
2868 3114 2973 3163 est.
2986 3104 3119 3163 Cum
3136 3115 3316 3162 autem
3343 3105 3537 3163 dicitur

262 3198 471 3254 diceret
506 3194 816 3251 indeﬁnitas
860 3209 1033 3275 neque
1071 3195 1425 3265 particulares
1471 3210 1624 3261 esse,
1675 3209 1848 3265 neque

1963 3199 2125 3257 homo
2149 3180 2592 3269 ambulat,homo
2612 3216 2722 3257 non
2745 3200 3002 3266 ambulat,
3029 3214 3136 3256 non
3156 3199 3224 3254 ad
3250 3198 3549 3255 co~trarias

263 3291 631 3358 universales;
660 3304 779 3361 qua:
808 3297 985 3345 autem
1014 3290 1065 3345 in
1096 3289 1385 3345 universali
1434 3305 1608 3361 neque
1634 3285 1855 3346 univer4

263 3386 452 3443 saliter
504 3400 678 3456 neque
707 3383 1102 3456 particulariter
1129 3394 1523 3457 preponuutur,
1557 3384 1609 3439 id
1636 3395 1718 3440 est
1736 3378 1857 3455 quae

263 3492 439 3549 neque
460 3478 793 3533 universales
810 3483 955 3545 sunt,
984 3490 1161 3547 neque
1191 3475 1538 3546 particulares
1567 3474 1858 3531 indi-ﬁnitae

262 3581 411 3627 sunt.
446 3568 580 3626 Nam
612 3584 731 3642 quae
760 3582 934 3639 neque
964 3568 1297 3623 universales
1329 3578 1455 3624 sunt
1484 3583 1659 3639 neque
1695 3569 1860 3638 parti-

263 3663 496 3729 culares,
528 3662 612 3716 hae
642 3674 815 3733 neque
852 3659 1140 3717 contrariae
1167 3669 1295 3716 sunt
1332 3676 1509 3731 neque
1545 3663 1859 3717 subcontrao

262 3758 379 3814 rite.
414 3756 819 3813 Subcontrariaa
840 3754 1055 3827 quidem
1078 3754 1280 3810 idcirco
1308 3770 1413 3811 non
1438 3766 1584 3826 sunt,
1610 3758 1730 3827 quia
1754 3770 1860 3813 non

264 3852 469 3908 habent
499 3849 735 3905 additam
771 3846 1731 3919 particularem.determinationem,
1777 3848 1859 3904 id-

263 3950 414 4005 circo
456 3962 587 4002 vero
632 3946 918 4000 contraria?
964 3960 1072 3999 non
1121 3953 1269 4011 sunt,
1308 3947 1431 4017 quia
1481 3944 1864 4002 determinatio

264 4042 590 4099 universalis
625 4040 676 4095 in
720 4039 805 4095 his
836 4052 939 4094 non
962 4047 1061 4093 est.
1093 4037 1245 4094 Nune
1286 4050 1465 4094 autem
1503 4055 1623 4095 eum
1657 4047 1862 4095 tantum

264 4137 431 4193 vellet
453 4134 743 4190 ostendere
766 4145 860 4187 eas
888 4131 1190 4186 contrarias
1220 4145 1325 4185 non
1354 4145 1499 4197 esse,
1532 4131 1598 4185 de
1626 4131 1861 4187 subcon-

263 4230 445 4285 trariis
474 4241 607 4283 vero
650 4225 700 4279 in
733 4224 985 4295 przcsenti
1014 4223 1171 4278 vellet
1197 4222 1463 4288 omittere,
1499 4222 1596 4277 has
1616 4237 1735 4303 esse
1776 4224 1863 4279 in-

262 4324 518 4380 deﬁnitas
567 4321 733 4388 dixit,
765 4334 886 4392 qua:
940 4317 1242 4372 universale
1296 4316 1708 4373 determinatum
1748 4316 1864 4371 uni-

265 4416 554 4471 vrrsaiiler
586 4428 691 4467 non
718 4412 933 4478 habent,
969 4418 1027 4464 ut
1056 4410 1259 4465 scilicet
1293 4409 1389 4463 has
1428 4424 1532 4463 non
1578 4424 1697 4465 esse
1738 4425 1864 4464 con-

265 4512 459 4565 trarias
536 4506 981 4575 intelligeremus.
1034 4501 1239 4557 Idcirco
1294 4516 1422 4556 vero
1486 4516 1593 4555 non
1672 4501 1867 4572 adjecit

1961 3292 2054 3349 sed
2067 3292 2134 3348 ad
2154 3293 2558 3350 subcontrarias
2593 3309 2745 3350 mens
2762 3293 2976 3350 ducitur
2990 3292 3269 3350 auditoris.
3287 3290 3549 3360 Quocirca

1963 3395 2186 3457 possunt
2230 3386 2523 3442 indeﬁnitae
2560 3386 3202 3458 aliquando'signilieare
3250 3384 3539 3452 eti-.itraria,

1962 3482 2214 3552 quoniam
2236 3494 2302 3537 eo
2332 3482 2450 3550 ipso
2475 3478 2617 3549 quod
2646 3488 2771 3536 sunt
2794 3479 3088 3534 iudeﬁnitat
3126 3477 3261 3533 nihil
3303 3491 3395 3547 eas
3437 3492 3557 3548 pro-

1965 3573 2114 3630 hibet
2141 3574 2205 3628 ad
2235 3574 2625 3630 contrariorum
2661 3571 3102 3644 signiﬁcationem
3132 3568 3544 3626 universalium-

1965 3682 2069 3738 que
2104 3666 2306 3723 reduci.
2333 3665 2398 3722 Et
2445 3670 2560 3721 haec
2610 3665 2825 3737 quidem
2862 3663 3131 3721 sententia
3162 3661 3324 3719 habet
3345 3660 3547 3733 aliquid

1965 3759 2208 3824 rationis.
2244 3775 2351 3814 non
2371 3769 2548 3815 tamen
2574 3760 2780 3830 integre
2812 3758 2864 3814 id
2894 3757 3034 3828 quod
3063 3757 3131 3812 ab
3158 3755 3448 3813 Aristotele
3471 3753 3553 3812 di-

1966 3853 2106 3909 citur
2134 3853 2400 3920 ostendit,
2434 3861 2490 3908 et
2520 3853 2796 3909 meliorem
2827 3853 3149 3908 sententiam
3194 3858 3390 3922 sponte
3415 3850 3557 3919 reje-

1964 3946 2060 4012 eit,
2102 3961 2261 4016 quam
2312 3945 2641 4018 Porphyrius
2680 3944 3014 4017 approbavit.
3043 3944 3178 3999 Sunt
3223 3941 3367 3997 enim
3409 3954 3558 4012 quam

1967 4037 2089 4093 dam
2117 4038 2428 4109 negationes
2452 4053 2572 4109 qua:
2600 4038 2739 4093 intra
2766 4051 2825 4093 se
2847 4033 3216 4091 alﬁrmationis
3245 4033 3363 4104 eius
3390 4038 3550 4105 quam

1968 4132 2185 4203 negant
2226 4134 2491 4190 retineant
2519 4134 2975 4198 contrarietatem,
3007 4140 3065 4187 ut
3094 4132 3147 4187 in
3182 4144 3248 4186 eo
3278 4129 3419 4202 quod
3449 4138 3550 4197 εει,

1968 4241 2130 4281 sanus
2152 4235 2253 4290 est,
2287 4235 2343 4281 et
2382 4240 2486 4281 non
2518 4235 2602 4281 est
2632 4239 2815 4289 sanus,
2842 4223 2896 4281 id
2941 4222 3083 4296 quod
3111 4222 3307 4279 dicitur
3334 4237 3443 4278 non
3474 4231 3558 4278 est

1970 4333 2133 4373 sanus
2186 4319 2452 4390 signiﬁcat
2482 4334 2626 4389 aeger
2657 4329 2738 4373 est
2756 4360 2772 4385 ,
2794 4317 2936 4390 quod
2964 4325 3047 4373 est
3075 4317 3403 4373 contrarium
3429 4330 3561 4373 sano

1974 4425 2113 4466 esse.
2149 4410 2355 4466 Rursus
2382 4426 2502 4466 cum
2534 4410 2786 4477 dicimus,
2812 4409 2976 4468 homo
2996 4409 3151 4465 albus
3167 4419 3272 4477 est,
3304 4409 3349 4465 si
3371 4416 3560 4465 contra

1972 4506 2107 4560 hanc
2151 4520 2409 4576 negamus
2454 4519 2548 4575 per
2582 4518 2702 4559 eam
2731 4518 2852 4575 qua
2879 4502 3010 4559 dicit
3069 4502 3413 4563 homoalbus
3454 4517 3560 4558 non

264 4601 749 4674 partienlaritatem
795 4611 890 4653 eas
938 4612 1044 4653 non
1095 4595 1317 4660 habere,
1366 4595 1621 4665 quoniam
1666 4609 1697 4649 a
1736 4596 1867 4651 solis
1898 4584 2079 4664 Dest,
2147 4596 2451 4669 signiﬁcare
2504 4595 2698 4668 poterii
2745 4595 2996 4666 quoniam
3053 4594 3214 4651 homo
3263 4595 3414 4667 niger
3453 4604 3561 4661 est,

266 4695 558 4753 contrariis
598 4708 852 4763 separare
880 4690 1205 4746 .indeﬁnitas
1224 4689 1465 4759 volebat,
1499 4705 1604 4744 non
1645 4689 1807 4745 etiam
1839 4705 1867 4745 a

265 4789 680 4847 subcentrariis.
706 4786 850 4856 Ergo
881 4786 925 4839 si
956 4782 1261 4840 indeﬁnitas
1293 4797 1323 4838 a
1348 4783 1631 4839 contrariis
1662 4793 1715 4837 et
1736 4783 1866 4838 sub-

267 4883 556 4940 cuntrariis
607 4896 859 4950 separare
913 4878 1197 4946 voluisset,
1247 4877 1319 4932 ita
1371 4878 1575 4933 diceret
1606 4877 1870 4947 :Qnando

218 5046 223 5047 ί
267 4992 445 5038 autem
476 4979 531 5033 in
565 4973 956 5032 universalibus
1016 4988 1119 5026 non
1177 4972 1555 5028 universaliter
1594 4986 1694 5028 nec
1734 4986 1865 5042 par-

268 5073 591 5137 ticulariter,
622 5085 727 5125 non
759 5078 884 5123 sunt
907 5068 1192 5122 contrariae
1238 5056 1415 5137 neque
1444 5065 1861 5122 subcoutraritc.

269 5168 373 5224 Sed
406 5163 663 5235 quoniam
692 5177 798 5217 non
828 5176 921 5217 eas
944 5160 1159 5215 volebat
1181 5177 1324 5216 nunc
1351 5177 1456 5216 non
1486 5175 1607 5217 esse
1633 5165 1865 5218 subcon-

269 5261 462 5316 trarias
490 5258 885 5323 demonstrare,
918 5254 1012 5310 sed
1036 5263 1240 5309 tantum
1266 5270 1373 5309 non
1397 5270 1517 5310 esse
1538 5258 1858 5325 contrarias,

226 5418 229 5419 ν
272 5354 475 5408 idcirco
505 5351 555 5407 ei
580 5351 725 5406 dicto
750 5351 890 5422 quod
915 5360 1018 5413 est,
1048 5350 1264 5420 quando
1294 5358 1473 5404 autem
1509 5351 1561 5405 iu
1587 5350 1861 5407 universa-

270 5447 427 5513 libus,
460 5460 565 5500 non
600 5443 975 5499 ιιηίνριιδίιὶιει·
1014 5459 1120 5498 non
1168 5443 1393 5513 addidit,
1442 5442 1525 5498 vel
1569 5444 1860 5513 particula-

270 5540 433 5605 riter;
471 5538 574 5593 hoc
602 5538 743 5593 enim
773 5539 815 5593 si
844 5538 1163 5602 addidisset,
1209 5537 1276 5591 ad
1309 5537 1709 5593 subcontrarias
1742 5549 1862 5593 ten-

274 5629 448 5697 deret,
475 5629 541 5686 de
573 5630 763 5701 quibus
795 5629 925 5685 nihil
957 5638 1042 5685 est
1077 5629 1348 5697 additum;
1379 5646 1545 5701 quare
1570 5631 1670 5687 hoc
1692 5631 1861 5687 dicit:

275 5728 356 5785 ha:
384 5725 842 5800 quaedntleﬁuita‘.
896 5734 1041 5789 sunt,
1073 5723 1325 5799 quoniam
1364 5739 1466 5780 non
1514 5723 1710 5780 habent
1740 5723 1863 5779 uni.
1910 5726 1913 5727 '

284 5819 667 5897 venalia-tom.
698 5818 981 5886 cantrariac
1024 5832 1128 5883 non
1177 5828 1319 5886 sum
1360 5818 1463 5883 Sed
1513 5832 1633 5884 eum
1674 5832 1768 5900 per
1808 5830 1866 5886 se

1978 4705 2100 4745 nam
2131 4690 2222 4761 qui
2245 4680 2407 4761 niger
2443 4696 2526 4744 est
2555 4688 2709 4744 albus
2729 4701 2837 4743 non
2866 4699 2968 4754 est,
3000 4689 3093 4745 sed
3125 4690 3333 4760 nigrum
3364 4704 3483 4745 esse
3506 4698 3561 4743 ει

1976 4784 2154 4840 album
2206 4797 2310 4839 non
2360 4796 2483 4837 esse
2539 4778 2867 4837 contrarium
2912 4793 3015 4838 est.
3046 4783 3223 4850 Quare
3266 4783 3564 4855 signiﬁcant

1981 4877 2231 4949 quaedam
2274 4876 2587 4947 negationes
2631 4870 3123 4948 afﬁrmationesque
3153 4877 3440 4941 contraria,
3469 4876 3562 4931 sed

1934 4976 1935 4979 “
1984 4972 2087 5028 hoc
2114 4986 2218 5026 non
2242 4987 2478 5044 semper,
2512 4987 2633 5027 nam
2666 4974 2717 5029 in
2746 4987 2813 5029 eo
2832 4972 2975 5044 quod
3005 4981 3085 5027 est
3114 4971 3276 5027 homo
3304 4969 3561 5039 ambulat,

1926 5080 1929 5081 '
1990 5066 2153 5122 homo
2204 5081 2309 5122 non
2354 5065 2617 5135 ambulat,
2643 5067 2845 5122 nullum
2882 5067 3210 5122 contrarium
3236 5064 3562 5119 continetur.

1928 5178 1931 5183 λ
1989 5159 2357 5215 Ambulatioui
2391 5158 2695 5226 enimpihil
2720 5158 3174 5216 'est'contrarium
3200 5198 3216 5224 ,
3246 5165 3407 5226 atque
3446 5154 3567 5211 ideo

1924 5266 1927 5267 '
1976 5252 2105 5308 dicit
2134 5268 2149 5305 :
2196 5260 2406 5306 constat
2438 5251 2573 5307 duas
2610 5250 2708 5309 has
2723 5252 2937 5324 quidem
2972 5251 3268 5307 contrarias
3301 5263 3407 5304 non
3423 5264 3564 5316 esse,

1924 5342 1931 5349 ’
1971 5346 2177 5423 idcirco
2207 5343 2347 5417 quod
2381 5361 2502 5401 cum
2545 5346 2685 5401 sunt
2719 5338 3073 5411 universales,
3106 5360 3211 5399 non
3246 5342 3565 5399 universali-

1979 5453 2063 5499 ter
2090 5442 2459 5498 enuntientur.
2496 5440 2661 5499 Posse
2721 5451 2897 5497 autem
2949 5438 3234 5511 aliquoties
3289 5437 3567 5493 contraria

1920 5544 1923 5547 ‘
1975 5535 2303 5604 signiﬁcare,
2334 5550 2456 5591 cum
2485 5530 2623 5590 intra
2667 5533 3006 5604 negationem
3050 5533 3379 5586 contrarium
3420 5531 3544 5585 altir

1977 5627 2231 5682 mationis
2286 5627 2605 5683 includatur.
2662 5625 2921 5695 Aspasius
2978 5636 3105 5679 vero
3149 5633 3203 5679 et
3263 5624 3563 5679 Alexander

1978 5720 2115 5776 hanc
2148 5723 2499 5795 posteriorem
2556 5734 2661 5778 non
2709 5719 2956 5793 probant.
2990 5717 3099 5776 Nos
3151 5733 3283 5777 vero
3333 5718 3561 5778 dicimur

1977 5830 2085 5879 non
2110 5816 2325 5897 quidem
2340 5815 2645 5887 ‘Alcvandri
2663 5815 2982 5885 sententiam
3004 5815 3300 5885 abltut‘ret‘t|
3327 5816 3557 5893 ratione,
