4022 6332
508 304 615 385 tri

1745 324 1858 381 AN.
1897 320 2104 382 MANL.
2146 320 2302 384 εει.
2344 320 2567 387 ΒῦΕτΙΙ

3679 338 3774 393 ΠΩ

515 440 609 498 sed
644 439 778 495 hanc
821 434 1101 513 Porphyrii
1137 446 1257 495 esse
1298 439 1593 497 meliorem.
1631 438 1763 494 Nam
1808 440 1953 508 quod
1992 438 2090 503 ait,
2118 445 2175 500 Δ
2202 442 2674 513 tursnbjectumne
2689 445 2878 502 debeat
2896 463 3018 503 cum
3035 449 3483 507 determination
3498 450 3691 519 dici,ut
3711 456 3779 513 sit

509 533 724 607 quando
772 540 950 589 autem
1003 533 1055 586 in
1104 531 1517 597 universalibus,
1563 533 2086 599 nouuniversaliter,

510 645 616 683 non
638 635 761 682 sunt
789 627 1089 694 contrarias,
1130 642 1249 697 quzc
1270 636 1445 682 autem
1473 626 1841 698 signiﬁcantur
1859 638 1942 683 est
1969 642 2092 684 esse

505 722 792 785 contraria,
824 724 888 775 ab
918 720 1219 796 Alexandro
1250 738 1353 777 non
1381 730 1463 777 est
1492 724 1814 792 expositum,
1847 726 1941 779 sed
1975 735 2090 777 tan-
2127 781 2129 783 ,

508 826 615 871 tttm
642 817 839 870 dictum
871 814 1083 885 quando
1116 827 1339 885 possunt
1372 832 1492 871 esse
1523 819 1925 888 propositiones
1956 823 2089 888 ipsa:

503 910 802 966 contrariae.
820 912 859 962 A
892 910 1191 985 Porphyrio
1212 925 1335 963 vero
1356 911 1641 978 diligenter
1670 918 1753 966 est
1780 911 2087 979 expasitnm

502 1000 712 1072 quando
756 1016 816 1056 ea
850 1019 968 1072 qum
1006 1002 1375 1071 significantur
1415 1005 2081 1073 pussintesse'eontraria.

500 1092 649 1160 Quod
696 1095 813 1161 ipse
861 1093 1169 1148 AriStotelis
1217 1101 1391 1147 textus
1447 1098 1742 1163 expreSSit,
1774 1110 2084 1165 quanquam

498 1185 802 1240 Alexander
833 1202 1044 1255 quoque
1072 1185 1317 1240 eamdem
1349 1199 1506 1252 quam
1557 1186 1886 1257 Porphyrius
1911 1198 2081 1255 expo-

497 1279 601 1334 suit
637 1279 827 1333 viderit
868 1279 1286 1347 exiiositionem.
1354 1282 1480 1334 Eam
1511 1286 1709 1335 tamen
1761 1284 1840 1349 (ut
1880 1280 2081 1335 dictum

498 1372 601 1440 est)
632 1382 820 1440 sponte
868 1372 1089 1440 rejecit,
1131 1382 1184 1426 et
1228 1372 1328 1425 sibi
1382 1372 1685 1442 hujnsmudi
1732 1372 2085 1439 expositionis

414 1450 415 1455 “
496 1464 1162 1520 confirmavitsententiam
1188 1466 1492 1533 displicere.
1519 1460 1641 1519 Mihi
1659 1479 1788 1521 vero
1815 1476 1903 1519 aut
1918 1474 2079 1518 utra)-

495 1570 599 1625 que
631 1571 718 1610 rec
744 1556 950 1625 piendo.-
983 1557 1345 1626 expositiones
1374 1556 1643 1623 vidi-mur,
1677 1567 1767 1611 aut
1790 1557 2083 1625 muliorju—

495 1652 720 1706 dicamla
758 1654 1040 1719 posterior,
1075 1652 1175 1706 hoc
1204 1654 1347 1705 enim
1379 1653 1491 1721 ipse
1517 1652 1732 1720 qudque
1765 1651 2080 1706 Aristoteles

494 1743 889 1813 quodammodo
918 1746 1101 1800 subter
1124 1747 1359 1800 ostendit
1381 1761 1502 1800 cum
1529 1747 1656 1800 dicit
1688 1762 1701 1798 :
1730 1744 1902 1799 Simul
1934 1748 2079 1799 enim

2200 533 2376 586 omnis
2403 532 2568 589 homo
2592 536 2793 591 animal
2817 547 2922 604 est,
2949 554 3019 593 an
3052 539 3421 609 praedicatum,
3444 552 3503 597 ut
3528 546 3601 599 sit
3625 548 3778 603 homo

2196 638 2361 680 omne
2388 626 2586 681 animal
2603 638 2687 682 est
2705 645 2721 693 ;
2741 645 2811 683 an
2827 640 3136 700 utrumque,
3153 642 3210 685 ut
3228 635 3483 689 sitomnis
3498 634 3657 692 homo
3669 652 3779 694 ont-

2196 730 2266 770 ne
2287 717 2598 773 animalest.
2619 719 2988 776 Sedueutrum
3004 738 3189 779 eorum
3218 741 3337 793 quas
3364 733 3632 794 posterius
3647 731 3782 790 dicta

2195 818 2342 872 sunt,
2374 807 2489 863 ﬁeri
2516 820 2728 877 oportet
2755 830 2770 865 δ
2794 827 3025 881 namque
3051 814 3116 867 ad
3146 817 3486 884 prtedicdtum
3520 836 3781 889 nunquam

2194 899 2577 956 determinatio
2597 901 2861 973 jungitur,
2893 904 2989 958 sed
3015 905 3081 958 ad
3109 905 3407 976 subjectum
3434 917 3664 973 tantum,
3690 927 3780 967 ne-

2192 1007 2298 1062 que
2318 995 2461 1048 enim
2488 1004 2675 1048 verum
2701 1009 2784 1049 est
2805 996 2987 1050 dicere
3012 1012 3171 1051 omne
3198 998 3395 1051 animal
3423 1001 3600 1053 omnis
3627 1001 3783 1056 homo

2191 1098 2305 1154 est;
2338 1089 2538 1144 idcirco
2563 1091 2816 1161 quoniam
2838 1092 3015 1146 omnis
3038 1092 3478 1160 praedicatio,aut
3509 1094 3682 1163 major
3708 1105 3785 1149 est

2189 1182 2459 1251 subjecto,
2500 1195 2590 1238 aut
2625 1185 2868 1252 aequalis,
2894 1195 2950 1238 ut
2982 1183 3034 1236 in
3067 1199 3133 1237 eo
3160 1186 3300 1253 quod
3330 1185 3581 1248 divinius,
3614 1187 3786 1241 omnis

2192 1275 2355 1330 homo
2377 1275 2575 1330 animal
2604 1285 2707 1333 est.
2737 1277 2855 1344 plus
2876 1277 3178 1350 estanimal
3202 1292 3358 1345 quam
3385 1277 3564 1347 homo.
3586 1276 3649 1330 iit
3672 1292 3786 1330 rur-

2189 1381 2283 1421 sus
2327 1368 2381 1421 itt
2432 1382 2498 1420 eo
2545 1367 2685 1436 quod
2726 1369 2953 1424 dicimus
3000 1371 3163 1422 homo
3193 1368 3411 1422 risihilis
3440 1378 3541 1433 est,
3584 1367 3786 1423 risihils

2188 1470 2433 1529 aequatur
2480 1459 2723 1524 homini;
2756 1472 2810 1514 ut
2865 1470 3041 1515 autem
3092 1462 3159 1515 sit
3193 1462 3367 1514 minus
3414 1460 3781 1528 praedicatum,

2189 1563 2348 1619 atque
2392 1554 2667 1622 angustius
2707 1553 2972 1623 subjecto,
3019 1554 3132 1607 fieri
3171 1568 3278 1606 non
3319 1560 3511 1622 potest.
3554 1551 3699 1623 Ergo
3737 1552 3785 1607 in

2189 1641 2271 1697 bis
2320 1645 2621 1712 praedicatis
2665 1658 2789 1713 qua:
2825 1645 3066 1715 subjecto
3114 1646 3314 1710 majoza
3360 1630 3505 1709 sunt,
3552 1655 3609 1697 ut
3640 1646 3693 1697 in
3725 1658 3787 1699 eo

2188 1733 2330 1804 quod
2360 1745 2445 1789 est
2471 1736 2694 1801 animal,
2724 1739 3003 1805 perspicue
3022 1737 3152 1803 falsa
3171 1748 3253 1791 est
3278 1736 3593 1805 propositio,
3625 1737 3668 1790 si
3696 1736 3788 1791 de-

494 1850 676 1889 vet'mn
705 1846 787 1890 est
819 1837 994 1890 dicere
1037 1837 1286 1905 quoniam
1312 1839 1569 1893 eslltumu
1592 1840 1966 1902 albus,elnou
1998 1848 2085 1889 est
2195 1824 2504 1879 terminatio
2543 1827 2961 1880 universalitatis
3000 1828 3068 1880 ad
3105 1828 3448 1895 prtcdmatum
3495 1828 3787 1905 terminum

494 1926 654 1983 homo
668 1928 906 1991 alhtts,et
935 1938 1016 1983 est
1041 1929 1503 1997 homoprohus,et
1522 1944 1626 1983 non
1660 1941 1743 1983 est
1774 1930 1934 1984 homo
1958 1943 2085 1996 pro-

493 2020 620 2076 bus:
645 2024 687 2075 si
703 2022 844 2076 enim
861 2024 1031 2089 turpis
1048 2030 1147 2084 εει,
1165 2031 1368 2076 nonest
1391 2027 1586 2091 probus
1604 2033 1685 2088 ;et
1709 2024 1750 2076 si
1775 2022 1833 2075 fit
1856 2022 2079 2091 aliquid,

495 2114 650 2168 etiam
667 2129 772 2168 non
790 2121 888 2166 est.
906 2113 1068 2181 Cujm
1084 2114 1299 2181 quidem
1317 2114 1416 2168 loci
1439 2128 1554 2184 quae
1574 2114 1639 2167 sit
1654 2114 1941 2183 expositio,
1957 2128 2084 2169 cum

495 2203 555 2260 ad
584 2204 633 2259 id
656 2208 976 2272 venerimus,
995 2205 1503 2261 demonSIrahimus.
1523 2207 1964 2276 Cognoscendmn
1986 2222 2082 2262 ευ-

495 2307 599 2353 tem
623 2306 703 2353 est
740 2306 792 2353 et
808 2299 1059 2353 memoria
1081 2299 1419 2353 retinendum
1437 2301 1576 2369 quod
1601 2315 1932 2371 quaecunque
1953 2316 2081 2372 pro-

495 2392 791 2460 positiones
814 2394 1145 2447 universales
1169 2393 1545 2447 universallier
1570 2393 1770 2448 fuerint
1819 2394 2081 2463 praedicas

495 2494 581 2548 tte,
608 2483 651 2537 si
679 2484 760 2536 hat
781 2484 1137 2551 affirmativte,
1158 2486 1265 2540 illa:
1288 2498 1415 2540 vero
1436 2485 1546 2540 sint
1574 2486 1852 2556 negativae,
1867 2502 2085 2556 semper

496 2582 750 2644 utrasque
788 2590 905 2629 esse
927 2577 1246 2642 contrarias,
1269 2574 1316 2630 si
1344 2576 1473 2630 nihil
1499 2579 1963 2646 asquivocationis,
1992 2588 2086 2636 aut

494 2666 769 2729 temporis,
799 2674 891 2719 aut
910 2667 1208 2735 atiquomm
1228 2681 1349 2736 qua:
1374 2682 1532 2737 supra
1558 2667 1914 2724 dett-rutinata
1933 2680 2082 2737 sunt,

494 2757 558 2812 ad
591 2759 883 2813 faciendam
914 2762 1308 2830 oppositionem
1354 2763 1755 2818 eontrarielatis
1803 2765 2082 2833 impediat.

495 2849 605 2904 Non
654 2858 829 2907 tamen
876 2858 1069 2908 omnes
1112 2862 1446 2925 quzeeunqtte
1490 2862 1775 2912 contrarias
1820 2868 1966 2927 sunt,
2001 2859 2088 2913 hat

495 2955 583 2999 aut
614 2948 665 3000 in
689 2948 1080 3002 universalihus
1128 2949 1509 3004 universaliter
1534 2960 1740 3019 ponunt
1765 2954 2089 3008 enuntiatio-‘

496 3046 650 3100 nem,
674 3042 763 3091 aut
794 3053 894 3091 una
930 3038 1253 3092 affirmativa
1285 3050 1368 3093 est
1393 3078 1408 3104 ,
1437 3042 1605 3095 altera
1634 3042 1913 3111 negativa,
1945 3053 2001 3098 ut
2031 3047 2087 3099 in

496 3141 558 3181 eo
588 3132 728 3197 quod
758 3140 863 3195 est,
895 3129 1145 3183 Socrates
1176 3134 1344 3184 sanus
1367 3143 1471 3196 est,
1506 3132 1760 3188 Socrates
1788 3149 1933 3204 aeger
1961 3144 2071 3190 est.

2194 1917 2432 1986 ponitur.
2482 1917 2613 1971 Nam
2645 1919 2691 1972 si
2715 1919 2979 1985 dicamus,
3029 1923 3189 1972 homo
3218 1928 3301 1973 est
3325 1918 3543 1981 animal,
3585 1902 3787 1973 animai

2144 2062 2147 2065 .
2189 2012 2331 2081 quod
2365 2012 2539 2080 majus
2559 2018 2645 2067 est
2670 2013 2889 2066 homine
2911 2029 3004 2080 per
3028 2013 3166 2067 hanc
3190 2012 3695 2067 determinationetn
3720 2010 3785 2066 ad

2188 2112 2269 2157 ειιῖ
2288 2102 2490 2172 jectum
2535 2102 2806 2157 hominem
2850 2118 3021 2174 usque
3061 2106 3458 2161 contrahimus.
3505 2120 3627 2158 cum
3675 2120 3783 2159 non

2188 2197 2363 2248 solum
2399 2194 2465 2247 ad
2507 2193 2803 2262 hominem,
2835 2196 2930 2249 sed
2962 2195 3028 2249 ad
3068 2195 3169 2248 alia
3201 2211 3411 2266 quoque
3439 2211 3636 2249 nomen
3665 2195 3785 2250 ani-

2188 2288 2347 2341 malis
2374 2286 2542 2356 possit
2572 2288 2765 2353 aptari.
2798 2289 3002 2342 ltursus
3035 2289 3086 2341 in
3118 2288 3183 2341 iis
3220 2305 3338 2358 qua:
3374 2287 3601 2359 :cqualia
3661 2298 3787 2345 sunt

2190 2379 2333 2433 idem
2364 2379 2564 2433 evenit.
2605 2380 2735 2433 Nam
2766 2382 2810 2433 si
2849 2380 3023 2435 dicam
3055 2382 3230 2435 omnis
3276 2386 3435 2436 homo
3469 2397 3629 2438 oinne
3660 2381 3787 2437 risi-

2189 2471 2298 2526 ωε
2328 2480 2431 2540 εει,
2465 2472 2700 2541 primum
2738 2473 2783 2527 si
2812 2474 2879 2527 ad
2912 2474 3296 2527 humanitatem
3339 2475 3505 2540 ipsam
3552 2473 3789 2529 referam

2189 2566 2518 2632 superﬂuum
2567 2575 2650 2620 est
2690 2565 2926 2635 adjicere
2964 2567 3490 2623 determinatioiiem.
3553 2569 3711 2633 Quod
3746 2567 3790 2624 si

2189 2657 2256 2709 ad
2295 2657 2534 2727 singulos
2570 2670 2809 2727 quosque
2842 2658 3142 2725 hominum,
3173 2659 3303 2712 falsa
3344 2669 3427 2712 est
3462 2658 3789 2729 prepositio;

2191 2763 2313 2802 nam
2352 2763 2473 2802 cum
2502 2749 2622 2804 dico
2656 2751 2835 2804 omnis
2877 2751 3037 2802 homo
3078 2765 3236 2804 onme
3280 2752 3479 2804 risibile
3524 2760 3640 2815 est,
3689 2750 3794 2806 hoc

2189 2839 2377 2893 videor
2425 2842 2761 2909 signiﬁcare,
2824 2841 3019 2910 singuli
3069 2841 3314 2897 homines
3365 2859 3525 2897 mnne
3583 2844 3792 2900 risibile

2190 2933 2494 2998 snnt,quod
2517 2932 2630 2985 lieri
2657 2948 2761 2986 non
2788 2934 3116 3002 potest.l\'on
3141 2936 3299 3007 igitur
3324 2938 3387 2990 ad
3417 2937 3792 3007 praedicatum,

2190 3024 2284 3079 sed
2302 3024 2363 3077 .ιά
2382 3025 2682 3094 subjectum
2700 3025 3080 3081 determinatio
3102 3030 3369 3098 ponenda.
3406 3028 3573 3083 Verba
3609 3041 3793 3085 autem

2192 3119 2497 3173 Aristotelis
2544 3118 2646 3173 hoc
2682 3119 2843 3173 modo
2884 3129 3029 3185 sunt,
3061 3130 3117 3175 et
3171 3121 3236 3173 ad
3282 3118 3416 3174 hanc
3462 3122 3793 3176 sententiam

497 3219 595 3274 Hic
624 3221 765 3275 enim
791 3234 965 3291 neque
994 3222 1047 3276 in
1073 3222 1362 3278 universali
1387 3228 1766 3283 universalitas
1788 3229 1954 3297 posita
1977 3240 2085 3295 est,

2196 3210 2562 3265 ducuntur:iu
2592 3212 2674 3265 his
2707 3212 3010 3281 praedicatis
3038 3229 3155 3281 qua:
3188 3221 3309 3266 sunt
3332 3213 3675 3276 universalia,
3714 3213 3796 3269 his

499 3324 671 3379 neque
699 3327 885 3366 rursus
914 3328 1018 3369 una
1050 3324 1133 3369 est
1158 3314 1446 3372 afﬁrmatio
1467 3360 1480 3382 ,
1512 3319 1684 3373 altera
1713 3321 1957 3390 negatio,
1990 3323 2087 3376 sed

498 3412 624 3457 sunt
661 3405 945 3460 contrarian
978 3407 1393 3476 pronoeitiones.
1420 3409 1707 3467 Contraria
1759 3414 1904 3468 enim
1960 3422 2089 3471 sunt

499 3507 617 3562 qua:
664 3497 967 3565 significant
1010 3499 1308 3567 :quocirca
1355 3502 1655 3558 rectissime
1704 3503 1908 3559 dictum
1962 3516 2084 3575 est,

500 3588 640 3658 quod
663 3605 994 3660 qumcunque
1019 3593 1069 3645 in
1094 3595 1487 3650 universalibns
1509 3597 1886 3653 universaliter
1914 3613 2090 3663 enun+

502 3680 723 3746 tiaient,
752 3686 795 3735 si
828 3699 931 3737 una
962 3699 1148 3739 earum
1177 3696 1322 3741 esset
1351 3686 1698 3754 aftirmativa,
1729 3691 1896 3744 altera
1930 3706 2089 3760 nega-

500 3776 634 3840 tiva,
668 3780 844 3831 statim
878 3782 1193 3836 naturaliter
1214 3794 1395 3837 essent
1416 3787 1724 3841 contrariae.
1750 3788 1879 3854 Quze
1906 3801 2086 3846 autem

502 3871 786 3923 contrariae
810 3879 1014 3934 essent,
1050 3889 1155 3925 non
1184 3889 1409 3929 necesse
1437 3886 1521 3930 est
1551 3892 1642 3930 eas
1673 3880 1754 3932 vel
1785 3881 2090 3936 universale

502 3960 876 4014 universaliter
898 3962 1202 4029 enuntiare,
1233 3967 1319 4021 vel
1364 3982 1522 4021 unam
1551 3984 1671 4024 esse
1689 3969 2086 4042 afllrmativam,

425 4124 433 4129 ἦ
503 4053 726 4106 alteram
756 4055 1076 4123 negativam.
1124 4056 1229 4112 Sed
1263 4059 1547 4126 aliquoties
1575 4062 1790 4131 quidem
1816 4079 1973 4131 posse
1994 4068 2091 4124 has

504 4158 625 4201 esse
645 4150 966 4212 contrarias,
990 4164 1110 4217 qua:
1131 4151 1442 4207 universale
1463 4152 1516 4207 in
1548 4154 1945 4213 universalihus
1974 4177 2081 4216 non

503 4236 889 4307 signiﬁcarent,
918 4230 1013 4293 sed
1044 4243 1148 4296 huc
1189 4242 1243 4296 in
1287 4243 1370 4297 his
1422 4252 1624 4300 tantum
1667 4262 1787 4315 qua:
1822 4261 2005 4306 essent
2038 4254 2093 4307 in

503 4328 745 4398 subjecto
765 4332 833 4385 de
858 4347 963 4400 quo
990 4330 1049 4384 fit
1075 4332 1360 4389 affirmatio
1383 4337 1660 4402 naturalis,
1686 4348 1743 4395 ut
1771 4339 1824 4395 in
1854 4355 1920 4396 eo
1950 4342 2093 4410 quod

505 4430 586 4475 est
613 4421 829 4487 animal,
857 4432 911 4475 et
934 4423 1118 4477 humo.
1149 4423 1281 4479 Cum
1304 4425 1535 4483 dicimus
1566 4428 1726 4486 homo
1756 4433 1954 4487 auitnal
1983 4441 2090 4499 est,

509 4510 670 4565 homo
700 4513 895 4565 animal
926 4527 1031 4565 non
1077 4524 1183 4579 est,
1213 4517 1470 4584 quoniam
1524 4520 1576 4574 in
1620 4529 1809 4576 natura
1857 4525 2092 4581 hominis

506 4602 702 4656 animal
728 4614 839 4667 est,
865 4603 1065 4658 idcirco
1094 4607 1206 4662 haec
1233 4609 1510 4666 affirmans
1544 4613 1629 4667 illa
1672 4628 1875 4685 negans
1902 4618 2092 4673 viden-4
2119 4602 2174 4665 D

507 4702 593 4749 tur
612 4707 732 4748 esse
759 4684 1050 4759 contraria,
1071 4713 1372 4770 quanquam
1398 4702 1504 4758 illic
1519 4705 1661 4759 nulla
1714 4684 2094 4766 determinatio

508 4802 681 4856 neque
704 4790 1139 4857 particularitatis
1185 4808 1361 4862 neque
1387 4796 1814 4855 universalitatis
1841 4801 2090 4858 addatur.

578 4882 646 4936 In
676 4899 737 4936 eo
769 4900 886 4938 vero
921 4886 1061 4953 quod
1098 4887 1382 4943 universale
1408 4893 1737 4960 prazdimtur,
1768 4894 1823 4948 id
1847 4896 1984 4965 quod
2022 4906 2095 4952 est

508 4977 859 5031 nniverxaliter
898 4980 1176 5048 prwdicare
1200 5018 1215 5043 ,
1256 4997 1358 5035 non
1404 4993 1479 5036 est
1528 4998 1729 5051 verum;
1778 4988 1922 5041 nulla
1959 4990 2096 5043 enim

509 5069 775 5137 aﬂirmatio
816 5071 906 5123 erit
935 5085 1051 5125 vera
1079 5073 1131 5125 in
1177 5089 1279 5141 qua
1321 5076 1606 5131 universale
1629 5080 1960 5145 prmdicatum
1983 5083 2101 5135 uni-

510 5162 769 5216 uersaliter
794 5164 1117 5231 praedicetur,
1143 5174 1217 5230 ut,
1240 5169 1406 5221 omnis
1432 5172 1582 5223 homo
1611 5181 1683 5224 est
1710 5188 1857 5227 omne
1882 5173 2096 5229 animal.

579 5256 731 5322 Quod
763 5255 891 5310 dicit
934 5257 1238 5327 hujusmndi
1268 5270 1382 5329 est,
1406 5246 1582 5316 omnis
1625 5265 1919 5333 propositio
1964 5266 2100 5321 sim-

512 5350 632 5420 plex
672 5351 881 5406 duobus
926 5354 1168 5408 terminis
1190 5363 1402 5408 constat
1432 5373 1444 5407 :
1474 5356 1558 5410 his
1584 5371 1729 5425 saepe
1758 5358 1972 5413 additur
2008 5369 2102 5415 aut

514 5447 927 5503 universalitatis
953 5458 1045 5501 aut
1072 5449 1507 5517 particularitatis
1552 5449 1953 5519 determinatio,
2003 5453 2098 5509 sed

513 5538 583 5595 ad
614 5554 769 5609 quam
803 5548 1009 5609 partem
1045 5538 1129 5594 hae
1185 5540 1665 5595 detert'ninatinnes
1703 5543 1968 5598 addantur
1998 5562 2099 5600 ex-

513 5638 685 5705 ponit.
738 5634 957 5690 Videtur
995 5635 1141 5690 onim
1201 5634 1473 5691 Aristoteli
1533 5635 1823 5703 praedicata
1867 5642 2101 5697 termino

516 5729 1020 5785 deternrnationem
1076 5743 1180 5784 non
1236 5741 1488 5798 Oporters
1555 5732 1831 5801 conjungi.
1886 5731 1944 5788 In
2003 5738 2101 5793 hac

515 5822 661 5889 suits
682 5823 1053 5901 proposuicap
1079 5838 1198 5899 que
1221 5830 1323 5893 est,
1359 5824 1519 5882 homo
1545 5825 1743 5884 animal
1768 5835 1872 5895 est,
1903 5833 2100 5903 quaeri.

2194 3302 2430 3370 adjicere
2464 3304 2774 3358 universale
2802 3304 3094 3374 aliquid,ut
3118 3303 3419 3357 universale
3444 3304 3797 3370 iit-mdicatnm

2195 3396 2569 3450 universaliter
2611 3395 2950 3463 praedicetur,
2992 3412 3096 3449 non
3138 3405 3220 3449 e~t
3266 3410 3473 3459 verum,
3510 3396 3613 3447 hoc
3643 3395 3794 3449 enim

2192 3500 2276 3545 est
2302 3489 2443 3560 quod
2475 3490 2583 3543 ait:
2615 3489 2670 3545 lu
2701 3506 2767 3545 eo
2796 3506 2922 3545 vero
2939 3486 3076 3560 quod
3101 3490 3421 3558 praedicatur
3451 3490 3757 3545 universale
3778 3530 3796 3558 ,

2198 3585 2245 3639 ‘d
2274 3595 2359 3639 εει
2384 3585 2525 3655 quod
2557 3584 2716 3640 habet
2747 3585 3091 3654 prmtlicatnm
3122 3584 3443 3648 universale,
3470 3584 3645 3651 ipsum
3677 3584 3801 3639 uni-

2194 3677 2402 3730 versale
2431 3676 2775 3745 prazdicatum
2808 3674 3184 3728 universaliter
3217 3690 3321 3737 non
3353 3681 3436 3726 est
3481 3690 3691 3728 verum.
3743 3670 3801 3730 In

2195 3768 2486 3836 pratdicato
2508 3769 2650 3821 enim
2676 3767 2983 3828 univerSaIi,
3030 3765 3079 3819 id
3104 3774 3181 3819 est
3212 3767 3351 3835 quod
3380 3765 3685 3819 universale
3710 3764 3799 3820 cst

2194 3869 2247 3914 et
2294 3860 2638 3928 prmdicatur,
2685 3859 2855 3928 ipsum
2888 3857 3256 3926 praadicatum,
3299 3854 3440 3926 quod
3488 3857 3802 3913 universale

2194 3961 2298 4015 est,
2331 3950 2709 4005 universaliter
2739 3949 3054 4019 pricdicare,
3102 3948 3151 4002 id
3181 3958 3263 4003 est
3295 3949 3501 4019 adjecta
3530 3949 3802 4005 determi-

2198 4045 2410 4097 natione
2443 4032 3007 4106 universalitatis,non
3031 4053 3112 4098 est
3152 4046 3376 4109 verum;
3428 4059 3602 4113 neque
3645 4044 3803 4101 enim

2199 4145 2372 4205 potest
2418 4136 2529 4210 fieri
2560 4145 2617 4189 ιιι
2646 4137 2749 4190 ulla
2782 4139 2850 4190 sit
2880 4136 3168 4189 aflirmalio
3199 4150 3322 4190 vera
3353 4138 3403 4189 in
3435 4148 3537 4204 qua
3570 4128 3638 4189 de
3670 4134 3803 4191 uni-

2197 4230 2477 4286 versaliter
2512 4228 2797 4297 praedican
2830 4228 3152 4282 universalis
3182 4227 3559 4281 determinatio
3597 4224 3804 4295 prmdl-
3868 4220 3871 4223 ⁷

2198 4331 2370 4377 cetur.
2398 4321 2594 4391 Eisqne
2620 4320 2698 4374 rei
2730 4320 3002 4374 notionem
3031 4320 3280 4387 exemplo
3300 4320 3475 4386 aperit
3500 4318 3709 4385 dicens,
3746 4320 3805 4379 ut

2198 4415 2372 4470 omnis
2402 4416 2561 4467 homo
2588 4429 2746 4467 omne
2771 4402 2964 4469 animal
3010 4424 3129 4477 est;
3173 4419 3273 4465 hoc
3300 4423 3477 4465 autem
3522 4426 3688 4481 quam
3728 4414 3805 4472 sit

2200 4507 2609 4571 inconveniens,
2641 4521 2800 4574 supra
2829 4509 2935 4573 jam
2969 4504 3225 4558 diximus.

2634 4638 2699 4679 ιιι
2726 4639 2945 4680 ιιεῡυιιε
2976 4638 3355 4678 θεροειτοιιωι.

2272 4716 2475 4788 Opponi
2507 4716 2677 4785 itaque
2714 4715 2830 4770 dico
2863 4717 3252 4786 aﬂirmaiionem
3289 4716 3550 4789 negationi
3592 4726 3805 4771 contra.

2196 4808 2411 4863 dicteria
2449 4823 2564 4878 qua:
2594 4808 2948 4863 unioersaliter
2994 4808 3257 4878 signiﬁcat
3302 4810 3348 4862 ei
3400 4826 3517 4879 quia
3546 4826 3647 4864 non
3682 4811 3805 4865 uni-

2198 4902 2460 4956 uersaliter
2475 4939 2491 4966 ,
2514 4912 2565 4953 nt
2582 4903 2744 4954 Omnis
2765 4896 2915 4953 homo
2929 4902 3078 4954 albus
3093 4912 3165 4955 est
3180 4945 3195 4968 ,
3216 4918 3317 4955 non
3350 4904 3512 4955 omnis
3538 4903 3693 4956 homo
3721 4904 3806 4959 al-

2200 4994 2292 5046 bus
2325 5001 2430 5057 est;
2471 4990 2643 5045 nullus
2687 4990 2841 5045 homo
2861 4993 3007 5044 aibas
3035 5002 3139 5055 est,
3184 4993 3394 5061 quidam
3446 4995 3598 5047 hante
3645 4996 3805 5051 albus

2200 5092 2274 5138 est
2309 5098 2327 5137 :
2359 5084 2633 5137 contraria
2672 5099 2787 5136 vero
2818 5081 3152 5135 uniuersalem
3174 5083 3565 5153 affirmationem
3605 5097 3650 5138 ct
3690 5081 3821 5134 uni-

2202 5176 2446 5231 t'ersulem
2470 5176 2811 5247 negationcm,
2847 5185 2900 5227 ut
2922 5176 3085 5227 omnis
3118 5177 3461 5246 liomnjustus
3492 5186 3588 5240 est,
3620 5180 3807 5232 minus

2202 5270 2354 5325 homo
2371 5272 2544 5340 justus
2573 5279 2668 5323 Col.
2709 5269 2961 5335 Quocirca
3016 5269 3108 5322 ltus
3142 5269 3346 5338 quidem
3375 5267 3698 5337 impossibile
3731 5277 3811 5323 est

2202 5366 2357 5421 simul
2381 5381 2484 5418 esse
2505 5379 2668 5430 veras,
2696 5364 2771 5416 Itis
2802 5377 2919 5416 vero
2951 5346 3481 5432 opposita-srontmgit
3514 5362 3811 5427 aliquando

2205 5461 2258 5513 in
2285 5459 2488 5523 eodem,
2512 5467 2568 5512 ut
2596 5473 2701 5511 non
2733 5455 2896 5511 omnis
2920 5454 3069 5509 Immo
3098 5455 3243 5511 albus
3267 5463 3361 5522 est,
3391 5462 3436 5507 et
3464 5452 3680 5525 quidam
3710 5452 3810 5505 nos

2208 5568 2288 5606 mo
2325 5553 2469 5605 albus
2492 5561 2584 5605 est.

2278 5650 2409 5718 Qua:
2434 5649 2503 5703 sit
2542 5648 2742 5717 integra
2791 5642 3178 5711 contradictio,
3213 5642 3297 5698 his
3337 5638 3518 5696 verbis
3541 5637 3805 5700 ostendit.

2208 5741 2297 5794 Ait
2326 5742 2471 5796 enim
2517 5741 2656 5794 illam
2699 5754 2819 5794 es-e
2870 5736 3263 5808 oppositionem
3317 5735 3804 5808 contradictoriaru

2209 5845 2540 5904 quaecunque
2559 5830 2686 5893 dicit
2716 5844 2819 5887 non
2845 5806 2965 5885 esse
2990 5827 3363 5886 universaliter
3391 5806 3501 5884 reti!
3522 5828 3778 5887 universa
