  <div class='ocr_page' id='page_1' title='image "/cluster/home/n/w/nwhite01/storage/ocr_20150623/64/hvd.32044024222309/247.png"; bbox 0 0 4022 6332; ppageno 0'>
   <div class='ocr_carea' id='block_1_1' title="bbox 455 296 559 355">
    <p class='ocr_par' dir='ltr' id='par_1_1' title="bbox 455 296 559 355">
     <span class='ocr_line' id='line_1_1' title="bbox 455 296 559 355; baseline -0.038 0"><span class='ocrx_word' id='word_1_1' title='bbox 455 296 559 355; x_wconf 60' lang='grc'><strong>4⁸19</strong></span> 
     </span>
    </p>
   </div>
   <div class='ocr_carea' id='block_1_2' title="bbox 1690 303 2505 401">
    <p class='ocr_par' dir='ltr' id='par_1_2' title="bbox 1690 303 2505 401">
     <span class='ocr_line' id='line_1_2' title="bbox 1690 303 2505 401; baseline 0.013 -43"><span class='ocrx_word' id='word_1_2' title='bbox 1690 305 1799 359; x_wconf 79' lang='grc' dir='ltr'><strong>ΑΝ.</strong></span> <span class='ocrx_word' id='word_1_3' title='bbox 1840 303 2050 373; x_wconf 79' lang='lat' dir='ltr'><strong>MANL.</strong></span> <span class='ocrx_word' id='word_1_4' title='bbox 2093 307 2244 364; x_wconf 76' lang='lat' dir='ltr'><strong>SEV.</strong></span> <span class='ocrx_word' id='word_1_5' title='bbox 2281 309 2505 401; x_wconf 77' lang='grc' dir='ltr'><strong>ΒΟΕΤΙΙ</strong></span> 
     </span>
    </p>
   </div>
   <div class='ocr_carea' id='block_1_3' title="bbox 3642 328 3763 389">
    <p class='ocr_par' dir='ltr' id='par_1_3' title="bbox 3642 328 3763 389">
     <span class='ocr_line' id='line_1_3' title="bbox 3642 328 3763 389; baseline 0.041 -5"><span class='ocrx_word' id='word_1_6' title='bbox 3642 328 3763 389; x_wconf 66' lang='grc' dir='ltr'><em>ἀει-ι</em></span> 
     </span>
    </p>
   </div>
   <div class='ocr_carea' id='block_1_4' title="bbox 456 408 3758 505">
    <p class='ocr_par' dir='ltr' id='par_1_4' title="bbox 456 408 3758 505">
     <span class='ocr_line' id='line_1_4' title="bbox 456 408 3758 505; baseline 0.013 -43"><span class='ocrx_word' id='word_1_7' title='bbox 456 426 586 464; x_wconf 83' lang='lat' dir='ltr'><strong>sam.</strong></span> <span class='ocrx_word' id='word_1_8' title='bbox 620 408 686 465; x_wconf 83' lang='lat' dir='ltr'><strong>Et</strong></span> <span class='ocrx_word' id='word_1_9' title='bbox 710 427 1019 482; x_wconf 70' lang='grc' dir='ltr'><em>ᾳιιατεηηᾳιιε</em></span> <span class='ocrx_word' id='word_1_10' title='bbox 1038 414 1091 467; x_wconf 83' lang='lat' dir='ltr'><strong>in</strong></span> <span class='ocrx_word' id='word_1_11' title='bbox 1118 408 1462 486; x_wconf 52' lang='lat' dir='ltr'><strong>singularibus</strong></span> <span class='ocrx_word' id='word_1_12' title='bbox 1487 427 1638 483; x_wconf 87' lang='lat' dir='ltr'><strong>sunt,</strong></span> <span class='ocrx_word' id='word_1_13' title='bbox 1670 426 1724 471; x_wconf 85' lang='lat' dir='ltr'><strong>ut</strong></span> <span class='ocrx_word' id='word_1_14' title='bbox 1749 426 1820 472; x_wconf 77' lang='lat' dir='ltr'><strong>est</strong></span> <span class='ocrx_word' id='word_1_15' title='bbox 1852 415 2043 472; x_wconf 82' lang='lat' dir='ltr'><strong>Socra-</strong></span> <span class='ocrx_word' id='word_1_16' title='bbox 2072 419 2125 481; x_wconf 76' lang='grc' dir='ltr'><strong>Δ</strong></span> <span class='ocrx_word' id='word_1_17' title='bbox 2150 419 2234 490; x_wconf 82' lang='lat' dir='ltr'><strong>pla</strong></span> <span class='ocrx_word' id='word_1_18' title='bbox 2261 436 2588 494; x_wconf 74' lang='lat' dir='ltr'><strong>proponatur</strong></span> <span class='ocrx_word' id='word_1_19' title='bbox 2613 442 2732 499; x_wconf 63' lang='lat' dir='ltr'><strong>qua</strong></span> <span class='ocrx_word' id='word_1_20' title='bbox 2773 435 3043 491; x_wconf 89' lang='lat' dir='ltr'><strong>contraria</strong></span> <span class='ocrx_word' id='word_1_21' title='bbox 3082 451 3205 495; x_wconf 79' lang='lat' dir='ltr'><strong>esse</strong></span> <span class='ocrx_word' id='word_1_22' title='bbox 3234 438 3535 503; x_wconf 81' lang='lat' dir='ltr'><strong>videantur.</strong></span> <span class='ocrx_word' id='word_1_23' title='bbox 3567 435 3758 505; x_wconf 59' lang='lat' dir='ltr'><strong>Albus</strong></span> 
     </span>
    </p>
   </div>
   <div class='ocr_carea' id='block_1_5' title="bbox 457 504 1499 573">
    <p class='ocr_par' dir='ltr' id='par_1_5' title="bbox 457 504 1499 573">
     <span class='ocr_line' id='line_1_5' title="bbox 457 504 1499 573; baseline 0.008 -17"><span class='ocrx_word' id='word_1_24' title='bbox 457 512 528 559; x_wconf 78' lang='lat' dir='ltr'><strong>tes</strong></span> <span class='ocrx_word' id='word_1_25' title='bbox 551 504 697 559; x_wconf 81' lang='lat' dir='ltr'><strong>albus</strong></span> <span class='ocrx_word' id='word_1_26' title='bbox 716 516 808 573; x_wconf 84' lang='lat' dir='ltr'><strong>est,</strong></span> <span class='ocrx_word' id='word_1_27' title='bbox 838 523 940 561; x_wconf 88' lang='lat' dir='ltr'><strong>non</strong></span> <span class='ocrx_word' id='word_1_28' title='bbox 969 518 1041 561; x_wconf 85' lang='lat' dir='ltr'><strong>est</strong></span> <span class='ocrx_word' id='word_1_29' title='bbox 1065 506 1305 565; x_wconf 79' lang='lat' dir='ltr'><strong>Socrates</strong></span> <span class='ocrx_word' id='word_1_30' title='bbox 1330 509 1499 565; x_wconf 76' lang='lat' dir='ltr'><strong>albus.</strong></span> 
     </span>
    </p>
   </div>
   <div class='ocr_carea' id='block_1_6' title="bbox 529 599 2044 673">
    <p class='ocr_par' dir='ltr' id='par_1_6' title="bbox 529 599 2044 673">
     <span class='ocr_line' id='line_1_6' title="bbox 529 599 2044 673; baseline 0.005 -19"><span class='ocrx_word' id='word_1_31' title='bbox 529 600 582 655; x_wconf 93' lang='lat' dir='ltr'><strong>ln</strong></span> <span class='ocrx_word' id='word_1_32' title='bbox 608 599 712 657; x_wconf 82' lang='lat' dir='ltr'><strong>illis</strong></span> <span class='ocrx_word' id='word_1_33' title='bbox 737 602 881 657; x_wconf 90' lang='lat' dir='ltr'><strong>enim</strong></span> <span class='ocrx_word' id='word_1_34' title='bbox 909 616 1027 673; x_wconf 64' lang='lat' dir='ltr'><strong>qua;</strong></span> <span class='ocrx_word' id='word_1_35' title='bbox 1047 604 1478 661; x_wconf 65' lang='lat' dir='ltr'><strong>contradictoriaa</strong></span> <span class='ocrx_word' id='word_1_36' title='bbox 1498 614 1625 665; x_wconf 90' lang='lat' dir='ltr'><strong>sunt</strong></span> <span class='ocrx_word' id='word_1_37' title='bbox 1651 604 2044 661; x_wconf 83' lang='lat' dir='ltr'><strong>universalihus</strong></span> 
     </span>
    </p>
   </div>
   <div class='ocr_carea' id='block_1_7' title="bbox 455 691 2043 768">
    <p class='ocr_par' dir='ltr' id='par_1_7' title="bbox 455 691 2043 768">
     <span class='ocr_line' id='line_1_7' title="bbox 455 691 2043 768; baseline 0.007 -22"><span class='ocrx_word' id='word_1_38' title='bbox 455 691 828 748; x_wconf 85' lang='lat' dir='ltr'><strong>universaliter</strong></span> <span class='ocrx_word' id='word_1_39' title='bbox 860 693 1194 763; x_wconf 69' lang='lat' dir='ltr'><strong>praedicatis,</strong></span> <span class='ocrx_word' id='word_1_40' title='bbox 1245 696 1299 752; x_wconf 91' lang='lat' dir='ltr'><strong>in</strong></span> <span class='ocrx_word' id='word_1_41' title='bbox 1360 697 1444 754; x_wconf 90' lang='lat' dir='ltr'><strong>his</strong></span> <span class='ocrx_word' id='word_1_42' title='bbox 1472 712 1655 755; x_wconf 88' lang='lat' dir='ltr'><strong>verum</strong></span> <span class='ocrx_word' id='word_1_43' title='bbox 1685 712 1898 768; x_wconf 80' lang='lat' dir='ltr'><strong>semper</strong></span> <span class='ocrx_word' id='word_1_44' title='bbox 1941 700 2043 756; x_wconf 80' lang='lat' dir='ltr'><strong>fal-</strong></span> 
     </span>
    </p>
   </div>
   <div class='ocr_carea' id='block_1_8' title="bbox 454 784 2042 861">
    <p class='ocr_par' dir='ltr' id='par_1_8' title="bbox 454 784 2042 861">
     <span class='ocr_line' id='line_1_8' title="bbox 454 784 2042 861; baseline 0.008 -23"><span class='ocrx_word' id='word_1_45' title='bbox 454 796 679 853; x_wconf 88' lang='lat' dir='ltr'><strong>sumque</strong></span> <span class='ocrx_word' id='word_1_46' title='bbox 715 784 1008 853; x_wconf 77' lang='lat' dir='ltr'><strong>dividitur;</strong></span> <span class='ocrx_word' id='word_1_47' title='bbox 1054 788 1491 846; x_wconf 69' lang='lat' dir='ltr'><strong>contradictoria:</strong></span> <span class='ocrx_word' id='word_1_48' title='bbox 1529 800 1709 861; x_wconf 85' lang='lat' dir='ltr'><strong>autem</strong></span> <span class='ocrx_word' id='word_1_49' title='bbox 1758 803 1885 849; x_wconf 92' lang='lat' dir='ltr'><strong>sunt</strong></span> <span class='ocrx_word' id='word_1_50' title='bbox 1924 794 2042 850; x_wconf 86' lang='lat' dir='ltr'><strong>uni-</strong></span> 
     </span>
    </p>
   </div>
   <div class='ocr_carea' id='block_1_9' title="bbox 451 874 2039 951">
    <p class='ocr_par' dir='ltr' id='par_1_9' title="bbox 451 874 2039 951">
     <span class='ocr_line' id='line_1_9' title="bbox 451 874 2039 951; baseline 0.008 -24"><span class='ocrx_word' id='word_1_51' title='bbox 451 874 677 930; x_wconf 84' lang='lat' dir='ltr'><strong>versalis</strong></span> <span class='ocrx_word' id='word_1_52' title='bbox 722 874 1098 934; x_wconf 87' lang='lat' dir='ltr'><strong>aftirmationis</strong></span> <span class='ocrx_word' id='word_1_53' title='bbox 1148 879 1483 949; x_wconf 84' lang='lat' dir='ltr'><strong>particularis</strong></span> <span class='ocrx_word' id='word_1_54' title='bbox 1535 882 1770 951; x_wconf 83' lang='lat' dir='ltr'><strong>negatio,</strong></span> <span class='ocrx_word' id='word_1_55' title='bbox 1819 892 1876 940; x_wconf 91' lang='lat' dir='ltr'><strong>et</strong></span> <span class='ocrx_word' id='word_1_56' title='bbox 1918 884 2039 939; x_wconf 89' lang='lat' dir='ltr'><strong>uni-</strong></span> 
     </span>
    </p>
   </div>
   <div class='ocr_carea' id='block_1_10' title="bbox 449 965 2040 1047">
    <p class='ocr_par' dir='ltr' id='par_1_10' title="bbox 449 965 2040 1047">
     <span class='ocr_line' id='line_1_10' title="bbox 449 965 2040 1047; baseline 0.008 -28"><span class='ocrx_word' id='word_1_57' title='bbox 449 965 672 1021; x_wconf 88' lang='lat' dir='ltr'><strong>versalis</strong></span> <span class='ocrx_word' id='word_1_58' title='bbox 700 967 1000 1039; x_wconf 74' lang='lat' dir='ltr'><strong>negationis</strong></span> <span class='ocrx_word' id='word_1_59' title='bbox 1023 970 1366 1041; x_wconf 88' lang='lat' dir='ltr'><strong>particularis</strong></span> <span class='ocrx_word' id='word_1_60' title='bbox 1385 972 1695 1030; x_wconf 81' lang='lat' dir='ltr'><strong>afﬁrmatio.</strong></span> <span class='ocrx_word' id='word_1_61' title='bbox 1749 975 1806 1031; x_wconf 84' lang='lat' dir='ltr'><strong>in</strong></span> <span class='ocrx_word' id='word_1_62' title='bbox 1832 976 1913 1032; x_wconf 91' lang='lat' dir='ltr'><strong>his</strong></span> <span class='ocrx_word' id='word_1_63' title='bbox 1943 976 2040 1047; x_wconf 82' lang='lat' dir='ltr'><strong>igi-</strong></span> 
     </span>
    </p>
   </div>
   <div class='ocr_carea' id='block_1_11' title="bbox 448 1064 2071 1139">
    <p class='ocr_par' dir='ltr' id='par_1_11' title="bbox 448 1064 2071 1139">
     <span class='ocr_line' id='line_1_11' title="bbox 448 1064 2071 1139; baseline 0.009 -27"><span class='ocrx_word' id='word_1_64' title='bbox 448 1068 533 1113; x_wconf 86' lang='lat' dir='ltr'><strong>tur</strong></span> <span class='ocrx_word' id='word_1_65' title='bbox 560 1074 660 1114; x_wconf 89' lang='lat' dir='ltr'><strong>una</strong></span> <span class='ocrx_word' id='word_1_66' title='bbox 689 1076 905 1132; x_wconf 78' lang='lat' dir='ltr'><strong>semper</strong></span> <span class='ocrx_word' id='word_1_67' title='bbox 931 1078 1079 1130; x_wconf 87' lang='lat' dir='ltr'><strong>vera,</strong></span> <span class='ocrx_word' id='word_1_68' title='bbox 1102 1064 1271 1121; x_wconf 87' lang='lat' dir='ltr'><strong>altera</strong></span> <span class='ocrx_word' id='word_1_69' title='bbox 1292 1079 1508 1136; x_wconf 79' lang='lat' dir='ltr'><strong>semper</strong></span> <span class='ocrx_word' id='word_1_70' title='bbox 1538 1065 1693 1123; x_wconf 89' lang='lat' dir='ltr'><strong>falsa.</strong></span> <span class='ocrx_word' id='word_1_71' title='bbox 1737 1070 1911 1139; x_wconf 87' lang='lat' dir='ltr'><strong>Atque</strong></span> <span class='ocrx_word' id='word_1_72' title='bbox 1938 1068 2039 1126; x_wconf 89' lang='lat' dir='ltr'><strong>hoc</strong></span> <span class='ocrx_word' id='word_1_73' title='bbox 2068 1104 2071 1107; x_wconf 60' lang='grc' dir='ltr'><strong>ι</strong></span> 
     </span>
    </p>
   </div>
   <div class='ocr_carea' id='block_1_12' title="bbox 446 1153 2039 1231">
    <p class='ocr_par' dir='ltr' id='par_1_12' title="bbox 446 1153 2039 1231">
     <span class='ocr_line' id='line_1_12' title="bbox 446 1153 2039 1231; baseline 0.008 -23"><span class='ocrx_word' id='word_1_74' title='bbox 446 1160 528 1208; x_wconf 88' lang='grc' dir='ltr'><strong>εει</strong></span> <span class='ocrx_word' id='word_1_75' title='bbox 554 1153 691 1224; x_wconf 86' lang='lat' dir='ltr'><strong>quod</strong></span> <span class='ocrx_word' id='word_1_76' title='bbox 715 1155 789 1211; x_wconf 83' lang='lat' dir='ltr'><strong>ait</strong></span> <span class='ocrx_word' id='word_1_77' title='bbox 815 1172 829 1211; x_wconf 90' lang='lat'><strong>:</strong></span> <span class='ocrx_word' id='word_1_78' title='bbox 863 1156 1207 1229; x_wconf 63' lang='lat' dir='ltr'><strong>Quacunque</strong></span> <span class='ocrx_word' id='word_1_79' title='bbox 1236 1157 1398 1231; x_wconf 91' lang='lat' dir='ltr'><strong>igitur</strong></span> <span class='ocrx_word' id='word_1_80' title='bbox 1436 1160 1886 1219; x_wconf 64' lang='lat' dir='ltr'><strong>contradictiones</strong></span> <span class='ocrx_word' id='word_1_81' title='bbox 1912 1172 2039 1222; x_wconf 91' lang='lat' dir='ltr'><strong>sunt</strong></span> 
     </span>
    </p>
   </div>
   <div class='ocr_carea' id='block_1_13' title="bbox 447 1252 2035 1329">
    <p class='ocr_par' dir='ltr' id='par_1_13' title="bbox 447 1252 2035 1329">
     <span class='ocr_line' id='line_1_13' title="bbox 447 1252 2035 1329; baseline 0.006 -24"><span class='ocrx_word' id='word_1_82' title='bbox 447 1252 826 1309; x_wconf 75' lang='lat' dir='ltr'><strong>universalium</strong></span> <span class='ocrx_word' id='word_1_83' title='bbox 845 1255 1238 1312; x_wconf 86' lang='lat' dir='ltr'><strong>universaliter.</strong></span> <span class='ocrx_word' id='word_1_84' title='bbox 1254 1266 1314 1312; x_wconf 78' lang='lat' dir='ltr'><strong>Et</strong></span> <span class='ocrx_word' id='word_1_85' title='bbox 1338 1256 1425 1312; x_wconf 91' lang='lat' dir='ltr'><strong>hic</strong></span> <span class='ocrx_word' id='word_1_86' title='bbox 1449 1256 1884 1329; x_wconf 88' lang='lat' dir='ltr'><strong>distinguendum</strong></span> <span class='ocrx_word' id='word_1_87' title='bbox 1912 1270 1994 1315; x_wconf 90' lang='lat' dir='ltr'><strong>est</strong></span> <span class='ocrx_word' id='word_1_88' title='bbox 2015 1300 2035 1328; x_wconf 85' lang='lat'><strong>,</strong></span> 
     </span>
    </p>
   </div>
   <div class='ocr_carea' id='block_1_14' title="bbox 446 1343 2035 1420">
    <p class='ocr_par' dir='ltr' id='par_1_14' title="bbox 446 1343 2035 1420">
     <span class='ocr_line' id='line_1_14' title="bbox 446 1343 2035 1420; baseline 0.006 -22"><span class='ocrx_word' id='word_1_89' title='bbox 446 1353 501 1398; x_wconf 92' lang='lat' dir='ltr'><strong>ut</strong></span> <span class='ocrx_word' id='word_1_90' title='bbox 532 1343 856 1415; x_wconf 76' lang='lat' dir='ltr'><strong>intelligatur</strong></span> <span class='ocrx_word' id='word_1_91' title='bbox 881 1344 987 1415; x_wconf 87' lang='lat' dir='ltr'><strong>sic,</strong></span> <span class='ocrx_word' id='word_1_92' title='bbox 1014 1362 1346 1419; x_wconf 62' lang='lat' dir='ltr'><strong>quaacunque</strong></span> <span class='ocrx_word' id='word_1_93' title='bbox 1388 1348 1548 1420; x_wconf 89' lang='lat' dir='ltr'><strong>igitur</strong></span> <span class='ocrx_word' id='word_1_94' title='bbox 1573 1350 2035 1409; x_wconf 77' lang='lat' dir='ltr'><strong>contradictiones</strong></span> 
     </span>
    </p>
   </div>
   <div class='ocr_carea' id='block_1_15' title="bbox 444 1431 2035 1514">
    <p class='ocr_par' dir='ltr' id='par_1_15' title="bbox 444 1431 2035 1514">
     <span class='ocr_line' id='line_1_15' title="bbox 444 1431 2035 1514; baseline 0.006 -23"><span class='ocrx_word' id='word_1_95' title='bbox 444 1445 567 1491; x_wconf 89' lang='lat' dir='ltr'><strong>sunt</strong></span> <span class='ocrx_word' id='word_1_96' title='bbox 599 1431 983 1494; x_wconf 84' lang='lat' dir='ltr'><strong>universalium</strong></span> <span class='ocrx_word' id='word_1_97' title='bbox 1026 1440 1447 1510; x_wconf 89' lang='lat' dir='ltr'><strong>propositionum</strong></span> <span class='ocrx_word' id='word_1_98' title='bbox 1491 1442 1868 1499; x_wconf 85' lang='lat' dir='ltr'><strong>universaliter</strong></span> <span class='ocrx_word' id='word_1_99' title='bbox 1918 1459 2035 1514; x_wconf 57' lang='lat' dir='ltr'><strong>pro.</strong></span> 
     </span>
    </p>
   </div>
   <div class='ocr_carea' id='block_1_16' title="bbox 446 1528 2033 1603">
    <p class='ocr_par' dir='ltr' id='par_1_16' title="bbox 446 1528 2033 1603">
     <span class='ocr_line' id='line_1_16' title="bbox 446 1528 2033 1603; baseline 0.008 -21"><span class='ocrx_word' id='word_1_100' title='bbox 446 1528 759 1598; x_wconf 88' lang='lat' dir='ltr'><strong>positarum,</strong></span> <span class='ocrx_word' id='word_1_101' title='bbox 795 1545 1016 1589; x_wconf 88' lang='lat' dir='ltr'><strong>necesse</strong></span> <span class='ocrx_word' id='word_1_102' title='bbox 1044 1543 1128 1589; x_wconf 89' lang='lat' dir='ltr'><strong>est</strong></span> <span class='ocrx_word' id='word_1_103' title='bbox 1170 1533 1397 1590; x_wconf 76' lang='lat' dir='ltr'><strong>alteram</strong></span> <span class='ocrx_word' id='word_1_104' title='bbox 1428 1549 1609 1591; x_wconf 81' lang='lat' dir='ltr'><strong>veram</strong></span> <span class='ocrx_word' id='word_1_105' title='bbox 1643 1551 1787 1603; x_wconf 88' lang='lat' dir='ltr'><strong>esse,</strong></span> <span class='ocrx_word' id='word_1_106' title='bbox 1806 1535 2033 1595; x_wconf 87' lang='lat' dir='ltr'><strong>alteram</strong></span> 
     </span>
    </p>
   </div>
   <div class='ocr_carea' id='block_1_17' title="bbox 442 1616 2030 1695">
    <p class='ocr_par' dir='ltr' id='par_1_17' title="bbox 442 1616 2030 1695">
     <span class='ocr_line' id='line_1_17' title="bbox 442 1616 2030 1695; baseline 0.009 -23"><span class='ocrx_word' id='word_1_107' title='bbox 442 1616 651 1676; x_wconf 79' lang='lat' dir='ltr'><strong>falsam.</strong></span> <span class='ocrx_word' id='word_1_108' title='bbox 706 1621 772 1676; x_wconf 86' lang='lat' dir='ltr'><strong>Et</strong></span> <span class='ocrx_word' id='word_1_109' title='bbox 800 1622 854 1679; x_wconf 90' lang='lat' dir='ltr'><strong>in</strong></span> <span class='ocrx_word' id='word_1_110' title='bbox 886 1623 967 1679; x_wconf 86' lang='lat' dir='ltr'><strong>his</strong></span> <span class='ocrx_word' id='word_1_111' title='bbox 998 1626 1237 1695; x_wconf 86' lang='lat' dir='ltr'><strong>primum‘</strong></span> <span class='ocrx_word' id='word_1_112' title='bbox 1272 1625 1529 1683; x_wconf 87' lang='lat' dir='ltr'><strong>dividitur</strong></span> <span class='ocrx_word' id='word_1_113' title='bbox 1566 1628 1763 1684; x_wconf 83' lang='lat' dir='ltr'><strong>veritas</strong></span> <span class='ocrx_word' id='word_1_114' title='bbox 1797 1628 2030 1686; x_wconf 87' lang='lat' dir='ltr'><strong>falsitas-</strong></span> 
     </span>
    </p>
   </div>
   <div class='ocr_carea' id='block_1_18' title="bbox 440 1708 2026 1794">
    <p class='ocr_par' dir='ltr' id='par_1_18' title="bbox 440 1708 2026 1794">
     <span class='ocr_line' id='line_1_18' title="bbox 440 1708 2026 1794; baseline 0.008 -26"><span class='ocrx_word' id='word_1_115' title='bbox 440 1728 567 1785; x_wconf 90' lang='lat' dir='ltr'><strong>que,</strong></span> <span class='ocrx_word' id='word_1_116' title='bbox 590 1730 709 1785; x_wconf 66' lang='lat' dir='ltr'><strong>qua:</strong></span> <span class='ocrx_word' id='word_1_117' title='bbox 731 1716 832 1773; x_wconf 88' lang='lat' dir='ltr'><strong>sibi</strong></span> <span class='ocrx_word' id='word_1_118' title='bbox 855 1729 906 1773; x_wconf 90' lang='lat' dir='ltr'><strong>et</strong></span> <span class='ocrx_word' id='word_1_119' title='bbox 936 1720 1232 1790; x_wconf 84' lang='lat' dir='ltr'><strong>quantitate</strong></span> <span class='ocrx_word' id='word_1_120' title='bbox 1253 1730 1306 1777; x_wconf 91' lang='lat' dir='ltr'><strong>et</strong></span> <span class='ocrx_word' id='word_1_121' title='bbox 1327 1721 1586 1793; x_wconf 87' lang='lat' dir='ltr'><strong>qualitate</strong></span> <span class='ocrx_word' id='word_1_122' title='bbox 1604 1708 1866 1794; x_wconf 65' lang='lat' dir='ltr'><strong>oppositae</strong></span> <span class='ocrx_word' id='word_1_123' title='bbox 1879 1734 2026 1792; x_wconf 90' lang='lat' dir='ltr'><strong>sunt,</strong></span> 
     </span>
    </p>
   </div>
   <div class='ocr_carea' id='block_1_19' title="bbox 2149 513 3751 610">
    <p class='ocr_par' dir='ltr' id='par_1_19' title="bbox 2149 513 3751 610">
     <span class='ocr_line' id='line_1_19' title="bbox 2149 513 3751 610; baseline 0.02 -45"><span class='ocrx_word' id='word_1_124' title='bbox 2149 513 2291 610; x_wconf 72' lang='lat' dir='ltr'><strong>enim</strong></span> <span class='ocrx_word' id='word_1_125' title='bbox 2333 528 2386 571; x_wconf 94' lang='lat' dir='ltr'><strong>et</strong></span> <span class='ocrx_word' id='word_1_126' title='bbox 2416 518 2585 589; x_wconf 89' lang='lat' dir='ltr'><strong>niger,</strong></span> <span class='ocrx_word' id='word_1_127' title='bbox 2621 522 2820 591; x_wconf 88' lang='lat' dir='ltr'><strong>probus</strong></span> <span class='ocrx_word' id='word_1_128' title='bbox 2860 535 2916 583; x_wconf 89' lang='lat' dir='ltr'><strong>et</strong></span> <span class='ocrx_word' id='word_1_129' title='bbox 2966 530 3136 600; x_wconf 88' lang='lat' dir='ltr'><strong>turpis</strong></span> <span class='ocrx_word' id='word_1_130' title='bbox 3176 533 3445 592; x_wconf 80' lang='lat' dir='ltr'><strong>contraria</strong></span> <span class='ocrx_word' id='word_1_131' title='bbox 3488 547 3637 610; x_wconf 86' lang='lat' dir='ltr'><strong>sunt,</strong></span> <span class='ocrx_word' id='word_1_132' title='bbox 3693 559 3751 597; x_wconf 78' lang='lat' dir='ltr'><strong>e:</strong></span> 
     </span>
    </p>
   </div>
   <div class='ocr_carea' id='block_1_20' title="bbox 2146 599 3749 696">
    <p class='ocr_par' dir='ltr' id='par_1_20' title="bbox 2146 599 3749 696">
     <span class='ocr_line' id='line_1_20' title="bbox 2146 599 3749 696; baseline 0.019 -41"><span class='ocrx_word' id='word_1_133' title='bbox 2146 599 2372 660; x_wconf 81' lang='lat' dir='ltr'><strong>fortasse</strong></span> <span class='ocrx_word' id='word_1_134' title='bbox 2400 606 2608 666; x_wconf 86' lang='lat' dir='ltr'><strong>dubitet</strong></span> <span class='ocrx_word' id='word_1_135' title='bbox 2635 612 2853 681; x_wconf 88' lang='lat' dir='ltr'><strong>quidam</strong></span> <span class='ocrx_word' id='word_1_136' title='bbox 2897 599 3072 674; x_wconf 87' lang='lat' dir='ltr'><strong>utrum</strong></span> <span class='ocrx_word' id='word_1_137' title='bbox 3102 636 3209 677; x_wconf 90' lang='lat' dir='ltr'><strong>uno</strong></span> <span class='ocrx_word' id='word_1_138' title='bbox 3245 634 3487 696; x_wconf 89' lang='lat' dir='ltr'><strong>tempore</strong></span> <span class='ocrx_word' id='word_1_139' title='bbox 3511 599 3749 686; x_wconf 60' lang='lat' dir='ltr'><strong>conire-</strong></span> 
     </span>
    </p>
   </div>
   <div class='ocr_carea' id='block_1_21' title="bbox 2147 694 3750 792">
    <p class='ocr_par' dir='ltr' id='par_1_21' title="bbox 2147 694 3750 792">
     <span class='ocr_line' id='line_1_21' title="bbox 2147 694 3750 792; baseline 0.019 -43"><span class='ocrx_word' id='word_1_140' title='bbox 2147 694 2221 749; x_wconf 82' lang='lat' dir='ltr'><strong>tia</strong></span> <span class='ocrx_word' id='word_1_141' title='bbox 2268 696 2382 753; x_wconf 60' lang='lat' dir='ltr'><strong>hate</strong></span> <span class='ocrx_word' id='word_1_142' title='bbox 2425 700 2475 754; x_wconf 88' lang='lat' dir='ltr'><strong>in</strong></span> <span class='ocrx_word' id='word_1_143' title='bbox 2521 702 2788 775; x_wconf 85' lang='lat' dir='ltr'><strong>aliquibus</strong></span> <span class='ocrx_word' id='word_1_144' title='bbox 2833 707 3046 766; x_wconf 87' lang='lat' dir='ltr'><strong>valeant</strong></span> <span class='ocrx_word' id='word_1_145' title='bbox 3088 694 3484 784; x_wconf 19' lang='lat' dir='ltr'><strong>repeririJSed</strong></span> <span class='ocrx_word' id='word_1_146' title='bbox 3532 720 3750 792; x_wconf 84' lang='lat' dir='ltr'><strong>adjecit</strong></span> 
     </span>
    </p>
   </div>
   <div class='ocr_carea' id='block_1_22' title="bbox 2144 793 3745 879">
    <p class='ocr_par' dir='ltr' id='par_1_22' title="bbox 2144 793 3745 879">
     <span class='ocr_line' id='line_1_22' title="bbox 2144 793 3745 879; baseline 0.017 -35"><span class='ocrx_word' id='word_1_147' title='bbox 2144 793 2444 862; x_wconf 80' lang='lat' dir='ltr'><strong>exemplum</strong></span> <span class='ocrx_word' id='word_1_148' title='bbox 2468 794 2635 865; x_wconf 81' lang='lat' dir='ltr'><strong>aliud,</strong></span> <span class='ocrx_word' id='word_1_149' title='bbox 2659 798 2805 869; x_wconf 91' lang='lat' dir='ltr'><strong>quod</strong></span> <span class='ocrx_word' id='word_1_150' title='bbox 2830 816 2949 858; x_wconf 89' lang='lat' dir='ltr'><strong>cum</strong></span> <span class='ocrx_word' id='word_1_151' title='bbox 2973 808 3244 863; x_wconf 87' lang='lat' dir='ltr'><strong>contraria</strong></span> <span class='ocrx_word' id='word_1_152' title='bbox 3264 824 3370 865; x_wconf 85' lang='lat' dir='ltr'><strong>non</strong></span> <span class='ocrx_word' id='word_1_153' title='bbox 3399 810 3527 879; x_wconf 87' lang='lat' dir='ltr'><strong>sint,</strong></span> <span class='ocrx_word' id='word_1_154' title='bbox 3545 822 3745 871; x_wconf 82' lang='lat' dir='ltr'><strong>tamen</strong></span> 
     </span>
    </p>
   </div>
   <div class='ocr_carea' id='block_1_23' title="bbox 2142 883 3740 972">
    <p class='ocr_par' dir='ltr' id='par_1_23' title="bbox 2142 883 3740 972">
     <span class='ocr_line' id='line_1_23' title="bbox 2142 883 3740 972; baseline 0.018 -37"><span class='ocrx_word' id='word_1_155' title='bbox 2142 894 2211 936; x_wconf 82' lang='lat' dir='ltr'><strong>ex</strong></span> <span class='ocrx_word' id='word_1_156' title='bbox 2242 883 2465 939; x_wconf 87' lang='lat' dir='ltr'><strong>eosicut</strong></span> <span class='ocrx_word' id='word_1_157' title='bbox 2494 886 2548 943; x_wconf 91' lang='lat' dir='ltr'><strong>in</strong></span> <span class='ocrx_word' id='word_1_158' title='bbox 2574 892 2856 949; x_wconf 88' lang='lat' dir='ltr'><strong>contrariis</strong></span> <span class='ocrx_word' id='word_1_159' title='bbox 2887 909 3101 967; x_wconf 89' lang='lat' dir='ltr'><strong>quoque</strong></span> <span class='ocrx_word' id='word_1_160' title='bbox 3142 900 3353 971; x_wconf 89' lang='lat' dir='ltr'><strong>negatio</strong></span> <span class='ocrx_word' id='word_1_161' title='bbox 3369 915 3685 972; x_wconf 86' lang='lat' dir='ltr'><strong>procreatur</strong></span> <span class='ocrx_word' id='word_1_162' title='bbox 3718 923 3740 963; x_wconf 93' lang='lat'><strong>:</strong></span> 
     </span>
    </p>
   </div>
   <div class='ocr_carea' id='block_1_24' title="bbox 2145 972 3745 1061">
    <p class='ocr_par' dir='ltr' id='par_1_24' title="bbox 2145 972 3745 1061">
     <span class='ocr_line' id='line_1_24' title="bbox 2145 972 3745 1061; baseline 0.018 -35"><span class='ocrx_word' id='word_1_163' title='bbox 2145 979 2201 1027; x_wconf 93' lang='lat' dir='ltr'><strong>ut</strong></span> <span class='ocrx_word' id='word_1_164' title='bbox 2239 972 2285 1028; x_wconf 89' lang='lat' dir='ltr'><strong>si</strong></span> <span class='ocrx_word' id='word_1_165' title='bbox 2316 976 2436 1056; x_wconf 83' lang='lat' dir='ltr'><strong>quis</strong></span> <span class='ocrx_word' id='word_1_166' title='bbox 2464 976 2629 1047; x_wconf 85' lang='lat' dir='ltr'><strong>dicat,</strong></span> <span class='ocrx_word' id='word_1_167' title='bbox 2658 992 2742 1037; x_wconf 89' lang='lat' dir='ltr'><strong>est</strong></span> <span class='ocrx_word' id='word_1_168' title='bbox 2782 981 2947 1040; x_wconf 89' lang='lat' dir='ltr'><strong>homo</strong></span> <span class='ocrx_word' id='word_1_169' title='bbox 2976 988 3194 1056; x_wconf 85' lang='lat' dir='ltr'><strong>probus,</strong></span> <span class='ocrx_word' id='word_1_170' title='bbox 3224 1000 3279 1047; x_wconf 89' lang='lat' dir='ltr'><strong>et</strong></span> <span class='ocrx_word' id='word_1_171' title='bbox 3307 992 3443 1049; x_wconf 89' lang='lat' dir='ltr'><strong>alius</strong></span> <span class='ocrx_word' id='word_1_172' title='bbox 3470 994 3635 1061; x_wconf 81' lang='lat' dir='ltr'><strong>dicat.</strong></span> <span class='ocrx_word' id='word_1_173' title='bbox 3673 996 3745 1055; x_wconf 84' lang='lat' dir='ltr'><strong>fit</strong></span> 
     </span>
    </p>
   </div>
   <div class='ocr_carea' id='block_1_25' title="bbox 2142 1062 3742 1155">
    <p class='ocr_par' dir='ltr' id='par_1_25' title="bbox 2142 1062 3742 1155">
     <span class='ocr_line' id='line_1_25' title="bbox 2142 1062 3742 1155; baseline 0.019 -38"><span class='ocrx_word' id='word_1_174' title='bbox 2142 1062 2303 1155; x_wconf 84' lang='lat' dir='ltr'><strong>homo</strong></span> <span class='ocrx_word' id='word_1_175' title='bbox 2332 1067 2548 1137; x_wconf 87' lang='lat' dir='ltr'><strong>probus,</strong></span> <span class='ocrx_word' id='word_1_176' title='bbox 2577 1071 2623 1127; x_wconf 90' lang='lat' dir='ltr'><strong>si</strong></span> <span class='ocrx_word' id='word_1_177' title='bbox 2650 1073 2771 1143; x_wconf 91' lang='lat' dir='ltr'><strong>quis</strong></span> <span class='ocrx_word' id='word_1_178' title='bbox 2795 1076 2877 1132; x_wconf 88' lang='lat' dir='ltr'><strong>vel</strong></span> <span class='ocrx_word' id='word_1_179' title='bbox 2907 1077 3013 1134; x_wconf 91' lang='lat' dir='ltr'><strong>alio</strong></span> <span class='ocrx_word' id='word_1_180' title='bbox 3034 1078 3284 1150; x_wconf 87' lang='lat' dir='ltr'><strong>docente,</strong></span> <span class='ocrx_word' id='word_1_181' title='bbox 3305 1085 3390 1140; x_wconf 79' lang='lat' dir='ltr'><strong>vel</strong></span> <span class='ocrx_word' id='word_1_182' title='bbox 3409 1085 3587 1155; x_wconf 78' lang='lat' dir='ltr'><strong>s‘eipso</strong></span> <span class='ocrx_word' id='word_1_183' title='bbox 3606 1104 3742 1147; x_wconf 80' lang='lat' dir='ltr'><strong>cor-</strong></span> 
     </span>
    </p>
   </div>
   <div class='ocr_carea' id='block_1_26' title="bbox 2139 1152 3739 1252">
    <p class='ocr_par' dir='ltr' id='par_1_26' title="bbox 2139 1152 3739 1252">
     <span class='ocr_line' id='line_1_26' title="bbox 2139 1152 3739 1252; baseline 0.019 -45"><span class='ocrx_word' id='word_1_184' title='bbox 2139 1152 2348 1223; x_wconf 76' lang='lat' dir='ltr'><strong>rigente</strong></span> <span class='ocrx_word' id='word_1_185' title='bbox 2383 1158 2554 1229; x_wconf 85' lang='lat' dir='ltr'><strong>aliqua</strong></span> <span class='ocrx_word' id='word_1_186' title='bbox 2585 1160 2867 1234; x_wconf 82' lang='lat' dir='ltr'><strong>disciplina</strong></span> <span class='ocrx_word' id='word_1_187' title='bbox 2915 1169 3141 1227; x_wconf 88' lang='lat' dir='ltr'><strong>rationis</strong></span> <span class='ocrx_word' id='word_1_188' title='bbox 3177 1174 3396 1234; x_wconf 87' lang='lat' dir='ltr'><strong>eniteat.</strong></span> <span class='ocrx_word' id='word_1_189' title='bbox 3424 1152 3570 1235; x_wconf 82' lang='lat' dir='ltr'><strong>Nihil</strong></span> <span class='ocrx_word' id='word_1_190' title='bbox 3594 1195 3739 1252; x_wconf 86' lang='lat' dir='ltr'><strong>ergo</strong></span> 
     </span>
    </p>
   </div>
   <div class='ocr_carea' id='block_1_27' title="bbox 2138 1249 3736 1338">
    <p class='ocr_par' dir='ltr' id='par_1_27' title="bbox 2138 1249 3736 1338">
     <span class='ocr_line' id='line_1_27' title="bbox 2138 1249 3736 1338; baseline 0.016 -35"><span class='ocrx_word' id='word_1_191' title='bbox 2138 1249 2467 1305; x_wconf 86' lang='lat' dir='ltr'><strong>contrarium</strong></span> <span class='ocrx_word' id='word_1_192' title='bbox 2499 1252 2657 1310; x_wconf 84' lang='lat' dir='ltr'><strong>habet</strong></span> <span class='ocrx_word' id='word_1_193' title='bbox 2680 1270 2803 1314; x_wconf 89' lang='lat' dir='ltr'><strong>esse</strong></span> <span class='ocrx_word' id='word_1_194' title='bbox 2826 1260 3078 1329; x_wconf 88' lang='lat' dir='ltr'><strong>probum,</strong></span> <span class='ocrx_word' id='word_1_195' title='bbox 3109 1273 3163 1320; x_wconf 89' lang='lat' dir='ltr'><strong>et</strong></span> <span class='ocrx_word' id='word_1_196' title='bbox 3191 1263 3305 1322; x_wconf 83' lang='lat' dir='ltr'><strong>ﬁeri</strong></span> <span class='ocrx_word' id='word_1_197' title='bbox 3336 1269 3596 1338; x_wconf 88' lang='lat' dir='ltr'><strong>probum;</strong></span> <span class='ocrx_word' id='word_1_198' title='bbox 3622 1249 3736 1329; x_wconf 66' lang='lat' dir='ltr'><strong>ne-</strong></span> 
     </span>
    </p>
   </div>
   <div class='ocr_carea' id='block_1_28' title="bbox 2138 1342 3733 1435">
    <p class='ocr_par' dir='ltr' id='par_1_28' title="bbox 2138 1342 3733 1435">
     <span class='ocr_line' id='line_1_28' title="bbox 2138 1342 3733 1435; baseline 0.017 -42"><span class='ocrx_word' id='word_1_199' title='bbox 2138 1352 2245 1409; x_wconf 92' lang='lat' dir='ltr'><strong>que</strong></span> <span class='ocrx_word' id='word_1_200' title='bbox 2272 1342 2413 1397; x_wconf 89' lang='lat' dir='ltr'><strong>enim</strong></span> <span class='ocrx_word' id='word_1_201' title='bbox 2445 1343 2515 1399; x_wconf 89' lang='lat' dir='ltr'><strong>ita</strong></span> <span class='ocrx_word' id='word_1_202' title='bbox 2544 1350 2873 1406; x_wconf 76' lang='lat' dir='ltr'><strong>contrarium</strong></span> <span class='ocrx_word' id='word_1_203' title='bbox 2902 1364 3003 1419; x_wconf 89' lang='lat' dir='ltr'><strong>est,</strong></span> <span class='ocrx_word' id='word_1_204' title='bbox 3041 1363 3099 1411; x_wconf 89' lang='lat' dir='ltr'><strong>ut</strong></span> <span class='ocrx_word' id='word_1_205' title='bbox 3138 1370 3258 1414; x_wconf 87' lang='lat' dir='ltr'><strong>esse</strong></span> <span class='ocrx_word' id='word_1_206' title='bbox 3299 1357 3568 1418; x_wconf 89' lang='lat' dir='ltr'><strong>hominem</strong></span> <span class='ocrx_word' id='word_1_207' title='bbox 3600 1379 3733 1435; x_wconf 82' lang='lat' dir='ltr'><strong>pro-</strong></span> 
     </span>
    </p>
   </div>
   <div class='ocr_carea' id='block_1_29' title="bbox 2139 1427 3733 1518">
    <p class='ocr_par' dir='ltr' id='par_1_29' title="bbox 2139 1427 3733 1518">
     <span class='ocr_line' id='line_1_29' title="bbox 2139 1427 3733 1518; baseline 0.018 -34"><span class='ocrx_word' id='word_1_208' title='bbox 2139 1427 2282 1497; x_wconf 83' lang='lat' dir='ltr'><strong>bum,</strong></span> <span class='ocrx_word' id='word_1_209' title='bbox 2314 1442 2368 1488; x_wconf 89' lang='lat' dir='ltr'><strong>et</strong></span> <span class='ocrx_word' id='word_1_210' title='bbox 2404 1449 2525 1493; x_wconf 88' lang='lat' dir='ltr'><strong>esse</strong></span> <span class='ocrx_word' id='word_1_211' title='bbox 2570 1438 2843 1497; x_wconf 81' lang='lat' dir='ltr'><strong>hominem</strong></span> <span class='ocrx_word' id='word_1_212' title='bbox 2876 1453 3106 1515; x_wconf 89' lang='lat' dir='ltr'><strong>turpem.</strong></span> <span class='ocrx_word' id='word_1_213' title='bbox 3140 1448 3317 1518; x_wconf 87' lang='lat' dir='ltr'><strong>Quare</strong></span> <span class='ocrx_word' id='word_1_214' title='bbox 3344 1452 3392 1507; x_wconf 90' lang='lat' dir='ltr'><strong>si</strong></span> <span class='ocrx_word' id='word_1_215' title='bbox 3417 1453 3549 1509; x_wconf 86' lang='lat' dir='ltr'><strong>nihil</strong></span> <span class='ocrx_word' id='word_1_216' title='bbox 3586 1427 3733 1512; x_wconf 73' lang='lat' dir='ltr'><strong>eon-</strong></span> 
     </span>
    </p>
   </div>
   <div class='ocr_carea' id='block_1_30' title="bbox 2139 1526 3732 1620">
    <p class='ocr_par' dir='ltr' id='par_1_30' title="bbox 2139 1526 3732 1620">
     <span class='ocr_line' id='line_1_30' title="bbox 2139 1526 3732 1620; baseline 0.018 -41"><span class='ocrx_word' id='word_1_217' title='bbox 2139 1526 2364 1583; x_wconf 88' lang='lat' dir='ltr'><strong>trarium</strong></span> <span class='ocrx_word' id='word_1_218' title='bbox 2397 1529 2579 1598; x_wconf 86' lang='lat' dir='ltr'><strong>habet,</strong></span> <span class='ocrx_word' id='word_1_219' title='bbox 2616 1532 2837 1591; x_wconf 90' lang='lat' dir='ltr'><strong>dubium</strong></span> <span class='ocrx_word' id='word_1_220' title='bbox 2864 1551 2970 1593; x_wconf 91' lang='lat' dir='ltr'><strong>non</strong></span> <span class='ocrx_word' id='word_1_221' title='bbox 2998 1549 3083 1597; x_wconf 89' lang='lat' dir='ltr'><strong>est</strong></span> <span class='ocrx_word' id='word_1_222' title='bbox 3108 1542 3237 1613; x_wconf 91' lang='lat' dir='ltr'><strong>quin</strong></span> <span class='ocrx_word' id='word_1_223' title='bbox 3264 1544 3423 1600; x_wconf 88' lang='lat' dir='ltr'><strong>simul</strong></span> <span class='ocrx_word' id='word_1_224' title='bbox 3449 1561 3732 1620; x_wconf 62' lang='lat' dir='ltr'><strong>esseopos-</strong></span> 
     </span>
    </p>
   </div>
   <div class='ocr_carea' id='block_1_31' title="bbox 2134 1620 3730 1713">
    <p class='ocr_par' dir='ltr' id='par_1_31' title="bbox 2134 1620 3730 1713">
     <span class='ocr_line' id='line_1_31' title="bbox 2134 1620 3730 1713; baseline 0.016 -39"><span class='ocrx_word' id='word_1_225' title='bbox 2134 1620 2273 1713; x_wconf 84' lang='lat' dir='ltr'><strong>sint.</strong></span> <span class='ocrx_word' id='word_1_226' title='bbox 2294 1621 2400 1679; x_wconf 89' lang='lat' dir='ltr'><strong>Sed</strong></span> <span class='ocrx_word' id='word_1_227' title='bbox 2421 1625 2565 1695; x_wconf 90' lang='lat' dir='ltr'><strong>quod</strong></span> <span class='ocrx_word' id='word_1_228' title='bbox 2593 1627 2671 1697; x_wconf 88' lang='lat' dir='ltr'><strong>fit,</strong></span> <span class='ocrx_word' id='word_1_229' title='bbox 2719 1629 2975 1688; x_wconf 87' lang='lat' dir='ltr'><strong>inondum</strong></span> <span class='ocrx_word' id='word_1_230' title='bbox 3004 1643 3088 1690; x_wconf 90' lang='lat' dir='ltr'><strong>est</strong></span> <span class='ocrx_word' id='word_1_231' title='bbox 3113 1634 3289 1693; x_wconf 89' lang='lat' dir='ltr'><strong>adhuc</strong></span> <span class='ocrx_word' id='word_1_232' title='bbox 3310 1653 3430 1694; x_wconf 91' lang='lat' dir='ltr'><strong>cum</strong></span> <span class='ocrx_word' id='word_1_233' title='bbox 3452 1639 3510 1695; x_wconf 85' lang='lat' dir='ltr'><strong>ﬁt</strong></span> <span class='ocrx_word' id='word_1_234' title='bbox 3549 1656 3730 1713; x_wconf 78' lang='lat' dir='ltr'><strong>quare</strong></span> 
     </span>
    </p>
   </div>
   <div class='ocr_carea' id='block_1_32' title="bbox 2134 1712 3728 1796">
    <p class='ocr_par' dir='ltr' id='par_1_32' title="bbox 2134 1712 3728 1796">
     <span class='ocr_line' id='line_1_32' title="bbox 2134 1712 3728 1796; baseline 0.016 -31"><span class='ocrx_word' id='word_1_235' title='bbox 2134 1712 2370 1768; x_wconf 88' lang='lat' dir='ltr'><strong>nondum</strong></span> <span class='ocrx_word' id='word_1_236' title='bbox 2412 1725 2497 1771; x_wconf 91' lang='lat' dir='ltr'><strong>est</strong></span> <span class='ocrx_word' id='word_1_237' title='bbox 2535 1718 2733 1788; x_wconf 87' lang='lat' dir='ltr'><strong>probus</strong></span> <span class='ocrx_word' id='word_1_238' title='bbox 2777 1722 2867 1792; x_wconf 88' lang='lat' dir='ltr'><strong>qui</strong></span> <span class='ocrx_word' id='word_1_239' title='bbox 2912 1722 2970 1779; x_wconf 81' lang='lat' dir='ltr'><strong>ﬁt</strong></span> <span class='ocrx_word' id='word_1_240' title='bbox 3018 1726 3241 1796; x_wconf 89' lang='lat' dir='ltr'><strong>probus.</strong></span> <span class='ocrx_word' id='word_1_241' title='bbox 3273 1727 3378 1786; x_wconf 85' lang='lat' dir='ltr'><strong>Sed</strong></span> <span class='ocrx_word' id='word_1_242' title='bbox 3410 1712 3595 1787; x_wconf 82' lang='lat' dir='ltr'><strong>verum</strong></span> <span class='ocrx_word' id='word_1_243' title='bbox 3639 1746 3728 1792; x_wconf 84' lang='lat' dir='ltr'><strong>est</strong></span> 
     </span>
    </p>
   </div>
   <div class='ocr_carea' id='block_1_33' title="bbox 439 1802 2022 1894">
    <p class='ocr_par' dir='ltr' id='par_1_33' title="bbox 439 1807 2022 1888">
     <span class='ocr_line' id='line_1_33' title="bbox 439 1807 2022 1888; baseline 0.008 -28"><span class='ocrx_word' id='word_1_244' title='bbox 439 1807 694 1878; x_wconf 88' lang='lat' dir='ltr'><strong>qualitate</strong></span> <span class='ocrx_word' id='word_1_245' title='bbox 720 1810 863 1881; x_wconf 91' lang='lat' dir='ltr'><strong>quod</strong></span> <span class='ocrx_word' id='word_1_246' title='bbox 891 1812 979 1866; x_wconf 89' lang='lat' dir='ltr'><strong>illa</strong></span> <span class='ocrx_word' id='word_1_247' title='bbox 1003 1814 1216 1884; x_wconf 68' lang='lat' dir='ltr'><strong>negatio</strong></span> <span class='ocrx_word' id='word_1_248' title='bbox 1243 1823 1346 1882; x_wconf 86' lang='lat' dir='ltr'><strong>est,</strong></span> <span class='ocrx_word' id='word_1_249' title='bbox 1375 1814 1463 1870; x_wconf 90' lang='lat' dir='ltr'><strong>illa</strong></span> <span class='ocrx_word' id='word_1_250' title='bbox 1495 1815 1814 1882; x_wconf 84' lang='lat' dir='ltr'><strong>affirmatio;</strong></span> <span class='ocrx_word' id='word_1_251' title='bbox 1856 1833 2022 1888; x_wconf 90' lang='lat' dir='ltr'><strong>quan-</strong></span> 
     </span>
    </p>
   </div>
   <div class='ocr_carea' id='block_1_34' title="bbox 2128 1802 3728 1894">
    <p class='ocr_par' dir='ltr' id='par_1_34' title="bbox 2132 1802 3728 1894">
     <span class='ocr_line' id='line_1_34' title="bbox 2132 1802 3728 1894; baseline 0.014 -36"><span class='ocrx_word' id='word_1_252' title='bbox 2132 1802 2312 1860; x_wconf 91' lang='lat' dir='ltr'><strong>dicere</strong></span> <span class='ocrx_word' id='word_1_253' title='bbox 2354 1821 2475 1864; x_wconf 89' lang='lat' dir='ltr'><strong>cum</strong></span> <span class='ocrx_word' id='word_1_254' title='bbox 2505 1823 2570 1865; x_wconf 90' lang='lat' dir='ltr'><strong>eo</strong></span> <span class='ocrx_word' id='word_1_255' title='bbox 2588 1810 2732 1881; x_wconf 91' lang='lat' dir='ltr'><strong>quod</strong></span> <span class='ocrx_word' id='word_1_256' title='bbox 2758 1824 2844 1869; x_wconf 89' lang='lat' dir='ltr'><strong>est</strong></span> <span class='ocrx_word' id='word_1_257' title='bbox 2870 1833 2882 1868; x_wconf 90' lang='lat'><strong>:</strong></span> <span class='ocrx_word' id='word_1_258' title='bbox 2906 1824 2987 1871; x_wconf 89' lang='lat' dir='ltr'><strong>est</strong></span> <span class='ocrx_word' id='word_1_259' title='bbox 3018 1815 3180 1873; x_wconf 88' lang='lat' dir='ltr'><strong>homo</strong></span> <span class='ocrx_word' id='word_1_260' title='bbox 3209 1819 3432 1891; x_wconf 91' lang='lat' dir='ltr'><strong>probus,</strong></span> <span class='ocrx_word' id='word_1_261' title='bbox 3468 1824 3728 1894; x_wconf 84' lang='lat' dir='ltr'><strong>quoniam</strong></span> 
     </span>
    </p>
   </div>
   <div class='ocr_carea' id='block_1_35' title="bbox 439 1896 2029 1977">
    <p class='ocr_par' dir='ltr' id='par_1_35' title="bbox 439 1896 2029 1977">
     <span class='ocr_line' id='line_1_35' title="bbox 439 1896 2029 1977; baseline 0.01 -26"><span class='ocrx_word' id='word_1_262' title='bbox 439 1896 593 1954; x_wconf 86' lang='lat' dir='ltr'><strong>titate</strong></span> <span class='ocrx_word' id='word_1_263' title='bbox 623 1900 763 1970; x_wconf 87' lang='lat' dir='ltr'><strong>quod</strong></span> <span class='ocrx_word' id='word_1_264' title='bbox 787 1900 875 1957; x_wconf 91' lang='lat' dir='ltr'><strong>illa</strong></span> <span class='ocrx_word' id='word_1_265' title='bbox 907 1902 1245 1971; x_wconf 87' lang='lat' dir='ltr'><strong>universalis,</strong></span> <span class='ocrx_word' id='word_1_266' title='bbox 1280 1905 1372 1962; x_wconf 84' lang='lat' dir='ltr'><strong>illa</strong></span> <span class='ocrx_word' id='word_1_267' title='bbox 1400 1907 1739 1977; x_wconf 87' lang='lat' dir='ltr'><strong>particularis</strong></span> <span class='ocrx_word' id='word_1_268' title='bbox 1778 1918 1877 1964; x_wconf 83' lang='lat' dir='ltr'><strong>est.</strong></span> <span class='ocrx_word' id='word_1_269' title='bbox 1931 1910 2029 1967; x_wconf 82' lang='lat' dir='ltr'><strong>Se-</strong></span> 
     </span>
    </p>
   </div>
   <div class='ocr_carea' id='block_1_36' title="bbox 437 1995 2026 2075">
    <p class='ocr_par' dir='ltr' id='par_1_36' title="bbox 437 1995 2026 2075">
     <span class='ocr_line' id='line_1_36' title="bbox 437 1995 2026 2075; baseline 0.008 -26"><span class='ocrx_word' id='word_1_270' title='bbox 437 1995 615 2050; x_wconf 91' lang='lat' dir='ltr'><strong>cundo</strong></span> <span class='ocrx_word' id='word_1_271' title='bbox 643 2002 821 2051; x_wconf 87' lang='lat' dir='ltr'><strong>autem</strong></span> <span class='ocrx_word' id='word_1_272' title='bbox 871 1996 1034 2053; x_wconf 90' lang='lat' dir='ltr'><strong>modo</strong></span> <span class='ocrx_word' id='word_1_273' title='bbox 1064 1998 1116 2053; x_wconf 92' lang='lat' dir='ltr'><strong>in</strong></span> <span class='ocrx_word' id='word_1_274' title='bbox 1163 1998 1229 2054; x_wconf 87' lang='lat' dir='ltr'><strong>iis</strong></span> <span class='ocrx_word' id='word_1_275' title='bbox 1268 2015 1390 2071; x_wconf 58' lang='lat' dir='ltr'><strong>qua:</strong></span> <span class='ocrx_word' id='word_1_276' title='bbox 1430 2010 1555 2059; x_wconf 89' lang='lat' dir='ltr'><strong>sunt</strong></span> <span class='ocrx_word' id='word_1_277' title='bbox 1600 2002 1924 2075; x_wconf 75' lang='lat' dir='ltr'><strong>singularia,</strong></span> <span class='ocrx_word' id='word_1_278' title='bbox 1981 2006 2026 2062; x_wconf 89' lang='lat' dir='ltr'><strong>si</strong></span> 
     </span>
    </p>
   </div>
   <div class='ocr_carea' id='block_1_37' title="bbox 437 2083 2027 2168">
    <p class='ocr_par' dir='ltr' id='par_1_37' title="bbox 437 2083 2027 2168">
     <span class='ocr_line' id='line_1_37' title="bbox 437 2083 2027 2168; baseline 0.01 -30"><span class='ocrx_word' id='word_1_279' title='bbox 437 2083 597 2140; x_wconf 73' lang='lat' dir='ltr'><strong>nulla:</strong></span> <span class='ocrx_word' id='word_1_280' title='bbox 625 2096 1061 2158; x_wconf 90' lang='lat' dir='ltr'><strong>argumentorum</strong></span> <span class='ocrx_word' id='word_1_281' title='bbox 1092 2090 1300 2148; x_wconf 69' lang='lat' dir='ltr'><strong>nebulae</strong></span> <span class='ocrx_word' id='word_1_282' title='bbox 1322 2092 1452 2162; x_wconf 90' lang='lat' dir='ltr'><strong>sint,</strong></span> <span class='ocrx_word' id='word_1_283' title='bbox 1484 2092 1689 2151; x_wconf 89' lang='lat' dir='ltr'><strong>veritas</strong></span> <span class='ocrx_word' id='word_1_284' title='bbox 1714 2093 2027 2168; x_wconf 80' lang='lat' dir='ltr'><strong>falsitssque</strong></span> 
     </span>
    </p>
   </div>
   <div class='ocr_carea' id='block_1_38' title="bbox 342 2175 2022 2256">
    <p class='ocr_par' dir='ltr' id='par_1_38' title="bbox 342 2175 2022 2256">
     <span class='ocr_line' id='line_1_38' title="bbox 342 2175 2022 2256; baseline 0.01 -27"><span class='ocrx_word' id='word_1_285' title='bbox 342 2222 343 2229; x_wconf 48' lang='grc' dir='ltr'><strong>η</strong></span> <span class='ocrx_word' id='word_1_286' title='bbox 434 2175 707 2245; x_wconf 73' lang='lat' dir='ltr'><strong>diviJitur,</strong></span> <span class='ocrx_word' id='word_1_287' title='bbox 738 2187 797 2234; x_wconf 93' lang='lat' dir='ltr'><strong>ut</strong></span> <span class='ocrx_word' id='word_1_288' title='bbox 819 2179 874 2234; x_wconf 91' lang='lat' dir='ltr'><strong>in</strong></span> <span class='ocrx_word' id='word_1_289' title='bbox 901 2194 969 2235; x_wconf 90' lang='lat' dir='ltr'><strong>eo</strong></span> <span class='ocrx_word' id='word_1_290' title='bbox 1012 2180 1154 2251; x_wconf 93' lang='lat' dir='ltr'><strong>quod</strong></span> <span class='ocrx_word' id='word_1_291' title='bbox 1179 2190 1263 2238; x_wconf 85' lang='lat' dir='ltr'><strong>est</strong></span> <span class='ocrx_word' id='word_1_292' title='bbox 1314 2182 1565 2241; x_wconf 83' lang='lat' dir='ltr'><strong>Socrates</strong></span> <span class='ocrx_word' id='word_1_293' title='bbox 1596 2185 1752 2242; x_wconf 89' lang='lat' dir='ltr'><strong>albus</strong></span> <span class='ocrx_word' id='word_1_294' title='bbox 1781 2193 1895 2256; x_wconf 92' lang='lat' dir='ltr'><strong>est,</strong></span> <span class='ocrx_word' id='word_1_295' title='bbox 1927 2187 2022 2244; x_wconf 90' lang='lat' dir='ltr'><strong>So-</strong></span> 
     </span>
    </p>
   </div>
   <div class='ocr_carea' id='block_1_39' title="bbox 434 2270 2023 2346">
    <p class='ocr_par' dir='ltr' id='par_1_39' title="bbox 434 2270 2023 2346">
     <span class='ocr_line' id='line_1_39' title="bbox 434 2270 2023 2346; baseline 0.006 -21"><span class='ocrx_word' id='word_1_296' title='bbox 434 2277 612 2327; x_wconf 87' lang='lat' dir='ltr'><strong>crates</strong></span> <span class='ocrx_word' id='word_1_297' title='bbox 637 2270 790 2327; x_wconf 89' lang='lat' dir='ltr'><strong>albus</strong></span> <span class='ocrx_word' id='word_1_298' title='bbox 810 2287 916 2329; x_wconf 92' lang='lat' dir='ltr'><strong>non</strong></span> <span class='ocrx_word' id='word_1_299' title='bbox 948 2284 1069 2340; x_wconf 90' lang='lat' dir='ltr'><strong>est;</strong></span> <span class='ocrx_word' id='word_1_300' title='bbox 1099 2290 1207 2330; x_wconf 89' lang='lat' dir='ltr'><strong>una</strong></span> <span class='ocrx_word' id='word_1_301' title='bbox 1233 2276 1376 2331; x_wconf 91' lang='lat' dir='ltr'><strong>enim</strong></span> <span class='ocrx_word' id='word_1_302' title='bbox 1405 2292 1529 2332; x_wconf 86' lang='lat' dir='ltr'><strong>vera</strong></span> <span class='ocrx_word' id='word_1_303' title='bbox 1552 2285 1663 2346; x_wconf 89' lang='lat' dir='ltr'><strong>est,</strong></span> <span class='ocrx_word' id='word_1_304' title='bbox 1691 2280 1856 2335; x_wconf 90' lang='lat' dir='ltr'><strong>altera</strong></span> <span class='ocrx_word' id='word_1_305' title='bbox 1889 2278 2023 2335; x_wconf 86' lang='lat' dir='ltr'><strong>falsa</strong></span> 
     </span>
    </p>
   </div>
   <div class='ocr_carea' id='block_1_40' title="bbox 434 2364 2025 2443">
    <p class='ocr_par' dir='ltr' id='par_1_40' title="bbox 434 2364 2025 2443">
     <span class='ocr_line' id='line_1_40' title="bbox 434 2364 2025 2443; baseline 0.008 -27"><span class='ocrx_word' id='word_1_306' title='bbox 434 2372 535 2429; x_wconf 87' lang='lat' dir='ltr'><strong>est,</strong></span> <span class='ocrx_word' id='word_1_307' title='bbox 566 2364 611 2418; x_wconf 91' lang='lat' dir='ltr'><strong>si</strong></span> <span class='ocrx_word' id='word_1_308' title='bbox 652 2364 733 2435; x_wconf 89' lang='lat' dir='ltr'><strong>(ut</strong></span> <span class='ocrx_word' id='word_1_309' title='bbox 760 2364 961 2421; x_wconf 90' lang='lat' dir='ltr'><strong>dictum</strong></span> <span class='ocrx_word' id='word_1_310' title='bbox 991 2364 1098 2438; x_wconf 86' lang='lat' dir='ltr'><strong>est)</strong></span> <span class='ocrx_word' id='word_1_311' title='bbox 1122 2366 1266 2423; x_wconf 91' lang='lat' dir='ltr'><strong>nulla</strong></span> <span class='ocrx_word' id='word_1_312' title='bbox 1295 2367 1613 2440; x_wconf 87' lang='lat' dir='ltr'><strong>ambiguitas</strong></span> <span class='ocrx_word' id='word_1_313' title='bbox 1640 2372 2025 2443; x_wconf 64' lang='lat' dir='ltr'><strong>aquivocatio~</strong></span> 
     </span>
    </p>
   </div>
   <div class='ocr_carea' id='block_1_41' title="bbox 434 2456 811 2527">
    <p class='ocr_par' dir='ltr' id='par_1_41' title="bbox 434 2456 811 2527">
     <span class='ocr_line' id='line_1_41' title="bbox 434 2456 811 2527; baseline 0.003 -14"><span class='ocrx_word' id='word_1_314' title='bbox 434 2456 516 2513; x_wconf 88' lang='lat' dir='ltr'><strong>nis</strong></span> <span class='ocrx_word' id='word_1_315' title='bbox 538 2456 811 2527; x_wconf 76' lang='lat' dir='ltr'><strong>inpediat.</strong></span> 
     </span>
    </p>
   </div>
   <div class='ocr_carea' id='block_1_42' title="bbox 506 2551 2022 2637">
    <p class='ocr_par' dir='ltr' id='par_1_42' title="bbox 506 2551 2022 2637">
     <span class='ocr_line' id='line_1_42' title="bbox 506 2551 2022 2637; baseline 0.006 -30"><span class='ocrx_word' id='word_1_316' title='bbox 506 2551 833 2625; x_wconf 71' lang='lat' dir='ltr'><strong>Quwcunque</strong></span> <span class='ocrx_word' id='word_1_317' title='bbox 863 2563 1033 2609; x_wconf 79' lang='lat' dir='ltr'><strong>autem</strong></span> <span class='ocrx_word' id='word_1_318' title='bbox 1077 2556 1441 2637; x_wconf 66' lang='lat' dir='ltr'><strong>universatim:</strong></span> <span class='ocrx_word' id='word_1_319' title='bbox 1480 2574 1583 2613; x_wconf 86' lang='lat' dir='ltr'><strong>non</strong></span> <span class='ocrx_word' id='word_1_320' title='bbox 1624 2560 1982 2616; x_wconf 77' lang='lat' dir='ltr'><strong>universatim</strong></span> <span class='ocrx_word' id='word_1_321' title='bbox 2005 2604 2022 2631; x_wconf 94' lang='lat'><strong>,</strong></span> 
     </span>
    </p>
   </div>
   <div class='ocr_carea' id='block_1_43' title="bbox 433 2645 2027 2725">
    <p class='ocr_par' dir='ltr' id='par_1_43' title="bbox 433 2645 2027 2725">
     <span class='ocr_line' id='line_1_43' title="bbox 433 2645 2027 2725; baseline 0.008 -26"><span class='ocrx_word' id='word_1_322' title='bbox 433 2659 532 2699; x_wconf 87' lang='lat' dir='ltr'><strong>non</strong></span> <span class='ocrx_word' id='word_1_323' title='bbox 566 2645 673 2700; x_wconf 73' lang='lat' dir='ltr'><strong>lucc</strong></span> <span class='ocrx_word' id='word_1_324' title='bbox 694 2646 901 2717; x_wconf 76' lang='lat' dir='ltr'><strong>quidem</strong></span> <span class='ocrx_word' id='word_1_325' title='bbox 922 2664 1119 2721; x_wconf 77' lang='lat' dir='ltr'><strong>semper</strong></span> <span class='ocrx_word' id='word_1_326' title='bbox 1137 2647 1255 2706; x_wconf 43' lang='lat' dir='ltr'><strong>&#39;vera</strong></span> <span class='ocrx_word' id='word_1_327' title='bbox 1283 2663 1376 2723; x_wconf 83' lang='lat' dir='ltr'><strong>est,</strong></span> <span class='ocrx_word' id='word_1_328' title='bbox 1406 2652 1500 2707; x_wconf 79' lang='lat' dir='ltr'><strong>illa</strong></span> <span class='ocrx_word' id='word_1_329' title='bbox 1527 2670 1643 2708; x_wconf 85' lang='lat' dir='ltr'><strong>vero</strong></span> <span class='ocrx_word' id='word_1_330' title='bbox 1670 2654 1823 2725; x_wconf 79' lang='lat' dir='ltr'><strong>falsa.</strong></span> <span class='ocrx_word' id='word_1_331' title='bbox 1854 2654 2027 2711; x_wconf 82' lang='lat' dir='ltr'><strong>Simul</strong></span> 
     </span>
    </p>
   </div>
   <div class='ocr_carea' id='block_1_44' title="bbox 432 2737 2026 2815">
    <p class='ocr_par' dir='ltr' id='par_1_44' title="bbox 432 2737 2026 2815">
     <span class='ocr_line' id='line_1_44' title="bbox 432 2737 2026 2815; baseline 0.008 -24"><span class='ocrx_word' id='word_1_332' title='bbox 432 2737 565 2791; x_wconf 79' lang='lat' dir='ltr'><strong>enim</strong></span> <span class='ocrx_word' id='word_1_333' title='bbox 594 2754 767 2793; x_wconf 78' lang='lat' dir='ltr'><strong>verum</strong></span> <span class='ocrx_word' id='word_1_334' title='bbox 794 2748 867 2794; x_wconf 84' lang='lat' dir='ltr'><strong>est</strong></span> <span class='ocrx_word' id='word_1_335' title='bbox 893 2739 1061 2797; x_wconf 80' lang='lat' dir='ltr'><strong>dicere</strong></span> <span class='ocrx_word' id='word_1_336' title='bbox 1070 2744 1313 2813; x_wconf 82' lang='lat' dir='ltr'><strong>quoniam</strong></span> <span class='ocrx_word' id='word_1_337' title='bbox 1333 2754 1408 2799; x_wconf 83' lang='lat' dir='ltr'><strong>est</strong></span> <span class='ocrx_word' id='word_1_338' title='bbox 1422 2745 1572 2800; x_wconf 80' lang='lat' dir='ltr'><strong>homo</strong></span> <span class='ocrx_word' id='word_1_339' title='bbox 1586 2748 1755 2815; x_wconf 83' lang='lat' dir='ltr'><strong>albus,</strong></span> <span class='ocrx_word' id='word_1_340' title='bbox 1774 2757 1821 2801; x_wconf 85' lang='lat' dir='ltr'><strong>et</strong></span> <span class='ocrx_word' id='word_1_341' title='bbox 1834 2763 1935 2803; x_wconf 85' lang='lat' dir='ltr'><strong>non</strong></span> <span class='ocrx_word' id='word_1_342' title='bbox 1953 2759 2026 2804; x_wconf 87' lang='lat' dir='ltr'><strong>est</strong></span> 
     </span>
    </p>
   </div>
   <div class='ocr_carea' id='block_1_45' title="bbox 430 2831 2021 2914">
    <p class='ocr_par' dir='ltr' id='par_1_45' title="bbox 430 2831 2021 2914">
     <span class='ocr_line' id='line_1_45' title="bbox 430 2831 2021 2914; baseline 0.01 -30"><span class='ocrx_word' id='word_1_343' title='bbox 430 2834 579 2885; x_wconf 77' lang='lat' dir='ltr'><strong>homo</strong></span> <span class='ocrx_word' id='word_1_344' title='bbox 600 2831 771 2902; x_wconf 78' lang='lat' dir='ltr'><strong>albus,</strong></span> <span class='ocrx_word' id='word_1_345' title='bbox 792 2845 838 2889; x_wconf 86' lang='lat' dir='ltr'><strong>et</strong></span> <span class='ocrx_word' id='word_1_346' title='bbox 867 2845 940 2890; x_wconf 83' lang='lat' dir='ltr'><strong>est</strong></span> <span class='ocrx_word' id='word_1_347' title='bbox 968 2838 1120 2892; x_wconf 79' lang='lat' dir='ltr'><strong>homo</strong></span> <span class='ocrx_word' id='word_1_348' title='bbox 1147 2841 1336 2910; x_wconf 82' lang='lat' dir='ltr'><strong>probus</strong></span> <span class='ocrx_word' id='word_1_349' title='bbox 1352 2851 1430 2906; x_wconf 86' lang='grc' dir='ltr'><em>;ει</em></span> <span class='ocrx_word' id='word_1_350' title='bbox 1447 2858 1549 2896; x_wconf 85' lang='lat' dir='ltr'><strong>non</strong></span> <span class='ocrx_word' id='word_1_351' title='bbox 1563 2852 1636 2896; x_wconf 85' lang='lat' dir='ltr'><strong>est</strong></span> <span class='ocrx_word' id='word_1_352' title='bbox 1649 2842 1802 2899; x_wconf 83' lang='lat' dir='ltr'><strong>homo</strong></span> <span class='ocrx_word' id='word_1_353' title='bbox 1817 2844 2021 2914; x_wconf 82' lang='lat' dir='ltr'><strong>probus.</strong></span> 
     </span>
    </p>
   </div>
   <div class='ocr_carea' id='block_1_46' title="bbox 429 2920 2025 3005">
    <p class='ocr_par' dir='ltr' id='par_1_46' title="bbox 429 2920 2025 3005">
     <span class='ocr_line' id='line_1_46' title="bbox 429 2920 2025 3005; baseline 0.008 -26"><span class='ocrx_word' id='word_1_354' title='bbox 429 2920 492 2979; x_wconf 85' lang='lat' dir='ltr'><strong>Si</strong></span> <span class='ocrx_word' id='word_1_355' title='bbox 515 2924 648 2979; x_wconf 82' lang='lat' dir='ltr'><strong>enim</strong></span> <span class='ocrx_word' id='word_1_356' title='bbox 675 2928 840 2998; x_wconf 83' lang='lat' dir='ltr'><strong>turpis</strong></span> <span class='ocrx_word' id='word_1_357' title='bbox 862 2937 955 2992; x_wconf 81' lang='lat' dir='ltr'><strong>est,</strong></span> <span class='ocrx_word' id='word_1_358' title='bbox 974 2945 1073 2983; x_wconf 86' lang='lat' dir='ltr'><strong>non</strong></span> <span class='ocrx_word' id='word_1_359' title='bbox 1089 2932 1276 3001; x_wconf 85' lang='lat' dir='ltr'><strong>probus</strong></span> <span class='ocrx_word' id='word_1_360' title='bbox 1299 2941 1394 2997; x_wconf 83' lang='lat' dir='ltr'><strong>est,</strong></span> <span class='ocrx_word' id='word_1_361' title='bbox 1416 2941 1461 2986; x_wconf 88' lang='grc' dir='ltr'><strong>ει</strong></span> <span class='ocrx_word' id='word_1_362' title='bbox 1482 2934 1524 2987; x_wconf 89' lang='lat' dir='ltr'><strong>si</strong></span> <span class='ocrx_word' id='word_1_363' title='bbox 1545 2934 1604 3003; x_wconf 76' lang='lat' dir='ltr'><strong>ﬁt</strong></span> <span class='ocrx_word' id='word_1_364' title='bbox 1621 2935 2025 3005; x_wconf 81' lang='lat' dir='ltr'><strong>aliquid,etiam—</strong></span> 
     </span>
    </p>
   </div>
   <div class='ocr_carea' id='block_1_47' title="bbox 429 3015 2020 3099">
    <p class='ocr_par' dir='ltr' id='par_1_47' title="bbox 429 3015 2020 3099">
     <span class='ocr_line' id='line_1_47' title="bbox 429 3015 2020 3099; baseline 0.008 -29"><span class='ocrx_word' id='word_1_365' title='bbox 429 3033 548 3072; x_wconf 83' lang='lat' dir='ltr'><strong>num</strong></span> <span class='ocrx_word' id='word_1_366' title='bbox 576 3035 676 3074; x_wconf 90' lang='lat' dir='ltr'><strong>non</strong></span> <span class='ocrx_word' id='word_1_367' title='bbox 709 3030 802 3075; x_wconf 82' lang='lat' dir='ltr'><strong>est.</strong></span> <span class='ocrx_word' id='word_1_368' title='bbox 846 3020 1106 3076; x_wconf 82' lang='lat' dir='ltr'><strong>Videbitur</strong></span> <span class='ocrx_word' id='word_1_369' title='bbox 1126 3032 1297 3078; x_wconf 80' lang='lat' dir='ltr'><strong>autem</strong></span> <span class='ocrx_word' id='word_1_370' title='bbox 1321 3015 1487 3079; x_wconf 83' lang='lat' dir='ltr'><strong>subito</strong></span> <span class='ocrx_word' id='word_1_371' title='bbox 1510 3027 1869 3083; x_wconf 82' lang='lat' dir='ltr'><strong>inconveniens</strong></span> <span class='ocrx_word' id='word_1_372' title='bbox 1891 3045 2020 3099; x_wconf 83' lang='lat' dir='ltr'><strong>esse,</strong></span> 
     </span>
    </p>
   </div>
   <div class='ocr_carea' id='block_1_48' title="bbox 430 3108 2018 3189">
    <p class='ocr_par' dir='ltr' id='par_1_48' title="bbox 430 3108 2018 3189">
     <span class='ocr_line' id='line_1_48' title="bbox 430 3108 2018 3189; baseline 0.008 -29"><span class='ocrx_word' id='word_1_373' title='bbox 430 3108 621 3164; x_wconf 85' lang='lat' dir='ltr'><strong>idcirco</strong></span> <span class='ocrx_word' id='word_1_374' title='bbox 642 3111 887 3180; x_wconf 84' lang='lat' dir='ltr'><strong>quoniam</strong></span> <span class='ocrx_word' id='word_1_375' title='bbox 912 3112 1109 3167; x_wconf 81' lang='lat' dir='ltr'><strong>ridetur</strong></span> <span class='ocrx_word' id='word_1_376' title='bbox 1120 3113 1416 3183; x_wconf 78' lang='lat' dir='ltr'><strong>signiﬁcare</strong></span> <span class='ocrx_word' id='word_1_377' title='bbox 1458 3130 1559 3168; x_wconf 82' lang='lat' dir='ltr'><strong>non</strong></span> <span class='ocrx_word' id='word_1_378' title='bbox 1588 3127 1659 3169; x_wconf 88' lang='lat' dir='ltr'><strong>est</strong></span> <span class='ocrx_word' id='word_1_379' title='bbox 1681 3116 1831 3171; x_wconf 85' lang='lat' dir='ltr'><strong>homo</strong></span> <span class='ocrx_word' id='word_1_380' title='bbox 1852 3118 2018 3189; x_wconf 79' lang='lat' dir='ltr'><strong>albus,</strong></span> 
     </span>
    </p>
   </div>
   <div class='ocr_carea' id='block_1_49' title="bbox 2136 1897 3724 1984">
    <p class='ocr_par' dir='ltr' id='par_1_49' title="bbox 2136 1897 3724 1984">
     <span class='ocr_line' id='line_1_49' title="bbox 2136 1897 3724 1984; baseline 0.015 -32"><span class='ocrx_word' id='word_1_381' title='bbox 2136 1897 2195 1953; x_wconf 87' lang='lat' dir='ltr'><strong>fit</strong></span> <span class='ocrx_word' id='word_1_382' title='bbox 2236 1898 2400 1957; x_wconf 89' lang='lat' dir='ltr'><strong>homo</strong></span> <span class='ocrx_word' id='word_1_383' title='bbox 2430 1902 2668 1973; x_wconf 90' lang='lat' dir='ltr'><strong>probus;</strong></span> <span class='ocrx_word' id='word_1_384' title='bbox 2701 1907 2796 1963; x_wconf 89' lang='lat' dir='ltr'><strong>sed</strong></span> <span class='ocrx_word' id='word_1_385' title='bbox 2818 1909 2909 1979; x_wconf 90' lang='lat' dir='ltr'><strong>qui</strong></span> <span class='ocrx_word' id='word_1_386' title='bbox 2936 1909 2996 1965; x_wconf 83' lang='lat' dir='ltr'><strong>lit</strong></span> <span class='ocrx_word' id='word_1_387' title='bbox 3034 1913 3234 1982; x_wconf 89' lang='lat' dir='ltr'><strong>probus</strong></span> <span class='ocrx_word' id='word_1_388' title='bbox 3270 1914 3452 1984; x_wconf 90' lang='lat' dir='ltr'><strong>homo,</strong></span> <span class='ocrx_word' id='word_1_389' title='bbox 3487 1934 3593 1974; x_wconf 90' lang='lat' dir='ltr'><strong>non</strong></span> <span class='ocrx_word' id='word_1_390' title='bbox 3635 1933 3724 1976; x_wconf 86' lang='lat' dir='ltr'><strong>est</strong></span> 
     </span>
    </p>
   </div>
   <div class='ocr_carea' id='block_1_50' title="bbox 2132 1991 3723 2082">
    <p class='ocr_par' dir='ltr' id='par_1_50' title="bbox 2132 1991 3723 2082">
     <span class='ocr_line' id='line_1_50' title="bbox 2132 1991 3723 2082; baseline 0.015 -37"><span class='ocrx_word' id='word_1_391' title='bbox 2132 1991 2331 2063; x_wconf 88' lang='lat' dir='ltr'><strong>probus</strong></span> <span class='ocrx_word' id='word_1_392' title='bbox 2360 1992 2543 2052; x_wconf 90' lang='lat' dir='ltr'><strong>homo.</strong></span> <span class='ocrx_word' id='word_1_393' title='bbox 2580 1995 2774 2054; x_wconf 82' lang='lat' dir='ltr'><strong>Verum</strong></span> <span class='ocrx_word' id='word_1_394' title='bbox 2821 2012 2903 2057; x_wconf 88' lang='lat' dir='ltr'><strong>est</strong></span> <span class='ocrx_word' id='word_1_395' title='bbox 2943 2000 3103 2075; x_wconf 88' lang='lat' dir='ltr'><strong>igitur</strong></span> <span class='ocrx_word' id='word_1_396' title='bbox 3149 2006 3333 2063; x_wconf 89' lang='lat' dir='ltr'><strong>dicere</strong></span> <span class='ocrx_word' id='word_1_397' title='bbox 3362 2008 3519 2066; x_wconf 84' lang='lat' dir='ltr'><strong>simul</strong></span> <span class='ocrx_word' id='word_1_398' title='bbox 3584 2027 3723 2082; x_wconf 84' lang='lat' dir='ltr'><strong>quo-</strong></span> 
     </span>
    </p>
   </div>
   <div class='ocr_carea' id='block_1_51' title="bbox 2132 2086 3835 2174">
    <p class='ocr_par' dir='ltr' id='par_1_51' title="bbox 2132 2086 3835 2174">
     <span class='ocr_line' id='line_1_51' title="bbox 2132 2086 3835 2174; baseline 0.014 -34"><span class='ocrx_word' id='word_1_399' title='bbox 2132 2086 2273 2142; x_wconf 87' lang='lat' dir='ltr'><strong>niam</strong></span> <span class='ocrx_word' id='word_1_400' title='bbox 2297 2096 2381 2145; x_wconf 91' lang='lat' dir='ltr'><strong>est</strong></span> <span class='ocrx_word' id='word_1_401' title='bbox 2410 2090 2572 2149; x_wconf 86' lang='lat' dir='ltr'><strong>homo</strong></span> <span class='ocrx_word' id='word_1_402' title='bbox 2603 2095 2823 2165; x_wconf 88' lang='lat' dir='ltr'><strong>probus,</strong></span> <span class='ocrx_word' id='word_1_403' title='bbox 2858 2108 2911 2153; x_wconf 92' lang='lat' dir='ltr'><strong>et</strong></span> <span class='ocrx_word' id='word_1_404' title='bbox 2941 2114 3047 2155; x_wconf 89' lang='lat' dir='ltr'><strong>non</strong></span> <span class='ocrx_word' id='word_1_405' title='bbox 3088 2110 3172 2157; x_wconf 87' lang='lat' dir='ltr'><strong>est</strong></span> <span class='ocrx_word' id='word_1_406' title='bbox 3203 2101 3365 2158; x_wconf 88' lang='lat' dir='ltr'><strong>homo</strong></span> <span class='ocrx_word' id='word_1_407' title='bbox 3404 2104 3625 2174; x_wconf 89' lang='lat' dir='ltr'><strong>probus,</strong></span> <span class='ocrx_word' id='word_1_408' title='bbox 3651 2107 3722 2162; x_wconf 86' lang='lat' dir='ltr'><strong>li-</strong></span> <span class='ocrx_word' id='word_1_409' title='bbox 3822 2096 3835 2105; x_wconf 75' lang='grc'><em>’</em></span> 
     </span>
    </p>
   </div>
   <div class='ocr_carea' id='block_1_52' title="bbox 2130 2182 3717 2264">
    <p class='ocr_par' dir='ltr' id='par_1_52' title="bbox 2130 2182 3717 2264">
     <span class='ocr_line' id='line_1_52' title="bbox 2130 2182 3717 2264; baseline 0.013 -28"><span class='ocrx_word' id='word_1_410' title='bbox 2130 2187 2216 2236; x_wconf 87' lang='lat' dir='ltr'><strong>cet</strong></span> <span class='ocrx_word' id='word_1_411' title='bbox 2242 2196 2350 2237; x_wconf 90' lang='lat' dir='ltr'><strong>non</strong></span> <span class='ocrx_word' id='word_1_412' title='bbox 2383 2182 2615 2241; x_wconf 90' lang='lat' dir='ltr'><strong>invalida</strong></span> <span class='ocrx_word' id='word_1_413' title='bbox 2660 2191 2904 2261; x_wconf 81' lang='lat' dir='ltr'><strong>exempla</strong></span> <span class='ocrx_word' id='word_1_414' title='bbox 2953 2192 3062 2249; x_wconf 92' lang='lat' dir='ltr'><strong>sint</strong></span> <span class='ocrx_word' id='word_1_415' title='bbox 3092 2196 3264 2264; x_wconf 89' lang='lat' dir='ltr'><strong>posita</strong></span> <span class='ocrx_word' id='word_1_416' title='bbox 3311 2197 3378 2252; x_wconf 89' lang='lat' dir='ltr'><strong>de</strong></span> <span class='ocrx_word' id='word_1_417' title='bbox 3407 2201 3717 2257; x_wconf 80' lang='lat' dir='ltr'><strong>contrariis.</strong></span> 
     </span>
    </p>
   </div>
   <div class='ocr_carea' id='block_1_53' title="bbox 2131 2268 3721 2355">
    <p class='ocr_par' dir='ltr' id='par_1_53' title="bbox 2131 2268 3721 2355">
     <span class='ocr_line' id='line_1_53' title="bbox 2131 2268 3721 2355; baseline 0.014 -30"><span class='ocrx_word' id='word_1_418' title='bbox 2131 2268 2272 2328; x_wconf 86' lang='lat' dir='ltr'><strong>Nihil</strong></span> <span class='ocrx_word' id='word_1_419' title='bbox 2299 2273 2444 2330; x_wconf 90' lang='lat' dir='ltr'><strong>enim</strong></span> <span class='ocrx_word' id='word_1_420' title='bbox 2483 2276 2730 2346; x_wconf 89' lang='lat' dir='ltr'><strong>prohibet</strong></span> <span class='ocrx_word' id='word_1_421' title='bbox 2770 2297 2877 2338; x_wconf 81' lang='lat' dir='ltr'><strong>uno</strong></span> <span class='ocrx_word' id='word_1_422' title='bbox 2904 2292 3151 2355; x_wconf 87' lang='lat' dir='ltr'><strong>tempore</strong></span> <span class='ocrx_word' id='word_1_423' title='bbox 3175 2289 3446 2345; x_wconf 89' lang='lat' dir='ltr'><strong>contraria</strong></span> <span class='ocrx_word' id='word_1_424' title='bbox 3467 2290 3587 2347; x_wconf 87' lang='lat' dir='ltr'><strong>aliis</strong></span> <span class='ocrx_word' id='word_1_425' title='bbox 3634 2301 3721 2347; x_wconf 84' lang='lat' dir='ltr'><strong>at-</strong></span> 
     </span>
    </p>
   </div>
   <div class='ocr_carea' id='block_1_54' title="bbox 2131 2367 3720 2448">
    <p class='ocr_par' dir='ltr' id='par_1_54' title="bbox 2131 2367 3720 2448">
     <span class='ocr_line' id='line_1_54' title="bbox 2131 2367 3720 2448; baseline 0.014 -28"><span class='ocrx_word' id='word_1_426' title='bbox 2131 2380 2236 2436; x_wconf 89' lang='lat' dir='ltr'><strong>que</strong></span> <span class='ocrx_word' id='word_1_427' title='bbox 2261 2367 2379 2424; x_wconf 88' lang='lat' dir='ltr'><strong>aliis</strong></span> <span class='ocrx_word' id='word_1_428' title='bbox 2403 2369 2578 2429; x_wconf 86' lang='lat' dir='ltr'><strong>inesse</strong></span> <span class='ocrx_word' id='word_1_429' title='bbox 2604 2373 2889 2445; x_wconf 89' lang='lat' dir='ltr'><strong>subjectis:</strong></span> <span class='ocrx_word' id='word_1_430' title='bbox 2911 2379 3157 2448; x_wconf 79' lang='lat' dir='ltr'><strong>quocirca</strong></span> <span class='ocrx_word' id='word_1_431' title='bbox 3184 2390 3391 2437; x_wconf 89' lang='lat' dir='ltr'><strong>constat</strong></span> <span class='ocrx_word' id='word_1_432' title='bbox 3412 2383 3720 2442; x_wconf 82' lang='lat' dir='ltr'><strong>indefinitas</strong></span> 
     </span>
    </p>
   </div>
   <div class='ocr_carea' id='block_1_55' title="bbox 2130 2461 3718 2549">
    <p class='ocr_par' dir='ltr' id='par_1_55' title="bbox 2130 2461 3718 2549">
     <span class='ocr_line' id='line_1_55' title="bbox 2130 2461 3718 2549; baseline 0.011 -34"><span class='ocrx_word' id='word_1_433' title='bbox 2130 2473 2227 2529; x_wconf 90' lang='lat' dir='ltr'><strong>per</strong></span> <span class='ocrx_word' id='word_1_434' title='bbox 2265 2461 2317 2517; x_wconf 88' lang='lat' dir='ltr'><strong>id</strong></span> <span class='ocrx_word' id='word_1_435' title='bbox 2346 2462 2489 2532; x_wconf 92' lang='lat' dir='ltr'><strong>quod</strong></span> <span class='ocrx_word' id='word_1_436' title='bbox 2519 2464 2573 2520; x_wconf 91' lang='lat' dir='ltr'><strong>in</strong></span> <span class='ocrx_word' id='word_1_437' title='bbox 2601 2470 2865 2539; x_wconf 78' lang='lat' dir='ltr'><strong>exemplis</strong></span> <span class='ocrx_word' id='word_1_438' title='bbox 2894 2485 3055 2542; x_wconf 85' lang='lat' dir='ltr'><strong>supra</strong></span> <span class='ocrx_word' id='word_1_439' title='bbox 3088 2474 3263 2543; x_wconf 91' lang='lat' dir='ltr'><strong>posuit</strong></span> <span class='ocrx_word' id='word_1_440' title='bbox 3322 2476 3480 2532; x_wconf 85' lang='lat' dir='ltr'><strong>simul</strong></span> <span class='ocrx_word' id='word_1_441' title='bbox 3509 2477 3718 2549; x_wconf 84' lang='lat' dir='ltr'><strong>aliquo-</strong></span> 
     </span>
    </p>
   </div>
   <div class='ocr_carea' id='block_1_56' title="bbox 2131 2550 3716 2636">
    <p class='ocr_par' dir='ltr' id='par_1_56' title="bbox 2131 2550 3716 2636">
     <span class='ocr_line' id='line_1_56' title="bbox 2131 2550 3716 2636; baseline 0.013 -32"><span class='ocrx_word' id='word_1_442' title='bbox 2131 2550 2231 2607; x_wconf 91' lang='lat' dir='ltr'><strong>ties</strong></span> <span class='ocrx_word' id='word_1_443' title='bbox 2263 2567 2419 2610; x_wconf 90' lang='lat' dir='ltr'><strong>veras</strong></span> <span class='ocrx_word' id='word_1_444' title='bbox 2447 2555 2632 2625; x_wconf 89' lang='lat' dir='ltr'><strong>videri,</strong></span> <span class='ocrx_word' id='word_1_445' title='bbox 2663 2567 2720 2615; x_wconf 89' lang='lat' dir='ltr'><strong>et</strong></span> <span class='ocrx_word' id='word_1_446' title='bbox 2747 2575 2852 2618; x_wconf 89' lang='lat' dir='ltr'><strong>non</strong></span> <span class='ocrx_word' id='word_1_447' title='bbox 2887 2577 3101 2636; x_wconf 86' lang='lat' dir='ltr'><strong>semper</strong></span> <span class='ocrx_word' id='word_1_448' title='bbox 3125 2564 3264 2622; x_wconf 85' lang='lat' dir='ltr'><strong>inter</strong></span> <span class='ocrx_word' id='word_1_449' title='bbox 3291 2581 3351 2623; x_wconf 91' lang='lat' dir='ltr'><strong>se</strong></span> <span class='ocrx_word' id='word_1_450' title='bbox 3380 2583 3566 2623; x_wconf 88' lang='lat' dir='ltr'><strong>verum</strong></span> <span class='ocrx_word' id='word_1_451' title='bbox 3613 2570 3716 2625; x_wconf 82' lang='lat' dir='ltr'><strong>fal-</strong></span> 
     </span>
    </p>
   </div>
   <div class='ocr_carea' id='block_1_57' title="bbox 2129 2649 3716 2720">
    <p class='ocr_par' dir='ltr' id='par_1_57' title="bbox 2129 2649 3716 2720">
     <span class='ocr_line' id='line_1_57' title="bbox 2129 2649 3716 2720; baseline 0.014 -23"><span class='ocrx_word' id='word_1_452' title='bbox 2129 2657 2356 2715; x_wconf 91' lang='lat' dir='ltr'><strong>sumque</strong></span> <span class='ocrx_word' id='word_1_453' title='bbox 2387 2649 2594 2716; x_wconf 89' lang='lat' dir='ltr'><strong>partiri.</strong></span> <span class='ocrx_word' id='word_1_454' title='bbox 2625 2650 2777 2720; x_wconf 84' lang='lat' dir='ltr'><strong>Quod</strong></span> <span class='ocrx_word' id='word_1_455' title='bbox 2811 2666 2943 2710; x_wconf 89' lang='lat' dir='ltr'><strong>vero</strong></span> <span class='ocrx_word' id='word_1_456' title='bbox 2969 2657 3043 2712; x_wconf 87' lang='lat' dir='ltr'><strong>ait</strong></span> <span class='ocrx_word' id='word_1_457' title='bbox 3069 2675 3082 2710; x_wconf 92' lang='lat'>:</span> <span class='ocrx_word' id='word_1_458' title='bbox 3109 2657 3373 2715; x_wconf 84' lang='lat' dir='ltr'><strong>videbitur</strong></span> <span class='ocrx_word' id='word_1_459' title='bbox 3404 2670 3583 2719; x_wconf 88' lang='lat' dir='ltr'><strong>autem</strong></span> <span class='ocrx_word' id='word_1_460' title='bbox 3630 2678 3716 2719; x_wconf 88' lang='lat' dir='ltr'><strong>su-</strong></span> 
     </span>
    </p>
   </div>
   <div class='ocr_carea' id='block_1_58' title="bbox 2130 2736 3715 2826">
    <p class='ocr_par' dir='ltr' id='par_1_58' title="bbox 2130 2736 3715 2826">
     <span class='ocr_line' id='line_1_58' title="bbox 2130 2736 3715 2826; baseline 0.011 -34"><span class='ocrx_word' id='word_1_461' title='bbox 2130 2736 2242 2794; x_wconf 90' lang='lat' dir='ltr'><strong>hito</strong></span> <span class='ocrx_word' id='word_1_462' title='bbox 2260 2737 2641 2799; x_wconf 89' lang='lat' dir='ltr'><strong>inconveniens</strong></span> <span class='ocrx_word' id='word_1_463' title='bbox 2655 2758 2799 2815; x_wconf 85' lang='lat' dir='ltr'><strong>esse,</strong></span> <span class='ocrx_word' id='word_1_464' title='bbox 2815 2746 3017 2804; x_wconf 82' lang='lat' dir='ltr'><strong>ideirco</strong></span> <span class='ocrx_word' id='word_1_465' title='bbox 3045 2751 3296 2820; x_wconf 82' lang='lat' dir='ltr'><strong>quoniam</strong></span> <span class='ocrx_word' id='word_1_466' title='bbox 3319 2752 3530 2809; x_wconf 87' lang='lat' dir='ltr'><strong>videtur</strong></span> <span class='ocrx_word' id='word_1_467' title='bbox 3550 2754 3715 2826; x_wconf 87' lang='lat' dir='ltr'><strong>signi-</strong></span> 
     </span>
    </p>
   </div>
   <div class='ocr_carea' id='block_1_59' title="bbox 2131 2827 3715 2917">
    <p class='ocr_par' dir='ltr' id='par_1_59' title="bbox 2131 2827 3715 2917">
     <span class='ocr_line' id='line_1_59' title="bbox 2131 2827 3715 2917; baseline 0.013 -34"><span class='ocrx_word' id='word_1_468' title='bbox 2131 2827 2290 2887; x_wconf 82' lang='lat' dir='ltr'><strong>ﬁcare</strong></span> <span class='ocrx_word' id='word_1_469' title='bbox 2307 2846 2412 2888; x_wconf 92' lang='lat' dir='ltr'><strong>non</strong></span> <span class='ocrx_word' id='word_1_470' title='bbox 2430 2844 2514 2891; x_wconf 89' lang='lat' dir='ltr'><strong>est</strong></span> <span class='ocrx_word' id='word_1_471' title='bbox 2538 2836 2688 2893; x_wconf 86' lang='lat' dir='ltr'><strong>albus</strong></span> <span class='ocrx_word' id='word_1_472' title='bbox 2710 2837 2893 2907; x_wconf 90' lang='lat' dir='ltr'><strong>homo,</strong></span> <span class='ocrx_word' id='word_1_473' title='bbox 2911 2841 3069 2898; x_wconf 89' lang='lat' dir='ltr'><strong>simul</strong></span> <span class='ocrx_word' id='word_1_474' title='bbox 3091 2844 3252 2900; x_wconf 88' lang='lat' dir='ltr'><strong>etiam</strong></span> <span class='ocrx_word' id='word_1_475' title='bbox 3279 2844 3532 2917; x_wconf 88' lang='lat' dir='ltr'><strong>quoniam</strong></span> <span class='ocrx_word' id='word_1_476' title='bbox 3556 2863 3715 2907; x_wconf 84' lang='lat' dir='ltr'><strong>nemo</strong></span> 
     </span>
    </p>
   </div>
   <div class='ocr_carea' id='block_1_60' title="bbox 2132 2920 3714 3011">
    <p class='ocr_par' dir='ltr' id='par_1_60' title="bbox 2132 2920 3714 3011">
     <span class='ocr_line' id='line_1_60' title="bbox 2132 2920 3714 3011; baseline 0.013 -34"><span class='ocrx_word' id='word_1_477' title='bbox 2132 2920 2293 2979; x_wconf 88' lang='lat' dir='ltr'><strong>homo</strong></span> <span class='ocrx_word' id='word_1_478' title='bbox 2322 2926 2477 2982; x_wconf 87' lang='lat' dir='ltr'><strong>albus</strong></span> <span class='ocrx_word' id='word_1_479' title='bbox 2497 2938 2603 2995; x_wconf 87' lang='lat' dir='ltr'><strong>est,</strong></span> <span class='ocrx_word' id='word_1_480' title='bbox 2632 2929 2938 3002; x_wconf 74' lang='lat' dir='ltr'><strong>huiusmodi</strong></span> <span class='ocrx_word' id='word_1_481' title='bbox 2968 2944 3071 2991; x_wconf 85' lang='lat' dir='ltr'><strong>est.</strong></span> <span class='ocrx_word' id='word_1_482' title='bbox 3104 2936 3246 2993; x_wconf 77' lang='lat' dir='ltr'><strong>Dixit</strong></span> <span class='ocrx_word' id='word_1_483' title='bbox 3282 2939 3428 2995; x_wconf 88' lang='lat' dir='ltr'><strong>enim</strong></span> <span class='ocrx_word' id='word_1_484' title='bbox 3472 2942 3714 3011; x_wconf 88' lang='lat' dir='ltr'><strong>proposi-</strong></span> 
     </span>
    </p>
   </div>
   <div class='ocr_carea' id='block_1_61' title="bbox 2132 3018 3714 3102">
    <p class='ocr_par' dir='ltr' id='par_1_61' title="bbox 2132 3018 3714 3102">
     <span class='ocr_line' id='line_1_61' title="bbox 2132 3018 3714 3102; baseline 0.011 -30"><span class='ocrx_word' id='word_1_485' title='bbox 2132 3018 2336 3075; x_wconf 87' lang='lat' dir='ltr'><strong>tionem</strong></span> <span class='ocrx_word' id='word_1_486' title='bbox 2362 3019 2758 3094; x_wconf 83' lang='lat' dir='ltr'><strong>afﬁrmationis,</strong></span> <span class='ocrx_word' id='word_1_487' title='bbox 2788 3041 2906 3083; x_wconf 89' lang='lat' dir='ltr'><strong>eam</strong></span> <span class='ocrx_word' id='word_1_488' title='bbox 2939 3043 3057 3099; x_wconf 77' lang='lat' dir='ltr'><strong>qua:</strong></span> <span class='ocrx_word' id='word_1_489' title='bbox 3087 3029 3218 3086; x_wconf 90' lang='lat' dir='ltr'><strong>dicit</strong></span> <span class='ocrx_word' id='word_1_490' title='bbox 3237 3042 3322 3088; x_wconf 81' lang='lat' dir='ltr'><strong>est</strong></span> <span class='ocrx_word' id='word_1_491' title='bbox 3351 3034 3512 3090; x_wconf 89' lang='lat' dir='ltr'><strong>homo</strong></span> <span class='ocrx_word' id='word_1_492' title='bbox 3536 3032 3714 3102; x_wconf 85' lang='lat' dir='ltr'><strong>albus,</strong></span> 
     </span>
    </p>
   </div>
   <div class='ocr_carea' id='block_1_62' title="bbox 2128 3122 3715 3190">
    <p class='ocr_par' dir='ltr' id='par_1_62' title="bbox 2128 3122 3715 3190">
     <span class='ocr_line' id='line_1_62' title="bbox 2128 3122 3715 3190; baseline 0.013 -26"><span class='ocrx_word' id='word_1_493' title='bbox 2128 3123 2308 3166; x_wconf 88' lang='lat' dir='ltr'><strong>veram</strong></span> <span class='ocrx_word' id='word_1_494' title='bbox 2336 3124 2495 3180; x_wconf 86' lang='lat' dir='ltr'><strong>posse</strong></span> <span class='ocrx_word' id='word_1_495' title='bbox 2523 3128 2643 3171; x_wconf 88' lang='lat' dir='ltr'><strong>esse</strong></span> <span class='ocrx_word' id='word_1_496' title='bbox 2666 3131 2891 3175; x_wconf 22' lang='lat' dir='ltr'><strong>cumaea</strong></span> <span class='ocrx_word' id='word_1_497' title='bbox 2926 3135 3048 3190; x_wconf 85' lang='lat' dir='ltr'><strong>quae</strong></span> <span class='ocrx_word' id='word_1_498' title='bbox 3084 3122 3215 3179; x_wconf 89' lang='lat' dir='ltr'><strong>dicit</strong></span> <span class='ocrx_word' id='word_1_499' title='bbox 3253 3138 3359 3181; x_wconf 90' lang='lat' dir='ltr'><strong>non</strong></span> <span class='ocrx_word' id='word_1_500' title='bbox 3416 3135 3501 3182; x_wconf 87' lang='lat' dir='ltr'><strong>est</strong></span> <span class='ocrx_word' id='word_1_501' title='bbox 3555 3124 3715 3184; x_wconf 89' lang='lat' dir='ltr'><strong>homo</strong></span> 
     </span>
    </p>
   </div>
   <div class='ocr_carea' id='block_1_63' title="bbox 396 3197 3715 3291">
    <p class='ocr_par' dir='ltr' id='par_1_63' title="bbox 396 3197 3715 3291">
     <span class='ocr_line' id='line_1_63' title="bbox 396 3197 3715 3291; baseline 0.008 -40"><span class='ocrx_word' id='word_1_502' title='bbox 396 3247 404 3251; x_wconf 36' lang='lat'><strong>.</strong></span> <span class='ocrx_word' id='word_1_503' title='bbox 430 3197 581 3252; x_wconf 83' lang='lat' dir='ltr'><strong>simul</strong></span> <span class='ocrx_word' id='word_1_504' title='bbox 603 3198 753 3254; x_wconf 83' lang='lat' dir='ltr'><strong>etiam</strong></span> <span class='ocrx_word' id='word_1_505' title='bbox 780 3201 1020 3271; x_wconf 83' lang='lat' dir='ltr'><strong>quoniam</strong></span> <span class='ocrx_word' id='word_1_506' title='bbox 1044 3218 1192 3257; x_wconf 89' lang='lat' dir='ltr'><strong>nemo</strong></span> <span class='ocrx_word' id='word_1_507' title='bbox 1222 3203 1373 3257; x_wconf 82' lang='lat' dir='ltr'><strong>homo</strong></span> <span class='ocrx_word' id='word_1_508' title='bbox 1406 3214 1480 3259; x_wconf 84' lang='lat' dir='ltr'><strong>est</strong></span> <span class='ocrx_word' id='word_1_509' title='bbox 1509 3204 1677 3261; x_wconf 83' lang='lat' dir='ltr'><strong>albus.</strong></span> <span class='ocrx_word' id='word_1_510' title='bbox 1713 3206 1827 3280; x_wconf 63' lang='lat' dir='ltr'><strong>(loc</strong></span> <span class='ocrx_word' id='word_1_511' title='bbox 1852 3220 2019 3266; x_wconf 85' lang='lat' dir='ltr'><strong>autem</strong></span> <span class='ocrx_word' id='word_1_512' title='bbox 2047 3209 2097 3279; x_wconf 74' lang='grc' dir='ltr'>α</span> <span class='ocrx_word' id='word_1_513' title='bbox 2126 3202 2298 3259; x_wconf 51' lang='lat' dir='ltr'><strong>album</strong></span> <span class='ocrx_word' id='word_1_514' title='bbox 2330 3202 2482 3262; x_wconf 76' lang='grc' dir='ltr'><strong>Νυηο</strong></span> <span class='ocrx_word' id='word_1_515' title='bbox 2516 3205 2619 3264; x_wconf 78' lang='lat' dir='ltr'><strong>hoc</strong></span> <span class='ocrx_word' id='word_1_516' title='bbox 2667 3220 2817 3266; x_wconf 74' lang='lat' dir='ltr'><strong>nom</strong></span> <span class='ocrx_word' id='word_1_517' title='bbox 2852 3228 2867 3268; x_wconf 86' lang='lat'><strong>:</strong></span> <span class='ocrx_word' id='word_1_518' title='bbox 2898 3212 3138 3282; x_wconf 60' lang='lat' dir='ltr'><strong>Vidulur,</strong></span> <span class='ocrx_word' id='word_1_519' title='bbox 3191 3217 3381 3288; x_wconf 84' lang='lat' dir='ltr'><strong>inquit,</strong></span> <span class='ocrx_word' id='word_1_520' title='bbox 3429 3218 3715 3291; x_wconf 77' lang='lat' dir='ltr'><strong>aliquoties</strong></span> 
     </span>
    </p>
   </div>
   <div class='ocr_carea' id='block_1_64' title="bbox 430 3288 1760 3366">
    <p class='ocr_par' dir='ltr' id='par_1_64' title="bbox 430 3288 1760 3366">
     <span class='ocr_line' id='line_1_64' title="bbox 430 3288 1760 3366; baseline 0.01 -24"><span class='ocrx_word' id='word_1_521' title='bbox 430 3303 589 3359; x_wconf 79' lang='lat' dir='ltr'><strong>neque</strong></span> <span class='ocrx_word' id='word_1_522' title='bbox 616 3288 751 3344; x_wconf 84' lang='lat' dir='ltr'><strong>idem</strong></span> <span class='ocrx_word' id='word_1_523' title='bbox 780 3291 1064 3364; x_wconf 82' lang='lat' dir='ltr'><strong>signiﬁcat,</strong></span> <span class='ocrx_word' id='word_1_524' title='bbox 1093 3310 1254 3366; x_wconf 83' lang='lat' dir='ltr'><strong>neque</strong></span> <span class='ocrx_word' id='word_1_525' title='bbox 1272 3296 1429 3350; x_wconf 82' lang='lat' dir='ltr'><strong>simul</strong></span> <span class='ocrx_word' id='word_1_526' title='bbox 1454 3302 1760 3355; x_wconf 73' lang='lat' dir='ltr'><strong>necessario.</strong></span> 
     </span>
    </p>
   </div>
   <div class='ocr_carea' id='block_1_65' title="bbox 503 3382 2021 3460">
    <p class='ocr_par' dir='ltr' id='par_1_65' title="bbox 503 3382 2021 3460">
     <span class='ocr_line' id='line_1_65' title="bbox 503 3382 2021 3460; baseline 0.013 -24"><span class='ocrx_word' id='word_1_527' title='bbox 503 3382 911 3455; x_wconf 85' lang='lat' dir='ltr'><strong>Propositiones</strong></span> <span class='ocrx_word' id='word_1_528' title='bbox 956 3402 1049 3444; x_wconf 91' lang='lat' dir='ltr'><strong>eas</strong></span> <span class='ocrx_word' id='word_1_529' title='bbox 1078 3405 1197 3460; x_wconf 72' lang='lat' dir='ltr'><strong>qua:</strong></span> <span class='ocrx_word' id='word_1_530' title='bbox 1229 3390 1280 3446; x_wconf 91' lang='lat' dir='ltr'><strong>in</strong></span> <span class='ocrx_word' id='word_1_531' title='bbox 1324 3393 1716 3453; x_wconf 85' lang='lat' dir='ltr'><strong>universalihus</strong></span> <span class='ocrx_word' id='word_1_532' title='bbox 1766 3413 1870 3455; x_wconf 90' lang='lat' dir='ltr'><strong>non</strong></span> <span class='ocrx_word' id='word_1_533' title='bbox 1902 3401 2021 3456; x_wconf 87' lang='lat' dir='ltr'><strong>uni-</strong></span> 
     </span>
    </p>
   </div>
   <div class='ocr_carea' id='block_1_66' title="bbox 429 3475 2021 3558">
    <p class='ocr_par' dir='ltr' id='par_1_66' title="bbox 429 3475 2021 3558">
     <span class='ocr_line' id='line_1_66' title="bbox 429 3475 2021 3558; baseline 0.012 -29"><span class='ocrx_word' id='word_1_534' title='bbox 429 3475 713 3533; x_wconf 85' lang='lat' dir='ltr'><strong>versaliter</strong></span> <span class='ocrx_word' id='word_1_535' title='bbox 745 3482 1112 3549; x_wconf 86' lang='lat' dir='ltr'><strong>proferuntur,</strong></span> <span class='ocrx_word' id='word_1_536' title='bbox 1165 3497 1271 3538; x_wconf 91' lang='lat' dir='ltr'><strong>non</strong></span> <span class='ocrx_word' id='word_1_537' title='bbox 1321 3497 1537 3555; x_wconf 90' lang='lat' dir='ltr'><strong>semper</strong></span> <span class='ocrx_word' id='word_1_538' title='bbox 1578 3503 1734 3544; x_wconf 84' lang='lat' dir='ltr'><strong>veras</strong></span> <span class='ocrx_word' id='word_1_539' title='bbox 1764 3504 1909 3558; x_wconf 88' lang='lat' dir='ltr'><strong>esse,</strong></span> <span class='ocrx_word' id='word_1_540' title='bbox 1937 3493 2021 3549; x_wconf 91' lang='lat' dir='ltr'><strong>vel</strong></span> 
     </span>
    </p>
   </div>
   <div class='ocr_carea' id='block_1_67' title="bbox 428 3565 2018 3649">
    <p class='ocr_par' dir='ltr' id='par_1_67' title="bbox 428 3565 2018 3649">
     <span class='ocr_line' id='line_1_67' title="bbox 428 3565 2018 3649; baseline 0.011 -27"><span class='ocrx_word' id='word_1_541' title='bbox 428 3565 587 3623; x_wconf 86' lang='lat' dir='ltr'><strong>falsas</strong></span> <span class='ocrx_word' id='word_1_542' title='bbox 611 3581 836 3627; x_wconf 87' lang='lat' dir='ltr'><strong>conatur</strong></span> <span class='ocrx_word' id='word_1_543' title='bbox 875 3573 1184 3637; x_wconf 89' lang='lat' dir='ltr'><strong>ostendere.</strong></span> <span class='ocrx_word' id='word_1_544' title='bbox 1230 3576 1332 3632; x_wconf 89' lang='lat' dir='ltr'><strong>hoc</strong></span> <span class='ocrx_word' id='word_1_545' title='bbox 1378 3585 1560 3634; x_wconf 85' lang='lat' dir='ltr'><strong>autem</strong></span> <span class='ocrx_word' id='word_1_546' title='bbox 1607 3595 1705 3649; x_wconf 88' lang='lat' dir='ltr'><strong>per</strong></span> <span class='ocrx_word' id='word_1_547' title='bbox 1750 3585 2018 3639; x_wconf 85' lang='lat' dir='ltr'><strong>contraria</strong></span> 
     </span>
    </p>
   </div>
   <div class='ocr_carea' id='block_1_68' title="bbox 427 3667 2019 3745">
    <p class='ocr_par' dir='ltr' id='par_1_68' title="bbox 427 3667 2019 3745">
     <span class='ocr_line' id='line_1_68' title="bbox 427 3667 2019 3745; baseline 0.01 -23"><span class='ocrx_word' id='word_1_548' title='bbox 427 3675 711 3724; x_wconf 85' lang='lat' dir='ltr'><strong>monstrat.</strong></span> <span class='ocrx_word' id='word_1_549' title='bbox 746 3667 818 3723; x_wconf 85' lang='lat' dir='ltr'><strong>Ea</strong></span> <span class='ocrx_word' id='word_1_550' title='bbox 861 3670 1005 3725; x_wconf 91' lang='lat' dir='ltr'><strong>enim</strong></span> <span class='ocrx_word' id='word_1_551' title='bbox 1037 3672 1333 3744; x_wconf 78' lang='lat' dir='ltr'><strong>propositio</strong></span> <span class='ocrx_word' id='word_1_552' title='bbox 1376 3691 1495 3745; x_wconf 64' lang='lat' dir='ltr'><strong>quae</strong></span> <span class='ocrx_word' id='word_1_553' title='bbox 1528 3685 1612 3732; x_wconf 88' lang='lat' dir='ltr'><strong>est</strong></span> <span class='ocrx_word' id='word_1_554' title='bbox 1675 3679 1836 3735; x_wconf 88' lang='lat' dir='ltr'><strong>homo</strong></span> <span class='ocrx_word' id='word_1_555' title='bbox 1864 3681 2019 3739; x_wconf 89' lang='lat' dir='ltr'><strong>albus</strong></span> 
     </span>
    </p>
   </div>
   <div class='ocr_carea' id='block_1_69' title="bbox 426 3759 2017 3841">
    <p class='ocr_par' dir='ltr' id='par_1_69' title="bbox 426 3759 2017 3841">
     <span class='ocr_line' id='line_1_69' title="bbox 426 3759 2017 3841; baseline 0.009 -26"><span class='ocrx_word' id='word_1_556' title='bbox 426 3767 529 3826; x_wconf 83' lang='lat' dir='ltr'><strong>est,</strong></span> <span class='ocrx_word' id='word_1_557' title='bbox 557 3768 610 3814; x_wconf 92' lang='lat' dir='ltr'><strong>et</strong></span> <span class='ocrx_word' id='word_1_558' title='bbox 637 3759 797 3830; x_wconf 87' lang='lat' dir='ltr'><strong>hujus</strong></span> <span class='ocrx_word' id='word_1_559' title='bbox 844 3762 1057 3831; x_wconf 90' lang='lat' dir='ltr'><strong>negatio</strong></span> <span class='ocrx_word' id='word_1_560' title='bbox 1098 3778 1217 3833; x_wconf 72' lang='lat' dir='ltr'><strong>qum</strong></span> <span class='ocrx_word' id='word_1_561' title='bbox 1265 3774 1348 3822; x_wconf 91' lang='lat' dir='ltr'><strong>est</strong></span> <span class='ocrx_word' id='word_1_562' title='bbox 1400 3767 1559 3824; x_wconf 92' lang='lat' dir='ltr'><strong>homo</strong></span> <span class='ocrx_word' id='word_1_563' title='bbox 1586 3770 1740 3826; x_wconf 85' lang='lat' dir='ltr'><strong>albus</strong></span> <span class='ocrx_word' id='word_1_564' title='bbox 1784 3788 1888 3828; x_wconf 92' lang='lat' dir='ltr'><strong>non</strong></span> <span class='ocrx_word' id='word_1_565' title='bbox 1913 3785 2017 3841; x_wconf 87' lang='lat' dir='ltr'><strong>est,</strong></span> 
     </span>
    </p>
   </div>
   <div class='ocr_carea' id='block_1_70' title="bbox 427 3850 2020 3921">
    <p class='ocr_par' dir='ltr' id='par_1_70' title="bbox 427 3850 2020 3921">
     <span class='ocr_line' id='line_1_70' title="bbox 427 3850 2020 3921; baseline 0.009 -15"><span class='ocrx_word' id='word_1_566' title='bbox 427 3850 529 3906; x_wconf 91' lang='lat' dir='ltr'><strong>hoc</strong></span> <span class='ocrx_word' id='word_1_567' title='bbox 558 3851 719 3906; x_wconf 91' lang='lat' dir='ltr'><strong>modo</strong></span> <span class='ocrx_word' id='word_1_568' title='bbox 765 3855 1119 3911; x_wconf 70' lang='lat' dir='ltr'><strong>ostenduntur</strong></span> <span class='ocrx_word' id='word_1_569' title='bbox 1150 3870 1337 3913; x_wconf 91' lang='lat' dir='ltr'><strong>verum</strong></span> <span class='ocrx_word' id='word_1_570' title='bbox 1365 3867 1419 3913; x_wconf 92' lang='lat' dir='ltr'><strong>et</strong></span> <span class='ocrx_word' id='word_1_571' title='bbox 1447 3858 1638 3917; x_wconf 89' lang='lat' dir='ltr'><strong>falsum</strong></span> <span class='ocrx_word' id='word_1_572' title='bbox 1670 3862 1812 3919; x_wconf 89' lang='lat' dir='ltr'><strong>inter</strong></span> <span class='ocrx_word' id='word_1_573' title='bbox 1850 3879 1910 3920; x_wconf 92' lang='lat' dir='ltr'><strong>se</strong></span> <span class='ocrx_word' id='word_1_574' title='bbox 1938 3866 2020 3921; x_wconf 86' lang='lat' dir='ltr'><strong>in-</strong></span> 
     </span>
    </p>
   </div>
   <div class='ocr_carea' id='block_1_71' title="bbox 427 3941 2019 4017">
    <p class='ocr_par' dir='ltr' id='par_1_71' title="bbox 427 3941 2019 4017">
     <span class='ocr_line' id='line_1_71' title="bbox 427 3941 2019 4017; baseline 0.012 -20"><span class='ocrx_word' id='word_1_575' title='bbox 427 3941 634 3998; x_wconf 90' lang='lat' dir='ltr'><strong>terdum</strong></span> <span class='ocrx_word' id='word_1_576' title='bbox 666 3956 770 3999; x_wconf 91' lang='lat' dir='ltr'><strong>non</strong></span> <span class='ocrx_word' id='word_1_577' title='bbox 797 3957 953 4015; x_wconf 85' lang='lat' dir='ltr'><strong>posse</strong></span> <span class='ocrx_word' id='word_1_578' title='bbox 974 3945 1232 4005; x_wconf 88' lang='lat' dir='ltr'><strong>dividere.</strong></span> <span class='ocrx_word' id='word_1_579' title='bbox 1266 3949 1399 4007; x_wconf 83' lang='lat' dir='ltr'><strong>Nam</strong></span> <span class='ocrx_word' id='word_1_580' title='bbox 1430 3954 1474 4009; x_wconf 91' lang='lat' dir='ltr'><strong>si</strong></span> <span class='ocrx_word' id='word_1_581' title='bbox 1506 3970 1690 4012; x_wconf 88' lang='lat' dir='ltr'><strong>verum</strong></span> <span class='ocrx_word' id='word_1_582' title='bbox 1724 3970 1809 4013; x_wconf 88' lang='lat' dir='ltr'><strong>est</strong></span> <span class='ocrx_word' id='word_1_583' title='bbox 1856 3969 1913 4015; x_wconf 93' lang='lat' dir='ltr'><strong>ut</strong></span> <span class='ocrx_word' id='word_1_584' title='bbox 1937 3960 2019 4017; x_wconf 71' lang='lat' dir='ltr'><strong>hae</strong></span> 
     </span>
    </p>
   </div>
   <div class='ocr_carea' id='block_1_72' title="bbox 428 4032 2020 4109">
    <p class='ocr_par' dir='ltr' id='par_1_72' title="bbox 428 4032 2020 4109">
     <span class='ocr_line' id='line_1_72' title="bbox 428 4032 2020 4109; baseline 0.013 -21"><span class='ocrx_word' id='word_1_585' title='bbox 428 4032 549 4089; x_wconf 66' lang='lat' dir='ltr'><strong>duae</strong></span> <span class='ocrx_word' id='word_1_586' title='bbox 577 4033 967 4094; x_wconf 82' lang='lat' dir='ltr'><strong>affirmationes</strong></span> <span class='ocrx_word' id='word_1_587' title='bbox 988 4078 1005 4107; x_wconf 92' lang='lat'><strong>,</strong></span> <span class='ocrx_word' id='word_1_588' title='bbox 1048 4051 1130 4095; x_wconf 86' lang='grc' dir='ltr'><strong>εει</strong></span> <span class='ocrx_word' id='word_1_589' title='bbox 1168 4040 1331 4098; x_wconf 91' lang='lat' dir='ltr'><strong>homo</strong></span> <span class='ocrx_word' id='word_1_590' title='bbox 1364 4044 1516 4101; x_wconf 86' lang='lat' dir='ltr'><strong>albus</strong></span> <span class='ocrx_word' id='word_1_591' title='bbox 1546 4056 1599 4102; x_wconf 90' lang='lat' dir='ltr'><strong>et</strong></span> <span class='ocrx_word' id='word_1_592' title='bbox 1636 4061 1714 4104; x_wconf 87' lang='lat' dir='ltr'><strong>est</strong></span> <span class='ocrx_word' id='word_1_593' title='bbox 1756 4049 1917 4107; x_wconf 91' lang='lat' dir='ltr'><strong>homo</strong></span> <span class='ocrx_word' id='word_1_594' title='bbox 1938 4055 2020 4109; x_wconf 88' lang='lat' dir='ltr'><strong>ni-</strong></span> 
     </span>
    </p>
   </div>
   <div class='ocr_carea' id='block_1_73' title="bbox 424 4138 2011 4218">
    <p class='ocr_par' dir='ltr' id='par_1_73' title="bbox 424 4138 2011 4218">
     <span class='ocr_line' id='line_1_73' title="bbox 424 4138 2011 4218; baseline 0.013 -35"><span class='ocrx_word' id='word_1_595' title='bbox 424 4142 540 4200; x_wconf 82' lang='lat' dir='ltr'><strong>ger,</strong></span> <span class='ocrx_word' id='word_1_596' title='bbox 573 4138 809 4202; x_wconf 63' lang='lat' dir='ltr'><strong>utrasque</strong></span> <span class='ocrx_word' id='word_1_597' title='bbox 832 4146 939 4187; x_wconf 91' lang='lat' dir='ltr'><strong>uno</strong></span> <span class='ocrx_word' id='word_1_598' title='bbox 971 4141 1212 4205; x_wconf 84' lang='lat' dir='ltr'><strong>tempore</strong></span> <span class='ocrx_word' id='word_1_599' title='bbox 1238 4151 1381 4193; x_wconf 67' lang='lat' dir='ltr'><strong>verte</strong></span> <span class='ocrx_word' id='word_1_600' title='bbox 1410 4139 1537 4205; x_wconf 90' lang='lat' dir='ltr'><strong>sint,</strong></span> <span class='ocrx_word' id='word_1_601' title='bbox 1556 4156 1742 4199; x_wconf 86' lang='lat' dir='ltr'><strong>verum</strong></span> <span class='ocrx_word' id='word_1_602' title='bbox 1772 4155 1853 4201; x_wconf 91' lang='lat' dir='ltr'><strong>est</strong></span> <span class='ocrx_word' id='word_1_603' title='bbox 1876 4161 2011 4218; x_wconf 85' lang='lat' dir='ltr'><strong>quo-</strong></span> 
     </span>
    </p>
   </div>
   <div class='ocr_carea' id='block_1_74' title="bbox 423 4221 2013 4312">
    <p class='ocr_par' dir='ltr' id='par_1_74' title="bbox 423 4221 2013 4312">
     <span class='ocr_line' id='line_1_74' title="bbox 423 4221 2013 4312; baseline 0.012 -34"><span class='ocrx_word' id='word_1_604' title='bbox 423 4236 529 4294; x_wconf 90' lang='lat' dir='ltr'><strong>que</strong></span> <span class='ocrx_word' id='word_1_605' title='bbox 555 4221 967 4282; x_wconf 87' lang='lat' dir='ltr'><strong>afflrmationem</strong></span> <span class='ocrx_word' id='word_1_606' title='bbox 995 4226 1325 4285; x_wconf 82' lang='lat' dir='ltr'><strong>indelinitam</strong></span> <span class='ocrx_word' id='word_1_607' title='bbox 1371 4240 1425 4287; x_wconf 91' lang='lat' dir='ltr'><strong>et</strong></span> <span class='ocrx_word' id='word_1_608' title='bbox 1476 4233 1807 4292; x_wconf 86' lang='lat' dir='ltr'><strong>indeflnitam</strong></span> <span class='ocrx_word' id='word_1_609' title='bbox 1849 4255 2013 4312; x_wconf 88' lang='lat' dir='ltr'><strong>nega-</strong></span> 
     </span>
    </p>
   </div>
   <div class='ocr_carea' id='block_1_75' title="bbox 425 4316 2015 4391">
    <p class='ocr_par' dir='ltr' id='par_1_75' title="bbox 425 4316 2015 4391">
     <span class='ocr_line' id='line_1_75' title="bbox 425 4316 2015 4391; baseline 0.013 -22"><span class='ocrx_word' id='word_1_610' title='bbox 425 4316 627 4370; x_wconf 87' lang='lat' dir='ltr'><strong>tionem</strong></span> <span class='ocrx_word' id='word_1_611' title='bbox 671 4323 927 4387; x_wconf 88' lang='lat' dir='ltr'><strong>utrasque</strong></span> <span class='ocrx_word' id='word_1_612' title='bbox 978 4333 1136 4375; x_wconf 87' lang='lat' dir='ltr'><strong>veras</strong></span> <span class='ocrx_word' id='word_1_613' title='bbox 1186 4320 1470 4391; x_wconf 86' lang='lat' dir='ltr'><strong>aliquoties</strong></span> <span class='ocrx_word' id='word_1_614' title='bbox 1520 4324 1772 4384; x_wconf 89' lang='lat' dir='ltr'><strong>inveniri.</strong></span> <span class='ocrx_word' id='word_1_615' title='bbox 1808 4329 1940 4387; x_wconf 84' lang='lat' dir='ltr'><strong>Nam</strong></span> <span class='ocrx_word' id='word_1_616' title='bbox 1968 4334 2015 4389; x_wconf 92' lang='lat' dir='ltr'><strong>si</strong></span> 
     </span>
    </p>
   </div>
   <div class='ocr_carea' id='block_1_76' title="bbox 430 4410 2010 4488">
    <p class='ocr_par' dir='ltr' id='par_1_76' title="bbox 430 4410 2010 4488">
     <span class='ocr_line' id='line_1_76' title="bbox 430 4410 2010 4488; baseline 0.011 -25"><span class='ocrx_word' id='word_1_617' title='bbox 430 4421 615 4463; x_wconf 86' lang='lat' dir='ltr'><strong>verum</strong></span> <span class='ocrx_word' id='word_1_618' title='bbox 652 4415 737 4463; x_wconf 92' lang='lat' dir='ltr'><strong>est</strong></span> <span class='ocrx_word' id='word_1_619' title='bbox 785 4410 1035 4481; x_wconf 85' lang='lat' dir='ltr'><strong>quoniam</strong></span> <span class='ocrx_word' id='word_1_620' title='bbox 1065 4420 1149 4469; x_wconf 92' lang='lat' dir='ltr'><strong>est</strong></span> <span class='ocrx_word' id='word_1_621' title='bbox 1197 4413 1360 4470; x_wconf 88' lang='lat' dir='ltr'><strong>homo</strong></span> <span class='ocrx_word' id='word_1_622' title='bbox 1400 4414 1577 4488; x_wconf 87' lang='lat' dir='ltr'><strong>alhus,</strong></span> <span class='ocrx_word' id='word_1_623' title='bbox 1610 4434 1793 4476; x_wconf 87' lang='lat' dir='ltr'><strong>verum</strong></span> <span class='ocrx_word' id='word_1_624' title='bbox 1828 4423 2010 4481; x_wconf 90' lang='lat' dir='ltr'><strong>itidem</strong></span> 
     </span>
    </p>
   </div>
   <div class='ocr_carea' id='block_1_77' title="bbox 427 4502 2019 4577">
    <p class='ocr_par' dir='ltr' id='par_1_77' title="bbox 427 4502 2019 4577">
     <span class='ocr_line' id='line_1_77' title="bbox 427 4502 2019 4577; baseline 0.011 -21"><span class='ocrx_word' id='word_1_625' title='bbox 427 4509 511 4556; x_wconf 87' lang='lat' dir='ltr'><strong>est</strong></span> <span class='ocrx_word' id='word_1_626' title='bbox 548 4502 800 4572; x_wconf 84' lang='lat' dir='ltr'><strong>quoniam</strong></span> <span class='ocrx_word' id='word_1_627' title='bbox 850 4511 933 4558; x_wconf 89' lang='lat' dir='ltr'><strong>est</strong></span> <span class='ocrx_word' id='word_1_628' title='bbox 982 4503 1145 4561; x_wconf 92' lang='lat' dir='ltr'><strong>homo</strong></span> <span class='ocrx_word' id='word_1_629' title='bbox 1197 4506 1349 4577; x_wconf 89' lang='lat' dir='ltr'><strong>niger</strong></span> <span class='ocrx_word' id='word_1_630' title='bbox 1381 4526 1393 4561; x_wconf 90' lang='lat'><strong>:</strong></span> <span class='ocrx_word' id='word_1_631' title='bbox 1426 4523 1547 4565; x_wconf 90' lang='lat' dir='ltr'><strong>nam</strong></span> <span class='ocrx_word' id='word_1_632' title='bbox 1580 4526 1701 4567; x_wconf 90' lang='lat' dir='ltr'><strong>cum</strong></span> <span class='ocrx_word' id='word_1_633' title='bbox 1732 4513 1917 4572; x_wconf 89' lang='lat' dir='ltr'><strong>Gallus</strong></span> <span class='ocrx_word' id='word_1_634' title='bbox 1946 4518 2019 4573; x_wconf 85' lang='lat' dir='ltr'><strong>sit</strong></span> 
     </span>
    </p>
   </div>
   <div class='ocr_carea' id='block_1_78' title="bbox 2127 3295 3715 3388">
    <p class='ocr_par' dir='ltr' id='par_1_78' title="bbox 2127 3295 3715 3388">
     <span class='ocr_line' id='line_1_78' title="bbox 2127 3295 3715 3388; baseline 0.013 -35"><span class='ocrx_word' id='word_1_635' title='bbox 2127 3295 2513 3359; x_wconf 88' lang='lat' dir='ltr'><strong>inconveniens</strong></span> <span class='ocrx_word' id='word_1_636' title='bbox 2559 3316 2703 3372; x_wconf 88' lang='lat' dir='ltr'><strong>esse,</strong></span> <span class='ocrx_word' id='word_1_637' title='bbox 2738 3314 2795 3360; x_wconf 92' lang='lat' dir='ltr'><strong>et</strong></span> <span class='ocrx_word' id='word_1_638' title='bbox 2840 3306 3193 3379; x_wconf 88' lang='lat' dir='ltr'><strong>incongruum</strong></span> <span class='ocrx_word' id='word_1_639' title='bbox 3239 3312 3419 3370; x_wconf 89' lang='lat' dir='ltr'><strong>dicere</strong></span> <span class='ocrx_word' id='word_1_640' title='bbox 3448 3329 3568 3371; x_wconf 89' lang='lat' dir='ltr'><strong>eam</strong></span> <span class='ocrx_word' id='word_1_641' title='bbox 3596 3332 3715 3388; x_wconf 78' lang='lat' dir='ltr'><strong>qua:</strong></span> 
     </span>
    </p>
   </div>
   <div class='ocr_carea' id='block_1_79' title="bbox 2122 3391 3715 3473">
    <p class='ocr_par' dir='ltr' id='par_1_79' title="bbox 2122 3391 3715 3473">
     <span class='ocr_line' id='line_1_79' title="bbox 2122 3391 3715 3473; baseline 0.013 -27"><span class='ocrx_word' id='word_1_642' title='bbox 2122 3391 2254 3448; x_wconf 92' lang='lat' dir='ltr'><strong>dicit</strong></span> <span class='ocrx_word' id='word_1_643' title='bbox 2278 3402 2359 3449; x_wconf 89' lang='lat' dir='ltr'><strong>est</strong></span> <span class='ocrx_word' id='word_1_644' title='bbox 2387 3392 2549 3450; x_wconf 91' lang='lat' dir='ltr'><strong>homo</strong></span> <span class='ocrx_word' id='word_1_645' title='bbox 2577 3396 2728 3454; x_wconf 89' lang='lat' dir='ltr'><strong>albus</strong></span> <span class='ocrx_word' id='word_1_646' title='bbox 2757 3407 2811 3455; x_wconf 91' lang='lat' dir='ltr'><strong>et</strong></span> <span class='ocrx_word' id='word_1_647' title='bbox 2835 3414 2952 3455; x_wconf 88' lang='lat' dir='ltr'><strong>eam</strong></span> <span class='ocrx_word' id='word_1_648' title='bbox 3006 3418 3125 3473; x_wconf 71' lang='lat' dir='ltr'><strong>qua:</strong></span> <span class='ocrx_word' id='word_1_649' title='bbox 3172 3412 3257 3460; x_wconf 83' lang='lat' dir='ltr'><strong>est</strong></span> <span class='ocrx_word' id='word_1_650' title='bbox 3312 3420 3419 3462; x_wconf 91' lang='lat' dir='ltr'><strong>non</strong></span> <span class='ocrx_word' id='word_1_651' title='bbox 3447 3418 3531 3464; x_wconf 85' lang='lat' dir='ltr'><strong>est</strong></span> <span class='ocrx_word' id='word_1_652' title='bbox 3551 3408 3715 3467; x_wconf 88' lang='lat' dir='ltr'><strong>homo</strong></span> 
     </span>
    </p>
   </div>
   <div class='ocr_carea' id='block_1_80' title="bbox 2123 3484 3775 3573">
    <p class='ocr_par' dir='ltr' id='par_1_80' title="bbox 2123 3484 3775 3573">
     <span class='ocr_line' id='line_1_80' title="bbox 2123 3484 3775 3573; baseline 0.01 -36"><span class='ocrx_word' id='word_1_653' title='bbox 2123 3484 2274 3540; x_wconf 91' lang='lat' dir='ltr'><strong>albus</strong></span> <span class='ocrx_word' id='word_1_654' title='bbox 2312 3486 2471 3542; x_wconf 87' lang='lat' dir='ltr'><strong>simul</strong></span> <span class='ocrx_word' id='word_1_655' title='bbox 2531 3502 2680 3545; x_wconf 80' lang='lat' dir='ltr'><strong>veras</strong></span> <span class='ocrx_word' id='word_1_656' title='bbox 2721 3505 2841 3548; x_wconf 84' lang='lat' dir='ltr'><strong>esse</strong></span> <span class='ocrx_word' id='word_1_657' title='bbox 2880 3507 3059 3563; x_wconf 90' lang='lat' dir='ltr'><strong>posse,</strong></span> <span class='ocrx_word' id='word_1_658' title='bbox 3095 3494 3292 3552; x_wconf 89' lang='lat' dir='ltr'><strong>idcirco</strong></span> <span class='ocrx_word' id='word_1_659' title='bbox 3320 3498 3462 3569; x_wconf 91' lang='lat' dir='ltr'><strong>quod</strong></span> <span class='ocrx_word' id='word_1_660' title='bbox 3497 3514 3563 3555; x_wconf 89' lang='lat' dir='ltr'><strong>ea</strong></span> <span class='ocrx_word' id='word_1_661' title='bbox 3591 3516 3714 3573; x_wconf 67' lang='lat' dir='ltr'><strong>que</strong></span> <span class='ocrx_word' id='word_1_662' title='bbox 3762 3542 3775 3554; x_wconf 89' lang='lat'><strong>.</strong></span> 
     </span>
    </p>
   </div>
   <div class='ocr_carea' id='block_1_81' title="bbox 2124 3579 3712 3663">
    <p class='ocr_par' dir='ltr' id='par_1_81' title="bbox 2124 3579 3712 3663">
     <span class='ocr_line' id='line_1_81' title="bbox 2124 3579 3712 3663; baseline 0.009 -29"><span class='ocrx_word' id='word_1_663' title='bbox 2124 3584 2208 3634; x_wconf 88' lang='lat' dir='ltr'><strong>est</strong></span> <span class='ocrx_word' id='word_1_664' title='bbox 2252 3593 2359 3635; x_wconf 90' lang='lat' dir='ltr'><strong>non</strong></span> <span class='ocrx_word' id='word_1_665' title='bbox 2385 3579 2644 3637; x_wconf 89' lang='lat' dir='ltr'><strong>esthomo</strong></span> <span class='ocrx_word' id='word_1_666' title='bbox 2662 3582 2814 3639; x_wconf 90' lang='lat' dir='ltr'><strong>albus</strong></span> <span class='ocrx_word' id='word_1_667' title='bbox 2847 3587 3044 3641; x_wconf 85' lang='lat' dir='ltr'><strong>emittit</strong></span> <span class='ocrx_word' id='word_1_668' title='bbox 3064 3587 3499 3659; x_wconf 87' lang='lat' dir='ltr'><strong>imaginationem</strong></span> <span class='ocrx_word' id='word_1_669' title='bbox 3525 3607 3712 3663; x_wconf 87' lang='lat' dir='ltr'><strong>quam-</strong></span> 
     </span>
    </p>
   </div>
   <div class='ocr_carea' id='block_1_82' title="bbox 2122 3668 3713 3748">
    <p class='ocr_par' dir='ltr' id='par_1_82' title="bbox 2122 3668 3713 3748">
     <span class='ocr_line' id='line_1_82' title="bbox 2122 3668 3713 3748; baseline 0.012 -23"><span class='ocrx_word' id='word_1_670' title='bbox 2122 3668 2246 3725; x_wconf 89' lang='lat' dir='ltr'><strong>dam</strong></span> <span class='ocrx_word' id='word_1_671' title='bbox 2276 3672 2417 3743; x_wconf 85' lang='lat' dir='ltr'><strong>quod</strong></span> <span class='ocrx_word' id='word_1_672' title='bbox 2446 3674 2709 3746; x_wconf 84' lang='lat' dir='ltr'><strong>significet</strong></span> <span class='ocrx_word' id='word_1_673' title='bbox 2733 3678 2986 3748; x_wconf 88' lang='lat' dir='ltr'><strong>quoniam</strong></span> <span class='ocrx_word' id='word_1_674' title='bbox 3017 3679 3196 3737; x_wconf 90' lang='lat' dir='ltr'><strong>nullus</strong></span> <span class='ocrx_word' id='word_1_675' title='bbox 3237 3680 3401 3739; x_wconf 90' lang='lat' dir='ltr'><strong>homo</strong></span> <span class='ocrx_word' id='word_1_676' title='bbox 3426 3684 3581 3741; x_wconf 90' lang='lat' dir='ltr'><strong>albus</strong></span> <span class='ocrx_word' id='word_1_677' title='bbox 3607 3695 3713 3744; x_wconf 59' lang='lat' dir='ltr'><strong>est.</strong></span> 
     </span>
    </p>
   </div>
   <div class='ocr_carea' id='block_1_83' title="bbox 2126 3760 3711 3845">
    <p class='ocr_par' dir='ltr' id='par_1_83' title="bbox 2126 3760 3711 3845">
     <span class='ocr_line' id='line_1_83' title="bbox 2126 3760 3711 3845; baseline 0.012 -29"><span class='ocrx_word' id='word_1_678' title='bbox 2126 3760 2351 3820; x_wconf 79' lang='lat' dir='ltr'><strong>Videtur</strong></span> <span class='ocrx_word' id='word_1_679' title='bbox 2397 3768 2540 3821; x_wconf 74' lang='lat' dir='ltr'><strong>enim</strong></span> <span class='ocrx_word' id='word_1_680' title='bbox 2587 3768 2804 3838; x_wconf 85' lang='lat' dir='ltr'><strong>negatio</strong></span> <span class='ocrx_word' id='word_1_681' title='bbox 2854 3769 3156 3841; x_wconf 86' lang='lat' dir='ltr'><strong>hujusmodi</strong></span> <span class='ocrx_word' id='word_1_682' title='bbox 3200 3789 3320 3845; x_wconf 69' lang='lat' dir='ltr'><strong>quae</strong></span> <span class='ocrx_word' id='word_1_683' title='bbox 3364 3784 3469 3843; x_wconf 91' lang='lat' dir='ltr'><strong>est,</strong></span> <span class='ocrx_word' id='word_1_684' title='bbox 3496 3792 3604 3833; x_wconf 91' lang='lat' dir='ltr'><strong>non</strong></span> <span class='ocrx_word' id='word_1_685' title='bbox 3630 3790 3711 3835; x_wconf 80' lang='lat' dir='ltr'><strong>est</strong></span> 
     </span>
    </p>
   </div>
   <div class='ocr_carea' id='block_1_84' title="bbox 2123 3854 3710 3939">
    <p class='ocr_par' dir='ltr' id='par_1_84' title="bbox 2123 3854 3710 3939">
     <span class='ocr_line' id='line_1_84' title="bbox 2123 3854 3710 3939; baseline 0.01 -30"><span class='ocrx_word' id='word_1_686' title='bbox 2123 3854 2287 3911; x_wconf 88' lang='lat' dir='ltr'><strong>homo</strong></span> <span class='ocrx_word' id='word_1_687' title='bbox 2314 3856 2486 3927; x_wconf 89' lang='lat' dir='ltr'><strong>albus,</strong></span> <span class='ocrx_word' id='word_1_688' title='bbox 2518 3859 2648 3915; x_wconf 89' lang='lat' dir='ltr'><strong>illud</strong></span> <span class='ocrx_word' id='word_1_689' title='bbox 2676 3875 2889 3933; x_wconf 89' lang='lat' dir='ltr'><strong>quoque</strong></span> <span class='ocrx_word' id='word_1_690' title='bbox 2918 3863 3227 3934; x_wconf 88' lang='lat' dir='ltr'><strong>significare</strong></span> <span class='ocrx_word' id='word_1_691' title='bbox 3268 3867 3427 3922; x_wconf 87' lang='lat' dir='ltr'><strong>simul</strong></span> <span class='ocrx_word' id='word_1_692' title='bbox 3458 3869 3710 3939; x_wconf 87' lang='lat' dir='ltr'><strong>quoniam</strong></span> 
     </span>
    </p>
   </div>
   <div class='ocr_carea' id='block_1_85' title="bbox 2123 3950 3709 4030">
    <p class='ocr_par' dir='ltr' id='par_1_85' title="bbox 2123 3950 3709 4030">
     <span class='ocr_line' id='line_1_85' title="bbox 2123 3950 3709 4030; baseline 0.009 -24"><span class='ocrx_word' id='word_1_693' title='bbox 2123 3950 2303 4006; x_wconf 83' lang='lat' dir='ltr'><strong>nullus</strong></span> <span class='ocrx_word' id='word_1_694' title='bbox 2346 3952 2509 4007; x_wconf 90' lang='lat' dir='ltr'><strong>homo</strong></span> <span class='ocrx_word' id='word_1_695' title='bbox 2551 3952 2705 4010; x_wconf 84' lang='lat' dir='ltr'><strong>albus</strong></span> <span class='ocrx_word' id='word_1_696' title='bbox 2731 3964 2815 4011; x_wconf 88' lang='lat' dir='ltr'><strong>est</strong></span> <span class='ocrx_word' id='word_1_697' title='bbox 2841 3974 2854 4010; x_wconf 89' lang='lat'><strong>:</strong></span> <span class='ocrx_word' id='word_1_698' title='bbox 2884 3965 2941 4012; x_wconf 91' lang='lat' dir='ltr'><strong>ut</strong></span> <span class='ocrx_word' id='word_1_699' title='bbox 2981 3957 3027 4013; x_wconf 89' lang='lat' dir='ltr'><strong>si</strong></span> <span class='ocrx_word' id='word_1_700' title='bbox 3067 3957 3191 4030; x_wconf 91' lang='lat' dir='ltr'><strong>quis</strong></span> <span class='ocrx_word' id='word_1_701' title='bbox 3228 3959 3449 4029; x_wconf 80' lang='lat' dir='ltr'><strong>dixerit,</strong></span> <span class='ocrx_word' id='word_1_702' title='bbox 3493 3977 3602 4018; x_wconf 87' lang='lat' dir='ltr'><strong>non</strong></span> <span class='ocrx_word' id='word_1_703' title='bbox 3631 3974 3709 4022; x_wconf 82' lang='lat' dir='ltr'><strong>est</strong></span> 
     </span>
    </p>
   </div>
   <div class='ocr_carea' id='block_1_86' title="bbox 2125 4044 3709 4127">
    <p class='ocr_par' dir='ltr' id='par_1_86' title="bbox 2125 4044 3709 4127">
     <span class='ocr_line' id='line_1_86' title="bbox 2125 4044 3709 4127; baseline 0.008 -27"><span class='ocrx_word' id='word_1_704' title='bbox 2125 4045 2287 4101; x_wconf 89' lang='lat' dir='ltr'><strong>homo</strong></span> <span class='ocrx_word' id='word_1_705' title='bbox 2313 4044 2486 4117; x_wconf 89' lang='lat' dir='ltr'><strong>albus,</strong></span> <span class='ocrx_word' id='word_1_706' title='bbox 2504 4046 2605 4104; x_wconf 91' lang='lat' dir='ltr'><strong>hoc</strong></span> <span class='ocrx_word' id='word_1_707' title='bbox 2631 4062 2753 4104; x_wconf 90' lang='lat' dir='ltr'><strong>eum</strong></span> <span class='ocrx_word' id='word_1_708' title='bbox 2783 4050 2984 4108; x_wconf 73' lang='lat' dir='ltr'><strong>dixisse</strong></span> <span class='ocrx_word' id='word_1_709' title='bbox 3009 4053 3303 4123; x_wconf 87' lang='lat' dir='ltr'><strong>putandum</strong></span> <span class='ocrx_word' id='word_1_710' title='bbox 3335 4055 3403 4111; x_wconf 87' lang='lat' dir='ltr'><strong>sit</strong></span> <span class='ocrx_word' id='word_1_711' title='bbox 3457 4059 3709 4127; x_wconf 88' lang='lat' dir='ltr'><strong>quoniam</strong></span> 
     </span>
    </p>
   </div>
   <div class='ocr_carea' id='block_1_87' title="bbox 2123 4137 3708 4217">
    <p class='ocr_par' dir='ltr' id='par_1_87' title="bbox 2123 4137 3708 4217">
     <span class='ocr_line' id='line_1_87' title="bbox 2123 4137 3708 4217; baseline 0.008 -24"><span class='ocrx_word' id='word_1_712' title='bbox 2123 4137 2301 4194; x_wconf 89' lang='lat' dir='ltr'><strong>nullus</strong></span> <span class='ocrx_word' id='word_1_713' title='bbox 2323 4138 2485 4196; x_wconf 91' lang='lat' dir='ltr'><strong>homo</strong></span> <span class='ocrx_word' id='word_1_714' title='bbox 2503 4140 2658 4198; x_wconf 86' lang='lat' dir='ltr'><strong>albus</strong></span> <span class='ocrx_word' id='word_1_715' title='bbox 2682 4152 2785 4199; x_wconf 90' lang='lat' dir='ltr'><strong>est.</strong></span> <span class='ocrx_word' id='word_1_716' title='bbox 2815 4142 2926 4199; x_wconf 87' lang='lat' dir='ltr'><strong>Hoc</strong></span> <span class='ocrx_word' id='word_1_717' title='bbox 2947 4154 3148 4212; x_wconf 90' lang='lat' dir='ltr'><strong>autem,</strong></span> <span class='ocrx_word' id='word_1_718' title='bbox 3172 4147 3375 4217; x_wconf 70' lang='lat' dir='ltr'><strong>inquit,</strong></span> <span class='ocrx_word' id='word_1_719' title='bbox 3393 4147 3444 4204; x_wconf 89' lang='lat' dir='ltr'><strong>id</strong></span> <span class='ocrx_word' id='word_1_720' title='bbox 3471 4158 3576 4215; x_wconf 87' lang='lat' dir='ltr'><strong>est,</strong></span> <span class='ocrx_word' id='word_1_721' title='bbox 3600 4165 3708 4206; x_wconf 86' lang='lat' dir='ltr'><strong>non</strong></span> 
     </span>
    </p>
   </div>
   <div class='ocr_carea' id='block_1_88' title="bbox 2122 4232 3709 4306">
    <p class='ocr_par' dir='ltr' id='par_1_88' title="bbox 2122 4232 3709 4306">
     <span class='ocr_line' id='line_1_88' title="bbox 2122 4232 3709 4306; baseline 0.008 -19"><span class='ocrx_word' id='word_1_722' title='bbox 2122 4240 2206 4287; x_wconf 88' lang='lat' dir='ltr'><strong>est</strong></span> <span class='ocrx_word' id='word_1_723' title='bbox 2228 4232 2389 4288; x_wconf 89' lang='lat' dir='ltr'><strong>homo</strong></span> <span class='ocrx_word' id='word_1_724' title='bbox 2417 4232 2593 4299; x_wconf 86' lang='lat' dir='ltr'><strong>albus,</strong></span> <span class='ocrx_word' id='word_1_725' title='bbox 2624 4242 2679 4290; x_wconf 90' lang='lat' dir='ltr'><strong>et</strong></span> <span class='ocrx_word' id='word_1_726' title='bbox 2705 4250 2891 4291; x_wconf 89' lang='lat' dir='ltr'><strong>rursus</strong></span> <span class='ocrx_word' id='word_1_727' title='bbox 2917 4236 3093 4293; x_wconf 89' lang='lat' dir='ltr'><strong>nullus</strong></span> <span class='ocrx_word' id='word_1_728' title='bbox 3116 4237 3277 4293; x_wconf 89' lang='lat' dir='ltr'><strong>homo</strong></span> <span class='ocrx_word' id='word_1_729' title='bbox 3298 4239 3452 4295; x_wconf 87' lang='lat' dir='ltr'><strong>alhus</strong></span> <span class='ocrx_word' id='word_1_730' title='bbox 3485 4251 3587 4306; x_wconf 89' lang='lat' dir='ltr'><strong>est,</strong></span> <span class='ocrx_word' id='word_1_731' title='bbox 3614 4257 3709 4299; x_wconf 83' lang='lat' dir='ltr'><strong>ne-</strong></span> 
     </span>
    </p>
   </div>
   <div class='ocr_carea' id='block_1_89' title="bbox 2123 4324 3709 4402">
    <p class='ocr_par' dir='ltr' id='par_1_89' title="bbox 2123 4324 3709 4402">
     <span class='ocr_line' id='line_1_89' title="bbox 2123 4324 3709 4402; baseline 0.006 -24"><span class='ocrx_word' id='word_1_732' title='bbox 2123 4338 2226 4395; x_wconf 91' lang='lat' dir='ltr'><strong>que</strong></span> <span class='ocrx_word' id='word_1_733' title='bbox 2279 4324 2419 4381; x_wconf 88' lang='lat' dir='ltr'><strong>idem</strong></span> <span class='ocrx_word' id='word_1_734' title='bbox 2467 4325 2807 4396; x_wconf 78' lang='lat' dir='ltr'><strong>signiﬁcant,</strong></span> <span class='ocrx_word' id='word_1_735' title='bbox 2868 4344 3043 4401; x_wconf 88' lang='lat' dir='ltr'><strong>neque</strong></span> <span class='ocrx_word' id='word_1_736' title='bbox 3090 4345 3304 4402; x_wconf 90' lang='lat' dir='ltr'><strong>semper</strong></span> <span class='ocrx_word' id='word_1_737' title='bbox 3354 4332 3515 4388; x_wconf 88' lang='lat' dir='ltr'><strong>simul</strong></span> <span class='ocrx_word' id='word_1_738' title='bbox 3565 4343 3709 4392; x_wconf 89' lang='lat' dir='ltr'><strong>sunt.</strong></span> 
     </span>
    </p>
   </div>
   <div class='ocr_carea' id='block_1_90' title="bbox 2120 4417 3709 4492">
    <p class='ocr_par' dir='ltr' id='par_1_90' title="bbox 2120 4417 3709 4492">
     <span class='ocr_line' id='line_1_90' title="bbox 2120 4417 3709 4492; baseline 0.007 -20"><span class='ocrx_word' id='word_1_739' title='bbox 2120 4417 2252 4473; x_wconf 83' lang='lat' dir='ltr'><strong>Nam</strong></span> <span class='ocrx_word' id='word_1_740' title='bbox 2284 4419 2372 4490; x_wconf 90' lang='lat' dir='ltr'><strong>qui</strong></span> <span class='ocrx_word' id='word_1_741' title='bbox 2428 4419 2558 4475; x_wconf 92' lang='lat' dir='ltr'><strong>dicit</strong></span> <span class='ocrx_word' id='word_1_742' title='bbox 2596 4421 2778 4477; x_wconf 91' lang='lat' dir='ltr'><strong>nullus</strong></span> <span class='ocrx_word' id='word_1_743' title='bbox 2819 4422 2980 4478; x_wconf 89' lang='lat' dir='ltr'><strong>homo</strong></span> <span class='ocrx_word' id='word_1_744' title='bbox 3027 4422 3180 4480; x_wconf 89' lang='lat' dir='ltr'><strong>albus</strong></span> <span class='ocrx_word' id='word_1_745' title='bbox 3209 4433 3313 4492; x_wconf 90' lang='lat' dir='ltr'><strong>est,</strong></span> <span class='ocrx_word' id='word_1_746' title='bbox 3352 4425 3709 4484; x_wconf 73' lang='lat' dir='ltr'><strong>universalem</strong></span> 
     </span>
    </p>
   </div>
   <div class='ocr_carea' id='block_1_91' title="bbox 2120 4509 3707 4589">
    <p class='ocr_par' dir='ltr' id='par_1_91' title="bbox 2120 4509 3707 4589">
     <span class='ocr_line' id='line_1_91' title="bbox 2120 4509 3707 4589; baseline 0.007 -23"><span class='ocrx_word' id='word_1_747' title='bbox 2120 4509 2485 4568; x_wconf 89' lang='lat' dir='ltr'><strong>determinans</strong></span> <span class='ocrx_word' id='word_1_748' title='bbox 2541 4513 2915 4585; x_wconf 87' lang='lat' dir='ltr'><strong>negationem,</strong></span> <span class='ocrx_word' id='word_1_749' title='bbox 2970 4515 3038 4572; x_wconf 89' lang='lat' dir='ltr'><strong>de</strong></span> <span class='ocrx_word' id='word_1_750' title='bbox 3100 4516 3501 4576; x_wconf 86' lang='lat' dir='ltr'><strong>universalitate</strong></span> <span class='ocrx_word' id='word_1_751' title='bbox 3585 4536 3707 4589; x_wconf 73' lang='lat' dir='ltr'><strong>pro-</strong></span> 
     </span>
    </p>
   </div>
   <div class='ocr_carea' id='block_1_92' title="bbox 428 4591 3703 4679">
    <p class='ocr_par' dir='ltr' id='par_1_92' title="bbox 428 4591 3703 4679">
     <span class='ocr_line' id='line_1_92' title="bbox 428 4591 3703 4679; baseline 0.009 -32"><span class='ocrx_word' id='word_1_752' title='bbox 428 4592 707 4661; x_wconf 89' lang='lat' dir='ltr'><strong>candidus,</strong></span> <span class='ocrx_word' id='word_1_753' title='bbox 741 4591 993 4667; x_wconf 64' lang='lat' dir='ltr'><strong>Ethiops</strong></span> <span class='ocrx_word' id='word_1_754' title='bbox 1023 4597 1349 4668; x_wconf 86' lang='lat' dir='ltr'><strong>nigerrimus</strong></span> <span class='ocrx_word' id='word_1_755' title='bbox 1380 4600 1650 4658; x_wconf 90' lang='lat' dir='ltr'><strong>invenitur</strong></span> <span class='ocrx_word' id='word_1_756' title='bbox 1669 4604 1849 4661; x_wconf 84' lang='lat' dir='ltr'><strong>simul.</strong></span> <span class='ocrx_word' id='word_1_757' title='bbox 1876 4607 2017 4679; x_wconf 82' lang='lat' dir='ltr'><strong>Ergo</strong></span> <span class='ocrx_word' id='word_1_758' title='bbox 2045 4601 2099 4665; x_wconf 79' lang='grc' dir='ltr'><strong>Ι)</strong></span> <span class='ocrx_word' id='word_1_759' title='bbox 2122 4605 2290 4677; x_wconf 74' lang='lat' dir='ltr'><strong>ponit.</strong></span> <span class='ocrx_word' id='word_1_760' title='bbox 2315 4605 2417 4674; x_wconf 82' lang='lat' dir='ltr'><strong>Qui</strong></span> <span class='ocrx_word' id='word_1_761' title='bbox 2459 4621 2587 4661; x_wconf 74' lang='lat' dir='ltr'><strong>vero</strong></span> <span class='ocrx_word' id='word_1_762' title='bbox 2609 4607 2758 4675; x_wconf 72' lang='lat' dir='ltr'><strong>dicit.</strong></span> <span class='ocrx_word' id='word_1_763' title='bbox 2801 4624 2907 4665; x_wconf 81' lang='lat' dir='ltr'><strong>non</strong></span> <span class='ocrx_word' id='word_1_764' title='bbox 2938 4619 3022 4667; x_wconf 71' lang='lat' dir='ltr'><strong>est</strong></span> <span class='ocrx_word' id='word_1_765' title='bbox 3061 4610 3223 4668; x_wconf 83' lang='lat' dir='ltr'><strong>homo</strong></span> <span class='ocrx_word' id='word_1_766' title='bbox 3250 4612 3420 4679; x_wconf 72' lang='lat' dir='ltr'><strong>albuS.</strong></span> <span class='ocrx_word' id='word_1_767' title='bbox 3450 4628 3557 4670; x_wconf 79' lang='lat' dir='ltr'><strong>non</strong></span> <span class='ocrx_word' id='word_1_768' title='bbox 3580 4629 3703 4671; x_wconf 83' lang='lat' dir='ltr'><strong>0m-</strong></span> 
     </span>
    </p>
   </div>
   <div class='ocr_carea' id='block_1_93' title="bbox 426 4687 2015 4761">
    <p class='ocr_par' dir='ltr' id='par_1_93' title="bbox 426 4687 2015 4761">
     <span class='ocr_line' id='line_1_93' title="bbox 426 4687 2015 4761; baseline 0.008 -19"><span class='ocrx_word' id='word_1_769' title='bbox 426 4702 612 4742; x_wconf 87' lang='lat' dir='ltr'><strong>verum</strong></span> <span class='ocrx_word' id='word_1_770' title='bbox 651 4694 734 4743; x_wconf 57' lang='lat' dir='ltr'><strong>est</strong></span> <span class='ocrx_word' id='word_1_771' title='bbox 774 4687 957 4745; x_wconf 86' lang='lat' dir='ltr'><strong>dicere</strong></span> <span class='ocrx_word' id='word_1_772' title='bbox 996 4691 1248 4761; x_wconf 88' lang='lat' dir='ltr'><strong>quoniam</strong></span> <span class='ocrx_word' id='word_1_773' title='bbox 1292 4702 1377 4747; x_wconf 89' lang='lat' dir='ltr'><strong>est</strong></span> <span class='ocrx_word' id='word_1_774' title='bbox 1424 4693 1586 4751; x_wconf 85' lang='lat' dir='ltr'><strong>homo</strong></span> <span class='ocrx_word' id='word_1_775' title='bbox 1630 4696 1783 4753; x_wconf 88' lang='lat' dir='ltr'><strong>albus</strong></span> <span class='ocrx_word' id='word_1_776' title='bbox 1834 4707 1890 4755; x_wconf 87' lang='lat' dir='ltr'><strong>et</strong></span> <span class='ocrx_word' id='word_1_777' title='bbox 1933 4711 2015 4758; x_wconf 86' lang='grc' dir='ltr'><strong>εει</strong></span> 
     </span>
    </p>
   </div>
   <div class='ocr_carea' id='block_1_94' title="bbox 423 4778 2014 4858">
    <p class='ocr_par' dir='ltr' id='par_1_94' title="bbox 423 4778 2014 4858">
     <span class='ocr_line' id='line_1_94' title="bbox 423 4778 2014 4858; baseline 0.009 -23"><span class='ocrx_word' id='word_1_778' title='bbox 423 4778 586 4836; x_wconf 81' lang='lat' dir='ltr'><strong>homo</strong></span> <span class='ocrx_word' id='word_1_779' title='bbox 631 4782 783 4854; x_wconf 88' lang='lat' dir='ltr'><strong>niger</strong></span> <span class='ocrx_word' id='word_1_780' title='bbox 814 4798 829 4839; x_wconf 87' lang='lat'><strong>:</strong></span> <span class='ocrx_word' id='word_1_781' title='bbox 857 4784 951 4840; x_wconf 90' lang='lat' dir='ltr'><strong>sed</strong></span> <span class='ocrx_word' id='word_1_782' title='bbox 977 4785 1066 4854; x_wconf 89' lang='lat' dir='ltr'><strong>qui</strong></span> <span class='ocrx_word' id='word_1_783' title='bbox 1099 4784 1252 4856; x_wconf 90' lang='lat' dir='ltr'><strong>niger</strong></span> <span class='ocrx_word' id='word_1_784' title='bbox 1272 4796 1355 4842; x_wconf 90' lang='grc' dir='ltr'><strong>εει</strong></span> <span class='ocrx_word' id='word_1_785' title='bbox 1380 4786 1536 4844; x_wconf 74' lang='lat' dir='ltr'><strong>albus</strong></span> <span class='ocrx_word' id='word_1_786' title='bbox 1562 4794 1671 4846; x_wconf 87' lang='lat' dir='ltr'><strong>non</strong></span> <span class='ocrx_word' id='word_1_787' title='bbox 1701 4800 1821 4858; x_wconf 90' lang='lat' dir='ltr'><strong>est;</strong></span> <span class='ocrx_word' id='word_1_788' title='bbox 1855 4793 2014 4851; x_wconf 91' lang='lat' dir='ltr'><strong>simul</strong></span> 
     </span>
    </p>
   </div>
   <div class='ocr_carea' id='block_1_95' title="bbox 420 4875 2016 4950">
    <p class='ocr_par' dir='ltr' id='par_1_95' title="bbox 420 4875 2016 4950">
     <span class='ocr_line' id='line_1_95' title="bbox 420 4875 2016 4950; baseline 0.007 -18"><span class='ocrx_word' id='word_1_789' title='bbox 420 4890 552 4947; x_wconf 81' lang='lat' dir='ltr'><strong>ergo</strong></span> <span class='ocrx_word' id='word_1_790' title='bbox 593 4891 776 4932; x_wconf 88' lang='lat' dir='ltr'><strong>verum</strong></span> <span class='ocrx_word' id='word_1_791' title='bbox 805 4885 889 4933; x_wconf 90' lang='lat' dir='ltr'><strong>est</strong></span> <span class='ocrx_word' id='word_1_792' title='bbox 932 4875 1113 4932; x_wconf 89' lang='lat' dir='ltr'><strong>dicere</strong></span> <span class='ocrx_word' id='word_1_793' title='bbox 1137 4880 1390 4949; x_wconf 89' lang='lat' dir='ltr'><strong>quoniam</strong></span> <span class='ocrx_word' id='word_1_794' title='bbox 1437 4891 1519 4936; x_wconf 92' lang='lat' dir='ltr'><strong>est</strong></span> <span class='ocrx_word' id='word_1_795' title='bbox 1551 4885 1714 4939; x_wconf 91' lang='lat' dir='ltr'><strong>homo</strong></span> <span class='ocrx_word' id='word_1_796' title='bbox 1752 4883 1927 4950; x_wconf 86' lang='lat' dir='ltr'><strong>albus,</strong></span> <span class='ocrx_word' id='word_1_797' title='bbox 1961 4897 2016 4943; x_wconf 91' lang='lat' dir='ltr'><strong>et</strong></span> 
     </span>
    </p>
   </div>
   <div class='ocr_carea' id='block_1_96' title="bbox 408 4959 2011 5047">
    <p class='ocr_par' dir='ltr' id='par_1_96' title="bbox 408 4959 2011 5047">
     <span class='ocr_line' id='line_1_96' title="bbox 408 4959 2011 5047; baseline 0.007 -26"><span class='ocrx_word' id='word_1_798' title='bbox 408 4959 529 5047; x_wconf 18' lang='lat' dir='ltr'><strong>inon</strong></span> <span class='ocrx_word' id='word_1_799' title='bbox 560 4974 644 5021; x_wconf 85' lang='lat' dir='ltr'><strong>est</strong></span> <span class='ocrx_word' id='word_1_800' title='bbox 674 4964 835 5021; x_wconf 87' lang='lat' dir='ltr'><strong>homo</strong></span> <span class='ocrx_word' id='word_1_801' title='bbox 862 4964 1037 5021; x_wconf 91' lang='lat' dir='ltr'><strong>albus.</strong></span> <span class='ocrx_word' id='word_1_802' title='bbox 1073 4964 1217 5023; x_wconf 81' lang='lat' dir='ltr'><strong>idem</strong></span> <span class='ocrx_word' id='word_1_803' title='bbox 1241 4982 1455 5041; x_wconf 89' lang='lat' dir='ltr'><strong>quoque</strong></span> <span class='ocrx_word' id='word_1_804' title='bbox 1484 4970 1553 5029; x_wconf 91' lang='lat' dir='ltr'><strong>de</strong></span> <span class='ocrx_word' id='word_1_805' title='bbox 1576 4974 1743 5045; x_wconf 88' lang='lat' dir='ltr'><strong>probo</strong></span> <span class='ocrx_word' id='word_1_806' title='bbox 1762 4987 1815 5031; x_wconf 87' lang='lat' dir='ltr'><strong>et</strong></span> <span class='ocrx_word' id='word_1_807' title='bbox 1850 4976 2011 5047; x_wconf 85' lang='lat' dir='ltr'><strong>turpi.</strong></span> 
     </span>
    </p>
   </div>
   <div class='ocr_carea' id='block_1_97' title="bbox 412 5044 2008 5139">
    <p class='ocr_par' dir='ltr' id='par_1_97' title="bbox 412 5044 2008 5139">
     <span class='ocr_line' id='line_1_97' title="bbox 412 5044 2008 5139; baseline 0.005 -23"><span class='ocrx_word' id='word_1_808' title='bbox 412 5044 555 5116; x_wconf 74' lang='lat' dir='ltr'><strong>Nam</strong></span> <span class='ocrx_word' id='word_1_809' title='bbox 583 5059 627 5115; x_wconf 91' lang='lat' dir='ltr'><strong>si</strong></span> <span class='ocrx_word' id='word_1_810' title='bbox 651 5073 835 5115; x_wconf 89' lang='lat' dir='ltr'><strong>verum</strong></span> <span class='ocrx_word' id='word_1_811' title='bbox 863 5068 949 5116; x_wconf 89' lang='lat' dir='ltr'><strong>est</strong></span> <span class='ocrx_word' id='word_1_812' title='bbox 973 5058 1152 5115; x_wconf 88' lang='lat' dir='ltr'><strong>dicere</strong></span> <span class='ocrx_word' id='word_1_813' title='bbox 1186 5062 1440 5130; x_wconf 90' lang='lat' dir='ltr'><strong>quoniam</strong></span> <span class='ocrx_word' id='word_1_814' title='bbox 1468 5074 1552 5121; x_wconf 92' lang='lat' dir='ltr'><strong>est</strong></span> <span class='ocrx_word' id='word_1_815' title='bbox 1580 5044 1753 5123; x_wconf 85' lang='lat' dir='ltr'><strong>homo</strong></span> <span class='ocrx_word' id='word_1_816' title='bbox 1788 5068 2008 5139; x_wconf 65' lang='lat' dir='ltr'><strong>probus,</strong></span> 
     </span>
    </p>
   </div>
   <div class='ocr_carea' id='block_1_98' title="bbox 420 5149 2010 5231">
    <p class='ocr_par' dir='ltr' id='par_1_98' title="bbox 420 5149 2010 5231">
     <span class='ocr_line' id='line_1_98' title="bbox 420 5149 2010 5231; baseline 0.007 -25"><span class='ocrx_word' id='word_1_817' title='bbox 420 5151 466 5207; x_wconf 86' lang='lat' dir='ltr'><strong>si</strong></span> <span class='ocrx_word' id='word_1_818' title='bbox 498 5151 618 5223; x_wconf 88' lang='lat' dir='ltr'><strong>quis</strong></span> <span class='ocrx_word' id='word_1_819' title='bbox 662 5151 764 5207; x_wconf 87' lang='lat' dir='ltr'><strong>hoc</strong></span> <span class='ocrx_word' id='word_1_820' title='bbox 805 5149 873 5208; x_wconf 89' lang='lat' dir='ltr'><strong>de</strong></span> <span class='ocrx_word' id='word_1_821' title='bbox 920 5150 1241 5222; x_wconf 87' lang='lat' dir='ltr'><strong>philosopho</strong></span> <span class='ocrx_word' id='word_1_822' title='bbox 1267 5155 1431 5227; x_wconf 85' lang='lat' dir='ltr'><strong>dicat,</strong></span> <span class='ocrx_word' id='word_1_823' title='bbox 1457 5167 1511 5214; x_wconf 90' lang='lat' dir='ltr'><strong>et</strong></span> <span class='ocrx_word' id='word_1_824' title='bbox 1542 5174 1728 5217; x_wconf 88' lang='lat' dir='ltr'><strong>rursus</strong></span> <span class='ocrx_word' id='word_1_825' title='bbox 1759 5162 2010 5231; x_wconf 80' lang='lat' dir='ltr'><strong>quoniam</strong></span> 
     </span>
    </p>
   </div>
   <div class='ocr_carea' id='block_1_99' title="bbox 418 5244 2010 5326">
    <p class='ocr_par' dir='ltr' id='par_1_99' title="bbox 418 5244 2010 5326">
     <span class='ocr_line' id='line_1_99' title="bbox 418 5244 2010 5326; baseline 0.004 -22"><span class='ocrx_word' id='word_1_826' title='bbox 418 5255 505 5304; x_wconf 83' lang='lat' dir='ltr'><strong>est</strong></span> <span class='ocrx_word' id='word_1_827' title='bbox 542 5245 705 5303; x_wconf 89' lang='lat' dir='ltr'><strong>homo</strong></span> <span class='ocrx_word' id='word_1_828' title='bbox 738 5246 907 5316; x_wconf 88' lang='lat' dir='ltr'><strong>turpis</strong></span> <span class='ocrx_word' id='word_1_829' title='bbox 936 5244 1120 5302; x_wconf 81' lang='lat' dir='ltr'><strong>verum</strong></span> <span class='ocrx_word' id='word_1_830' title='bbox 1164 5259 1247 5307; x_wconf 88' lang='lat' dir='ltr'><strong>est</strong></span> <span class='ocrx_word' id='word_1_831' title='bbox 1289 5255 1333 5308; x_wconf 90' lang='lat' dir='ltr'><strong>si</strong></span> <span class='ocrx_word' id='word_1_832' title='bbox 1365 5256 1487 5326; x_wconf 88' lang='lat' dir='ltr'><strong>quis</strong></span> <span class='ocrx_word' id='word_1_833' title='bbox 1516 5254 1617 5310; x_wconf 88' lang='lat' dir='ltr'><strong>hoc</strong></span> <span class='ocrx_word' id='word_1_834' title='bbox 1648 5255 1715 5311; x_wconf 90' lang='lat' dir='ltr'><strong>de</strong></span> <span class='ocrx_word' id='word_1_835' title='bbox 1746 5254 1889 5325; x_wconf 88' lang='lat' dir='ltr'><strong>Sylla</strong></span> <span class='ocrx_word' id='word_1_836' title='bbox 1929 5255 2010 5310; x_wconf 93' lang='lat' dir='ltr'><strong>di-</strong></span> 
     </span>
    </p>
   </div>
   <div class='ocr_carea' id='block_1_100' title="bbox 415 5349 2008 5425">
    <p class='ocr_par' dir='ltr' id='par_1_100' title="bbox 415 5349 2008 5425">
     <span class='ocr_line' id='line_1_100' title="bbox 415 5349 2008 5425; baseline 0.003 -23"><span class='ocrx_word' id='word_1_837' title='bbox 415 5356 585 5413; x_wconf 86' lang='lat' dir='ltr'><strong>ceret,</strong></span> <span class='ocrx_word' id='word_1_838' title='bbox 620 5363 805 5404; x_wconf 88' lang='lat' dir='ltr'><strong>verum</strong></span> <span class='ocrx_word' id='word_1_839' title='bbox 846 5360 991 5408; x_wconf 79' lang='lat' dir='ltr'><strong>esset</strong></span> <span class='ocrx_word' id='word_1_840' title='bbox 1020 5364 1326 5425; x_wconf 85' lang='lat' dir='ltr'><strong>utrumque,</strong></span> <span class='ocrx_word' id='word_1_841' title='bbox 1350 5363 1405 5409; x_wconf 90' lang='lat' dir='ltr'><strong>et</strong></span> <span class='ocrx_word' id='word_1_842' title='bbox 1433 5352 1684 5424; x_wconf 88' lang='lat' dir='ltr'><strong>quoniam</strong></span> <span class='ocrx_word' id='word_1_843' title='bbox 1734 5359 1818 5405; x_wconf 91' lang='lat' dir='ltr'><strong>est</strong></span> <span class='ocrx_word' id='word_1_844' title='bbox 1848 5349 2008 5406; x_wconf 87' lang='lat' dir='ltr'><strong>homo</strong></span> 
     </span>
    </p>
   </div>
   <div class='ocr_carea' id='block_1_101' title="bbox 416 5439 2005 5518">
    <p class='ocr_par' dir='ltr' id='par_1_101' title="bbox 416 5439 2005 5518">
     <span class='ocr_line' id='line_1_101' title="bbox 416 5439 2005 5518; baseline 0.004 -24"><span class='ocrx_word' id='word_1_845' title='bbox 416 5439 639 5510; x_wconf 86' lang='lat' dir='ltr'><strong>probus,</strong></span> <span class='ocrx_word' id='word_1_846' title='bbox 670 5450 726 5497; x_wconf 90' lang='lat' dir='ltr'><strong>et</strong></span> <span class='ocrx_word' id='word_1_847' title='bbox 752 5452 836 5498; x_wconf 85' lang='lat' dir='ltr'><strong>est</strong></span> <span class='ocrx_word' id='word_1_848' title='bbox 877 5443 1038 5500; x_wconf 91' lang='lat' dir='ltr'><strong>homo</strong></span> <span class='ocrx_word' id='word_1_849' title='bbox 1061 5446 1268 5518; x_wconf 88' lang='lat' dir='ltr'><strong>turpis;</strong></span> <span class='ocrx_word' id='word_1_850' title='bbox 1296 5444 1390 5501; x_wconf 74' lang='lat' dir='ltr'><strong>sed</strong></span> <span class='ocrx_word' id='word_1_851' title='bbox 1420 5445 1509 5515; x_wconf 92' lang='lat' dir='ltr'><strong>qui</strong></span> <span class='ocrx_word' id='word_1_852' title='bbox 1539 5445 1712 5513; x_wconf 85' lang='lat' dir='ltr'><strong>turpis</strong></span> <span class='ocrx_word' id='word_1_853' title='bbox 1745 5454 1849 5510; x_wconf 91' lang='lat' dir='ltr'><strong>est,</strong></span> <span class='ocrx_word' id='word_1_854' title='bbox 1882 5460 2005 5515; x_wconf 78' lang='lat' dir='ltr'><strong>pro-</strong></span> 
     </span>
    </p>
   </div>
   <div class='ocr_carea' id='block_1_102' title="bbox 419 5532 2005 5609">
    <p class='ocr_par' dir='ltr' id='par_1_102' title="bbox 419 5532 2005 5609">
     <span class='ocr_line' id='line_1_102' title="bbox 419 5532 2005 5609; baseline 0.007 -22"><span class='ocrx_word' id='word_1_855' title='bbox 419 5532 516 5588; x_wconf 87' lang='lat' dir='ltr'><strong>bus</strong></span> <span class='ocrx_word' id='word_1_856' title='bbox 535 5549 643 5592; x_wconf 89' lang='lat' dir='ltr'><strong>non</strong></span> <span class='ocrx_word' id='word_1_857' title='bbox 666 5546 770 5593; x_wconf 82' lang='lat' dir='ltr'><strong>est.</strong></span> <span class='ocrx_word' id='word_1_858' title='bbox 803 5537 975 5595; x_wconf 90' lang='lat' dir='ltr'><strong>Simul</strong></span> <span class='ocrx_word' id='word_1_859' title='bbox 1005 5539 1165 5607; x_wconf 77' lang='lat' dir='ltr'><strong>igitur</strong></span> <span class='ocrx_word' id='word_1_860' title='bbox 1196 5555 1381 5595; x_wconf 84' lang='lat' dir='ltr'><strong>verum</strong></span> <span class='ocrx_word' id='word_1_861' title='bbox 1414 5546 1497 5594; x_wconf 90' lang='lat' dir='ltr'><strong>est</strong></span> <span class='ocrx_word' id='word_1_862' title='bbox 1552 5534 2005 5609; x_wconf 34' lang='lat' dir='ltr'><strong>dicere‘quoniam</strong></span> 
     </span>
    </p>
   </div>
   <div class='ocr_carea' id='block_1_103' title="bbox 414 5626 2005 5713">
    <p class='ocr_par' dir='ltr' id='par_1_103' title="bbox 414 5626 2005 5713">
     <span class='ocr_line' id='line_1_103' title="bbox 414 5626 2005 5713; baseline 0.005 -31"><span class='ocrx_word' id='word_1_863' title='bbox 414 5636 496 5682; x_wconf 77' lang='lat' dir='ltr'><strong>est</strong></span> <span class='ocrx_word' id='word_1_864' title='bbox 523 5626 684 5682; x_wconf 92' lang='lat' dir='ltr'><strong>homo</strong></span> <span class='ocrx_word' id='word_1_865' title='bbox 703 5629 921 5700; x_wconf 88' lang='lat' dir='ltr'><strong>probus,</strong></span> <span class='ocrx_word' id='word_1_866' title='bbox 948 5641 1003 5687; x_wconf 91' lang='lat' dir='ltr'><strong>et</strong></span> <span class='ocrx_word' id='word_1_867' title='bbox 1034 5646 1142 5688; x_wconf 91' lang='lat' dir='ltr'><strong>non</strong></span> <span class='ocrx_word' id='word_1_868' title='bbox 1173 5638 1257 5686; x_wconf 87' lang='lat' dir='ltr'><strong>est</strong></span> <span class='ocrx_word' id='word_1_869' title='bbox 1284 5629 1445 5686; x_wconf 88' lang='lat' dir='ltr'><strong>homo</strong></span> <span class='ocrx_word' id='word_1_870' title='bbox 1466 5629 1693 5713; x_wconf 86' lang='lat' dir='ltr'><strong>probus.</strong></span> <span class='ocrx_word' id='word_1_871' title='bbox 1723 5629 1829 5686; x_wconf 82' lang='lat' dir='ltr'><strong>Sed</strong></span> <span class='ocrx_word' id='word_1_872' title='bbox 1855 5631 2005 5690; x_wconf 85' lang='lat' dir='ltr'><strong>vide-</strong></span> 
     </span>
    </p>
   </div>
   <div class='ocr_carea' id='block_1_104' title="bbox 416 5720 2003 5797">
    <p class='ocr_par' dir='ltr' id='par_1_104' title="bbox 416 5720 2003 5797">
     <span class='ocr_line' id='line_1_104' title="bbox 416 5720 2003 5797; baseline 0.001 -18"><span class='ocrx_word' id='word_1_873' title='bbox 416 5720 558 5779; x_wconf 81' lang='lat' dir='ltr'><strong>bitur</strong></span> <span class='ocrx_word' id='word_1_874' title='bbox 582 5721 814 5782; x_wconf 79' lang='lat' dir='ltr'><strong>fortasse</strong></span> <span class='ocrx_word' id='word_1_875' title='bbox 842 5725 1039 5797; x_wconf 87' lang='lat' dir='ltr'><strong>aliquid</strong></span> <span class='ocrx_word' id='word_1_876' title='bbox 1071 5725 1172 5783; x_wconf 89' lang='lat' dir='ltr'><strong>sibi</strong></span> <span class='ocrx_word' id='word_1_877' title='bbox 1201 5724 1404 5783; x_wconf 76' lang='lat' dir='ltr'><strong>dixisse</strong></span> <span class='ocrx_word' id='word_1_878' title='bbox 1439 5726 1791 5793; x_wconf 86' lang='lat' dir='ltr'><strong>contrarium,</strong></span> <span class='ocrx_word' id='word_1_879' title='bbox 1823 5735 1877 5786; x_wconf 93' lang='lat' dir='ltr'><strong>et</strong></span> <span class='ocrx_word' id='word_1_880' title='bbox 1898 5727 2003 5786; x_wconf 78' lang='lat' dir='ltr'><strong>dif.</strong></span> 
     </span>
    </p>
   </div>
   <div class='ocr_carea' id='block_1_105' title="bbox 409 5812 2004 5905">
    <p class='ocr_par' dir='ltr' id='par_1_105' title="bbox 409 5812 2004 5905">
     <span class='ocr_line' id='line_1_105' title="bbox 409 5812 2004 5905; baseline 0.015 -35"><span class='ocrx_word' id='word_1_881' title='bbox 409 5812 603 5885; x_wconf 67' lang='lat' dir='ltr'><strong>ﬂcilior</strong></span> <span class='ocrx_word' id='word_1_882' title='bbox 633 5820 886 5899; x_wconf 78' lang='lat' dir='ltr'><strong>procedat</strong></span> <span class='ocrx_word' id='word_1_883' title='bbox 914 5821 1151 5889; x_wconf 67' lang='lat' dir='ltr'><strong>ostensio</strong></span> <span class='ocrx_word' id='word_1_884' title='bbox 1197 5833 1315 5901; x_wconf 81' lang='lat' dir='ltr'><strong>quae</strong></span> <span class='ocrx_word' id='word_1_885' title='bbox 1344 5834 1443 5903; x_wconf 82' lang='lat' dir='ltr'><strong>per</strong></span> <span class='ocrx_word' id='word_1_886' title='bbox 1470 5818 1775 5905; x_wconf 64' lang='lat' dir='ltr'><strong>huiusmodi</strong></span> <span class='ocrx_word' id='word_1_887' title='bbox 1817 5836 2004 5893; x_wconf 60' lang='lat' dir='ltr'><strong>exortu</strong></span> 
     </span>
    </p>
   </div>
   <div class='ocr_carea' id='block_1_106' title="bbox 2122 4689 3707 4777">
    <p class='ocr_par' dir='ltr' id='par_1_106' title="bbox 2122 4689 3707 4777">
     <span class='ocr_line' id='line_1_106' title="bbox 2122 4689 3707 4777; baseline 0.004 -22"><span class='ocrx_word' id='word_1_888' title='bbox 2122 4700 2248 4756; x_wconf 90' lang='lat' dir='ltr'><strong>nino</strong></span> <span class='ocrx_word' id='word_1_889' title='bbox 2268 4698 2336 4755; x_wconf 90' lang='lat' dir='ltr'><strong>de</strong></span> <span class='ocrx_word' id='word_1_890' title='bbox 2359 4706 2466 4753; x_wconf 89' lang='lat' dir='ltr'><strong>tota</strong></span> <span class='ocrx_word' id='word_1_891' title='bbox 2496 4702 2901 4759; x_wconf 85' lang='lat' dir='ltr'><strong>universalitate</strong></span> <span class='ocrx_word' id='word_1_892' title='bbox 2929 4712 3108 4775; x_wconf 88' lang='lat' dir='ltr'><strong>negat,</strong></span> <span class='ocrx_word' id='word_1_893' title='bbox 3143 4704 3238 4760; x_wconf 87' lang='lat' dir='ltr'><strong>sed</strong></span> <span class='ocrx_word' id='word_1_894' title='bbox 3266 4705 3317 4761; x_wconf 90' lang='lat' dir='ltr'><strong>ei</strong></span> <span class='ocrx_word' id='word_1_895' title='bbox 3360 4689 3572 4777; x_wconf 75' lang='lat' dir='ltr'><strong>tantum</strong></span> <span class='ocrx_word' id='word_1_896' title='bbox 3598 4710 3707 4764; x_wconf 87' lang='lat' dir='ltr'><strong>suf-</strong></span> 
     </span>
    </p>
   </div>
   <div class='ocr_carea' id='block_1_107' title="bbox 2120 4790 3708 4870">
    <p class='ocr_par' dir='ltr' id='par_1_107' title="bbox 2120 4790 3708 4870">
     <span class='ocr_line' id='line_1_107' title="bbox 2120 4790 3708 4870; baseline 0.008 -24"><span class='ocrx_word' id='word_1_897' title='bbox 2120 4792 2232 4846; x_wconf 86' lang='lat' dir='ltr'><strong>ficit</strong></span> <span class='ocrx_word' id='word_1_898' title='bbox 2254 4790 2322 4846; x_wconf 89' lang='lat' dir='ltr'><strong>de</strong></span> <span class='ocrx_word' id='word_1_899' title='bbox 2371 4790 2791 4859; x_wconf 80' lang='lat' dir='ltr'><strong>particularitate</strong></span> <span class='ocrx_word' id='word_1_900' title='bbox 2844 4810 3103 4866; x_wconf 89' lang='lat' dir='ltr'><strong>negasse;</strong></span> <span class='ocrx_word' id='word_1_901' title='bbox 3154 4804 3314 4867; x_wconf 86' lang='lat' dir='ltr'><strong>atque</strong></span> <span class='ocrx_word' id='word_1_902' title='bbox 3352 4812 3418 4854; x_wconf 86' lang='lat' dir='ltr'><strong>ea</strong></span> <span class='ocrx_word' id='word_1_903' title='bbox 3464 4813 3588 4870; x_wconf 64' lang='lat' dir='ltr'><strong>qua</strong></span> <span class='ocrx_word' id='word_1_904' title='bbox 3627 4808 3708 4858; x_wconf 82' lang='lat' dir='ltr'><strong>est</strong></span> 
     </span>
    </p>
   </div>
   <div class='ocr_carea' id='block_1_108' title="bbox 2119 4884 3705 4969">
    <p class='ocr_par' dir='ltr' id='par_1_108' title="bbox 2119 4884 3705 4969">
     <span class='ocr_line' id='line_1_108' title="bbox 2119 4884 3705 4969; baseline 0.005 -29"><span class='ocrx_word' id='word_1_905' title='bbox 2119 4884 2296 4940; x_wconf 91' lang='lat' dir='ltr'><strong>nullus</strong></span> <span class='ocrx_word' id='word_1_906' title='bbox 2344 4885 2507 4938; x_wconf 88' lang='lat' dir='ltr'><strong>homo</strong></span> <span class='ocrx_word' id='word_1_907' title='bbox 2533 4886 2687 4943; x_wconf 85' lang='lat' dir='ltr'><strong>albus</strong></span> <span class='ocrx_word' id='word_1_908' title='bbox 2724 4896 2829 4954; x_wconf 88' lang='lat' dir='ltr'><strong>est,</strong></span> <span class='ocrx_word' id='word_1_909' title='bbox 2860 4887 2907 4943; x_wconf 88' lang='lat' dir='ltr'><strong>si</strong></span> <span class='ocrx_word' id='word_1_910' title='bbox 2937 4902 3075 4944; x_wconf 91' lang='lat' dir='ltr'><strong>unus</strong></span> <span class='ocrx_word' id='word_1_911' title='bbox 3118 4888 3280 4944; x_wconf 89' lang='lat' dir='ltr'><strong>homo</strong></span> <span class='ocrx_word' id='word_1_912' title='bbox 3327 4889 3483 4946; x_wconf 82' lang='lat' dir='ltr'><strong>albus</strong></span> <span class='ocrx_word' id='word_1_913' title='bbox 3524 4890 3705 4969; x_wconf 79' lang='lat' dir='ltr'><strong>fuerit.</strong></span> 
     </span>
    </p>
   </div>
   <div class='ocr_carea' id='block_1_109' title="bbox 2120 4979 3706 5051">
    <p class='ocr_par' dir='ltr' id='par_1_109' title="bbox 2120 4979 3706 5051">
     <span class='ocr_line' id='line_1_109' title="bbox 2120 4979 3706 5051; baseline 0.004 -17"><span class='ocrx_word' id='word_1_914' title='bbox 2120 4980 2251 5035; x_wconf 87' lang='lat' dir='ltr'><strong>falsa</strong></span> <span class='ocrx_word' id='word_1_915' title='bbox 2280 4988 2382 5035; x_wconf 88' lang='lat' dir='ltr'><strong>est.</strong></span> <span class='ocrx_word' id='word_1_916' title='bbox 2414 4979 2490 5035; x_wconf 83' lang='lat' dir='ltr'><strong>Ea</strong></span> <span class='ocrx_word' id='word_1_917' title='bbox 2520 4996 2648 5037; x_wconf 76' lang='lat' dir='ltr'><strong>vero</strong></span> <span class='ocrx_word' id='word_1_918' title='bbox 2670 4997 2789 5051; x_wconf 68' lang='lat' dir='ltr'><strong>quae</strong></span> <span class='ocrx_word' id='word_1_919' title='bbox 2819 4981 2951 5039; x_wconf 87' lang='lat' dir='ltr'><strong>dicit</strong></span> <span class='ocrx_word' id='word_1_920' title='bbox 3003 4997 3113 5039; x_wconf 91' lang='lat' dir='ltr'><strong>non</strong></span> <span class='ocrx_word' id='word_1_921' title='bbox 3143 4993 3229 5040; x_wconf 86' lang='lat' dir='ltr'><strong>est</strong></span> <span class='ocrx_word' id='word_1_922' title='bbox 3268 4984 3432 5040; x_wconf 89' lang='lat' dir='ltr'><strong>homo</strong></span> <span class='ocrx_word' id='word_1_923' title='bbox 3455 4984 3629 5051; x_wconf 85' lang='lat' dir='ltr'><strong>albus,</strong></span> <span class='ocrx_word' id='word_1_924' title='bbox 3662 4987 3706 5042; x_wconf 86' lang='lat' dir='ltr'><strong>si</strong></span> 
     </span>
    </p>
   </div>
   <div class='ocr_carea' id='block_1_110' title="bbox 2121 5071 3704 5149">
    <p class='ocr_par' dir='ltr' id='par_1_110' title="bbox 2121 5071 3704 5149">
     <span class='ocr_line' id='line_1_110' title="bbox 2121 5071 3704 5149; baseline 0.004 -21"><span class='ocrx_word' id='word_1_925' title='bbox 2121 5087 2257 5128; x_wconf 87' lang='lat' dir='ltr'><strong>unus</strong></span> <span class='ocrx_word' id='word_1_926' title='bbox 2302 5071 2466 5130; x_wconf 90' lang='lat' dir='ltr'><strong>homo</strong></span> <span class='ocrx_word' id='word_1_927' title='bbox 2493 5073 2648 5129; x_wconf 89' lang='lat' dir='ltr'><strong>albus</strong></span> <span class='ocrx_word' id='word_1_928' title='bbox 2697 5089 2802 5129; x_wconf 94' lang='lat' dir='ltr'><strong>non</strong></span> <span class='ocrx_word' id='word_1_929' title='bbox 2853 5075 3030 5143; x_wconf 87' lang='lat' dir='ltr'><strong>fuerit,</strong></span> <span class='ocrx_word' id='word_1_930' title='bbox 3056 5091 3185 5133; x_wconf 87' lang='lat' dir='ltr'><strong>vera</strong></span> <span class='ocrx_word' id='word_1_931' title='bbox 3232 5083 3349 5143; x_wconf 88' lang='lat' dir='ltr'><strong>est;</strong></span> <span class='ocrx_word' id='word_1_932' title='bbox 3400 5093 3570 5149; x_wconf 80' lang='lat' dir='ltr'><strong>quare</strong></span> <span class='ocrx_word' id='word_1_933' title='bbox 3598 5094 3704 5135; x_wconf 84' lang='lat' dir='ltr'><strong>non</strong></span> 
     </span>
    </p>
   </div>
   <div class='ocr_carea' id='block_1_111' title="bbox 2118 5164 3705 5241">
    <p class='ocr_par' dir='ltr' id='par_1_111' title="bbox 2118 5164 3705 5241">
     <span class='ocr_line' id='line_1_111' title="bbox 2118 5164 3705 5241; baseline 0.006 -21"><span class='ocrx_word' id='word_1_934' title='bbox 2118 5164 2382 5236; x_wconf 86' lang='lat' dir='ltr'><strong>significat</strong></span> <span class='ocrx_word' id='word_1_935' title='bbox 2446 5166 2608 5223; x_wconf 89' lang='lat' dir='ltr'><strong>idem.</strong></span> <span class='ocrx_word' id='word_1_936' title='bbox 2641 5165 2770 5223; x_wconf 87' lang='lat' dir='ltr'><strong>Dico</strong></span> <span class='ocrx_word' id='word_1_937' title='bbox 2816 5176 2993 5224; x_wconf 90' lang='lat' dir='ltr'><strong>autem</strong></span> <span class='ocrx_word' id='word_1_938' title='bbox 3043 5169 3297 5241; x_wconf 89' lang='lat' dir='ltr'><strong>quoniam</strong></span> <span class='ocrx_word' id='word_1_939' title='bbox 3329 5186 3430 5226; x_wconf 90' lang='lat' dir='ltr'><strong>nec</strong></span> <span class='ocrx_word' id='word_1_940' title='bbox 3480 5174 3705 5237; x_wconf 75' lang='lat' dir='ltr'><strong>omnum</strong></span> 
     </span>
    </p>
   </div>
   <div class='ocr_carea' id='block_1_112' title="bbox 2116 5260 3704 5334">
    <p class='ocr_par' dir='ltr' id='par_1_112' title="bbox 2116 5260 3704 5334">
     <span class='ocr_line' id='line_1_112' title="bbox 2116 5260 3704 5334; baseline 0.008 -24"><span class='ocrx_word' id='word_1_941' title='bbox 2116 5260 2539 5332; x_wconf 77' lang='lat' dir='ltr'><strong>quotiescunque</strong></span> <span class='ocrx_word' id='word_1_942' title='bbox 2566 5260 2770 5317; x_wconf 86' lang='lat' dir='ltr'><strong>dictum</strong></span> <span class='ocrx_word' id='word_1_943' title='bbox 2809 5261 2968 5317; x_wconf 84' lang='lat' dir='ltr'><strong>fuerit</strong></span> <span class='ocrx_word' id='word_1_944' title='bbox 3011 5263 3264 5334; x_wconf 80' lang='lat' dir='ltr'><strong>quoniam</strong></span> <span class='ocrx_word' id='word_1_945' title='bbox 3293 5280 3399 5321; x_wconf 89' lang='lat' dir='ltr'><strong>non</strong></span> <span class='ocrx_word' id='word_1_946' title='bbox 3430 5273 3516 5319; x_wconf 80' lang='lat' dir='ltr'><strong>est</strong></span> <span class='ocrx_word' id='word_1_947' title='bbox 3543 5263 3704 5322; x_wconf 85' lang='lat' dir='ltr'><strong>homo</strong></span> 
     </span>
    </p>
   </div>
   <div class='ocr_carea' id='block_1_113' title="bbox 2117 5353 3701 5433">
    <p class='ocr_par' dir='ltr' id='par_1_113' title="bbox 2117 5353 3701 5433">
     <span class='ocr_line' id='line_1_113' title="bbox 2117 5353 3701 5433; baseline 0.002 -23"><span class='ocrx_word' id='word_1_948' title='bbox 2117 5355 2292 5421; x_wconf 88' lang='lat' dir='ltr'><strong>albus,</strong></span> <span class='ocrx_word' id='word_1_949' title='bbox 2315 5369 2442 5410; x_wconf 78' lang='lat' dir='ltr'><strong>mox</strong></span> <span class='ocrx_word' id='word_1_950' title='bbox 2466 5353 2734 5425; x_wconf 78' lang='lat' dir='ltr'><strong>signiﬁcat</strong></span> <span class='ocrx_word' id='word_1_951' title='bbox 2753 5354 3005 5425; x_wconf 90' lang='lat' dir='ltr'><strong>quoniam</strong></span> <span class='ocrx_word' id='word_1_952' title='bbox 3028 5356 3204 5412; x_wconf 88' lang='lat' dir='ltr'><strong>nullus</strong></span> <span class='ocrx_word' id='word_1_953' title='bbox 3234 5366 3323 5433; x_wconf 89' lang='lat' dir='ltr'><strong>est</strong></span> <span class='ocrx_word' id='word_1_954' title='bbox 3341 5356 3506 5412; x_wconf 90' lang='lat' dir='ltr'><strong>homo</strong></span> <span class='ocrx_word' id='word_1_955' title='bbox 3525 5357 3701 5413; x_wconf 85' lang='lat' dir='ltr'><strong>albus.</strong></span> 
     </span>
    </p>
   </div>
   <div class='ocr_carea' id='block_1_114' title="bbox 2119 5446 3702 5519">
    <p class='ocr_par' dir='ltr' id='par_1_114' title="bbox 2119 5446 3702 5519">
     <span class='ocr_line' id='line_1_114' title="bbox 2119 5446 3702 5519; baseline 0.002 -15"><span class='ocrx_word' id='word_1_956' title='bbox 2119 5448 2250 5504; x_wconf 85' lang='lat' dir='ltr'><strong>Nam</strong></span> <span class='ocrx_word' id='word_1_957' title='bbox 2282 5463 2402 5504; x_wconf 89' lang='lat' dir='ltr'><strong>cum</strong></span> <span class='ocrx_word' id='word_1_958' title='bbox 2433 5448 2555 5503; x_wconf 88' lang='lat' dir='ltr'><strong>dico</strong></span> <span class='ocrx_word' id='word_1_959' title='bbox 2584 5446 2765 5502; x_wconf 81' lang='lat' dir='ltr'><strong>nullus</strong></span> <span class='ocrx_word' id='word_1_960' title='bbox 2809 5446 2970 5502; x_wconf 90' lang='lat' dir='ltr'><strong>homo</strong></span> <span class='ocrx_word' id='word_1_961' title='bbox 3008 5446 3163 5519; x_wconf 85' lang='lat' dir='ltr'><strong>albus</strong></span> <span class='ocrx_word' id='word_1_962' title='bbox 3207 5456 3310 5515; x_wconf 86' lang='lat' dir='ltr'><strong>est,</strong></span> <span class='ocrx_word' id='word_1_963' title='bbox 3359 5447 3477 5504; x_wconf 71' lang='lat' dir='ltr'><strong>haec</strong></span> <span class='ocrx_word' id='word_1_964' title='bbox 3513 5446 3702 5507; x_wconf 82' lang='lat' dir='ltr'><strong>eadem</strong></span> 
     </span>
    </p>
   </div>
   <div class='ocr_carea' id='block_1_115' title="bbox 2114 5538 3702 5613">
    <p class='ocr_par' dir='ltr' id='par_1_115' title="bbox 2114 5538 3702 5613">
     <span class='ocr_line' id='line_1_115' title="bbox 2114 5538 3702 5613; baseline -0.002 -16"><span class='ocrx_word' id='word_1_965' title='bbox 2114 5540 2382 5613; x_wconf 84' lang='lat' dir='ltr'><strong>significat</strong></span> <span class='ocrx_word' id='word_1_966' title='bbox 2424 5538 2679 5609; x_wconf 86' lang='lat' dir='ltr'><strong>quoniam</strong></span> <span class='ocrx_word' id='word_1_967' title='bbox 2718 5552 2826 5595; x_wconf 92' lang='lat' dir='ltr'><strong>non</strong></span> <span class='ocrx_word' id='word_1_968' title='bbox 2855 5546 2941 5595; x_wconf 85' lang='lat' dir='ltr'><strong>est</strong></span> <span class='ocrx_word' id='word_1_969' title='bbox 2968 5538 3135 5597; x_wconf 88' lang='lat' dir='ltr'><strong>homo</strong></span> <span class='ocrx_word' id='word_1_970' title='bbox 3158 5538 3332 5595; x_wconf 90' lang='lat' dir='ltr'><strong>albus.</strong></span> <span class='ocrx_word' id='word_1_971' title='bbox 3369 5539 3702 5595; x_wconf 79' lang='lat' dir='ltr'><strong>Universalis</strong></span> 
     </span>
    </p>
   </div>
   <div class='ocr_carea' id='block_1_116' title="bbox 2112 5631 3701 5695">
    <p class='ocr_par' dir='ltr' id='par_1_116' title="bbox 2112 5631 3701 5695">
     <span class='ocr_line' id='line_1_116' title="bbox 2112 5631 3701 5695; baseline -0.004 0"><span class='ocrx_word' id='word_1_972' title='bbox 2112 5637 2256 5695; x_wconf 91' lang='lat' dir='ltr'><strong>enim</strong></span> <span class='ocrx_word' id='word_1_973' title='bbox 2286 5636 2423 5693; x_wconf 85' lang='lat' dir='ltr'><strong>intra</strong></span> <span class='ocrx_word' id='word_1_974' title='bbox 2453 5650 2513 5691; x_wconf 88' lang='lat' dir='ltr'><strong>se</strong></span> <span class='ocrx_word' id='word_1_975' title='bbox 2537 5634 2778 5691; x_wconf 90' lang='lat' dir='ltr'><strong>continet</strong></span> <span class='ocrx_word' id='word_1_976' title='bbox 2806 5631 3159 5690; x_wconf 78' lang='lat' dir='ltr'><strong>indeﬁnitam.</strong></span> <span class='ocrx_word' id='word_1_977' title='bbox 3188 5631 3321 5690; x_wconf 86' lang='lat' dir='ltr'><strong>Cum</strong></span> <span class='ocrx_word' id='word_1_978' title='bbox 3350 5640 3529 5689; x_wconf 85' lang='lat' dir='ltr'><strong>autem</strong></span> <span class='ocrx_word' id='word_1_979' title='bbox 3569 5631 3701 5689; x_wconf 74' lang='lat' dir='ltr'><strong>diei~</strong></span> 
     </span>
    </p>
   </div>
   <div class='ocr_carea' id='block_1_117' title="bbox 2113 5722 3701 5794">
    <p class='ocr_par' dir='ltr' id='par_1_117' title="bbox 2113 5722 3701 5794">
     <span class='ocr_line' id='line_1_117' title="bbox 2113 5722 3701 5794; baseline -0.007 -5"><span class='ocrx_word' id='word_1_980' title='bbox 2113 5745 2234 5790; x_wconf 89' lang='lat' dir='ltr'><strong>mus</strong></span> <span class='ocrx_word' id='word_1_981' title='bbox 2275 5744 2381 5786; x_wconf 90' lang='lat' dir='ltr'><strong>non</strong></span> <span class='ocrx_word' id='word_1_982' title='bbox 2427 5737 2511 5785; x_wconf 85' lang='lat' dir='ltr'><strong>est</strong></span> <span class='ocrx_word' id='word_1_983' title='bbox 2558 5726 2723 5783; x_wconf 88' lang='lat' dir='ltr'><strong>homo</strong></span> <span class='ocrx_word' id='word_1_984' title='bbox 2761 5724 2941 5794; x_wconf 82' lang='lat' dir='ltr'><strong>albus,</strong></span> <span class='ocrx_word' id='word_1_985' title='bbox 3002 5739 3111 5783; x_wconf 87' lang='lat' dir='ltr'><strong>non</strong></span> <span class='ocrx_word' id='word_1_986' title='bbox 3158 5727 3383 5782; x_wconf 89' lang='lat' dir='ltr'><strong>omnino</strong></span> <span class='ocrx_word' id='word_1_987' title='bbox 3437 5722 3701 5794; x_wconf 79' lang='lat' dir='ltr'><strong>significat</strong></span> 
     </span>
    </p>
   </div>
   <div class='ocr_carea' id='block_1_118' title="bbox 2113 5817 3699 5906">
    <p class='ocr_par' dir='ltr' id='par_1_118' title="bbox 2113 5817 3699 5906">
     <span class='ocr_line' id='line_1_118' title="bbox 2113 5817 3699 5906; baseline 0.002 -22"><span class='ocrx_word' id='word_1_988' title='bbox 2113 5824 2367 5906; x_wconf 61' lang='lat' dir='ltr'><strong>quoniam</strong></span> <span class='ocrx_word' id='word_1_989' title='bbox 2403 5819 2578 5888; x_wconf 72' lang='lat' dir='ltr'><strong>uultus</strong></span> <span class='ocrx_word' id='word_1_990' title='bbox 2610 5818 2770 5889; x_wconf 80' lang='lat' dir='ltr'><strong>homo</strong></span> <span class='ocrx_word' id='word_1_991' title='bbox 2795 5819 2949 5887; x_wconf 80' lang='lat' dir='ltr'><strong>Illml</strong></span> <span class='ocrx_word' id='word_1_992' title='bbox 2974 5827 3080 5896; x_wconf 75' lang='lat' dir='ltr'><strong>est.</strong></span> <span class='ocrx_word' id='word_1_993' title='bbox 3114 5818 3388 5890; x_wconf 75' lang='lat' dir='ltr'><strong>iudctiniu</strong></span> <span class='ocrx_word' id='word_1_994' title='bbox 3414 5817 3559 5897; x_wconf 71' lang='lat' dir='ltr'><strong>enim</strong></span> <span class='ocrx_word' id='word_1_995' title='bbox 3590 5831 3699 5887; x_wconf 73' lang='lat' dir='ltr'><strong>non</strong></span> 
     </span>
    </p>
   </div>
  </div>
