4022 6332
281 388 391 447 431
1026 386 1092 443 ΙΝ
1131 387 1383 444 LIBRUM
1427 386 1513 441 DE
1558 384 2203 442 INTERPRETATIONE
2247 383 2470 440 EDITIU
2510 384 2835 442 SECUNDA.
2983 343 3006 362 ς
3467 386 3570 445 ιθὶ

287 523 433 568 intra
481 527 539 567 se
585 510 823 567 continet
886 509 1256 566 universaletn.
1324 508 1582 578 Superius
1649 520 1880 573 namque
1911 504 1959 566 Α
1995 491 2308 557 universalis
2356 503 2569 573 negatio
2616 511 2809 572 potest,
2859 514 2911 556 et
2955 511 3036 556 est
3083 501 3184 556 alia
3229 500 3570 571 universalis,

287 605 711 658 n.on~travimus
767 600 906 671 quod
968 600 1255 656 indefinite:
1307 601 1413 653 vim
1478 595 1877 668 particulariutn
1995 597 2096 649 alia
2124 594 2396 650 indeﬁnita
2425 595 2653 665 negatio.
2685 595 2814 649 Nam
2847 595 2890 649 si
2918 595 3200 666 unicuique
3231 594 3575 650 afﬁrmationi

287 696 622 748 obtinerent.
651 693 827 760 Quare
855 693 899 747 si
929 708 1049 747 cum
1079 700 1162 746 est
1193 689 1511 746 universalis
1537 689 1770 760 negatio,
1800 695 1884 742 est
1995 705 2096 743 una
2129 690 2340 759 negatio
2371 689 2577 744 videtur
2606 689 2826 759 opponi,
2860 705 3086 760 cumque
3124 689 3351 745 diversa:
3380 690 3480 744 sint
3513 705 3574 745 ea

289 784 574 839 iii-leﬁuita
611 786 841 854 negatio,
871 798 994 840 cum
1039 799 1166 839 vero
1203 794 1284 839 est
1330 783 1604 839 iudeﬁnita
1650 783 1882 853 negatio,
1992 778 2278 834 afﬁrmatio
2306 795 2423 850 qua:
2472 780 2602 835 dicit
2647 789 2729 835 est
2784 779 2944 834 homo
2966 781 3118 836 albus
3142 789 3195 835 et
3222 796 3284 836 ea
3308 797 3428 851 quae
3449 780 3578 837 dicit

292 892 404 930 um
431 877 652 931 omnino
686 885 769 932 est
809 875 1124 932 universalis
1147 876 1377 946 negatio,
1407 891 1512 931 non
1557 875 1888 930 convertitur
1993 883 2077 930 est
2105 874 2318 946 quidam
2351 876 2512 930 bomo
2556 875 2730 942 albus,
2780 875 3019 931 diversas
3049 890 3260 946 quoque
3307 875 3578 931 habebunt

291 969 593 1026 secundum
643 968 968 1024 subsistendi
1025 969 1500 1040 consequentiam;
1558 985 1724 1040 quare
1784 983 1887 1022 non
1995 969 2048 1022 in
2097 969 2467 1039 negationibus
2517 969 2934 1032 enuntiationes,
2977 978 3031 1023 et
3077 967 3166 1022 illa
3207 966 3418 1037 quidem
3460 983 3578 1036 qua:

292 1073 422 1118 sunt
452 1062 632 1118 simul.
666 1061 795 1129 Quae
830 1063 974 1118 enim
1006 1078 1111 1118 non
1148 1070 1553 1131 convertuntur,
1590 1059 1748 1116 simul
1780 1075 1885 1115 non
1994 1058 2270 1114 indetinita
2311 1070 2394 1115 est
2421 1059 2704 1116 afﬁrmatio
2737 1060 2949 1138 habebit
2979 1059 3307 1116 indeﬁnitam
3339 1061 3575 1130 negatio-

292 1162 448 1218 sunt,
476 1162 537 1208 ut
564 1167 661 1208 nos
701 1153 1241 1209 Praedicamentorum
1285 1153 1418 1207 liber
1448 1151 1689 1216 edocuit;
1720 1165 1887 1222 quare
1997 1169 2142 1220 nem,
2178 1162 2234 1207 ut
2264 1170 2326 1207 ea
2357 1169 2476 1224 qua:
2506 1153 2634 1209 dicit
2666 1163 2747 1208 est
2781 1153 2940 1208 homo
2994 1153 3147 1208 albus
3203 1153 3325 1207 liuic
3356 1153 3578 1222 opponi-

293 1262 477 1318 neque
550 1248 689 1303 idem
739 1247 1039 1320 signiﬁcant
1091 1247 1402 1317 negationes
1443 1263 1547 1303 non
1593 1255 1676 1303 est
1725 1245 1888 1301 homo
1999 1254 2084 1300 tur
2133 1262 2238 1301 non
2269 1257 2351 1300 est
2384 1246 2542 1301 homo
2570 1247 2740 1302 albus.
2780 1248 2851 1300 Ea
2883 1261 3009 1302 vero
3038 1261 3157 1316 qua:
3188 1246 3316 1301 dicit
3365 1256 3447 1301 est
3472 1245 3579 1314 qui-

294 1339 454 1394 albns
507 1349 562 1396 et
602 1340 780 1395 nullus
825 1341 990 1396 homo
1020 1341 1172 1396 albus
1203 1349 1307 1409 est,
1342 1355 1514 1410 neque
1543 1340 1703 1395 simul
1739 1347 1886 1404 sunt,
1996 1338 2118 1393 dam
2151 1339 2310 1394 bomo
2333 1339 2484 1393 albus
2537 1338 2870 1409 negationem
2905 1338 3122 1393 habebit
3145 1338 3439 1409 oppositam
3463 1353 3580 1393 eam

297 1432 554 1500 quoniam
593 1447 697 1486 non
728 1442 1118 1488 convertuntur
1162 1431 1228 1486 ad
1275 1432 1716 1502 consequentiam
1763 1431 1894 1486 sub-
1997 1446 2116 1500 quae
2147 1429 2274 1485 dicit
2331 1431 2509 1485 nullus
2541 1431 2699 1486 homo
2729 1431 2882 1486 albus
2909 1439 3011 1485 est.
3055 1431 3233 1496 Quare
3260 1430 3305 1484 si
3347 1431 3580 1498 particu-

297 1523 546 1578 sistendi.
600 1524 860 1594 Syrianus
904 1533 1085 1580 tamen
1128 1524 1314 1580 nititur
1355 1523 1685 1579 indetiuitam
1730 1537 1888 1594 nega-
1999 1520 2126 1574 laris
2183 1521 2470 1577 afﬁrmatio
2509 1522 2722 1578 definita
2772 1533 2822 1577 et
2865 1538 3050 1576 rursus
3081 1521 3364 1575 affirmatio
3396 1521 3580 1577 indeﬁ-

297 1617 503 1671 tionem
546 1617 648 1671 vim
693 1617 927 1673 deﬁnita:
959 1617 1204 1673 obtinere
1256 1617 1554 1688 negationis
1584 1617 1892 1683 ostendere,
1999 1613 2108 1668 uita
2140 1629 2166 1666 a
2196 1629 2254 1669 se
2286 1615 2416 1684 ipsae
2446 1615 2670 1670 diversa:
2705 1625 2850 1680 sunt,
2896 1615 3024 1670 illud
3058 1630 3239 1670 verum
3287 1625 3388 1679 est,
3419 1630 3582 1684 Oppo-

295 1718 354 1764 et
387 1709 490 1764 boc
519 1710 699 1764 multis
732 1713 959 1780 probare
989 1709 1178 1764 nititur
1207 1710 1558 1780 argumentis,
1605 1707 1896 1764 Aristotele
1999 1705 2129 1759 sitas
2161 1721 2372 1776 quoque
2403 1709 2832 1763 contradictorizn
2867 1709 3178 1778 negationes
3210 1708 3405 1764 habere
3433 1709 3584 1764 dissi-

295 1804 538 1861 maxitne
565 1805 934 1870 reclamante;
982 1818 1157 1874 neque
1205 1803 1306 1857 hoc
1361 1812 1566 1857 tantum
1618 1802 1750 1871 suis,
1802 1800 1894 1856 sed
2003 1801 2179 1859 miles.
2229 1802 2406 1870 Quare
2457 1805 2518 1858 ea
2569 1821 2687 1874 quae
2727 1814 2809 1860 est
2861 1807 3037 1860 nullus
3081 1807 3240 1860 homo
3284 1805 3459 1874 justus
3509 1814 3588 1860 est

295 1896 598 1953 I‘latontcis
650 1912 864 1968 qooque
907 1897 1371 1966 Aristotelicisque
1417 1896 1732 1959 rationibus,
1771 1908 1893 1964 pro-
1925 1887 1972 1949 B
2003 1897 2212 1953 diversa
2257 1907 2338 1954 est
2381 1897 2447 1952 ab
2491 1915 2550 1953 ea
2584 1915 2703 1968 quae
2730 1899 2858 1954 dicit
2922 1904 3080 1953 homo
3123 1899 3298 1967 justus
3343 1914 3446 1951 non
3485 1908 3586 1962 est,

295 1990 435 2046 bare
459 1992 760 2057 contendit,
811 2006 928 2048 eam
955 2008 1074 2063 quae
1099 1992 1226 2047 dicit
1257 2007 1360 2047 non
1392 2001 1477 2046 est
1531 1991 1691 2045 homo
1718 1991 1893 2060 justus
2001 2000 2159 2061 atque
2175 1991 2276 2046 hoc
2299 2007 2437 2046 nunc
2453 1992 2773 2048 Aristoteles
2794 1995 3133 2063 exsequitur.
3154 1995 3404 2051 Aitenim
3430 2009 3585 2048 unam

298 2084 616 2155 hujusmodi
648 2099 768 2141 esse
810 2086 982 2156 qualis
1011 2095 1091 2141 est
1118 2101 1178 2142 ea
1211 2101 1325 2156 qua:
1371 2086 1501 2140 dicit
1529 2085 1708 2141 nullus
1735 2083 1894 2139 homo
2002 2101 2218 2155 semper
2239 2086 2577 2156 negationem
2618 2096 2804 2142 contra
2824 2086 3408 2143 unamafﬁrmationetn
3435 2099 3591 2155 posse

298 2175 477 2246 iustus
506 2186 608 2233 est.
637 2177 742 2236 Sed
776 2193 871 2233 nos
919 2177 1274 2234 Aristotelicze
1311 2179 1615 2233 auctoritati
1649 2177 1894 2232 servien-
2001 2178 2280 2245 constitui,
2323 2189 2375 2234 et
2403 2180 2516 2250 ejus
2557 2194 2772 2236 causam
2823 2189 3048 2235 conatur
3087 2180 3392 2245 ostendere,
3449 2179 3590 2250 quod

306 2277 390 2325 tes
437 2269 488 2325 id
522 2271 664 2340 quod
704 2274 771 2326 ab
816 2271 909 2327 illo
962 2273 1222 2327 veraciter
1271 2272 1467 2327 dicitur
1511 2271 1893 2342 approbatnus.
2003 2279 2179 2332 omnis
2221 2279 2436 2348 negatio
2475 2277 2696 2333 eosdem
2744 2277 2999 2333 terminos
3047 2277 3208 2331 habet
3255 2278 3306 2330 in
3351 2276 3592 2330 enuntia-

301 2359 441 2417 Nam
467 2363 607 2433 qvod
632 2363 890 2435 Syrianu‘s
917 2363 1044 2420 dicit
1074 2364 1403 2420 indeﬁnitam
1426 2364 1638 2434 quidem
1663 2365 1901 2418 affirtlta-
2008 2371 2175 2436 tione,
2215 2371 2309 2425 sed
2353 2370 2666 2425 enuntiandi
2707 2369 2865 2426 modo
2893 2369 3108 2425 diversa
3139 2379 3240 2424 est.
3289 2368 3418 2422 Nam
3452 2368 3592 2438 quod

303 2458 510 2512 tionem
557 2458 896 2528 particularis
936 2458 1182 2512 obtinere
1225 2459 1354 2526 vim,
1403 2457 1737 2514 inilefinitam
1772 2471 1900 2513 vero
2007 2465 2156 2535 ponit
2188 2465 2473 2520 amrmatio
2505 2464 2555 2519 id
2585 2464 2708 2520 aufe
2728 2473 2778 2517 rt
2807 2466 3051 2534 negatio;
3085 2474 3137 2518 et
3167 2463 3308 2534 quod
3340 2463 3424 2517 illa
3455 2478 3592 2532 pra:-

301 2550 648 2620 negationcm
674 2549 1013 2620 universalis,
1042 2567 1200 2620 quam
1233 2551 1565 2608 mendaciter
1605 2551 1898 2615 diceretur,
2006 2560 2236 2615 dicatum
2259 2558 2506 2628 subjecto
2528 2558 2724 2628 juny't,
2745 2561 2844 2613 hoc
2875 2557 2962 2613 illa
2991 2557 3185 2612 dividit
3206 2567 3365 2627 atque
3390 2556 3593 2625 disjun-

304 2656 578 2713 quamque
620 2654 858 2713 utraeque
886 2643 938 2697 in
973 2644 1382 2712 particularibus
1426 2643 1726 2700 rectissime
1769 2659 1898 2716 pro-
2007 2654 2102 2724 git.
2144 2654 2323 2720 Quare
2366 2653 2410 2707 si
2443 2652 2584 2707 idem
2618 2652 2940 2720 subjectum,
2985 2649 3124 2706 idem
3160 2650 3503 2721 praedicatum
3540 2650 3593 2705 in

301 2742 661 2803 ponerentur,
711 2743 766 2791 et
805 2750 964 2805 supra
1022 2739 1464 2805 monstravimus,
1495 2745 1548 2791 et
1596 2736 1646 2791 in
1705 2735 1789 2792 bis
1839 2736 1902 2792 li-
2011 2746 2294 2817 negatione
2324 2745 2411 2810 sit,
2441 2743 2581 2814 quod
2611 2743 2899 2798 afﬁrmatio
2928 2752 3051 2796 ante
3081 2752 3348 2811 posuerat,
3381 2757 3486 2795 non
3513 2751 3594 2796 est

305 2822 422 2881 bris
461 2842 597 2898 quos
625 2825 692 2883 de
735 2827 1066 2898 Categoricis
1097 2829 1432 2900 Syllogismis
1476 2829 1893 2899 composuimus,

2008 2839 2226 2895 dubittm
2261 2839 2384 2908 quin
2417 2837 2574 2891 unius
2604 2835 2977 2890 afﬁrmationis
3043 2850 3143 2888 una
3177 2833 3388 2903 negatio
3419 2831 3594 2888 videa-

307 2917 473 2989 idque
523 2921 573 2973 in
620 2919 759 2975 libro
807 2922 977 2990 primo
1007 2919 1294 2990 diligenter
1337 2922 1719 2992 expressimus.
1755 2921 1905 2977 Nunc
2011 2943 2114 2988 iur,
2141 2929 2269 2985 Nam
2312 2930 2357 2984 si
2387 2929 2505 2983 dua;
2536 2929 2664 2996 sint,
2712 2939 2799 2983 aui
2829 2928 3126 2997 subjecium
3165 2925 3389 2981 alterum
3422 2933 3594 2980 milia.

309 3011 468 3069 nobis
500 3013 614 3082 ipse
644 3028 857 3084 quoque
891 3014 1208 3070 Aristoteles
1248 3015 1400 3070 testis
1430 3024 1530 3082 est,
1563 3022 1619 3070 et
1647 3015 1897 3086 Syrianus

2011 3033 2129 3077 tura
2160 3030 2264 3088 est,
2298 3028 2391 3075 aut
2421 3020 2789 3090 praedicatum.
2836 3019 2940 3076 Sed
2985 3033 3319 3088 quacunque
3347 3025 3472 3071 sunt
3502 3016 3597 3071 liu-

313 3103 567 3160 facillima
599 3108 808 3163 ratione
832 3107 1344 3178 convincitttr,qnod
1370 3108 1424 3162 in
1450 3108 1748 3179 Analyticis
1774 3123 1904 3179 quo-
2008 3116 2242 3187 jusmodi
2277 3130 2382 3170 non
2419 3123 2543 3168 sunt
2570 3118 2848 3184 oppositae,
2884 3113 2984 3167 hoc
3023 3113 3164 3167 enim
3197 3121 3276 3167 est
3313 3110 3452 3182 quod
3480 3110 3553 3164 ait
3584 3127 3595 3162 :

314 3214 420 3269 que
449 3215 517 3256 ex
549 3201 755 3256 duabus
807 3201 1098 3257 Ῐιιάθίὶηίιὶε
1139 3203 1334 3257 diCillﬂ'
1379 3217 1483 3256 n0"
1530 3217 1687 3271 posse
1725 3201 1902 3271 colligi
1956 3279 1978 3280 ί
2013 3212 2068 3266 Si
2092 3220 2268 3266 autem
2292 3209 2434 3264 aliud
2458 3207 2674 3280 aliquid,
2698 3209 2779 3262 vel
2799 3208 2864 3263 de
2887 3206 2990 3262 alio
3013 3205 3176 3274 idem,
3203 3221 3309 3259 non
3333 3205 3597 3276 opposita,

315 3292 707 3364 syllogismum,
755 3310 876 3350 cum
911 3310 975 3350 ex
1007 3294 1335 3350 afﬁrmativa
1372 3296 1680 3365 particulari
1733 3303 1789 3351 et
1816 3309 1903 3349 ne-

2015 3309 2107 3363 sed
2139 3309 2243 3363 erit
2269 3308 2335 3362 ab
2364 3322 2427 3362 ea
2455 3305 2685 3362 diversa.
2731 3304 2936 3361 Sensus
2974 3303 3116 3360 enim
3147 3299 3454 3371 hujusmodi
3479 3307 3598 3354 est:

319 3389 494 3457 gativa
550 3387 841 3443 universali
892 3389 1228 3458 particularis
1278 3392 1520 3461 negativa
1563 3389 1735 3459 possit
1786 3402 1907 3444 esse

2017 3404 2071 3461 Si
2105 3403 2317 3473 negatio
2346 3401 2488 3456 aliud
2518 3398 2714 3469 aliquid
2759 3397 3102 3469 prwdicandu
3157 3405 3315 3466 neget
3355 3411 3515 3466 quam
3546 3395 3600 3448 in

325 3481 598 3538 collectio.
627 3483 779 3550 Quod
821 3483 865 3539 si
942 3483 1233 3540 indeﬁnitae
1273 3484 1557 3540 afﬁrmatio
1599 3493 1654 3540 et
1698 3482 1909 3554 negatio

2015 3497 2369 3550 afﬁrmatione
2399 3495 2514 3558 fuit,
2533 3501 2590 3546 ut
2618 3491 2663 3546 si
2696 3492 2764 3546 sit
2784 3490 3072 3544 afﬁrmatio
3121 3497 3202 3544 est
3235 3489 3397 3541 homo
3423 3486 3599 3553 albus,

326 3574 636 3644 negationis,
674 3575 996 3632 universalis
1058 3585 1112 3632 ει
1156 3576 1494 3645 particularis
1541 3574 1911 3630 afﬁrmationis
2017 3588 2231 3657 ηρειηῑο
2255 3586 2397 3641 dicat
2447 3601 2553 3639 ηοη
2589 3593 2669 3638 εει
2701 3582 3076 3652 homojustus,
3119 3580 3261 3634 aliud
3294 3578 3605 3649 praedicavit

324 3669 429 3722 vim
480 3669 821 3736 obtinerent,
871 3684 1140 3740 nunquam
1193 3668 1517 3724 Aristoteles
1559 3667 1763 3722 diceret
1815 3666 1910 3732 iis

2018 3681 2070 3736 in
2097 3679 2374 3748 negatione
2394 3693 2552 3748 quam
2576 3675 2627 3730 in
2650 3673 3004 3728 affirmatione
3035 3672 3204 3727 fuerat
3225 3671 3600 3734 c0n8titutum;

325 3762 720 3833 prepositiones
764 3779 867 3834 non
915 3763 1170 3833 colligere
1209 3761 1604 3832 syllogismum.
1637 3760 1744 3815 Sed
1778 3758 1910 3814 illud

2018 3773 2101 3826 vel
2130 3773 2173 3825 si
2205 3771 2272 3826 de
2310 3769 2416 3824 alio
2446 3767 2688 3838 subjecto
2731 3782 2888 3838 quam
2931 3766 2982 3819 in
3026 3763 3381 3818 afﬁrmatione
3430 3761 3604 3818 fuerat

325 3856 506 3912 verius
545 3865 650 3924 est,
696 3858 945 3928 quoniam
984 3871 1049 3910 ex
1078 3856 1284 3910 duabus
1316 3853 1730 3924 particular-ibus
1777 3850 1909 3905 nihil

2022 3865 2161 3920 idem
2185 3862 2324 3934 quod
2353 3864 2402 3917 iu
2435 3860 2793 3917 afﬁrmatione
2824 3860 2979 3915 fuerit
3007 3859 3203 3914 dixerit
3226 3856 3597 3928 praedicatum,

327 3950 379 4005 δυ
436 3950 675 4020 quam"?l
717 3949 1144 4021 Ρτοβοδίιίοηυη)
1192 3949 1568 4018 εοωβιειίοηε
1621 3947 1907 4017 ουιιίείιιπ,
2021 3967 2077 4012 ιιι
2125 3956 2168 4010 si
2206 3955 2492 4010 affirmatio
2528 3954 2598 4009 sit
2626 3961 2710 4009 est
2740 3953 2899 4006 homo
2920 3951 3115 4020 justus,
3143 3951 3356 4020 negatio
3386 3962 3608 4017 respon-

328 4042 474 4113 quod
544 4044 598 4099 in
675 4043 758 4098 his
803 4042 1260 4115 prepositionibus
1288 4059 1406 4114 quae
1451 4041 1741 4098 indeﬁttilw
1790 4047 1916 4096 sunt
2021 4051 2142 4106 deat
2198 4065 2301 4104 non
2334 4058 2416 4103 est
2449 4048 2532 4103 leo
2557 4048 2752 4116 justus,
2790 4045 2930 4100 idem
2965 4043 3308 4113 praedicatum
3340 4049 3443 4107 est,
3485 4040 3609 4103 sub-

328 4133 461 4190 nibil
505 4135 680 4206 colligi
716 4135 869 4202 dixit,
899 4135 1022 4206 quia
1064 4135 1467 4205 particularium
1512 4133 1617 4189 vim
1670 4133 1913 4203 proposi-

2022 4147 2160 4216 jecta
2187 4153 2308 4198 sunt
2338 4143 2569 4198 diversa.
2602 4141 2657 4196 Si
2690 4155 2818 4210 ergo
2850 4138 2930 4193 vel
2957 4137 3099 4191 aliud
3131 4135 3329 4206 aliquid
3359 4133 3610 4205 przedicet

329 4230 506 4284 tiones
548 4227 854 4284 indeﬁnitas
883 4228 1172 4283 arbitratus
1193 4238 1274 4282 est
1295 4227 1757 4293 obtinere.Quare
1781 4225 1918 4279 mul-
2027 4238 2078 4292 ίη
2109 4237 2480 4293 ρηιιηιίθιίοηο
2514 4233 2828 4303 ρι-οροείιίο,
2865 4231 2946 4285 vel
2975 4229 3042 4284 de
3071 4229 3174 4284 alio
3206 4227 3448 4298 subjecio
3479 4242 3612 4297 pm.

331 4324 398 4378 ιίδ
442 4323 618 4378 “mdis
665 4322 876 4395 Syriam
921 4332 1232 4392 διἐυιηθιιιδ
1284 4322 1624 4392 ῘΓ²¹¹8υηῑ¹¹¹¹ο
1669 4321 1772 4377 Sed
1821 4334 1918 4374 110⁸
2023 4331 2166 4386 dicet
2197 4330 2335 4384 idem
2361 4326 2503 4398 quod
2533 4324 2822 4380 afﬁrmatio
2856 4331 2979 4378 ante
3011 4330 3282 4392 posuerat,
3318 4335 3425 4375 non
3457 4327 3614 4374 erunt

332 4415 682 4485 expositionis
711 4430 929 4470 cursum
968 4414 1034 4469 ad
1065 4414 1342 4484 sequentia
1369 4421 1770 4470 convertemus.
2026 4424 2111 4480 ina
2150 4421 2435 4478 afﬁrmatio
2463 4420 2780 4490 negaiioque
2809 4415 3091 4488 oppositm,
3137 4415 3230 4471 sed
3263 4424 3468 4469 tantum
3497 4429 3523 4466 a
3554 4426 3614 4468 se

410 4509 744 4581 Manifestum
782 4520 853 4564 εει
883 4522 1047 4564 autem
1089 4511 1330 4582 quoniam
1375 4510 1577 4581 negatio
1609 4525 1709 4562 una
1768 4509 1917 4562 unius
2025 4518 2286 4582 diversa};
2323 4530 2493 4584 neque
2533 4513 2672 4568 enim
2703 4526 2760 4566 se
2794 4511 3080 4580 licrimunl,
3105 4507 3165 4562 Ei
3203 4507 3339 4561 hanc
3371 4520 3483 4561 rem
3515 4504 3612 4560 de.

335 4606 684 4675 aﬂirumtionis
702 4615 774 4659 est
796 4645 810 4670 ,
840 4605 973 4658 idem
994 4605 1128 4658 enim
1155 4613 1349 4674 oportet
1376 4620 1563 4674 negare
1603 4601 1919 4674 negationem

2029 4608 2434 4663 moustrativam
2453 4599 2680 4664 addidit,
2695 4608 2747 4654 et
2769 4613 2887 4668 quae
2906 4604 3049 4652 esset
3075 4603 3443 4664 argumentum
3464 4593 3615 4648 unius

335 4701 472 4768 quod
517 4699 787 4768 afﬁrmatio
825 4698 1109 4767 aﬂirmarit,
1136 4707 1181 4752 et
1211 4698 1274 4752 de
1313 4698 1508 4764 eodem,
1540 4697 1615 4751 rel
1646 4697 1707 4750 de
1735 4689 1919 4767 'a.'iquo
1949 4663 2005 4727 Β
2034 4699 2409 4760 afﬁrmationis
2427 4707 2621 4769 praeter
2642 4710 2799 4750 unam
2822 4691 3155 4763 negationem
3174 4704 3294 4745 esse
3313 4705 3415 4744 non
3441 4700 3619 4758 posse,

337 4795 678 4866 singularium
744 4792 819 4847 vel
845 4796 908 4847 de
958 4794 1130 4863 aliqua
1172 4794 1554 4860 universalium,
1610 4792 1685 4845 rel
1722 4792 1924 4845 uuiver-
2036 4798 2149 4852 sive
2181 4795 2232 4849 in
2270 4789 2651 4862 singularibus,
2683 4795 2742 4841 ut
2773 4785 2823 4841 itt
2866 4800 2930 4839 eo
2961 4783 3100 4852 quod
3129 4783 3242 4853 ipse
3279 4782 3409 4836 dicit
3437 4795 3618 4836 exem-

336 4886 513 4939 saliter
568 4887 641 4938 vel
681 4900 779 4938 non
819 4885 1184 4938 universaliter.
1219 4882 1347 4937 Dico
1393 4893 1580 4948 autem,
1625 4895 1676 4936 ut
1725 4891 1796 4936 ut
1829 4882 1924 4938 So-

2038 4892 2148 4961 plo,
2181 4896 2262 4944 est
2288 4886 2543 4942 Socrates
2575 4882 2748 4946 albus,
2783 4895 2886 4934 non
2916 4887 2996 4934 est
3027 4877 3276 4933 Socrates
3295 4875 3477 4939 albus;
3509 4874 3620 4930 sive

341 4985 506 5030 crates
536 4976 699 5040 ulbtu,
751 4992 851 5028 non
893 4984 966 5029 est
1016 4976 1250 5030 Socrates
1289 4976 1453 5032 albus.
1486 4976 1548 5031 Si
1590 4985 1756 5030 autem
1785 4977 1929 5029 aliud
2041 4984 2093 5039 in
2138 4976 2528 5035 uiiivcrsalibns
2573 4970 2942 5028 univt'rsaliter
2993 4968 3320 5040 praedicatis,
3372 4981 3491 5022 cum
3543 4964 3622 5019 his

341 5068 540 5137 aiiquid
567 5067 630 5119 de
667 5067 860 5135 eodem,
905 5069 980 5122 vel
1005 5069 1067 5121 de
1103 5069 1208 5122 alio
1234 5068 1388 5137 idem,
1418 5085 1518 5124 nou
1551 5071 1784 5141 apposita
1811 5072 1928 5136 erit,
2041 5073 2386 5148 particulares
2410 5070 2461 5124 in
2486 5065 2823 5138 oppositione
2847 5060 3278 5118 etiniradiciorim
3301 5059 3622 5148 constitum.
3653 5129 3666 5148 ί

340 5162 430 5215 εεά
459 5159 524 5213 ab
558 5178 615 5215 ea
667 5161 881 5216 diversa.
911 5160 1047 5215 Huic
1092 5173 1257 5218 autem
1306 5182 1417 5234 qum
1464 5175 1536 5219 est
1584 5165 1745 5220 omnis
1789 5168 1940 5225 homo
2045 5146 2154 5233 tur,
2194 5175 2250 5220 ut
2277 5165 2326 5220 in
2358 5158 2642 5216 universali
2675 5155 3050 5212 universaliter
3081 5150 3415 5212 afﬁrmativa,
3448 5146 3622 5202 omnis

313 5251 491 5328 albus
513 5265 585 5307 est
635 5254 940 5307 contradicit
968 5255 1058 5308 illa
1083 5272 1198 5325 qua:
1227 5267 1296 5312 est
1347 5274 1449 5310 non
1496 5259 1658 5312 omnis
1689 5261 1838 5315 homo
1861 5261 1942 5316 al-
2047 5257 2208 5317 homo
2237 5258 2389 5313 albus
2416 5263 2531 5320 est,
2564 5254 2617 5308 in
2651 5248 2933 5306 universali
2968 5243 3356 5318 particulariter
3381 5242 3623 5311 negatixa

303 5401 322 5426 ⁴
343 5347 438 5400 bus
483 5356 586 5412 est;
613 5346 691 5402 illi
720 5359 884 5402 autem
908 5365 1020 5418 qua:
1042 5359 1113 5402 est
1169 5350 1351 5419 aliquis
1383 5352 1532 5406 homo
1558 5353 1705 5408 albus
1725 5364 1798 5409 est
1848 5357 1939 5410 illa
2046 5356 2382 5429 praedicetur,
2411 5365 2516 5406 non
2541 5346 2715 5402 omnis
2747 5345 2908 5398 homo
2939 5341 3091 5396 albos
3112 5337 3320 5404 est;illi
3353 5349 3480 5391 vero
3511 5350 3626 5404 qum

342 5455 460 5509 qui:
480 5449 552 5494 εει
587 5440 759 5495 nullus
783 5442 934 5496 homo
954 5443 1098 5498 albus
1119 5446 1320 5509 est;illi
1342 5456 1509 5500 autem
1541 5458 1739 5517 quam
1787 5449 1938 5506 homo
2044 5463 2124 5510 est
2173 5453 2225 5505 in
2272 5444 2554 5504 universali
2605 5437 2997 5513 particularitcr
3041 5434 3356 5488 aflirmativa
3406 5431 3627 5502 quidam

345 5534 493 5587 albus
511 5534 817 5606 miliaque:
851 5547 921 5592 εει
945 5554 1046 5594 non
1077 5548 1147 5592 εει
1179 5537 1328 5592 homo
1357 5539 1520 5594 albus.

2044 5547 2206 5603 homo
2237 5544 2386 5599 albus
2436 5551 2514 5597 est
2559 5543 2858 5608 opponatur
2911 5527 3225 5585 universalis
3255 5524 3632 5580 nniversalitirr

422 5629 558 5685 ltiuc
586 5647 797 5703 quoque
827 5642 1049 5704 apparet
1077 5633 1489 5691 afﬁrmatiouem
1521 5635 1847 5692 iudetluitam
1881 5645 1936 5693 et
2046 5637 2340 5710 propositio
2371 5633 2610 5704 negativa
2660 5627 2836 5682 nullus
2866 5624 3024 5678 homo
3063 5618 3215 5675 albus
3245 5627 3356 5682 est;
3395 5615 3471 5673 illi
3509 5629 3635 5668 veto

349 5721 682 5781 indeﬁnitam
727 5729 1062 5799 negationem
1101 5746 1204 5785 non
1245 5744 1461 5799 semper
1490 5745 1646 5786 nnatn
1693 5729 1745 5786 in
1792 5731 1934 5790 veri-
2047 5733 2234 5802 qumiu
2261 5727 2542 5788 universali
2573 5715 3073 5780 ttonuniversaliter
3095 5711 3408 5768 afﬁrmativa
3430 5719 3510 5767 est
3556 5719 3635 5762 est

347 5827 480 5886 ῑειεο
512 5820 672 5877 aliam
704 5823 755 5877 in
786 5823 1018 5883 falsitate
1043 5827 1363 5884 consistere.
1398 5826 1571 5898 Atque
1601 5827 1722 5883 liinc
1767 5827 1928 5885 doce-
2050 5833 2208 5885 lionio
2263 5826 2413 5881 albus
2456 5824 2540 5878 illa
2573 5836 2688 5892 quae
2727 5819 2775 5872 in
2809 5812 3092 5870 universali
3131 5825 3234 5865 non
3259 5803 3629 5898 universaliter

349 5927 436 5975 tur
477 5917 809 5979 indeﬁnitam
852 5923 1186 5992 negationem
1237 5938 1339 5980 non
1387 5893 1525 5980 idean
1569 5923 1746 5984 valere
1793 5927 1933 5989 quod
2049 5921 2288 5984 nesaliva
2325 5927 2403 5973 es!
2454 5929 2556 5971 I10“
2586 5921 2664 5970 θεῖ
2698 5910 2855 5968 homo
2885 5906 3058 5967 «"“HlSv
3089 5911 3144 5960 υι
3171 5900 3308 5975 (Ιηοδ
3341 5900 3412 5958 ³ί¹
3453 5895 3534 5955 vel
3565 5893 3630 5954 ά.

1979 6075 2004 6083 .-
