4022 6332
231 514 245 526 α

281 377 387 439 885

1024 372 1094 430 IN
1131 372 1384 430 LIBRUM
1423 368 1511 429 DE
1550 362 2197 428 rumpitur/triens
2235 340 2832 425 semosscuuoa.

3466 368 3573 431 ιεδ

354 494 453 552 Sin
478 504 650 547 autern
675 492 871 547 duobus
899 504 1058 546 unum
1083 506 1264 544 nautea
1296 491 1519 560 positum
1548 496 1641 550 εει,
1668 502 1731 540 sa-
1756 483 1873 554 qui-
1902 481 1954 544 Α
1980 495 2182 534 necesse
2227 490 2302 535 est
2355 482 2746 551 ajjirmationem
2787 484 2865 538 uel
2911 484 3231 556 negationem
3279 500 3450 540 vertam
3494 488 3574 543 uel

280 586 375 641 bus
410 603 510 639 non
548 594 621 639 est
648 600 827 647 ununt,
864 599 968 637 non
993 591 1067 636 ut
1092 599 1196 636 una
1230 582 1525 651 a/ﬁrntatio,
1566 595 1730 648 neque
1771 594 1873 632 una

281 676 505 749 negaiio.
678 738 681 743 Α

351 772 560 826 Sensus
592 767 894 838 liujusmodi
926 778 1042 823 est:
1076 768 1134 823 Si
1173 783 1337 822 unum
1386 780 1581 822 nomen
1611 765 1761 835 plura
1798 765 1874 819 si-

282 864 520 931 gnilicet,
554 877 618 917 ex
648 862 842 931 quibus
868 861 1049 915 multis
1070 877 1236 915 unum
1267 860 1409 915 efﬁci
1439 875 1545 913 non
1579 859 1875 928 possit,illa

282 958 572 1010 nlﬁrmatio
610 957 664 1010 iu
707 936 808 1025 qua
851 955 982 1009 illud
1026 969 1221 1009 nomen
1264 954 1348 1007 vel
1391 953 1734 1023 praedicatur,
1790 951 1875 1006 vel

283 1048 583 1117 subjicitur,
614 1047 777 1100 multa
804 1046 1087 1116 signiﬁcat,
1119 1058 1179 1101 ut
1204 1048 1256 1100 in
1293 1061 1359 1100 eo
1392 1045 1536 1115 quod
1563 1057 1645 1100 est
1688 1045 1872 1106 homo,

284 1142 422 1208 quod
456 1140 705 1203 dicimus,
742 1141 902 1194 homo
928 1139 1194 1209 signiﬁcat
1232 1138 1454 1203 animal,
1497 1137 1763 1208 signiﬁcat
1793 1153 1878 1191 ra-

282 1232 509 1295 tionale,
539 1230 802 1300 signiﬁcat
834 1232 1092 1295 mortale;
1122 1232 1216 1286 sed
1245 1245 1307 1284 ex
1339 1230 1423 1284 his
1449 1245 1570 1300 qum
1601 1230 1766 1284 multa
1805 1230 1879 1284 si-

283 1323 518 1392 gniﬁcat,
556 1338 718 1377 unum
762 1331 940 1393 potest
971 1322 1138 1392 efﬁci,
1177 1322 1324 1394 quod
1362 1331 1449 1376 est
1483 1323 1683 1376 animal
1715 1322 1880 1376 ratio-

284 1418 429 1480 nale,
464 1416 709 1471 mortale.
748 1418 925 1481 Quare
965 1417 1067 1470 hoc
1096 1431 1293 1469 nomen
1333 1414 1519 1481 homo,
1562 1415 1686 1469 licet
1722 1415 1879 1483 plura

284 1508 395 1563 sint
412 1521 532 1573 qua:
551 1506 840 1571 signiﬁcet.
862 1506 1307 1575 tamenquouiam
1330 1506 1615 1573 conjuncta
1643 1504 1695 1560 in
1714 1520 1877 1559 unum

283 1599 685 1669 quodammodo
717 1600 937 1652 veniunt
974 1614 1190 1667 corpus.
1227 1599 1291 1651 Et
1334 1614 1496 1652 unum
1527 1598 1781 1665 quiddam
1810 1612 1878 1651 ex

284 1706 346 1749 se
370 1693 557 1763 juncta
588 1694 893 1761 perﬁciunt,
937 1709 1057 1747 cuin
1100 1693 1152 1747 id
1194 1692 1395 1747 dictum
1426 1694 1496 1747 ita
1542 1693 1702 1747 luerit
1728 1693 1879 1762 quasi

284 1803 354 1845 es
388 1787 473 1841 his
519 1803 639 1855 qua:
662 1787 933 1855 signiﬁcet
962 1803 1124 1841 unum
1155 1786 1357 1855 aliquid
1386 1787 1501 1851 ﬁat,
1540 1801 1705 1843 unum
1736 1783 1877 1852 quod

1978 573 2166 643 falsam
2206 589 2335 628 esse.
2368 575 2441 628 Ac
2490 576 2543 628 in
2583 575 2953 629 universalibus
2991 577 3205 647 quidem
3222 580 3578 635 universalitsr

1978 681 2178 731 semper
2206 667 2338 720 hanc
2364 667 2565 735 quidem
2597 684 2785 733 verant,
2828 669 2972 722 illam
2998 685 3115 724 vero
3153 672 3339 740 falsam
3368 690 3492 738 esse,
3527 685 3576 730 et

1980 760 2032 813 in
2062 760 2123 812 iis
2157 775 2271 832 qua
2295 770 2414 815 sunt
2443 762 2748 833 singularia,
2789 767 3214 832 quemadmodum
3247 768 3439 823 dictum
3470 780 3576 835 est;

1978 853 2031 906 in
2064 855 2140 908 his
2184 870 2300 909 vero
2327 872 2444 923 qua!
2484 857 2535 909 in
2569 860 2934 914 un‘versallbus
2973 877 3073 915 non
3112 863 3464 920 univcrsaliter
3496 868 3579 922 di-

1978 955 2189 1012 cuntur,
2220 961 2323 1001 non
2356 963 2429 1003 est
2450 964 2669 1013 necesse,
2698 950 2895 1005 dictum
2922 963 2994 1006 est
3022 965 3187 1008 autem
3214 965 3259 1010 et
3292 958 3356 1010 de
3374 957 3474 1011 his.

2055 1038 2208 1102 Quod
2236 1039 2303 1099 si,
2335 1038 2530 1109 inquit,
2558 1050 2638 1093 est
2664 1056 2833 1110 equus
2855 1044 3010 1097 albus
3053 1055 3106 1099 et
3132 1056 3213 1100 est
3240 1046 3400 1103 homo
3426 1049 3579 1104 albus

1984 1130 2151 1182 multa
2193 1129 2521 1200 signiﬁcant,
2556 1132 2642 1186 illa
2680 1149 2894 1202 quoque
2937 1140 3105 1204 prima
3134 1140 3429 1207 propositio
3459 1156 3578 1211 qua:

1982 1232 2087 1288 εει,
2127 1224 2305 1276 tunica
2339 1222 2460 1277 alba
2492 1234 2597 1289 est,
2642 1225 2783 1279 unde
2829 1225 2913 1281 ha:
2944 1226 3233 1297 ﬂuxerunt,
3270 1232 3432 1285 multa
3479 1233 3579 1287 de-

1983 1316 2196 1385 signat;
2230 1326 2320 1371 aut
2348 1318 2392 1373 si
2422 1319 2542 1387 quis
2567 1318 2713 1373 dicat
2745 1336 2851 1374 non
2883 1337 3002 1375 eam
3036 1323 3202 1377 multa
3252 1339 3278 1376 s
3299 1324 3576 1394 gniﬁcare,

1983 1407 2224 1463 concedit
2257 1409 2501 1478 profecto
2550 1411 2681 1487 nihil
2731 1413 2952 1466 omnino
2997 1414 3381 1484 propositionis
3410 1417 3577 1483 ipsius

1984 1499 2377 1567 signiﬁcatione
2428 1504 2736 1558 monstrari.
2792 1506 2941 1560 Tunc
2985 1507 3127 1560 enim
3179 1524 3372 1563 nomen
3414 1528 3576 1567 unum

1985 1594 2152 1648 multa
2179 1595 2435 1664 signiﬁca:
2461 1599 2557 1652 sin
2584 1614 2743 1652 uuam
2761 1600 3204 1668 signiﬁcationem
3222 1613 3429 1671 poterat
3449 1622 3577 1662 con-

1985 1688 2192 1752 venire,
2211 1690 2422 1757 quoties
2447 1705 2514 1745 ex
2543 1690 2626 1746 his
2645 1708 2763 1761 qua:
2788 1694 3231 1762 signiﬁcabantur
3273 1713 3375 1752 una
3402 1709 3583 1767 posset

1985 1780 2237 1850 euujungi
2266 1784 2626 1852 Constitnique
2656 1785 2975 1851 sub~taotia,
3005 1797 3060 1841 ut
3082 1789 3132 1841 in
3159 1804 3226 1843 eo
3246 1790 3388 1860 quod
3417 1806 3577 1859 supra

287 1887 398 1935 tata
450 1880 539 1935 illa
578 1881 761 1948 jurista
817 1880 1098 1949 perﬁciunt
1153 1894 1348 1933 nomen
1402 1877 1532 1937 illud
1571 1876 1876 1943 signiﬁcare
1906 1870 1957 1932 Ι
1986 1873 2161 1939 posui.
2204 1889 2325 1928 cum
2361 1874 2522 1929 homo
2552 1877 2749 1930 animal
2780 1880 3041 1934 rationale
3070 1891 3123 1935 et
3152 1882 3378 1937 mortale
3418 1884 3585 1951 signi:

287 1972 633 2029 matiilestum
677 1982 792 2037 est;
822 1983 984 2042 atque
1017 1971 1118 2025 hoc
1156 1970 1410 2041 estquod
1449 1972 1523 2025 ait
1557 1987 1568 2024 :
1603 1972 1698 2025 Sin
1749 1985 1877 2027 vero

288 2065 501 2135 duobus
533 2081 694 2119 unum
725 2082 918 2119 nomen
949 2066 1019 2119 sit
1059 2065 1309 2133 positum,
1343 2078 1406 2118 ex
1442 2063 1635 2133 quibus
1664 2078 1768 2118 nou
1797 2069 1880 2116 est

289 2170 479 2221 tinum,
524 2165 739 2209 nonest
777 2173 877 2209 una
926 2155 1215 2209 afﬁrmatio
1254 2170 1353 2209 nec
1393 2172 1493 2207 una
1535 2156 1770 2224 negatio.
1823 2154 1878 2209 Si

290 2248 438 2304 enim
474 2248 596 2301 talia
630 2247 854 2317 quilibet
883 2263 1063 2300 strtuo
1098 2248 1244 2315 plura
1274 2246 1560 2315 signiﬁcet,
1590 2261 1655 2299 ex
1686 2245 1880 2315 quibus

290 2338 493 2410 junctis
534 2356 692 2393 unum
722 2338 861 2392 elﬁci
906 2348 1135 2407 nequeat
1177 2352 1392 2405 corpus,
1428 2354 1524 2392 nec
1570 2339 1778 2406 possint
1821 2349 1882 2390 ea

290 2447 416 2502 quae
456 2431 824 2500 signiﬁcantur
847 2447 952 2484 uno
980 2430 1074 2484 illo
1119 2429 1333 2484 omnino
1372 2429 1424 2482 in
1457 2443 1615 2480 uuam
1647 2428 1883 2495 speciem

290 2524 611 2577 substantias
643 2523 953 2588 convenire,
1002 2540 1114 2576 non
1158 2531 1245 2577 est
1284 2521 1381 2575 illa
1423 2536 1524 2574 una
1574 2518 1884 2573 afﬁrmatio.

291 2623 462 2687 Quale
489 2630 668 2674 autem
704 2634 894 2674 nomen
928 2619 997 2674 sit
1019 2617 1159 2688 quod
1195 2616 1425 2685 positum
1457 2630 1615 2685 uuam
1644 2613 1883 2683 aiﬁrtna-

296 2709 498 2765 tionem
549 2726 655 2763 non
703 2710 883 2773 iaciat,
914 2708 1116 2762 idcirco
1140 2706 1280 2776 quod
1314 2706 1464 2776 plura
1504 2705 1769 2774 signiﬁcet
1820 2717 1888 2757 ex

295 2805 488 2873 quibus
517 2818 678 2856 unum
713 2802 828 2855 ﬁeri
878 2784 982 2855 non
1024 2802 1216 2871 possit,
1262 2799 1494 2867 exempli
1531 2796 1888 2851 solertissima

298 2897 498 2951 virtute
526 2896 847 2957 molnstravit
873 2896 1061 2950 dicens
1085 2909 1100 2948 ι

375 2990 443 3047 Ut
469 2993 513 3047 si
552 2994 666 3063 quis
695 3001 848 3059 ponat
876 2991 976 3045 hoc
1000 3006 1184 3051 nomen
1214 2988 1390 3045 tunica
1421 2986 1611 3041 homini
1655 2996 1703 3040 et
1738 3001 1889 3054 equo,

301 3097 351 3142 et
376 3088 517 3141 dicat
564 3087 737 3140 tunica
769 3097 838 3139 cst
871 3086 1011 3147 alba,
1044 3082 1151 3137 Iuro
1178 3100 1280 3136 non
1326 3092 1396 3136 est
1436 3098 1538 3134 una
1586 3081 1885 3151 aﬂirniatio,

300 3196 397 3235 nec
434 3184 538 3235 ima
560 3181 787 3249 negatio.
825 3177 972 3231 Nihil
1002 3178 1137 3233 enim
1166 3175 1340 3244 diﬁcrt
1370 3192 1519 3242 quam
1562 3172 1657 3227 hoc
1701 3172 1889 3236 dicere,

1987 1962 2132 2029 ﬂeet,
2180 1980 2300 2034 quae
2345 1966 2397 2019 in
2449 1982 2613 2020 unum
2660 1982 2879 2036 possunt
2930 1983 3215 2038 conjuncta
3262 1986 3580 2042 congruere.

1984 2056 2137 2112 Nune
2177 2068 2358 2111 antrm
2387 2058 2433 2112 si
2466 2058 2641 2114 tunica
2676 2061 2949 2115 hominem
2983 2065 3583 2135 cqunmquesigniﬁcet,

1988 2152 2158 2207 multa
2185 2153 2451 2221 designat,
2481 2154 2576 2207 sed
2600 2166 2663 2207 ea
2694 2154 2817 2224 ipsa
2847 2156 2898 2209 in
2930 2172 3091 2209 unum
3135 2174 3331 2226 corpus
3360 2174 3463 2212 non
3494 2174 3586 2213 vc-

1986 2245 2162 2299 niurt.
2190 2243 2372 2313 Neque
2401 2247 2543 2298 enim
2568 2244 2685 2297 ﬁeri
2714 2256 2891 2313 potest
2929 2256 2986 2300 ut
3015 2247 3208 2317 aliquis
3233 2250 3391 2303 homo
3414 2266 3583 2320 equus

1987 2337 2078 2393 sit.
2122 2337 2303 2403 Quare
2323 2347 2414 2391 aut
2459 2338 2625 2391 multa
2656 2339 2947 2409 signiﬁcat,
2977 2340 3116 2408 quod
3148 2357 3329 2395 verum
3361 2353 3462 2408 est,
3492 2354 3587 2400 aut

1989 2429 2035 2483 si
2066 2428 2360 2483 conte’ndat
2392 2445 2499 2483 non
2527 2444 2646 2484 eam
2678 2431 2846 2483 multa
2866 2432 3188 2501 signiﬁcare,
3215 2434 3307 2488 sed
3334 2434 3585 2503 quiddam
3642 2454 3653 2459 κ

1990 2537 2058 2577 ex
2112 2521 2198 2576 his
2240 2536 2363 2591 qua:
2388 2522 2659 2590 signiﬁcat
2703 2522 2974 2591 junctum,
3018 2525 3269 2593 quoniam
3317 2527 3448 2583 nihil
3506 2535 3587 2585 est

1988 2614 2132 2684 quod
2163 2630 2228 2681 ει
2258 2629 2399 2684 equo
2427 2622 2485 2668 et
2516 2615 2731 2668 homine
2770 2614 3149 2685 conjungatur,
3200 2618 3333 2671 nihil
3366 2622 3587 2676 omnino

1991 2705 2280 2775 signiﬁcat.
2316 2706 2427 2759 Hoc
2459 2707 2601 2760 enim
2633 2717 2715 2760 est
2748 2708 2890 2777 quod
2931 2709 3086 2777 dixit,
3122 2726 3295 2779 mque
3335 2713 3475 2765 enim
3506 2722 3588 2769 est

1993 2799 2189 2865 aliquis
2224 2798 2388 2854 homo
2419 2815 2610 2870 equus,
2646 2812 2694 2855 et
2731 2801 2831 2857 hoc
2863 2804 3074 2872 quidem
3104 2806 3201 2859 sub
3231 2820 3338 2859 uno
3364 2817 3587 2864 accentu

1994 2892 2278 2961 legendum
2302 2903 2406 2957 est,
2436 2911 2544 2951 non
2574 2896 2810 2963 discreto
2851 2899 3304 2965 pronuntiandum
3328 2899 3505 2957 homo
3535 2911 3590 2958 et

1995 3003 2183 3044 rursus
2206 3004 2396 3058 equus,
2426 2990 2522 3044 sed
2565 2988 2724 3049 homo
2756 3006 2947 3060 equus,
2978 3001 3038 3045 ut
3064 3008 3129 3049 ex
3161 2992 3242 3049 his
3264 2993 3469 3061 junctis
3496 3010 3591 3065 ap-

1994 3090 2182 3150 pareat
2216 3080 2350 3137 nihil
2390 3082 2613 3141 omnino
2647 3097 2805 3151 posse
2832 3083 3105 3141 constitni.
3137 3083 3245 3141 Cur
3282 3096 3457 3141 autem
3490 3086 3591 3149 hoc

1994 3174 2215 3240 dixerit,
2248 3190 2480 3247 sequens
2508 3179 2977 3239 monstratoratio.
2998 3177 3055 3233 Si
3081 3178 3221 3232 enim
3249 3180 3318 3237 ita
3350 3178 3588 3235 facienda

299 3283 374 3329 est
405 3275 557 3328 homo
585 3288 747 3341 equus
793 3271 961 3326 albus.
1009 3270 1125 3327 Hoc
1165 3282 1335 3325 autem
1379 3269 1507 3323 nihil
1538 3267 1714 3334 di/fert
1743 3284 1893 3338 quant
1918 3256 1971 3324 C
2001 3270 2297 3340 propositio
2340 3278 2445 3332 est,
2493 3278 2553 3324 ut
2594 3280 2785 3327 contra
2836 3272 3248 3328 alﬁrmatiouem
3287 3274 3591 3341 hujusmodi

304 3368 492 3433 dicere,
519 3375 590 3418 est
616 3366 765 3419 homo
787 3365 953 3425 albus,
985 3372 1033 3417 et
1054 3372 1126 3417 est
1155 3378 1313 3430 equus
1341 3362 1508 3416 albus.

374 3458 430 3511 Si
456 3458 575 3526 quis
602 3464 763 3524 ponat
787 3454 987 3513 homini
1016 3463 1068 3507 et
1094 3468 1232 3524 equo
1257 3468 1451 3517 nomen
1479 3451 1679 3519 tunica,
1700 3449 1893 3519 inquit,

306 3559 361 3605 et
391 3551 441 3602 in
475 3548 838 3619 propositione
863 3563 1055 3603 nomen
1074 3547 1179 3601 hoc
1209 3557 1458 3618 ponatur,
1487 3545 1574 3599 illa
1596 3560 1673 3617 pri
1702 3544 1898 3610 positio

306 3659 412 3699 non
441 3658 546 3697 una
574 3643 669 3698 sed
698 3642 974 3709 multiplex
1003 3649 1085 3695 est
1117 3655 1276 3703 :uatu
1310 3640 1380 3709 si,
1410 3637 1556 3693 verbi
1590 3637 1782 3707 gratia,
1815 3644 1901 3719 tti-

306 3738 423 3793 nica
459 3736 621 3791 homo
648 3744 808 3803 atque
832 3750 1003 3804 equus
1026 3733 1260 3803 dicatur,
1294 3743 1350 3786 ut
1372 3747 1493 3785 cum
1531 3728 1894 3798 dicitaliquis,

306 3828 486 3882 tunica
527 3835 620 3881 aut
650 3828 920 3881 hominem
963 3826 1205 3895 designet
1240 3833 1331 3878 aut
1366 3838 1584 3892 equum,
1615 3831 1671 3877 ut
1704 3822 1746 3874 si
1777 3820 1897 3890 quis

306 3921 447 3975 dicat
481 3919 532 3973 in
558 3920 919 3987 pr0positiune
946 3918 1046 3980 sic,
1076 3916 1251 3971 tunica
1282 3916 1399 3970 alba
1425 3927 1528 3985 est,
1558 3931 1662 3969 non
1687 3926 1771 3970 est
1792 3931 1893 3969 una

305 4009 639 4076 afﬁrmatio;
670 4008 813 4079 quod
844 4010 986 4063 enim
1012 4009 1161 4072 dicit,
1202 4010 1377 4065 tuuit'a
1418 4006 1537 4062 alba
1566 4016 1669 4070 est,
1715 4006 1898 4075 hujus-

304 4104 458 4158 modi
491 4113 574 4157 est
628 4104 779 4171 quasi
811 4102 1009 4167 dicam,
1045 4102 1205 4163 homo
1232 4111 1286 4156 et
1312 4117 1481 4172 equus
1509 4101 1662 4155 albus
1691 4110 1794 4166 est,
1818 4109 1899 4153 tu-

298 4196 427 4263 nica
459 4196 601 4250 enim
640 4195 908 4253 hominem
934 4208 1092 4263 atque
1112 4211 1305 4264 equum
1330 4194 1723 4265 signiﬁcatione
1746 4209 1900 4253 mon-

307 4288 520 4343 stravit.
568 4287 719 4354 Quod
768 4302 893 4343 Vero
923 4287 1071 4355 dicit,
1115 4286 1276 4341 homo
1304 4294 1355 4341 et
1385 4302 1555 4355 equus
1596 4285 1750 4341 albus
1792 4296 1894 4350 est,

304 4380 445 4443 euiluit
496 4377 677 4443 dim-rt
721 4389 970 4447 tauquam
1016 4379 1060 4433 si
1099 4379 1271 4445 dicam
1307 4394 1474 4448 equus
1519 4379 1669 4432 albus
1700 4386 1809 4445 est,
1847 4387 1899 4434 ct

310 4471 478 4535 homo
508 4472 663 4527 albus
699 4481 797 4539 est.
836 4472 938 4528 Sed
986 4472 1066 4529 ha:
1106 4472 1225 4525 dum
1257 4482 1380 4526 sunt
1424 4470 1820 4541 praposittones
1846 4480 1900 4525 ct

306 4569 415 4619 hou
449 4564 673 4629 similes,
700 4564 750 4618 in
785 4566 867 4627 his
897 4567 1038 4633 enim
1062 4565 1301 4637 subjecta
1336 4565 1545 4621 diversa
1573 4573 1718 4619 sunt.
1752 4564 1898 4632 Quo—

2001 3369 2302 3428 opponatur
2331 3364 2564 3431 negatio,
2584 3377 2701 3433 qua:
2722 3364 2775 3418 in
2804 3367 3145 3434 oppositione
3169 3382 3351 3421 verum
3377 3368 3594 3425 falsum-

1996 3469 2104 3524 que
2132 3453 2342 3519 dividit,
2375 3465 2430 3508 ut
2463 3471 2565 3509 una
2589 3471 2739 3520 vera,
2773 3457 2940 3513 altera
2974 3459 3105 3512 lalsa
3134 3459 3407 3523 sit,unant
3436 3476 3595 3529 opor-

2002 3555 2078 3601 tet
2124 3561 2246 3615 esse
2292 3546 2707 3602 allirmationem
2756 3556 2810 3602 ct
2838 3564 2997 3615 unam
3039 3551 3402 3620 negationem,
3452 3552 3596 3619 quod

1994 3638 2285 3707 contingit,
2333 3637 2381 3692 si
2435 3654 2606 3707 neque
2664 3638 2963 3709 subjectum
3016 3655 3191 3710 neque
3250 3642 3596 3711 pra-dicatum

2003 3729 2169 3784 multa
2197 3728 2479 3800 signiﬁcet.
2528 3730 2680 3797 Quod
2706 3731 2749 3784 si
2783 3731 2932 3797 plura
2968 3734 3205 3800 des‘guet
3235 3741 3289 3787 et
3321 3734 3394 3786 sit
3422 3735 3594 3802 εειιυὶ-

2004 3837 2216 3886 vocum,
2271 3838 2377 3877 non
2416 3823 2520 3877 erit
2559 3824 2611 3877 in
2661 3824 2963 3892 bujusmodi
3008 3826 3461 3895 propositionibus
3493 3842 3597 3883 una

2002 3928 2217 3982 seraper
2247 3929 2395 3980 vera,
2428 3914 2591 3968 altera
2628 3914 2780 3968 l‘alsa.
2822 3915 3112 3969 Hcrminus
3145 3931 3271 3969 vero
3302 3917 3378 3970 sic
3408 3918 3594 3975 sentit.

2002 4006 2153 4075 Quod
2186 4007 2258 4059 :it
2282 4006 2596 4061 Ariston-les
2627 4024 2638 4058 :
2666 4008 2758 4060 Sin
2792 4022 2922 4061 vero
2950 4007 3159 4061 dunbus
3198 4023 3390 4065 nomen
3430 4024 3594 4067 unum

2004 4114 2083 4157 est
2116 4106 2370 4173 positum,
2426 4119 2489 4156 ex
2522 4102 2713 4172 quibus
2744 4118 2846 4156 non
2892 4110 2976 4155 est
3007 4118 3190 4163 unum,
3235 4117 3339 4157 non
3377 4112 3460 4157 est
3492 4117 3596 4159 una

2004 4194 2291 4249 afﬁrmatio
2315 4210 2413 4247 nec
2444 4210 2543 4248 una
2571 4194 2804 4263 negatio,
2843 4202 2899 4247 ut
2929 4196 2979 4247 in
3006 4194 3460 4263 eo,inquit,quod
3491 4204 3596 4260 est,

2006 4268 2165 4341 homo
2196 4284 2496 4351 gressibilis
2524 4293 2628 4348 est,
2659 4284 2911 4350 quoniam
2946 4284 3085 4353 quod
3134 4284 3364 4338 dit-imus
3401 4287 3600 4355 gressi-

2002 4376 2129 4447 ‘hile,
2163 4384 2337 4446 potest
2370 4386 2423 4429 et
2467 4374 2618 4442 bipes
2649 4388 2787 4439 esse,
2818 4384 2871 4427 ct
2903 4375 3231 4445 quadrupes,
3264 4385 3318 4431 et.
3348 4378 3602 4447 multipes

2014 4470 2201 4524 tuimal
2242 4471 2621 4526 demonstrari.
2658 4471 2735 4526 Ex
2771 4470 2875 4535 his,
2919 4470 3110 4539 inquit,
3157 4470 3405 4525 omnibus
3436 4488 3601 4529 unum

2007 4556 2088 4625 tit,
2124 4563 2262 4631 quod
2307 4570 2390 4618 est
2423 4562 2585 4632 pedes
2632 4560 2856 4616 balteus.
2894 4561 3015 4621 Ista,
3050 4560 3243 4627 inquit,
3299 4561 3602 4633 hujusmodi

307 4655 449 4709 circa
483 4656 525 4707 si
550 4654 641 4721 tua
681 4654 798 4727 dote
845 4654 1234 4717 alﬁriuntioucs
1278 4665 1424 4721 sunt,
1459 4655 1656 4724 duplex
1689 4669 1897 4725 quoque
1923 4643 1981 4707 Ι)
2006 4655 2295 4710 afﬁrmatio
2326 4670 2429 4711 non
2457 4653 2619 4708 multa
2652 4652 2936 4722 signiﬁcat.
2970 4652 3075 4708 Sed
3105 4653 3366 4707 sententia
3396 4655 3602 4709 Aristo-

310 4745 400 4799 illa
434 4755 517 4798 est
547 4743 831 4797 allirmntio
862 4760 983 4814 quae
1004 4747 1153 4811 dicit,
1189 4747 1349 4800 horno
1372 4757 1530 4817 atque
1558 4761 1726 4815 equus
1747 4746 1901 4801 albus

308 4847 414 4891 est.
446 4838 597 4903 Quod
630 4837 672 4889 si
707 4838 821 4905 hac
854 4854 1037 4892 rursus
1068 4848 1148 4892 est
1177 4839 1397 4911 duplex,
1432 4841 1681 4908 quoniam
1724 4841 1898 4895 homi-

310 4943 434 4982 nem
475 4938 635 4993 atque
678 4942 872 4996 equum
922 4936 1154 4983 lttttitiatll
1192 4914 1496 5001 signiﬁcare
1528 4933 1757 5003 positum
1793 4938 1901 4996 est,

312 5036 434 5089 cupi
468 5019 696 5089 dicimus
725 5030 899 5075 tun‘ca
932 5022 1051 5076 alba
1092 5032 1194 5089 est,
1245 5040 1351 5078 non
1390 5042 1577 5089 unum,
1611 5026 1703 5077 sed
1749 5024 1900 5093 plura

308 5114 599 5183 siguilitat.
628 5113 887 5181 QJocirca
919 5116 1048 5169 sica
1075 5116 1362 5171 afﬁrmatio
1388 5133 1507 5187 qua:
1551 5119 1715 5181 multa
1752 5116 1897 5172 desi-

310 5213 445 5277 gnat
485 5221 590 5258 uon
646 5194 730 5261 est
769 5222 897 5273 una,
948 5207 1061 5262 hzrc
1094 5225 1306 5280 quoque
1335 5212 1622 5265 alﬁrmatio
1654 5227 1757 5265 una
1791 5227 1895 5267 non

311 5299 439 5363 erit,
467 5297 623 5369 cujus
651 5309 741 5352 aut
773 5301 1081 5369 prmdicatio
1126 5303 1396 5375 mquivoca
1447 5305 1606 5379 luerit
1642 5315 1737 5361 aut
1774 5306 1903 5369 sub-

306 5388 530 5459 jectum,
563 5402 721 5462 atque
748 5390 847 5444 hoc
876 5393 1119 5466 estquod
1147 5396 1259 5449 ait:

381 5480 446 5536 Si
472 5498 595 5556 ergo
624 5472 705 5537 hat
730 5486 890 5537 multa
923 5486 1235 5567 signiﬁcant,
1271 5496 1315 5539 et
1347 5499 1464 5542 sunt
1506 5489 1698 5561 plures,
1732 5491 1897 5555 inani-

302 5575 495 5651 festum
524 5587 593 5632 est
619 5579 861 5650 quoniam
892 5590 937 5633 et
967 5580 1133 5650 prima
1171 5586 1328 5633 muta
1355 5579 1435 5633 vel
1462 5580 1589 5631 nihil
1618 5582 1893 5653 signi/ica',

308 5691 471 5743 neque
489 5673 621 5727 enim
644 5674 833 5739 aliquis
858 5684 927 5727 est
957 5673 1107 5726 homo
1132 5689 1306 5742 equus,
1339 5690 1493 5742 quare
1519 5691 1607 5727 nec
1632 5676 1683 5727 in
1708 5675 1786 5729 his
1807 5692 1895 5747 ne-

301 5780 526 5823 sessees.
544 5768 676 5818 hanc
696 5765 899 5836 quidem
927 5764 1212 5819 contradici
1237 5781 1383 5818 onem
1409 5781 1575 5819 veram
1604 5783 1729 5833 esse,
1748 5767 1893 5823 illam

300 5873 422 5925 pero
452 5859 655 5932 falsam.
686 5857 746 5911 1η
778 5860 853 5912 Itis
878 5876 996 5930 ergo
1028 5869 1071 5911 et
1100 5874 1210 5928 qum
1233 5868 1371 5921 sunt,
1400 5868 1445 5910 et
1466 5876 1579 5929 (μίαν
1597 5859 1735 5930 facta
1754 5871 1892 5930 sunt,

2011 4750 2131 4804 telis
2161 4751 2382 4804 omnino
2414 4763 2519 4801 non
2548 4747 2811 4817 sequitur,
2846 4762 3016 4816 nequc
3048 4746 3193 4801 enim
3225 4762 3288 4799 cx
3319 4745 3398 4799 his
3431 4747 3602 4805 omni-

2006 4841 2107 4897 bus
2138 4856 2299 4901 unum
2338 4839 2415 4911 ﬁt,
2462 4854 2560 4895 nec
2601 4839 2906 4910 quadrupes
2946 4847 2999 4893 ct
3027 4838 3199 4915 bipes,
3236 4848 3289 4892 et
3326 4839 3599 4908 multipes,

2010 4937 2173 5006 pedes
2209 4936 2407 4991 habere
2435 4933 2657 4990 faciunt.
2685 4935 2781 4990 H£c
2801 4937 2942 4989 enim
2985 4950 3240 4995 numerus
3271 4934 3463 5003 pedum
3495 4942 3599 5000 est,

2009 5046 2113 5091 non
2148 5029 2342 5100 pedum
2369 5028 2701 5094 constitutio,
2747 5043 2913 5097 quare
2961 5027 3246 5085 llertuinus
3275 5026 3602 5091 pra~termit-

2010 5122 2206 5177 tendus
2234 5129 2334 5177 est.
2382 5121 2519 5177 Huic
2546 5131 2723 5176 autem
2751 5121 3070 5189 expositioni
3106 5134 3262 5189 quam
3304 5133 3462 5189 supra
3485 5119 3601 5179 dis-

2009 5214 2259 5287 seruimet
2279 5213 2625 5282 Aspasius,et
2648 5211 3000 5281 Porphyrius,
3031 5218 3085 5265 et
3115 5208 3415 5263 Alexander
3438 5210 3487 5262 iu
3519 5207 3603 5271 his

2009 5321 2144 5376 quos
2186 5306 2238 5365 in
2271 5304 2410 5359 hunc
2444 5303 2636 5358 librum
2677 5302 2897 5356 edidere
2928 5300 3328 5369 conuueutariis
3372 5315 3603 5356 consen-

2008 5413 2129 5453 sere
2153 5410 2171 5465 ;
2198 5396 2290 5465 sed
2324 5411 2390 5450 ne
2413 5395 2612 5450 diutius
2646 5393 2799 5448 nobis
2831 5392 3131 5449 Aristotelis
3149 5392 3453 5457 exetnplum
3476 5391 3605 5451 cali-

2006 5491 2150 5562 ginis
2180 5488 2560 5561 obscuritatcpt
2599 5487 2753 5563 ferat.
2792 5490 2890 5540 hoc
2924 5487 2972 5537 in
3006 5487 3185 5553 aﬁquo
3208 5495 3334 5536 noto
3355 5484 3605 5553 exemplo

2005 5582 2376 5652 vocabulotpie
2406 5580 2696 5637 videndum
2726 5592 2828 5634 est.
2854 5578 2984 5633 Cum
3010 5579 3150 5633 enim
3176 5577 3405 5634 dicimus
3432 5598 3441 5631 :
3469 5579 3604 5649 Ajas

2001 5691 2060 5737 se
2092 5677 2331 5748 perimit,
2362 5686 2417 5731 et
2440 5675 2750 5731 Telamonis
2799 5672 3015 5741 Ajacem
3066 5672 3254 5740 ﬁlium,
3289 5682 3342 5728 et
3372 5673 3602 5739 Uileum,

2002 5766 2357 5833 demonstrat,
2387 5781 2452 5822 ex
2476 5767 2668 5838 quibus
2694 5764 2902 5819 duobus
2939 5778 3098 5818 unum
3131 5764 3241 5817 ﬁeri
3268 5763 3467 5834 aliquid
3498 5777 3604 5821 non

1997 5870 2193 5933 potest.
2220 5861 2303 5937 iis
2325 5859 2532 5937 duobus
2553 5861 2698 5915 enim
2728 5857 3017 5916 individuis
3047 5857 3183 5916 nihil
3218 5872 3305 5913 om
3317 5857 3449 5915 ttino
3476 5870 3608 5921 cono

2680 6007 2753 6019 -"
