4022 6332
360 286 367 293 ’
416 330 517 388 tat

1643 327 1753 381 AN.
1795 326 2002 382 MANL.
2046 328 2198 386 SEV.
2239 330 2442 389 BOETI

3592 340 3711 395 488

418 435 671 507 iungitur.
716 434 893 503 Quare
920 431 1221 526 huiusmodi
1252 432 1554 526 propositio;
1594 436 1994 506 inuita-signifi-
2026 444 2079 505 Α
2108 442 2258 513 bunt,
2286 449 2332 504 si
2367 452 2488 521 quis
2517 464 2677 526 neget
2719 457 2910 516 Franci
2942 460 3151 519 Gothos
3198 471 3304 515 non
3344 455 3709 526 superabunt,

421 537 525 583 cat.
559 526 664 584 Sed
688 528 804 582 haec
826 526 1103 601 hactenus.
1135 525 1285 579 Nunc
1314 533 1493 581 autem
1527 524 1857 581 determinat
1891 529 2004 583 haec

422 638 541 692 qua:
586 621 653 675 de
703 618 1156 690 propositionibus
1194 632 1351 689 supra
1386 618 1495 689 jam
1539 617 1771 687 dixerat,
1805 636 1911 677 non
1939 620 2007 676 de

422 711 566 765 omni
599 720 860 780 tempore,
889 708 985 765 sed
1014 708 1082 766 de
1109 709 1239 765 solis
1269 718 1474 764 tantum
1501 711 1772 780 praeterito
1794 720 1847 767 et
1870 726 2008 781 pra:-

420 802 582 868 senti,
598 800 1049 871 quemadmodum
1078 815 1136 857 se
1157 801 1209 857 in
1233 802 1459 858 veritate
1479 811 1533 857 et
1551 802 1782 858 falsitate
1805 803 2004 860 habent

417 893 759 948 disseruisse.
794 892 849 948 in
899 894 1091 949 futuris
1126 909 1254 950 vero
1297 910 1405 949 non
1437 894 1576 950 idem
1618 905 1722 963 est,
1755 897 1912 968 quale
1937 896 2005 953 de

348 1008 353 1017 ε
418 984 667 1052 νιίεεειιιὶ
714 994 769 1039 ει
797 986 1072 1055 praeterito
1110 986 1161 1039 in
1205 986 1571 1056 propositione
1604 986 1887 1057 judicium,
1921 990 2003 1044 id-

415 1081 558 1135 circo
579 1082 703 1153 quia
720 1081 833 1153 jam
855 1082 938 1138 vel
963 1096 1083 1137 cum
1109 1083 1353 1153 contigit,
1379 1082 1464 1138 vel
1493 1098 1614 1138 cum
1645 1093 1750 1149 est,
1781 1084 2003 1142 definita

417 1172 615 1228 veritas
662 1184 715 1229 et
757 1173 960 1229 falsitas
1001 1176 1053 1229 in
1103 1175 1560 1245 propositionibus
1608 1176 1902 1243 invenitur,
1950 1190 2008 1234 nt

415 1281 535 1322 cum
573 1265 720 1331 dico,
768 1266 960 1322 Brutus
1005 1269 1339 1324 consulatum
1392 1269 1594 1337 primus
1640 1269 1869 1325 instituit
1908 1270 2007 1326 sub

416 1372 543 1428 rege
564 1357 882 1427 Tarquinio,
914 1357 1057 1413 dicat
1094 1358 1251 1424 alius,
1294 1358 1489 1415 Brutus
1530 1360 1868 1416 consulatum
1900 1375 2006 1416 non

416 1452 620 1522 primus
664 1451 892 1507 instituit
933 1453 1031 1507 snb
1052 1467 1178 1523 rege
1218 1452 1511 1523 Tarquinio
1546 1472 1557 1506 :
1608 1453 1708 1537 hic.
1738 1470 1838 1510 una
1879 1470 2004 1511 vera

424 1555 528 1613 est,
563 1560 663 1600 una
694 1546 848 1611 falsa,
880 1557 1038 1601 etiam
1069 1548 1356 1603 affirmatio
1379 1547 1599 1604 definite
1630 1563 1753 1603 vera
1785 1559 1887 1615 est,
1914 1547 2007 1604 de-

415 1638 561 1694 finite
586 1637 717 1693 falsa
748 1639 979 1709 negatio.
1013 1638 1218 1696 Rursus
1244 1639 1297 1697 in
1328 1642 1577 1710 praesenti
1603 1657 1725 1697 cum
1750 1641 2001 1707 dicimus,

417 1745 639 1786 vernum
673 1740 880 1801 tempus
907 1740 1010 1800 est,
1066 1748 1287 1788 vernum
1320 1743 1532 1805 tempus
1562 1750 1667 1790 non
1698 1745 1799 1803 est,
1830 1735 1874 1791 si
1906 1734 2006 1789 hoc

413 1838 580 1878 verno
612 1830 852 1893 tempore
879 1822 1079 1878 dictum
1108 1825 1199 1889 sit,
1238 1824 1528 1882 affirmatio
1568 1842 1697 1882 veta
1727 1836 1810 1883 est
1837 1836 1891 1883 et
1914 1827 2009 1883 de-
2038 1838 2085 1901 Β

414 1914 562 1970 finite
598 1930 745 1982 vera,
782 1916 992 1985 negatio
1023 1915 1151 1971 falsa
1183 1926 1266 1972 est
1305 1926 1361 1973 et
1390 1918 1611 1975 definite
1648 1919 1801 1975 falsa.
1848 1920 2001 1989 Quod

414 2010 456 2087 si
500 2009 877 2087 hoc‘autumno
915 2010 1115 2066 dictum
1156 2012 1246 2078 sit,
1270 2012 1491 2070 definite
1517 2013 1646 2071 falsa
1688 2013 2000 2083 affirmatio,

411 2081 463 2158 et
488 2080 707 2157 definite
738 2110 824 2157 est
852 2116 980 2158 vera
1004 2104 1234 2175 negatio,
1264 2104 1464 2161 idcirco
1483 2105 1627 2176 quod
1649 2105 1762 2161 sive
1789 2106 1843 2161 in
1866 2080 2001 2177 prae;

411 2189 551 2247 senti
583 2188 699 2246 sive
728 2188 784 2243 in
816 2193 1089 2261 praeterito
1117 2193 1317 2250 veritas
1358 2194 1735 2252 afﬁrmationis
1764 2198 2003 2267 negatio-~

411 2282 562 2339 nisve
581 2283 693 2353 jam
723 2280 972 2357 contigit,
1015 2286 1068 2341 in
1098 2286 1278 2344 futuro
1304 2303 1435 2344 vero
1468 2305 1575 2344 non
1612 2290 1806 2345 eodem
1844 2291 2003 2347 modo

411 2388 529 2431 sese
560 2375 758 2433 habet:
796 2388 853 2434 ut
890 2393 1010 2436 cum
1026 2380 1275 2449 dicimus,
1310 2380 1504 2437 Franci
1546 2380 1753 2439 Gothos
1781 2398 2003 2455 superae

2112 553 2214 594 una
2242 542 2456 611 quidem
2487 563 2612 605 vera
2635 559 2739 615 est,
2764 552 2934 609 altera
2964 552 3117 610 falsa.
3150 551 3257 609 Sed
3297 567 3418 623 qua
3438 565 3562 606 vera
3585 564 3715 620 qua:

2111 630 2240 689 falsa
2268 636 2359 703 sit,
2386 648 2511 694 ante
2554 643 2756 699 exitum
2786 646 2962 702 nullus
2994 645 3257 718 agnoscit,
3292 655 3456 727 atque
3477 644 3579 697 hoc
3616 650 3715 699 est

2109 728 2251 799 quod
2285 731 2358 787 ait
2390 749 2404 786 :
2437 733 2495 789 In
2526 733 2608 793 his
2638 752 2769 811 ergo
2811 756 2930 811 quae
2976 738 3101 796 sunt
3145 749 3199 795 et
3228 753 3350 811 qua:
3378 737 3517 793 facta
3553 744 3711 798 sunt,

2110 836 2333 883 necesse
2357 835 2440 883 est
2461 828 2873 890 affirmationem
2916 835 3001 890 vel
3029 834 3373 905 negationem
3408 847 3586 888 veram
3614 831 3709 885 vel

2111 912 2298 972 falsam
2353 935 2503 985 esse;
2533 921 2585 977 in
2638 925 3034 983 nniversalibns
3071 918 3291 999 quidem
3324 924 3712 981 nniversaliter

2111 1021 2325 1079 semper
2374 1011 2513 1068 hanc
2557 1004 2773 1086 quidem
2806 1034 3009 1085 veram,
3050 1019 3198 1075 illam
3237 1032 3366 1074 vero
3396 1016 3614 1078 falsam;
3651 1023 3715 1070 et

2110 1099 2163 1153 in
2195 1098 2277 1156 his
2309 1117 2427 1172 quae
2474 1115 2598 1161 sunt
2646 1106 2959 1180 singularia,
3013 1107 3466 1182 quemadmodum
3499 1106 3709 1162 dictum

2109 1203 2212 1259 est,
2246 1204 2302 1250 ut
2330 1212 2435 1253 non
2466 1199 2625 1255 modo
2653 1216 2754 1257 una
2784 1217 2997 1273 semper
3023 1219 3154 1261 vera
3174 1204 3266 1270 sit,
3295 1205 3463 1258 altera
3495 1202 3622 1256 falsa
3648 1201 3710 1255 in

2114 1294 2220 1341 tota
2259 1289 2704 1349 contradictione.
2751 1294 2856 1352 Sed
2899 1296 3027 1352 illud
3060 1311 3273 1368 quoque
3302 1295 3516 1359 habeat,
3552 1304 3607 1349 ut
3650 1294 3709 1347 in

2111 1395 2213 1436 una
2248 1382 2483 1451 qualibet
2512 1385 2735 1444 definite
2777 1390 2976 1446 veritas
3003 1399 3097 1446 aut
3134 1391 3336 1447 falsitas
3377 1390 3707 1459 reperiatur.

2108 1470 2185 1526 ita
2214 1483 2271 1528 ut
2297 1474 2353 1530 in
2383 1474 2466 1533 his
2492 1478 2851 1549 singularibus
2880 1482 3076 1539 veritas
3104 1492 3160 1540 et
3188 1482 3392 1538 falsitas
3418 1483 3471 1537 in
3498 1495 3707 1551 propo-

2108 1565 2392 1624 sitionibus
2441 1570 2741 1640 dividatur;
2787 1574 2842 1630 in
2879 1576 3271 1632 universalibus
3321 1584 3500 1632 autem
3527 1573 3575 1628 si
3618 1572 3709 1627 bis

2111 1659 2557 1727 particularitates
2592 1675 2933 1736 opponantur
2975 1654 3452 1740 (quemadmodum
3497 1664 3707 1722 dictum

2109 1764 2239 1833 est),
2265 1779 2423 1820 unam
2451 1782 2673 1826 necesse
2700 1780 2781 1825 est
2805 1785 2988 1826 veram
3017 1786 3163 1837 esse,
3211 1770 3435 1827 alteram
3467 1767 3705 1834 falsam';

2112 1862 2207 1919 sed
2245 1881 2350 1921 non
2392 1867 2608 1925 definita
2638 1873 3062 1942 propositionum
3084 1874 3312 1945 veritate
3333 1873 3413 1929 vel
3445 1872 3703 1937 falsitate,

2110 1964 2250 2021 sicut
2280 1982 2441 2040 supra
2485 1970 2739 2029 disserui.
2771 1972 2951 2040 Quare
2982 1974 3033 2028 in
3077 1974 3426 2046 sequentibus
3454 1974 3705 2046 quadam

2110 2071 2178 2128 de
2208 2073 2402 2129 futuris
2446 2076 2724 2132 tractanda
2772 2086 2917 2144 sunt,
2964 2086 3018 2133 et
3058 2077 3308 2148 quoniam
3363 2077 3535 2148 majus
3565 2090 3705 2148 Opus

2110 2166 2381 2249 estquam
2426 2178 2512 2235 hic
2544 2178 2778 2235 breviter
2812 2178 2921 2234 dici
2972 2194 3131 2249 posse
3173 2177 3489 2245 viderimus,
3518 2186 3575 2234 et
3603 2190 3706 2234 nos

2111 2281 2335 2337 secundi
2381 2280 2669 2338 voluminis
2716 2281 2908 2339 seriem
2959 2281 3168 2353 longius
3214 2280 3564 2347 extraximus,
3598 2279 3708 2337 hoc

2113 2386 2232 2441 loco
2262 2384 2594 2442 fastidiosam
2628 2386 3017 2458 longitudinem
3046 2383 3413 2442 terminemus.

468 2510 482 2535 ι
644 2510 669 2517 ..
881 2509 906 2519 -
1176 2514 1273 2521 .λ
1550 2512 1563 2520 .
2068 2516 2071 2519 .

556 2605 583 2701 i‘
1640 2623 1928 2705 LIBER
1984 2624 2453 2707 TERTIUS.

481 2883 556 2944 Ea
596 2902 713 2958 qua:
787 2887 945 2956 hujus
997 2885 1115 2941 libri
1161 2886 1329 2943 series
1379 2887 1675 2943 continebit
1722 2904 1994 2961 exponere

408 2981 614 3039 altioris
640 2996 779 3051 pene
810 2987 1070 3036 tractatus
1115 2989 1198 3037 est
1236 2995 1397 3051 quam
1445 2982 1581 3037 utin
1631 2983 1802 3054 lngica
1831 2984 1993 3041 disci-

409 3075 553 3145 plina
603 3074 889 3131 conveniat
925 3072 1224 3144 disputari;
1277 3074 1370 3130 sed
1418 3076 1674 3146 quoniam
1722 3080 1804 3149 (ut
1852 3094 1995 3149 saepe

2106 2893 2246 2951 Deus
2275 2895 2591 2952 immortalis
2614 2904 2720 2953 est.
2750 2894 2844 2953 lite
2871 2910 3101 2969 namque
3141 2897 3532 2970 propositiones
3559 2898 3698 2962 sicut

2104 2991 2172 3047 de
2221 2991 2614 3049 immortalibus
2659 2991 2929 3062 dicuntur,
2961 2993 3034 3049 ita
3064 3008 3276 3065 quoque
3317 2993 3699 3065 sempiternam

2106 3087 2306 3144 habent
2335 3097 2389 3145 et
2431 3086 2791 3146 necessariam
2839 3089 3283 3160 significationem
3308 3134 3322 3159 ,
3374 3105 3474 3145 nec
3516 3089 3699 3148 hocin

409 3167 607 3223 dictum
651 3167 753 3239 est)
786 3168 1119 3223 orationibus
1173 3182 1330 3225 sensa
1388 3169 1753 3240 proferuntur,
1806 3174 1999 3241 quibus
2028 3200 2079 3265 ο
2111 3183 2270 3238 unius
2303 3182 2561 3251 temporis
2610 3190 2797 3237 natura
2826 3181 3171 3251 perspicitur,
3213 3180 3307 3237 sed
3330 3181 3407 3257 .in
3438 3180 3709 3238 omnium.

408 3257 680 3327 subjectus
727 3273 813 3314 res
864 3274 986 3314 esse
1017 3259 1357 3315 manifestum
1391 3270 1501 3327 est,
1536 3277 1642 3317 non
1669 3273 1751 3320 est
1779 3264 1996 3321 dubium

412 3350 539 3421 quin
590 3348 729 3420 quod
779 3350 832 3404 in
873 3349 1033 3406 rebus
1078 3350 1151 3405 sit
1184 3350 1322 3408 idem
1362 3366 1505 3424 saepe
1536 3355 1890 3412 transferatur
1933 3359 1997 3413 ad

410 3457 587 3499 voces.
618 3441 794 3510 Quare
821 3441 951 3497 mihi
996 3451 1146 3501 recte
1170 3444 1454 3501 consilium
1490 3445 1588 3503 fuit
1617 3449 2000 3509 subtilissimas

412 3531 716 3590 Aristotelis
741 3535 1038 3591 sententias
1067 3535 1287 3607 gemino
1314 3537 1502 3594 ordine
1528 3544 1997 3601 commentationis

406 3625 637 3697 aperire.
694 3624 827 3681 Nam
859 3627 1001 3697 quod
1032 3630 1180 3697 prior
1209 3637 1355 3686 tenet
1380 3630 1547 3687 editio
1577 3635 1998 3705 ingredientibus

405 3717 468 3773 ad
514 3717 630 3774 bzec
657 3718 847 3775 altiora
890 3728 943 3775 et
970 3721 1253 3779 subtiliora
1284 3725 1570 3794 quamdam
1600 3730 1995 3797 quodammodo

405 3809 698 3867 faciliorem
744 3815 990 3869 semitam
1021 3824 1188 3885 parat.
1216 3818 1366 3885 Quod
1398 3830 1577 3877 autem
1611 3823 1844 3879 secunda
1875 3823 1993 3882 edi-

406 3910 505 3975 tio,
555 3908 607 3964 in
658 3910 1046 3978 patefaciendis
1077 3912 1363 3969 subtilibus
1409 3919 1692 3973 sententiis
1715 3914 1990 3986 elaborat,

405 3999 508 4058 hoc
536 4000 714 4058 studio
744 4001 1093 4075 doctrinaque
1140 4005 1404 4075 provectis
1434 4008 1717 4080 legendum
1767 4008 1983 4064 discen-

407 4091 635 4163 dumque
661 4092 997 4164 proponitur.
1047 4095 1224 4163 Quare
1251 4097 1403 4168 prius
1426 4100 1667 4168 quaedam
1699 4113 1868 4169 pauca
1902 4100 1989 4154 di-

406 4183 575 4240 cenda
607 4193 752 4252 sunt,
786 4193 1051 4255 quatenus
1074 4200 1134 4242 ea
1164 4188 1230 4243 de
1257 4188 1454 4258 quibus
1486 4198 1671 4259 postea
1712 4191 1989 4247 tractaturi

405 4287 609 4342 sumus,
642 4275 756 4332 haec
806 4276 921 4345 ipsa
952 4279 1252 4348 legentibus
1297 4294 1404 4335 non
1456 4279 1737 4338 videantur
1789 4284 1991 4353 ignota.

404 4365 743 4439 Categoricas
822 4371 1213 4440 propositiones
1260 4370 1432 4429 Graeci
1480 4383 1671 4429 vocant
1711 4391 1829 4445 qum
1878 4378 1994 4433 sine

404 4455 576 4532 aliqua
607 4460 911 4518 conditione
939 4465 1323 4534 propositianis
1375 4478 1690 4536 promuntur
1712 4508 1729 4536 ,
1783 4475 1841 4522 ut
1870 4479 1952 4524 est
1976 4508 1991 4533 ,

2103 3275 2238 3333 Nam
2280 3290 2400 3330 cum
2443 3272 2694 3341 dicimus,
2726 3274 2869 3330 Deus
2892 3273 3210 3329 immortalis
3231 3282 3335 3342 est,
3366 3272 3449 3329 vel
3481 3274 3696 3331 immor-

2104 3368 2223 3425 talis
2270 3366 2391 3431 fuit,
2421 3366 2503 3421 vel
2531 3366 2852 3423 immortalis
2891 3367 3014 3435 erit,
3048 3382 3075 3420 a
3108 3367 3325 3445 propria
3354 3368 3700 3438 signiﬁcatio-

2104 3462 2187 3517 nis
2215 3459 2535 3515 necessitate
2575 3460 2644 3515 nil
2669 3458 2955 3529 discrepat.
2989 3458 3331 3515 Necessarias
3355 3468 3543 3541 autem
3573 3475 3698 3531 ιιι-ος

2102 3551 2395 3625 positiones
2423 3565 2678 3607 vocamus
2718 3551 2770 3607 in
2804 3551 2998 3622 quibus
3042 3549 3095 3605 id
3140 3550 3283 3621 quod
3318 3550 3528 3627 dicitur
3551 3592 3566 3615 ,
3598 3561 3693 3607 aut

2102 3645 2286 3712 fuisse,
2311 3654 2402 3702 aut
2428 3659 2571 3713 esse,
2595 3653 2686 3700 aut
2705 3654 2850 3701 certe
2890 3658 3111 3700 necesse
3138 3653 3223 3701 est
3240 3645 3473 3710 evenire.
3504 3654 3559 3702 et
3582 3646 3695 3702 haec

2101 3740 2319 3813 quidem
2348 3755 2468 3811 qua:
2497 3740 2829 3808 sempiterna
2858 3737 3191 3809 significant,
3220 3738 3568 3807 sempiternae
3603 3753 3695 3794 ne~

2101 3831 2368 3889 cessitatis
2392 3840 2535 3886 sunt.
2563 3829 2694 3885 Nam
2723 3829 2883 3885 etiam
2908 3831 2951 3883 si
2981 3829 3033 3884 in
3059 3828 3143 3885 his
3172 3844 3278 3884 non
3308 3828 3378 3883 sit
3408 3829 3692 3886 manifesta

2101 3924 2340 3981 veritatis
2368 3932 2578 3987 natura,
2609 3920 2741 3977 nihil
2772 3932 2953 3977 tamen
2985 3920 3236 3988 prohibet
3262 3919 3421 3976 fixam
3450 3934 3575 3977 esse
3604 3936 3693 3978 nc-

2100 4015 2365 4073 cessitatis
2393 4015 2446 4070 in
2480 4022 2668 4069 natura
2694 4012 3073 4083 constantiam,
3110 4011 3236 4068 utsi
3267 4011 3421 4069 nobis
3450 4013 3692 4086 ignotum

2099 4117 2182 4163 est
2232 4114 2410 4162 utrum
2457 4107 2607 4177 paria
2653 4105 2761 4160 sint
2785 4114 2950 4174 astra,
2981 4120 3049 4160 an
3086 4105 3339 4177 imparia,
3373 4121 3482 4162 non
3515 4116 3693 4164 tamen

2101 4199 2304 4255 idcirco
2353 4198 2554 4268 poterit
2583 4196 2804 4254 evenire
2859 4206 2916 4253 ut
2967 4212 3069 4254 nec
3115 4198 3284 4272 paria,
3317 4213 3418 4255 nec
3463 4199 3693 4272 imparia

2099 4291 2407 4363 videantur,
2437 4295 2531 4351 sed
2560 4295 2678 4351 sine
2710 4294 2813 4352 ulla
2840 4294 3177 4354 dubitatione
3204 4303 3296 4351 aut
3347 4295 3494 4367 paria
3529 4307 3689 4366 sunt,

2104 4393 2195 4441 aut
2228 4386 2474 4458 imparia.
2507 4387 2694 4443 Omnis
2720 4389 2863 4444 enim
2892 4389 3201 4458 multitudo,
3235 4388 3427 4447 horum
3457 4390 3693 4447 alterum

2101 4480 2297 4535 retinet
2343 4481 2398 4536 in
2452 4490 2663 4541 natura.
2696 4482 2958 4551 Quocirca
3004 4492 3058 4539 ει
3087 4483 3139 4539 in
3190 4480 3273 4539 bis
3301 4483 3345 4540 si
3393 4485 3515 4555 quis
3544 4484 3691 4567 dicat

403 4556 517 4610 dies
550 4564 655 4623 est,
695 4556 775 4613 sol
806 4567 919 4627 est,
954 4556 1115 4613 homo
1164 4567 1283 4627 est,
1317 4559 1479 4615 homo
1504 4559 1680 4629 justus
1728 4569 1811 4615 cst
1834 4601 1849 4625 ,
1909 4561 1990 4616 sol
2021 4596 2072 4660 υ
2099 4580 2241 4625 astra
2292 4571 2441 4640 paria
2472 4582 2628 4640 sunt,
2679 4574 2924 4645 aliusque
2955 4574 3313 4646 respondeat,
3344 4585 3490 4632 astra
3541 4556 3688 4647 paria

403 4646 571 4714 calet,
605 4654 657 4703 et
686 4657 878 4705 caetera
906 4664 1027 4720 quae
1077 4652 1193 4706 sine
1220 4651 1447 4720 alicujus
1492 4651 1815 4708 conditionis
1849 4654 1991 4710 nodo

406 4749 565 4810 atque
586 4738 836 4810 ligamine
861 4751 1250 4812 proponuntur.
1282 4741 1419 4799 Sunt
1448 4752 1627 4802 autem
1656 4744 1991 4802 conditiona-

401 4829 477 4885 lcs
537 4833 930 4903 propositiones
985 4832 1327 4904 hujusmodi,
1363 4836 1407 4890 si
1440 4836 1555 4892 dies
1588 4848 1690 4902 est,
1748 4838 1837 4893 lux
1886 4846 1989 4904 est,

399 4936 531 4990 quas
554 4920 726 4980 Gra'ci
751 4923 1126 4996 hypotheticas
1152 4936 1364 4981 vocant.
1390 4925 1789 4985 Conditionales
1812 4938 1990 4986 autem

402 5015 670 5084 dicuntur,
702 5016 843 5087 quod
877 5016 999 5072 talis
1030 5017 1272 5087 quaedam
1303 5019 1536 5075 conditio
1583 5024 1900 5091 proponitur
1930 5032 1988 5078 ut

403 5105 626 5173 dicatur,
659 5109 704 5163 si
749 5110 849 5163 hoc
878 5117 980 5176 est,
1015 5108 1145 5163 illud
1196 5119 1313 5179 est,
1345 5118 1397 5166 et
1430 5111 1549 5168 illas
1599 5114 1812 5183 quidem
1849 5130 1981 5185 quas

372 5202 726 5274 'categoricas
783 5201 955 5257 Graeci
1005 5202 1313 5270 nominant,
1369 5205 1556 5263 Latine
1615 5209 1985 5277 prtedicativas

402 5292 581 5351 dicere
604 5308 904 5366 possumus.
933 5294 1063 5375 Nam
1106 5295 1149 5352 si
1182 5304 1460 5375 κατηγορία
1507 5301 1982 5371 ρι’ίεάἱεειιιεηιιιηι
2072 5316 2075 5317 ⁷

400 5394 481 5443 est
504 5428 517 5453 ,
548 5398 643 5439 cur
670 5399 773 5441 non
803 5400 1015 5458 quoque
1042 5392 1372 5465 κατηγορικαί
1420 5396 1817 5462 pmpositiones
1844 5408 1985 5464 pra:-

400 5476 645 5532 dicativtc
688 5476 966 5534 dicantur?
993 5479 1189 5535 llarum
1222 5490 1401 5539 autem
1441 5484 1684 5554 qnmdam
1716 5495 1841 5542 sunt
1867 5502 1985 5557 qua:

401 5583 524 5624 cum
552 5570 871 5639 sempiterna
897 5572 1219 5644 significent,
1263 5573 1399 5631 sicut
1431 5575 1514 5631 ha:
1543 5592 1629 5631 res
1658 5591 1793 5649 quas
1823 5580 1987 5650 signi-

404 5660 566 5717 ficant
612 5677 825 5735 semper
862 5674 987 5721 sunt
1013 5708 1028 5734 ,
1079 5676 1131 5722 et
1185 5682 1454 5739 nunquam
1488 5686 1517 5724 ιι
1550 5671 1765 5741 propria
1797 5681 1987 5729 natura
2078 5680 2081 5681 ⁷

404 5750 722 5841 discedunt,
773 5757 844 5812 ita
892 5776 1103 5832 quoque
1148 5760 1276 5831 ipsa:
1305 5764 1699 5833 propositiones
1731 5767 1984 5825 immuta-

362 5850 369 5853 ’
403 5845 496 5904 ltili
551 5850 937 5909 significatione
969 5864 1087 5908 sunt
1117 5897 1129 5919 ,
1163 5865 1217 5912 ut
1246 5857 1287 5914 si
1315 5858 1433 5927 quis
1463 5858 1607 5916 dicat
1635 5903 1647 5927 ,
1705 5860 1844 5920 Deus
1873 5873 1984 5930 est,

2098 4676 2203 4717 non
2234 4671 2397 4729 sunt;
2454 4664 2539 4719 vel
2588 4665 2633 4721 si
2692 4667 2812 4737 quis
2856 4665 3027 4734 dicat,
3059 4676 3205 4724 astra
3234 4667 3463 4740 imparia
3516 4682 3687 4739 sunt,

2100 4755 2344 4826 aliusque
2371 4758 2715 4828 respondeat,
2750 4767 2892 4817 astra
2925 4761 3150 4832 imparia
3197 4779 3304 4820 non
3353 4773 3500 4833 sunt,
3552 4781 3689 4823 unus

2098 4847 2290 4904 borum
2322 4867 2507 4907 verum
2539 4868 2607 4909 ex
2639 4854 2961 4912 necessitate
2990 4856 3268 4927 proponit,
3303 4865 3358 4913 et
3379 4873 3688 4930 quanquam

2098 4939 2150 4995 id
2190 4940 2330 5011 quod
2353 4942 2577 5013 quilibet
2598 4946 2790 5002 borum
2816 4962 3001 5003 verum
3022 4948 3239 5016 dixerit,
3270 4950 3423 5006 nobis
3446 4951 3687 5022 ignomm

2098 5042 2179 5089 cst
2198 5073 2212 5099 ,
2243 5049 2464 5092 necesse
2507 5045 2590 5092 est
2619 5047 2797 5095 tamen
2848 5038 3254 5098 immutabiliter
3280 5056 3402 5100 esse
3434 5043 3579 5114 quod
3610 5044 3690 5101 di-

2095 5124 2251 5191 citur,
2278 5135 2439 5197 atque
2468 5127 2550 5182 ha:
2573 5129 2788 5199 quidem
2817 5140 2961 5201 sunt
2984 5130 3393 5191 immutabiliter
3429 5150 3690 5193 necessa-

2095 5218 2188 5273 ria:
2219 5223 2633 5292 propositiones.
2692 5224 2823 5280 Alia:
2853 5241 2979 5282 vero
3003 5236 3127 5283 sunt
3155 5244 3277 5301 qua
3331 5244 3437 5286 non
3489 5232 3689 5301 sempi-
3715 5301 3730 5323 ‘

2096 5320 2242 5369 terna
2292 5317 2673 5387 significantes,
2730 5329 2855 5375 sunt
2883 5329 3058 5378 tamen
3091 5332 3147 5379 et
3172 5325 3299 5394 ipsae
3328 5326 3674 5393 necessarim,

2095 5420 2371 5479 quousque
2451 5409 2539 5465 illa
2587 5410 2826 5482 subjecta
2882 5424 3008 5469 sunt
3052 5415 3120 5473 de
3147 5416 3343 5485 quibus
3391 5418 3689 5488 propositio

2095 5498 2294 5571 aliquid
2328 5503 2559 5560 affirmat
2587 5516 2677 5561 ant
2708 5516 2886 5578 negat,
2921 5518 2979 5563 ut
3004 5524 3125 5565 cum
3168 5508 3324 5580 dico,
3353 5510 3516 5567 homo
3542 5529 3690 5569 mor-

2096 5595 2214 5649 talis
2244 5606 2361 5663 est,
2408 5600 2642 5671 quandiu
2673 5600 2837 5657 homo
2881 5610 2984 5670 est,
3022 5602 3202 5659 tandiu
3231 5604 3503 5662 hominem
3534 5618 3687 5663 mor-

2093 5688 2251 5744 talem
2294 5707 2416 5747 esse
2465 5708 2688 5750 necesse
2716 5704 2818 5751 est.
2851 5693 2985 5752 Nam
3013 5695 3059 5752 si
3087 5697 3205 5767 quis
3231 5697 3397 5765 dicat,
3428 5699 3568 5770 ignis
3597 5716 3690 5753 εον

2094 5778 2233 5834 lidus
2262 5790 2365 5846 est,
2401 5783 2637 5852 quandiu
2691 5795 2774 5841 cst
2826 5785 2965 5859 ignis
2987 5829 3000 5851 ,
3053 5788 3236 5844 tandiu
3267 5805 3330 5844 ex
3364 5789 3687 5847 necessitate

2099 5888 2220 5928 vera
2252 5884 2337 5929 est
2362 5878 2678 5944 propositio.
2735 5879 2865 5935 Alia:
2915 5896 3042 5939 vero
3096 5891 3218 5941 sunt
3247 5899 3366 5954 qua:
3413 5898 3441 5939 a
3494 5892 3687 5945 natura
