4022 6332
296 270 393 325 ι89

1026 276 1096 335 ΙΝ
1127 282 1383 339 LIBRUM
1425 286 1511 340 DE
1549 287 2193 354 ΙΝΤΕΒΡΒΕΤΔἸῚΟΝΕ
2239 303 2464 361 EDlTlO
2502 282 2834 369 SECUNDA.

3460 331 3562 386 ιυυ

295 390 632 447 necessitatis
657 393 936 460 recedunt,
967 405 1021 451 et
1043 407 1285 464 quaedam
1321 411 1524 459 tantum
1556 410 1874 480 eontingen-
1904 419 1952 473 Α
1982 412 2233 490 praesenti
2265 416 2539 474 deﬁnitum
2571 432 2623 476 et
2652 408 3005 481 constitutum
3032 426 3229 484 habent
3270 444 3558 503 eventum;
3618 458 3625 463 ι

292 482 361 535 tia
388 483 710 551 signiﬁcant.
741 486 845 541 Sed
883 488 999 542 hzec
1017 500 1110 543 aut
1137 494 1413 559 aequaliter
1439 512 1498 552 se
1526 501 1592 553 ad
1636 501 1873 555 alﬁrma-

292 575 491 631 tionem
520 579 963 652 negationemque
989 583 1240 639 habentia
1280 601 1406 643 sunt
1430 630 1448 656 ,
1495 600 1589 645 aut
1617 594 1681 647 ad
1713 611 1874 649 unum
1918 608 1927 617 ‘

292 670 565 740 vergentia
597 669 949 740 frequentius.
994 675 1296 746 (Equaliter
1316 682 1535 749 quidem
1567 698 1626 739 se
1654 684 1874 754 habent,

291 768 346 814 ut
372 761 421 816 si
446 764 568 832 quis
607 764 751 819 dicat
778 781 864 820 me
892 766 1051 823 hodie
1093 784 1213 825 esse
1240 772 1525 830 lavandum
1547 818 1562 844 ,
1595 779 1755 833 hodie
1788 797 1874 836 me

289 865 397 906 non
424 868 545 917 esse
572 854 879 923 lavandum,
906 858 1045 914 Nihil
1072 862 1212 916 enim
1244 864 1327 918 vel
1357 869 1570 937 negatio
1591 873 1762 942 magis
1788 874 1873 928 vel

289 942 577 999 afﬁrmatio
606 945 723 1012 ﬁet,
760 956 998 1019 utraeque
1043 953 1190 1007 enim
1221 957 1503 1025 aequaliter
1552 965 1872 1020 necessaria:

288 1050 392 1089 non
421 1045 572 1091 sunt.
596 1037 702 1094 Illae
724 1055 852 1095 vero
878 1057 996 1109 quae
1028 1044 1146 1113 plus
1174 1046 1240 1100 ad
1268 1048 1495 1104 alteram
1525 1063 1730 1121 partem
1756 1071 1875 1110 ver-

288 1136 418 1198 gunt
463 1128 768 1198 hujusmodi
821 1144 966 1199 sunt,
1000 1143 1059 1189 ut
1100 1137 1144 1190 si
1175 1138 1295 1207 quis
1320 1139 1465 1195 dicat
1513 1143 1784 1200 hominem
1818 1148 1872 1201 in

288 1229 567 1276 senectute
588 1237 906 1293 canescere,
938 1226 1209 1285 hominem
1243 1234 1296 1287 in
1325 1245 1601 1293 senectute
1632 1255 1735 1294 non
1785 1256 1875 1296 ca-

287 1326 541 1380 nescere,
574 1314 630 1369 ﬁt
659 1316 872 1384 quidem
893 1318 1226 1389 frequentius
1257 1334 1312 1378 ut
1342 1341 1615 1396 canescat,
1648 1340 1756 1387 non
1793 1342 1872 1386 ta-

286 1417 412 1457 men
444 1406 792 1461 interclusum
820 1419 932 1476 est,
967 1422 1023 1465 ttt
1053 1428 1159 1467 non
1188 1427 1463 1473 canescat.
1495 1422 1873 1480 Praedicativa-

286 1508 407 1550 rum
435 1508 614 1551 autem
646 1502 1073 1569 propositionum
1122 1518 1310 1563 natura
1338 1526 1405 1565 ex
1433 1527 1613 1569 rerum
1648 1520 1871 1574 veritate

285 1599 339 1643 et
360 1588 593 1645 lal~itale
612 1592 895 1663 colligitur.
916 1596 1373 1663 Quemadmodum
1394 1620 1479 1659 res
1506 1622 1626 1663 sese
1651 1610 1867 1678 habent,

285 1678 358 1735 Ita
392 1696 514 1738 sese
544 1690 933 1753 propositiones
962 1691 1254 1762 habebunt,
1281 1713 1401 1765 qua:
1428 1716 1514 1755 res
1538 1703 1864 1773 signiﬁcant.

1979 518 2097 571 quae
2124 505 2265 558 enim
2299 524 2621 578 evenerunt,
2656 531 2760 569 non
2792 519 3036 573 evenisse
3082 538 3182 577 non
3226 539 3477 595 possunt,
3509 542 3562 586 et

1978 608 2097 664 qua:
2130 612 2270 651 nunc
2303 599 2434 654 ﬁunt
2464 612 2520 656 ut
2548 622 2687 660 nunc
2715 625 2820 663 non
2869 611 3033 678 ﬁant,
3066 630 3185 667 cum
3231 618 3393 681 ﬁunt,
3446 622 3561 677 ﬁeri

1981 700 2088 739 non
2139 698 2333 754 potest.
2389 692 2444 745 In
2498 695 2579 748 his
2629 708 2804 753 autem
2848 718 2967 771 qua:
3010 706 3062 757 in
3100 709 3275 760 futuro
3320 718 3479 776 sunt,
3510 724 3562 767 et
3630 753 3651 756 η

1977 778 2341 845 contingentia
2390 794 2543 847 sunt,
2594 800 2647 841 et
2696 791 2807 843 ﬁeri
2858 804 3034 860 potest
3082 798 3309 866 aliquid,
3352 812 3406 855 et
3457 820 3561 860 non
3626 802 3635 821 λ

1979 867 2116 922 ﬁeri.
2161 869 2265 925 Sed
2308 878 2556 942 quoniam
2590 886 2699 932 tres
2730 882 2916 936 modos
2944 899 3101 953 supra
3134 891 3407 955 posuimus
3432 908 3562 948 con-
3624 902 3627 905 '

1980 960 2232 1029 tingentis
2252 1004 2266 1026 ,
2294 963 2361 1019 de
2388 967 2577 1034 quibus
2607 970 2797 1025 melius
2837 972 2888 1026 in
2922 974 3156 1046 physicis
3185 983 3561 1050 tractavimus,

1978 1051 2307 1121 singulorum
2330 1059 2621 1115 subdamus
2641 1066 2904 1132 exempla.
2932 1067 2986 1120 Si
3010 1068 3263 1125 hesterno
3285 1074 3369 1135 die
3388 1091 3561 1145 egres-

1976 1153 2068 1194 sus
2107 1142 2267 1198 domo
2297 1147 2471 1202 inveni
2514 1152 2775 1219 amicum,
2802 1171 2959 1224 quem
3006 1158 3058 1211 in
3089 1163 3266 1215 animo
3298 1164 3560 1225 habebam

1977 1244 2219 1299 quairere
2251 1253 2262 1287 :
2295 1252 2400 1290 non
2434 1250 2608 1294 tamen
2656 1254 2782 1298 tunc
2809 1246 3145 1314 qumrebam,
3185 1261 3240 1304 ut
3269 1268 3373 1308 non
3414 1257 3561 1312 inve~

1976 1321 2148 1377 nirem
2194 1339 2351 1395 quem
2404 1330 2584 1385 inveni
2616 1344 2904 1404 antequam
2937 1337 3232 1397 invenirem
3267 1346 3376 1399 ﬁeri
3408 1358 3560 1415 pote-

1975 1422 2078 1465 rat.
2105 1411 2236 1468 Cum
2265 1427 2443 1473 autem
2473 1422 2649 1477 inveni
2670 1466 2683 1489 ,
2716 1427 2799 1479 vel
2826 1438 3107 1495 postquam
3133 1432 3342 1499 inveni,
3374 1447 3429 1490 ut
3455 1454 3559 1497 non

1975 1500 2301 1560 invenissem
2332 1507 2443 1562 ﬁeri
2479 1527 2584 1564 non
2618 1522 2843 1580 poterat.
2881 1516 3089 1575 Rursus
3118 1524 3160 1575 si
3196 1524 3309 1591 ipse
3340 1536 3558 1596 sponte,

1975 1594 2248 1657 prteterita
2281 1608 2437 1652 nocte
2467 1601 2740 1668 profectus
2779 1619 2896 1659 sum
2943 1608 2997 1662 in
3028 1625 3243 1679 agrum,
3276 1594 3559 1684 antequam

1975 1682 2077 1739 hoc
2106 1685 2292 1762 ﬁeret,
2341 1700 2396 1743 ut
2428 1706 2531 1744 non
2568 1696 2943 1760 proﬁciscerer
2986 1698 3101 1755 ﬁeri
3145 1712 3373 1771 poterat.
3405 1682 3559 1761 l’ost-

283 1770 419 1827 Natn
449 1776 494 1829 si
526 1776 578 1830 in
606 1792 666 1833 se
694 1794 782 1833 res
834 1782 991 1837 ullam
1022 1786 1255 1841 retinent
1289 1770 1700 1864 necessitatem,
1746 1815 1872 1867 pru-
1902 1790 1951 1848 Β
1976 1790 2134 1843 Ψ¹³¹¹¹
2169 1777 2440 1845 “oremus
2468 1797 2583 1837 sum
2603 1825 2619 1849 ’
2653 1786 2737 1839 vel
2784 1802 2904 1841 cum
2939 1791 3209 1857 "oremus
3241 1811 3388 1867 sui",
3424 1806 3480 1849 ut
3511 1799 3559 1856 id

284 1866 581 1936 positiones
610 1885 824 1940 quoque
855 1878 1175 1932 necessariae
1204 1893 1361 1947 sunt,
1390 1885 1474 1937 sin
1507 1900 1636 1941 vero
1665 1897 1871 1945 tantum

224 2010 239 2021 ο
285 1954 470 2011 inesse
501 1959 835 2029 signiﬁcent,
884 1973 942 2018 ut
969 1966 1159 2037 siquis
1193 1969 1366 2037 dicat,
1419 1973 1582 2029 homo
1618 1979 1876 2045 ambulat,

286 2052 492 2108 homini
543 2056 954 2115 ambulationem
1026 2063 1203 2120 inesse
1272 2072 1625 2138 monstravit,
1682 2086 1876 2141 praeter

286 2146 521 2215 aliquam
548 2151 928 2209 necessitatem
956 2165 1100 2224 sunt,
1129 2168 1330 2214 tantum
1362 2161 1541 2219 inesse
1572 2166 1876 2235 signiﬁcan-

286 2243 371 2289 tes
400 2239 547 2292 omni
572 2255 755 2295 vacua:
780 2246 1121 2303 necessitate.
1146 2252 1300 2315 Quod
1324 2254 1368 2308 si
1400 2270 1489 2309 res
1515 2256 1875 2327 impossibiles

286 2338 448 2397 sunt,
480 2336 869 2401 propositiones
897 2354 1017 2408 qua:
1066 2342 1184 2397 illas
1226 2360 1314 2399 res
1340 2347 1740 2421 demonstrant,
1775 2354 1875 2407 im-

288 2422 575 2490 possibiles
622 2428 984 2498 nominantur,
1057 2434 1137 2488 sin
1191 2452 1323 2493 vero
1373 2456 1461 2495 res
1501 2445 1873 2513 contingenter

285 2524 415 2565 sunt
436 2517 711 2572 venientes
736 2530 894 2589 atque
922 2524 1202 2592 abeuntes,
1227 2543 1347 2598 quae
1374 2531 1497 2585 illas
1520 2535 1719 2604 prodit,
1745 2553 1876 2591 cono

287 2603 499 2672 tingens
525 2609 816 2676 propositio
845 2624 1201 2685 nuncupatur.
1232 2619 1494 2686 Quoniam
1515 2635 1693 2681 autem
1731 2638 1866 2684 tem-

285 2709 479 2765 porum
522 2688 625 2755 alia
672 2713 805 2759 sunt
837 2704 1031 2774 futura,
1081 2712 1186 2765 alia
1231 2717 1541 2785 praesentia,
1593 2720 1696 2774 alia
1745 2738 1872 2778 vero

284 2790 597 2858 praeterita,
648 2808 738 2849 res
798 2812 1013 2868 quoque
1056 2803 1311 2870 subjectae
1364 2810 1734 2881 temporibus,
1786 2813 1871 2870 his

281 2895 498 2952 quoque
533 2893 829 2956 temporum
878 2891 1274 2951 diversitatibus
1324 2900 1486 2956 variat
1536 2914 1684 2960 sunt.
1730 2908 1867 2962 Aliae

280 2974 430 3029 enim
492 2980 770 3045 praseutis
833 2985 1089 3052 temporis
1134 2997 1298 3058 sunt,
1345 2992 1461 3046 alia:
1501 2994 1659 3050 futuri
1687 3037 1704 3063 ,
1745 3000 1868 3056 alite

296 3067 557 3122 τναιιρτίιί.
604 3069 805 3125 Eodem
849 3090 1060 3146 quoque
1089 3080 1250 3134 modo
1292 3086 1686 3153 propositiones
1731 3078 1866 3148 alias

1979 1883 2084 1922 non
2127 1868 2281 1925 ﬁeret
2323 1873 2464 1942 quod
2508 1873 2707 1942 ﬁebat,
2740 1889 2829 1933 aut
2872 1896 2977 1936 non
3020 1881 3217 1938 factum
3249 1897 3391 1941 esset
3421 1890 3559 1957 quod

1976 1970 2091 2012 erat
2139 1963 2367 2029 factum,
2401 1965 2511 2019 ﬁeri
2562 1983 2667 2019 non
2718 1970 2949 2024 valebat.
3004 1976 3276 2043 Amplius,
3315 1979 3560 2044 possibile

1975 2060 2059 2104 est
2086 2052 2257 2107 scindi
2302 2054 2439 2109 hanc
2484 2073 2640 2125 quam
2686 2061 2891 2115 vestior
2933 2064 3196 2131 tunicam;
3234 2069 3276 2119 si
3314 2067 3558 2124 hesterno

1977 2142 2065 2199 die
2092 2146 2255 2199 scissa
2284 2157 2396 2211 est,
2428 2164 2548 2203 cum
2580 2152 2939 2221 scindebatur,
2966 2168 3057 2210 aut
3086 2167 3362 2229 postquam
3395 2163 3557 2216 scissa

1977 2244 2093 2300 est,
2127 2246 2317 2292 utnon
2349 2242 2684 2296 scinderetur
2726 2255 2815 2300 aut
2859 2262 2963 2303 non
3013 2260 3155 2304 esset
3199 2254 3400 2318 scissa,
3449 2253 3560 2308 ﬁert

1977 2328 2247 2394 nequibat.
2280 2331 2417 2385 Ante
2444 2349 2571 2388 vero
2600 2348 2758 2403 quam
2782 2338 3149 2408 scinderetur,
3198 2342 3312 2396 ﬁeri
3356 2355 3559 2412 poterat

1975 2424 2035 2469 ut
2062 2433 2167 2472 non
2196 2420 2551 2477 scinderetur.
2587 2426 2931 2497 Perspicuum
2960 2445 3089 2501 ergo
3119 2444 3197 2486 est
3230 2434 3281 2487 in
3329 2450 3555 2503 praesen-

1975 2510 2119 2566 tibus
2166 2524 2324 2583 atque
2369 2519 2652 2585 praeteritis
2696 2522 3003 2577 earumdem
3049 2540 3228 2579 rerum
3277 2542 3395 2596 qua:
3438 2539 3556 2582 sunt

1975 2606 2361 2673 contingentes,
2396 2607 2674 2662 deﬁnitum
2723 2613 3179 2683 constitutumque
3228 2631 3347 2670 esse
3394 2633 3553 2672 even-

1977 2702 2108 2747 tum.
2143 2693 2201 2749 τη
2236 2695 2427 2751 futuris
2456 2711 2635 2753 autem
2665 2712 2827 2755 unum
2858 2704 3131 2771 quodlibet
3170 2706 3395 2759 duorum
3447 2708 3556 2766 ﬁeri

1972 2798 2167 2854 posse,
2202 2802 2367 2841 unum
2397 2804 2524 2845 vero
2550 2791 2830 2847 deﬁnitum
2857 2810 2962 2848 non
2993 2812 3145 2863 esse,
3188 2799 3283 2853 sed
3324 2800 3378 2852 in
3418 2809 3553 2853 utra-

1971 2889 2078 2943 que
2127 2887 2279 2945 parte
2324 2892 2582 2949 vergere,
2619 2893 2672 2937 et
2704 2896 2794 2938 aut
2841 2885 2942 2941 hoc
2970 2889 3184 2957 quidem
3218 2902 3307 2943 aut
3334 2892 3464 2946 illud
3496 2894 3554 2948 es

1972 2970 2297 3025 necessitate
2322 2972 2559 3028 evenire.
2592 2975 2659 3029 Ut
2684 2984 2862 3032 autem
2886 2979 2988 3033 hoc
3014 2981 3289 3049 quodlibet
3308 2984 3556 3054 deﬁnite,

1971 3058 2054 3110 vel
2101 3059 2374 3127 quodlibet
2422 3063 2561 3117 aliud
2612 3064 2830 3121 deﬁnite
2873 3068 3001 3147 ﬁeri
3045 3087 3151 3126 non
3204 3089 3396 3142 posse,
3440 3090 3555 3145 quat

288 3158 541 3220 ﬁrmam
595 3166 847 3232 temporis
893 3168 1212 3234 signiﬁcatio
1243 3147 1406 3238 tenet;
1457 3187 1515 3231 ω
1568 3193 1687 3234 cum
1720 3182 1861 3250 dico,
1894 3160 1939 3223 ρ
1971 3147 2501 3250 Ξηίιη-οοηιίηεεηῄε
2529 3166 2685 3224 sunt,
2713 3158 2764 3211 in
2797 3170 3020 3231 utraque
3050 3175 3199 3232 parte
3224 3168 3554 3237 contingunt.

281 3245 454 3303 Grreci
476 3250 688 3322 Trojam
718 3248 988 3322 evertere,
1024 3260 1141 3314 aliae
1173 3266 1481 3333 praisentis,
1506 3279 1563 3324 ut
1583 3286 1703 3326 cum
1720 3273 1860 3340 dico,

278 3337 608 3398 Francorum
656 3346 1060 3420 Gothorumque
1106 3370 1276 3424 pugna
1328 3361 1705 3431 committitur,
1747 3368 1864 3422 alia;

278 3427 468 3495 futuri,
500 3444 579 3499 ut,
611 3436 786 3491 Persae
807 3450 862 3493 et
888 3440 1061 3495 (ἓτωοὶ
1089 3443 1226 3499 bello
1257 3449 1499 3506 morituri
1527 3427 1772 3510 suntdEt
1795 3457 1865 3512 de

277 3526 562 3592 prmteritis
582 3527 802 3596 quidem
830 3540 883 3585 et
906 3532 973 3585 de
998 3537 1377 3611 praesentibus,
1406 3549 1465 3595 ut
1484 3558 1572 3598 res
1600 3544 1730 3614 ipsa:
1755 3559 1867 3604 sta-

279 3615 411 3671 biles
434 3629 560 3672 sunt
584 3629 636 3673 et
664 3620 920 3689 deﬁnitae,
953 3624 1031 3680 sic
1060 3636 1114 3681 et
1136 3632 1546 3699 propositiones.
1568 3634 1700 3691 Nam
1723 3642 1863 3708 quod

276 3706 474 3763 factum
503 3719 606 3776 est,
632 3725 735 3765 non
758 3723 841 3767 est
871 3730 976 3769 non
1021 3715 1239 3783 factum.
1272 3731 1328 3777 et
1353 3725 1495 3792 quod
1536 3738 1619 3782 est
1644 3706 1752 3785 non
1783 3733 1862 3787 fa-

274 3806 443 3867 ctum,
478 3802 712 3857 nondum
734 3804 929 3865 factum
955 3818 1057 3863 est.
1076 3809 1279 3866 ldcirco
1301 3812 1371 3869 de
1396 3830 1460 3869 eo
1488 3819 1631 3887 quod
1661 3824 1859 3879 factum

274 3901 378 3953 est.
407 3906 595 3947 verum
622 3902 706 3949 est
742 3896 922 3953 dicere
952 3900 1197 3969 deﬁnite,
1240 3906 1489 3973 quoniam
1535 3911 1728 3966 factum
1758 3924 1860 3980 est,

274 3991 332 4037 et
352 3983 544 4037 falsum
567 3986 868 4056 estdicere,
897 3993 1145 4059 quoniam
1179 3994 1374 4052 factum
1404 4011 1629 4056 nonest.
1657 4005 1863 4063 Rursus

274 4078 343 4129 de
374 4090 439 4129 eo
465 4072 625 4145 quod'
648 4079 843 4136 laetum
874 4097 979 4137 non
998 4093 1108 4151 est,
1150 4102 1333 4143 verum
1375 4100 1460 4146 est
1502 4093 1700 4162 dicere,
1731 4113 1863 4167 quo-

275 4168 420 4222 niam
468 4169 661 4224 factum
706 4187 811 4227 non
843 4185 948 4241 est,
979 4174 1176 4234 falsum
1222 4190 1327 4247 est,
1359 4186 1612 4252 quoniam
1659 4190 1858 4248 factum

276 4277 378 4322 est.
406 4269 473 4322 Et
495 4270 566 4325 de
599 4276 848 4340 praesenti
874 4292 1086 4348 quoque
1114 4284 1256 4350 quod
1287 4286 1365 4350 lit,
1393 4286 1667 4346 deﬁnitam
1698 4294 1859 4351 habet

274 4370 521 4417 naturam
550 4364 603 4418 in
626 4380 692 4421 eo
716 4369 858 4438 quod
882 4370 960 4437 ﬁt,
994 4373 1267 4429 deﬁnitam
1314 4393 1530 4450 quoque
1560 4384 1611 4438 in
1662 4402 1858 4457 propo-

274 4449 558 4509 sitionibus
593 4458 870 4515 veritatem
916 4461 1315 4537 falsitatemque
1374 4449 1577 4527 habere
1632 4449 1853 4533 necesse

270 4555 372 4600 est.
405 4547 539 4601 Nam
578 4551 721 4619 quod
765 4553 825 4608 ﬁt
864 4554 1082 4613 deﬁnite
1119 4574 1304 4615 verum
1349 4573 1431 4618 est
1475 4565 1674 4634 dicere,
1717 4586 1784 4640 qu

270 4640 415 4695 niam
437 4642 529 4709 ﬁt,
561 4643 755 4702 falsum
796 4649 1045 4717 quoniam
1075 4668 1179 4707 non
1218 4655 1295 4709 ﬁt.
1330 4656 1484 4723 Quod
1522 4676 1627 4715 non
1656 4662 1733 4728 ﬁt,
1760 4680 1851 4720 ve-

268 4748 389 4787 rum
417 4743 503 4789 est
532 4735 713 4793 dicere
757 4755 861 4795 non
887 4742 1027 4811 ﬁeri,
1057 4744 1246 4801 falsum
1279 4760 1455 4805 autem
1492 4752 1624 4809 ﬁeri.
1658 4757 1729 4811 De
1757 4757 1848 4812 des

266 4822 514 4880 ﬁnitione
537 4841 665 4897 ergo
693 4832 1114 4901 prepositionum
1145 4841 1404 4906 praeteriti
1437 4843 1519 4897 vel
1544 4850 1846 4913 praesentis,

263 4927 425 4982 supra
467 4914 582 4983 jam
612 4918 812 4975 dictum
844 4935 947 4978 est.
986 4924 1138 4981 Nunc
1188 4945 1318 4984 vero
1358 4933 1424 4986 ad
1458 4935 1669 4991 illarum
1723 4954 1847 5008 pro-

264 5008 598 5075 positionum
652 5013 930 5070 veritatem
1007 5016 1403 5093 lalsitatemque
1466 5025 1849 5097 disputationis

262 5098 509 5153 ordinem
532 5106 819 5171 convertit;
846 5122 966 5176 qua:
1004 5108 1057 5163 in
1092 5108 1273 5167 futuro
1313 5115 1591 5185 dicuntur,
1622 5137 1851 5193 quaeque

262 5201 388 5244 sunt
416 5194 799 5265 contingentia.
847 5200 995 5255 Solet
1033 5213 1208 5260 autem
1256 5206 1433 5263 futura
1481 5220 1859 5285 vocare,quze'

262 5284 451 5339 eadem
497 5290 862 5359 contingentia
930 5295 1109 5353 dicere
1164 5305 1465 5359 consuevit.
1516 5284 1845 5379 Contingens

262 5384 440 5431 autem
462 5380 756 5436 secundum
774 5385 1163 5444 Aristotelicam
1197 5398 1516 5452 sententiam
1552 5410 1635 5455 est
1674 5404 1842 5471 quod-

262 5478 476 5537 cunque
506 5482 598 5525 aut
635 5488 790 5527 casus
825 5476 946 5541 l'ert,
979 5488 1071 5533 aut
1097 5496 1161 5535 ex
1193 5483 1362 5539 libero
1393 5482 1681 5557 cujuslibet
1702 5495 1842 5549 arbi~

262 5558 363 5612 trio
389 5569 447 5614 et
476 5564 687 5630 prepria
716 5566 988 5625 voluntate
1020 5573 1187 5637 venit,
1218 5584 1311 5629 aut
1341 5575 1600 5636 facilitate
1629 5593 1839 5642 natura:

262 5650 312 5704 in
336 5661 623 5724 utramque
648 5667 851 5724 partem
882 5663 1056 5719 redire
1087 5668 1338 5731 possibile
1364 5679 1467 5738 est,
1497 5683 1555 5729 ut
1578 5676 1670 5731 ﬁat
1706 5682 1842 5736 scili-

260 5755 375 5812 cet,
408 5758 464 5803 et
494 5763 598 5805 non
648 5749 759 5806 ﬁat.
808 5754 932 5810 Haec
976 5773 1102 5827 ergo
1135 5763 1186 5815 in
1223 5767 1491 5833 praeterito
1524 5772 1737 5828 quidem
1787 5787 1840 5833 et

579 5865 852 5927 Ρηιιυι.
901 5869 1123 5934 LXIV.

1969 3239 2124 3305 Quod
2172 3254 2349 3299 autem
2399 3247 2555 3313 dico,
2608 3250 2885 3307 tale'est:
2937 3256 3258 3326 Egrediente
3285 3278 3371 3315 me
3402 3263 3551 3321 hodie

1966 3329 2129 3385 domo
2149 3338 2383 3390 amicum
2409 3339 2650 3395 invenire
2671 3351 2762 3396 aut
2792 3360 2897 3399 non
2931 3345 3172 3425 invenire
3204 3367 3422 3408 necesse
3452 3366 3551 3411 est.

1966 3422 2025 3477 ln
2077 3426 2325 3483 omnibus
2374 3432 2515 3484 enim
2563 3445 2655 3487 aut
2702 3434 2990 3493 afﬁrmatio
3018 3422 3259 3509 est,aut
3300 3450 3548 3519 negatio,

1966 3516 2061 3570 sed
2086 3517 2327 3573 invenire
2351 3522 2467 3577 sine
2488 3524 2651 3579 dubio
2674 3526 2924 3595 deﬁnite,
2947 3543 3038 3585 aut
3066 3546 3211 3587 certe
3243 3537 3285 3589 si
3319 3538 3418 3591 hoc
3448 3555 3549 3597 nol

1966 3615 2077 3669 est,
2121 3624 2305 3662 rursus
2346 3611 2564 3667 deﬁnite
2605 3632 2709 3670 non
2751 3618 2993 3675 invenire
3030 3638 3135 3676 non
3177 3636 3259 3679 est
3300 3643 3553 3694 necesse,

1966 3695 2412 3761 quemadmodum
2442 3704 2696 3757 hesterno
2732 3708 2820 3761 die
2845 3750 2860 3773 ,
2889 3726 2994 3778 quo
3016 3714 3244 3769 amicum
3268 3718 3553 3786 egrediens

1966 3782 2127 3839 domo
2175 3788 2386 3855 inveni,
2439 3791 2717 3849 deﬁnitum
2748 3808 2832 3855 est
2864 3814 2880 3851 ':
2914 3802 3189 3859 deﬁnitum
3221 3819 3302 3862 est
3332 3818 3509 3863 autem
3531 3853 3554 3878 ,

1966 3876 2107 3943 quod
2139 3894 2243 3933 non
2276 3891 2356 3935 est
2392 3898 2574 3939 verum
2615 3902 2701 3941 me
2728 3905 2831 3945 non
2866 3893 3156 3952 invenisse.
3199 3900 3315 3954 Non
3358 3905 3552 3962 eodem

1965 3968 2125 4021 modo
2174 3972 2226 4024 iu
2279 3973 2359 4028 his
2408 3991 2524 4044 quae
2572 3989 2695 4033 ευιιι
2734 3984 3093 4054 contingentia
3123 4000 3175 4044 et
3209 3992 3416 4060 futura,
3450 3996 3548 4050 sed

1966 4066 2169 4113 tantum
2199 4062 2422 4119 authoc
2449 4069 2660 4135 quidem
2680 4116 2693 4140 ,
2724 4081 2817 4127 aut
2845 4076 2972 4130 illud
3000 4084 3112 4145 cst',
3144 4091 3197 4134 et
3228 4084 3326 4137 boc
3358 4103 3420 4139 rx
3449 4104 3545 4142 ne-

1962 4154 2233 4208 cessitate.
2283 4158 2430 4235 Quod
2480 4154 2672 4215 a‘utem‘
2708 4180 2809 4218 una
2863 4183 2950 4223 res
3000 4173 3081 4225 vel
3130 4175 3357 4241 quilibet
3406 4189 3545 4234 unus

1962 4252 2186 4296 eventus
2215 4230 2468 4302 deﬁnitus
2510 4259 2563 4304 et
2591 4258 2739 4320 quasi
2772 4268 2951 4313 certu’s
2992 4262 3089 4327 sit,
3137 4268 3251 4320 ﬁeri
3296 4284 3400 4323 non
3451 4287 3543 4339 p0-

1961 4338 2086 4386 teSt.
2120 4334 2189 4389 Et
2216 4335 2269 4388 iu
2301 4336 2398 4392 liae
2430 4356 2486 4393 re
2517 4341 2807 4400 dissimiles
2838 4362 2961 4403 sunt
2992 4362 3385 4422 propositimies
3414 4379 3542 4419 cnn-

1960 4422 2272 4492 tingentium
2299 4438 2354 4482 et
2384 4432 2677 4488 futurorum
2700 4478 2713 4501 ,
2744 4438 2827 4493 bis
2858 4458 2975 4509 qua)
2997 4458 3119 4500 sunt
3150 4454 3541 4516 prmtrritorttm

1791 4513 1853 4627 (ἶ
1880 4544 1936 4606 D
1961 4513 2045 4568 vel
2077 4519 2442 4584 prmsentium.
2475 4523 2603 4577 Nam
2629 4542 2748 4580 cum
2776 4530 2981 4587 similes
3011 4536 3116 4588 siut
3143 4540 3191 4591 in
3223 4557 3287 4594 eo
3318 4548 3455 4610 quod
3484 4549 3543 4619 in

1961 4605 2040 4627 Li-
2072 4616 2155 4627 Δ..ι
2184 4610 2265 4627 ΑΔΨ
2395 4614 2426 4627 -⁸
2918 4626 2921 4627 ⁷

1958 4605 2043 4659 his
2068 4616 2159 4661 aut
2180 4610 2465 4667 afﬁrmatio
2489 4626 2601 4676 est.
2633 4626 2997 4692 autnegatio,
3023 4629 3152 4684 sicut
3190 4635 3346 4689 etiam
3378 4644 3425 4691 in
3456 4614 3542 4698 his

1952 4714 2071 4767 quae
2113 4710 2238 4756 sunt
2277 4708 2544 4771 praeterita
2590 4712 2673 4763 vel
2719 4719 3039 4784 praesentia,
3073 4723 3123 4775 in
3170 4727 3258 4779 illo
3308 4730 3538 4787 uiversm

1954 4799 2113 4854 sunt,
2141 4796 2282 4860 quod
2328 4795 2379 4849 in
2420 4798 2501 4851 his
2529 4801 2775 4868 quidem,
2806 4805 2855 4859 id
2888 4819 2969 4862 est
3000 4819 3287 4879 praeteritis
3316 4830 3369 4873 et
3400 4841 3543 4887 plm-

1953 4882 2195 4935 sentibus
2240 4899 2412 4938 rerum
2460 4889 2708 4945 deﬁnitus
2735 4909 2957 4953 eventus
2982 4914 3084 4966 est,
3116 4906 3164 4957 in
3196 4909 3380 4965 tutntis
3410 4930 3541 4967 ver

1959 4978 2016 5023 et
2035 4974 2463 5041 contingentibus
2488 4981 2790 5039 indeﬁnitus
2812 4999 2894 5041 est
2918 5004 2971 5044 et
2995 4994 3225 5049 incertus
3249 5015 3261 5063 ;
3290 5017 3305 5041 ι
3326 5001 3539 5057 ἱάιιιιιιιςυ

1961 5068 2138 5117 tamen
2170 5068 2411 5134 quaedam
2461 5078 2741 5138 praesentia
2785 5080 2868 5132 vel
2918 5087 3187 5151 prIBlCt'ilzl
3239 5090 3435 5143 incerta
3483 5104 3537 5148 et

1955 5150 2261 5216 indeﬁnito.
2293 5160 2385 5213 sed
2434 5163 2605 5217 solum
2651 5168 2803 5223 nobis
2843 5170 3248 5243 ignoran'ibus,
3295 5196 3399 5234 non
3439 5201 3533 5237 na-
3578 5215 3587 5224 ο

1956 5247 2108 5296 tunc.
2157 5244 2285 5298 Nam
2337 5247 2462 5303 licet
2512 5252 2817 5321 ignoremus
2867 5279 2963 5316 nos
3012 5276 3186 5320 utrum
3215 5281 3350 5322 astra
3386 5276 3532 5339 paria

1955 5330 2062 5385 sint
2100 5348 2165 5387 an
2207 5336 2459 5405 imparia,
2504 5358 2663 5399 unum
2706 5359 2882 5403 tamen
2916 5356 3183 5421 quodlibet
3229 5359 3446 5413 deﬁnite
3475 5363 3528 5417 iu

1952 5434 2139 5478 natura
2185 5428 2458 5485 stellarutn
2490 5448 2610 5489 esse
2646 5440 2982 5496 manifestum
3012 5456 3125 5513 est,
3159 5457 3213 5501 et
3245 5450 3342 5503 hoc
3377 5454 3529 5508 nobis

1950 5514 2163 5581 quidem
2215 5516 2518 5587 ignoratum
2570 5535 2684 5594 est,
2737 5541 2941 5587 natura:
2989 5549 3118 5587 vero
3166 5540 3524 5599 notissimum.

1949 5600 2051 5657 Sed
2085 5621 2186 5659 non
2228 5609 2294 5661 ita
2319 5650 2333 5673 ,
2376 5608 2534 5668 hodie
2580 5631 2665 5669 me
2714 5619 2949 5674 visurum
2988 5638 3107 5677 esse
3137 5629 3400 5699 anticum,
3434 5615 3525 5690 aut

1947 5707 2051 5747 non
2097 5696 2356 5754 visurum.
2406 5701 2567 5757 Nobis
2615 5706 2829 5774 quidem
2878 5712 3003 5776 quid
3034 5718 3243 5771 eveniat
3286 5722 3523 5791 ignotum

1945 5796 2021 5837 est
2046 5828 2060 5853 ,
2097 5799 2273 5844 uotum
2303 5807 2429 5846 vero
2461 5804 2662 5850 naturae
2718 5812 2819 5852 non
2863 5801 3006 5855 enim
3049 5805 3149 5861 hoc
3178 5814 3529 5888 naturaliter,

3056 5921 3126 5981 16
