4090 6342
456 362 503 403 ,θ
547 314 643 378 tsi

1777 311 1886 368 AN.
1929 310 2138 367 MANL.
2179 304 2339 364 SEV.
2374 304 2597 361 BOETll

3699 294 3803 356 ιεξ

548 445 637 485 seu
668 443 794 484 casu
819 435 1020 486 evenit.
1050 427 1224 495 Quare
1257 423 1557 494 hujusutodi
1586 424 1978 492 propositiones
2012 438 2116 477 non
2145 422 2200 482 Α
2223 416 2351 489 quid
2395 417 2573 488 agenti
2623 415 2823 469 homini
2868 420 3084 484 propter
3124 408 3269 467 aliud
3301 422 3475 468 tamen
3508 416 3685 482 agenti
3719 432 3805 471 res

549 524 704 575 modo
728 521 793 574 ad
817 530 1081 583 nostram,
1106 518 1197 571 sed
1227 517 1291 569 ad
1324 526 1525 569 natura:
1558 515 1723 583 ipsius
1756 514 1999 568 notitiam
2034 529 2122 568 εει

549 613 778 668 cundum
810 612 1066 666 incertum
1100 620 1347 664 eventum
1393 617 1445 661 et
1479 609 1864 661 inconstantem
1920 606 2119 660 veritaa

550 716 652 760 tem
696 712 853 772 atque
882 701 1216 756 mendacium
1248 700 1647 754 derivabuntur.
1683 698 1826 753 Talis
1857 698 1996 751 enim
2038 694 2122 750 est

550 796 900 864 contingentis
930 806 1145 857 natura,
1181 802 1237 847 ut
1268 794 1349 847 vel
1379 794 1429 846 in
1464 801 1685 862 utraque
1714 802 1861 861 parte
1904 791 2120 859 aequali-

548 898 627 942 ter
667 900 786 941 sese
832 888 1055 953 habeat,
1090 903 1139 939 u.
1190 885 1346 939 hodie
1392 900 1477 938 me
1518 898 1638 939 esse
1688 883 2004 951 lavandum,
2038 878 2125 935 vel

547 981 702 1034 hodie
728 995 810 1032 me
835 993 938 1033 non
965 994 1084 1035 esse
1111 978 1424 1044 lavandum,
1452 978 1533 1031 vel
1561 980 1611 1030 in
1641 992 1740 1030 una
1771 976 1919 1044 plus,
1944 975 2127 1028 minus

547 1074 597 1127 iu
629 1072 794 1125 altera
818 1114 832 1137 ,
864 1081 919 1125 ut
965 1071 1231 1125 hominem
1277 1082 1562 1124 canescere
1602 1080 2003 1135 senescentem,
2040 1064 2127 1121 vel

547 1166 816 1218 hominem
859 1174 965 1216 non
1006 1177 1293 1217 canescere
1336 1163 1778 1215 insenescentem.
1818 1159 1949 1214 Illud
1979 1158 2122 1214 enim

547 1259 663 1327 plus
695 1259 785 1323 ﬁt,
835 1258 963 1311 illud
1009 1256 1202 1309 minus.
1254 1255 1360 1309 Sed
1410 1255 1538 1309 nihil
1572 1255 1842 1323 prohibet,
1886 1254 1935 1307 id
1980 1246 2129 1323 quod

548 1352 717 1403 rarius
749 1350 838 1413 ﬁt,
875 1358 1048 1402 tamen
1085 1350 1225 1415 ﬁeri,
1259 1349 1325 1402 de
1357 1350 1436 1402 his
1466 1364 1592 1417 ergo
1624 1348 1955 1402 Aristotelica
1994 1348 2125 1402 sub-

530 1442 709 1493 .tilitas
732 1442 1058 1507 diSputatura
1089 1441 1310 1507 primum
1336 1455 1364 1492 a
1390 1440 1746 1507 singularibus
1771 1439 2028 1493 inchoatis
2059 1432 2131 1493 ad'

549 1532 869 1586 universalia
918 1531 1159 1585 tractatui
1195 1533 1329 1585 viam
1362 1533 1564 1597 pandit.
1599 1532 1810 1587 Duobus
1844 1534 1985 1586 enim
2013 1547 2127 1586 mo-

549 1624 631 1677 dis
661 1624 1107 1677 contradictiones
1149 1623 1372 1686 liebmt,
1408 1635 1496 1676 aut
1527 1627 1575 1677 in
1605 1624 1990 1694 singularibus.
2034 1634 2128 1680 aut

550 1715 603 1767 in
633 1711 1017 1767 universalibus
1067 1713 1433 1766 ttnlversaltter
1473 1710 1775 1781 prmdicatis
1812 1724 1865 1768 et
1897 1715 1979 1768 his
2025 1731 2120 1783 op-

2225 512 2433 563 diversa
2458 506 2735 562 successit.
2770 504 2881 560 Hoc
2907 505 3066 573 igitur
3093 520 3157 560 ex
3187 516 3313 559 casu
3340 504 3557 559 evenire
3586 504 3803 574 dit-itur,

2226 601 2580 670 quodcunque
2610 615 2701 666 per
2727 598 2956 667 aliquam
2985 597 3247 651 aetioiiein
3298 596 3471 651 evenit
3494 638 3510 661 ,
3536 610 3640 649 non
3691 610 3809 663 pro-

2228 700 2344 769 pter
2366 704 2480 745 eam
2514 693 2626 743 rem
2658 686 2883 756 emptam
2912 728 2926 751 ,
2954 698 3072 756 quae
3095 686 3290 755 aliquid
3323 688 3496 757 aget-ti
3530 698 3804 743 silet-esse-

2225 786 2311 839 rit.
2346 784 2411 837 Et
2440 788 2541 837 hoc
2570 781 2784 851 quidem
2819 782 2870 834 in
2904 781 3015 849 ipsa
3050 796 3224 834 rerum
3258 792 3441 835 natura
3472 792 3583 839 εει,
3616 790 3674 835 ut
3702 798 3803 835 non

2227 880 2326 933 hoc
2354 894 2416 933 ex
2460 886 2640 932 nostra
2683 886 2956 931 c0n5taret
2998 876 3333 946 ignorantia,
3373 888 3427 930 ut
3468 893 3574 930 non
3608 872 3808 930 idcirco

2225 969 2467 1039 quaedam
2521 978 2643 1024 esse
2692 981 2819 1022 casu
2869 968 3197 1033 viderentur,
3248 971 3385 1034 quod
3430 970 3589 1022 ιιοιιίε
3634 976 3807 1038 ignota

2224 1069 2438 1126 essent,
2466 1063 2563 1114 sed
2593 1059 2767 1129 potius
2799 1059 2998 1113 idcirco
3042 1066 3075 1114 π
3117 1061 3269 1113 nobis
3303 1061 3637 1128 ignorentur,
3669 1059 3810 1129 quod

2226 1153 2341 1205 lucc
2372 1154 2424 1204 in
2461 1160 2653 1205 natura
2682 1152 3010 1221 quacunque
3042 1162 3166 1205 casn
3196 1144 3355 1211 ﬁunt,
3390 1150 3588 1204 nullon
3627 1164 3813 1204 neces-

2226 1242 2397 1298 sitatis
2437 1236 2830 1306 constantiam,
2880 1250 2971 1295 aut
3020 1238 3366 1309 providentiae
3414 1244 3630 1293 modum
3667 1252 3810 1294 tene-

2235 1326 2383 1387 renti
2435 1332 2601 1388 Stoici
2645 1335 2769 1387 dum
2816 1332 2993 1387 omnia
3042 1333 3251 1402 quidem
3299 1332 3362 1388 ex
3409 1328 3732 1387 necessitate
3762 1336 3813 1389 et

2229 1427 2519 1480 secundum
2568 1425 2957 1495 providentiam
3005 1424 3117 1481 ﬁeri
3171 1436 3388 1496 putant,
3439 1420 3490 1481 id
3550 1428 3695 1495 quod
3750 1441 3810 1481 ex

2229 1530 2356 1571 casu
2403 1519 2495 1580 ﬁt,
2544 1531 2647 1571 non
2696 1517 2989 1573 secundum
3039 1514 3205 1587 ipsius
3255 1522 3481 1574 fortuna!
3528 1532 3809 1586 naturam,

2229 1608 2323 1661 sed
2366 1607 2656 1661 secundum
2703 1602 2948 1662 nostram
2997 1608 3353 1677 ignorantiam
3398 1612 3733 1676 metiuntur,
3768 1608 3815 1669 id

2232 1699 2375 1751 enim
2404 1713 2531 1753 casu
2574 1700 2688 1753 ﬁeri
2729 1706 2945 1768 putant,
2992 1700 3133 1770 quod
3176 1714 3295 1754 curn
3346 1701 3667 1756 necessitate
3713 1706 3817 1757 sit.

549 1803 756 1870 positis.
809 1802 1103 1871 Ingreditur
1152 1812 1327 1855 autem
1378 1818 1442 1854 ex
1493 1803 1574 1865 his
1623 1803 1790 1857 tribus
1818 1821 1933 1874 qua:
1964 1818 2125 1871 supra

2234 1801 2407 1846 tamen
2435 1792 2503 1845 ab
2531 1791 2836 1846 hominibus
2877 1793 3163 1860 ignoretur.
3201 1788 3263 1847 Et
3304 1794 3372 1847 de
3410 1790 3578 1849 libero
3608 1802 3817 1864 quoque

548 1888 687 1947 dicta
727 1901 849 1946 sunt
885 1907 949 1947 ex
991 1906 1145 1957 casu,
1176 1904 1243 1947 es
1280 1894 1448 1946 libero
1478 1890 1731 1959 arbitrio,
1760 1908 1827 1948 ex
1865 1896 2129 1963 pos.~ibili-

551 1993 830 2055 tate,qu;e
885 1986 1063 2037 omnia
1115 1998 1220 2039 uno
1263 1986 1478 2037 nomine
1527 1985 1838 2040 utrumlibet
1886 1988 2125 2053 vocavit,

548 2080 752 2149 ﬁngens
795 2079 999 2133 scilicet
1044 2090 1237 2132 nomen
1283 2077 1348 2130 ad
1393 2078 1524 2142 hoc,
1557 2078 1831 2147 quodnon
1877 2078 2029 2133 unius
2072 2088 2129 2135 et

546 2173 675 2225 certi
714 2181 934 2225 eventus
975 2154 1070 2224 ista
1118 2170 1253 2233 sint,
1288 2170 1380 2224 sed
1413 2171 1744 2234 utriuslibet,
1774 2184 1822 2225 et
1857 2172 2127 2240 quomodo

546 2264 805 2331 contingit
833 2279 893 2317 ea
926 2264 1037 2316 ﬁeri
1060 2306 1072 2327 ,
1104 2262 1188 2315 vel
1222 2278 1325 2314 non
1358 2263 1500 2325 ﬁeri;
1534 2261 1634 2315 hoc
1658 2273 1834 2317 autem
1860 2272 2129 2317 monstra-

548 2336 822 2411 tivum'est
853 2367 1056 2407 natura:
1090 2347 1351 2407 itis'tabi'is
1373 2394 1387 2418 ,
1419 2362 1473 2407 et
1503 2354 1566 2407 ad
1600 2362 1879 2423 utramque
1922 2364 2123 2423 partem

546 2446 662 2501 sine
711 2445 869 2498 ullius
918 2444 994 2497 rei
1040 2438 1398 2497 obluctatione
1452 2445 1739 2514 vergentis.
1787 2444 1899 2498 Non
1948 2460 2125 2499 antem

547 2542 755 2603 oportet
800 2534 1042 2588 arbitrari
1098 2535 1181 2588 illa
1230 2546 1348 2588 esse
1395 2534 1701 2587 utrumlibet
1732 2546 1784 2589 et
1814 2535 2127 2603 contingen-

547 2626 676 2682 tium
724 2634 957 2691 naturm,
1001 2639 1329 2694 qumcuuque
1378 2626 1531 2679 nobis
1562 2627 1739 2695 ignota
1772 2637 1914 2681 sunt.
1948 2627 2129 2695 Neque

544 2701 686 2774 enim
711 2721 755 2773 si
781 2719 933 2774 nobis
956 2720 1191 2788 ignotum
1221 2730 1299 2773 est
1324 2735 1353 2772 a
1383 2718 1559 2774 Persis
1591 2721 1654 2772 ad
1690 2718 1905 2774 Οτιεευε
1938 2722 2128 2775 missos

544 2811 773 2880 legatos,
808 2811 1004 2865 idcirco
1042 2812 1233 2864 InlsStlS
1264 2824 1383 2864 esse
1414 2810 1605 2866 incerti
1633 2821 1854 2865 eventus
1884 2818 1983 2865 εει.
2017 2812 2131 2865 Nec

543 2904 589 2959 Ii
635 2903 828 2957 lethale
858 2904 1066 2970 signum
1099 2903 1150 2955 in
1182 2906 1488 2970 aegrotantis
1538 2902 1676 2956 faeie
1721 2903 1983 2955 medicina
2033 2904 2126 2957 de-

545 2994 859 3064 prehendit,
888 3002 944 3047 ut
970 2992 1111 3047 aliud
1138 3006 1258 3046 esse
1285 3006 1385 3045 nun
1417 2993 1583 3060 possit
1606 2992 1704 3045 nisi
1729 2992 1820 3047 ille
1848 2990 2141 3060 moriatur,’

546 3086 698 3139 nobis
726 3095 902 3139 autem
937 3087 1172 3155 ignotum
1205 3094 1274 3137 s;t
1296 3126 1308 3148 ,
1343 3090 1559 3151 propter
1598 3084 1729 3135 artis
1762 3084 2124 3149 imperitiam,

2231 1885 2453 1939 arbitrio
2482 1886 2667 1939 eadem
2700 1886 2852 1940 nobis
2879 1898 3013 1955 pene
3041 1886 3251 1957 illisque
3280 1886 3549 1941 contentio
3576 1899 3682 1942 est.
3716 1890 3821 1944 Nos

2229 1979 2371 2033 enim
2415 1977 2637 2032 liberum
2667 1979 2942 2032 arbitrium
2990 1980 3263 2048 pooimtts.
3296 1982 3443 2033 nullo
3480 1984 3817 2038 extrinsecus
3864 1996 3871 2007 '

2231 2080 2455 2139 cOgente
2484 2071 2540 2124 in
2566 2071 2617 2124 id
2649 2071 2788 2135 quod
2817 2071 2971 2125 nobis
3004 2070 3334 2138 iaciendum,
3368 2072 3452 2127 vel
3482 2090 3586 2127 non
3619 2074 3815 2129 (alien-

2231 2162 2359 2216 dum
2404 2162 2768 2231 judicantibus
2821 2160 3375 2233 perpendentibnSque
3431 2165 3699 2233 videatur,
3756 2165 3821 2228 ad

2238 2272 2399 2326 quam
2424 2270 2534 2309 rem
2560 2266 2880 2325 praesumpta
2913 2258 3059 2324 prius
3088 2258 3406 2325 cogitatione
3439 2260 3819 2327 perﬁciendam

2231 2357 2285 2404 et
2313 2350 2571 2418 agendam
2596 2351 2856 2409 venimus.
2885 2361 2938 2403 ut
2968 2358 3021 2405 et
3044 2349 3097 2403 id
3124 2350 3262 2419 quod
3289 2351 3372 2412 ﬁt,
3396 2364 3459 2405 ex
3491 2352 3647 2406 nobis
3670 2362 3725 2407 et
3752 2364 3819 2409 ex

2230 2441 2635 2507 nostrojudieio
2673 2440 2988 2510 principium
3029 2446 3243 2505 Sumat,
3290 2440 3434 2495 nullo
3476 2445 3820 2498 extrinsecus

2230 2541 2321 2584 aut
2378 2531 2647 2585 violenter
2698 2538 2956 2597 cogente,
3006 2538 3098 2585 aut
3155 2532 3413 2587 violenter
3471 2535 3815 2603 impediente.

2231 2622 2399 2677 Stoici
2426 2632 2601 2677 autem
2645 2623 2824 2677 munia
2871 2625 3277 2679 necessitatibtrs
3302 2625 3523 2692 dantes,
3548 2638 3821 2688 converso

2232 2715 2460 2781 quodam
2504 2713 2697 2766 ordine
2734 2714 2961 2767 liberum
3002 2715 3288 2768 voluntatis
3318 2716 3597 2770 arbitrium
3642 2729 3822 2773 custo«

2232 2802 2349 2856 dire
2375 2814 2664 2857 conantur.
2696 2803 2887 2857 Dicunt
2924 2804 3064 2858 enim
3104 2792 3416 2859 naturaliter
3441 2808 3659 2875 quidem
3704 2807 3822 2861 ani-

2235 2906 2379 2945 mam
2413 2893 2609 2946 habere
2638 2894 2923 2961 quamdam
2947 2896 3300 2959 voluntatem,
3325 2894 3391 2949 ad
3420 2909 3575 2965 quam
3607 2902 3819 2968 propria

2232 2990 2420 3037 natura
2468 2986 2630 3052 ipsius
2672 2985 2959 3041 voluntatis
2997 2987 3307 3057 impellitur.
3345 2991 3407 3042 Et
3438 2990 3575 3045 sicut
3609 2993 3663 3046 in
3697 3008 3820 3047 cor-

2234 3076 2454 3143 poribus
2489 3076 2793 3131 inanimatis
2822 3080 3063 3147 quadam
3097 3081 3408 3135 naturaliter
3432 3085 3611 3149 gravia
3643 3086 3708 3138 {ei
3728 3101 3821 3138 un~

472 3234 475 3237 λ
546 3175 749 3229 idcirco
791 3175 936 3228 illum
984 3188 1181 3243 a'grum
1227 3189 1345 3228 esse
1379 3173 1732 3241 ututiturum,
1769 3170 2123 3242 utrumlibet,

2234 3174 2320 3220 tur
2346 3166 2409 3218 ad
2443 3176 2674 3231 terram,
2707 3158 2849 3222 levia
2884 3184 3093 3223 sursum
3140 3180 3334 3225 meant.
3385 3172 3448 3225 Et
3477 3174 3595 3227 hac
3632 3186 3820 3233 natura

547 3276 598 3321 et
628 3265 981 3333 contiugentis
1013 3275 1215 3318 naturai
1247 3278 1366 3317 esse
1390 3262 1734 3331 judicaudum
1768 3273 1884 3329 est,
1918 3262 2011 3319 sed
2039 3268 2128 3319 illa

546 3357 656 3413 sola
704 3355 823 3410 talia
865 3355 980 3410 sine
1006 3354 1167 3410 dubio
1197 3369 1317 3411 esse
1345 3357 1576 3426 putanda
1608 3368 1764 3425 sunt,
1795 3374 2129 3429 quaecunque

546 3450 744 3505 idcirco
773 3450 926 3503 nobis
957 3450 1132 3517 ignota
1166 3458 1319 3513 sunt,
1353 3448 1494 3517 quod
1530 3463 1624 3518 per
1665 3452 1930 3518 propriam
1974 3464 2129 3505 natu-

546 3554 657 3596 ram
688 3541 897 3609 qualem
944 3539 1175 3592 habeant
1213 3551 1461 3593 eventum
1483 3581 1497 3605 ,
1528 3538 1666 3592 'sciri
1715 3556 1821 3594 non
1854 3550 2076 3613 possunt
2110 3560 2123 3593 :

545 3633 779 3699 idcirco,
834 3632 1081 3699 quoniam
1140 3631 1353 3699 propria
1407 3631 1752 3686 instabilitate
1806 3644 2007 3687 natura:
2059 3634 2131 3688 ad

546 3734 766 3794 utraque
796 3734 1104 3793 verguntur,
1138 3723 1187 3775 id
1217 3731 1319 3786 est,
1354 3725 1417 3775 ad
1446 3727 1656 3776 allirma
1690 3725 1827 3778 ionis
1862 3735 1915 3778 et
1961 3741 2126 3794 nega-

547 3817 708 3871 tionis
735 3824 983 3870 erentum
1013 3814 1222 3884 propria
1255 3815 1598 3868 instaltilitate
1628 3825 1787 3884 atque
1819 3817 2128 3869 incoustan-

548 3908 615 3963 tia
662 3916 1054 3977 permutantur.
1105 3908 1199 3961 Est
1243 3916 1419 3960 autem
1470 3909 1605 3960 inter
1647 3908 1989 3976 philosophos
2017 3908 2130 3961 dis-

548 4004 747 4071 putatio
794 4001 861 4055 de
914 4016 1095 4055 rerum
1134 4016 1250 4068 qua:
1297 4000 1427 4052 ﬁunt
1473 4001 1681 4068 causis,
1733 4001 2127 4053 necessitatene

547 4095 720 4147 omnia
756 4095 915 4158 ﬁant,
944 4106 1009 4145 an
1042 4092 1283 4159 quaedam
1324 4104 1483 4172 casu,
1517 4092 1651 4145 etin
1683 4076 1791 4144 huc
1828 4090 2123 4157 epicureis,

548 4170 601 4241 et
647 4185 864 4250 stoicis,
897 4194 950 4238 et
996 4170 1355 4251 peripateticis
1388 4170 1583 4236 nostris
1616 4181 1801 4251 magna
1853 4185 2127 4238 contentio

547 4288 645 4343 est,
669 4293 894 4346 quorum
916 4276 1183 4345 paulisper
1205 4276 1500 4329 sententias
1525 4276 1877 4343 explicemus.
1907 4275 2127 4347 Peripa-

548 4371 687 4424 tetici
710 4369 875 4433 enim,
896 4382 1120 4437 quorum
1141 4370 1454 4424 Aristoteles
1480 4370 1725 4437 princeps
1748 4381 1847 4431 est,
1871 4380 1924 4424 et
1942 4386 2125 4425 ensum

548 4472 598 4518 et
638 4463 789 4517 liberi
827 4461 1100 4516 arbitrium
1132 4463 1341 4531 judicii,
1373 4474 1426 4517 et
1468 4466 1841 4518 necessitatem
1876 4467 1925 4519 in
1963 4467 2125 4522 rebus

2232 3257 2348 3312 ﬁeri
2395 3259 2575 3312 nullus
2617 3259 2856 3327 dubitat,
2900 3264 2969 3315 ita
3012 3276 3223 3331 quoque
3248 3266 3305 3319 in
3334 3264 3636 3322 hominibus
3670 3280 3725 3323 et
3769 3272 3821 3330 iu

2232 3352 2444 3406 caeteris
2501 3354 2822 3407 animalibus
2873 3355 3197 3409 voluntatem
3253 3358 3465 3425 quidem
3519 3366 3821 3419 Italt‘tl‘alem

2232 3453 2355 3493 esse
2381 3442 2586 3494 cunctis
2607 3478 2621 3503 ,
2653 3450 2706 3493 et
2727 3442 2985 3511 quidquid
3018 3444 3078 3497 ﬁt
3117 3459 3144 3497 a
3186 3448 3364 3509 nobis,
3399 3452 3691 3503 secundum
3724 3466 3821 3507 vo-

2233 3531 2489 3586 luntatem
2522 3546 2638 3599 qua:
2675 3534 2932 3587 naturalis
2972 3537 3128 3592 nobis
3151 3546 3263 3600 est,
3298 3546 3483 3605 putant
3510 3541 3655 3609 ﬁeri,
3689 3543 3827 3601 illud

2235 3631 2410 3676 tamen
2461 3623 2695 3687 addunt,
2746 3626 2887 3693 quod
2932 3640 2994 3679 ea
3024 3628 3269 3683 volumus
3309 3644 3426 3699 quae
3470 3636 3821 3700 providentia:

2235 3711 2378 3765 illius
2410 3715 2699 3767 necessitas
2726 3715 3042 3782 imperavit,
3079 3729 3133 3771 ut
3162 3720 3229 3772 sit
3269 3721 3482 3789 quidem
3525 3728 3681 3781 nobis
3726 3706 3820 3782 vo-

2232 3802 2409 3857 luntas
2430 3818 2683 3858 concessa
2715 3807 3045 3873 naturaliter,
3071 3817 3123 3863 et
3147 3808 3199 3863 id
3221 3813 3361 3878 quod
3386 3811 3607 3865 facimus
3632 3816 3819 3872 voluti-

2233 3903 2341 3947 tate
2368 3896 2642 3958 faciamus,
2665 3911 2786 3965 quae
2812 3898 3021 3953 scilicet
3049 3900 3100 3954 in
3126 3901 3280 3955 nobis
3310 3913 3413 3967 est,
3445 3907 3611 3974 ipsum
3638 3920 3818 3970 tamen

2233 3985 2558 4040 voluntatem
2591 3988 2727 4041 illius
2761 3991 3105 4056 providentia:
3135 3997 3428 4050 necessitas
3458 4002 3816 4077 cpnstringit,

2230 4078 2303 4131 ita
2330 4080 2440 4131 ﬁeri
2471 4080 2687 4147 quidem
2717 4083 2896 4136 omnia
2926 4096 2990 4138 ex
3024 4087 3362 4155 necessitate,
3395 4092 3534 4160 quod
3568 4094 3819 4151 volantis

2229 4171 2343 4239 ipsa
2368 4174 2627 4227 naturalis
2654 4176 3026 4231 necessitatem
3060 4190 3329 4248 sequatur,
3362 4186 3472 4238 ﬁeri
3501 4186 3665 4241 etiam
3696 4205 3819 4259 qua}

2235 4263 2455 4318 faciams
2488 4282 2553 4320 ex
2585 4267 2768 4333 nobis,
2798 4269 2940 4337 quod
2968 4271 3083 4339 ipsa
3123 4273 3367 4329 voluntas
3410 4290 3478 4331 ex
3531 4278 3687 4333 nobis
3735 4292 3819 4339 est

2228 4362 2283 4408 et
2328 4356 2620 4411 secundum
2660 4359 2910 4414 animalis
2936 4373 3196 4419 naturam.
3242 4364 3347 4420 Nos
3374 4377 3553 4423 autem
3588 4371 3816 4429 liberum

2228 4448 2516 4503 Voluntatis
2560 4451 2840 4506 arbitrium
2891 4468 2998 4508 non
3045 4454 3095 4507 id
3141 4456 3366 4511 (licinius
3414 4462 3559 4529 quod
3586 4462 3817 4533 quisque

548 4568 663 4620 qua:
682 4560 825 4617 sunt,
845 4568 1066 4621 quaeque
1086 4564 1310 4623 aguntur
1322 4569 1436 4607 cuin
1457 4556 1767 4622 gravissima
1786 4558 2124 4624 auctoritate,

2233 4542 2594 4609 Voluerit,sed
2642 4545 2780 4611 quod
2825 4546 3050 4614 quisque
3086 4546 3299 4615 judicio
3328 4560 3379 4604 et
3418 4551 3819 4611 criminatione

550 4647 1004 4713 tumapertissima
1028 4647 1233 4701 ratione
1256 4648 1594 4725 Conﬁrmant.
1621 4651 1681 4702 Et
1705 4666 1883 4704 casum
1907 4652 2123 4721 quidem

547 4754 666 4794 esse
696 4740 747 4793 in
782 4740 1021 4809 Physicis
1053 4738 1305 4808 probant,
1340 4742 1549 4810 quotiis
1594 4742 1791 4811 aliquid
1835 4745 2031 4813 agitur,
2070 4754 2127 4801 et

548 4845 649 4883 non
693 4830 741 4882 id
772 4831 975 4892 evenit,
1012 4842 1224 4898 praptcr
1254 4832 1395 4899 quod
1428 4832 1511 4884 illa
1546 4848 1630 4886 res
1672 4845 1752 4886 est
1792 4845 1963 4902 cospta
2004 4852 2125 4904 qua:

545 4922 815 4991 agebatur,
861 4920 914 4975 id
963 4923 1104 4991 quod
1152 4924 1360 4988 evenit,
1393 4939 1455 4977 ex
1489 4939 1614 4978 casu
1646 4928 1893 4981 evenisse
1926 4937 2121 4996 putan-

544 5016 669 5069 dum
715 5023 832 5080 est,
870 5026 923 5068 et
961 5028 1115 5067 casus
1159 5013 1369 5083 quidem
1404 5031 1509 5068 non
1541 5016 1657 5069 sine
1687 5018 1865 5087 aliqua
1910 5029 2123 5075 actione

544 5108 619 5159 lit.
653 5104 872 5171 Quoties
902 5115 1079 5158 autem
1117 5103 1258 5157 aliud
1298 5104 1548 5173 quiddam
1591 5107 1770 5160 evenit
1820 5124 1913 5175 per
1956 5111 2124 5164 actio-

543 5212 663 5250 nem
695 5210 813 5265 quaz
841 5206 1040 5265 geritur
1070 5211 1225 5264 quam
1258 5205 1522 5263 speratur,
1559 5196 1684 5249 illud
1719 5199 1964 5254 evenisse
1996 5217 2122 5255 casu

542 5286 886 5354 peripatetica
929 5286 1115 5354 probat
1156 5288 1463 5338 auctoritas.
1504 5284 1559 5338 Si
1600 5289 1719 5352 quis
1746 5291 1886 5341 enim
1921 5300 2118 5344 terram

542 5377 747 5431 fodiens
772 5377 854 5430 vel
882 5377 1124 5433 scrobem
1155 5377 1441 5429 demittens
1471 5378 1582 5444 agri
1612 5380 1783 5432 cultus
1812 5396 1969 5433 causa
2006 5381 2121 5437 the-

544 5481 760 5521 saurum
806 5468 1065 5536 reperiat,
1099 5482 1225 5547 casu
1270 5466 1357 5519 ille
1408 5465 1688 5521 thesaurus
1730 5471 1973 5525 inventus
2002 5483 2116 5538 est,

546 5575 648 5614 non
679 5560 796 5615 sine
821 5558 996 5628 aliqua
1041 5559 1255 5628 quidem
1304 5559 1546 5625 actione,
1600 5570 1736 5613 terra
1785 5564 1926 5616 enim
1979 5563 2119 5621 fossa

543 5661 655 5714 est,
687 5665 806 5705 cum
839 5650 1118 5704 thesaurus
1148 5660 1228 5701 est
1275 5649 1539 5701 inventus.
1586 5651 1690 5703 Sed
1734 5667 1837 5704 non
1883 5654 1972 5706 illa
2004 5667 2119 5710 erat

544 5743 748 5801 uentis
778 5744 1003 5800 intentio
1066 5752 1122 5795 ut
1160 5742 1440 5797 thesaurus
1472 5741 1816 5801 inveniretur.
1852 5740 1991 5814 Ergo
2017 5748 2117 5801 ali.

2229 4632 2522 4698 collegerit.
2556 4632 2765 4701 Alioqui
2797 4636 2959 4689 multa
3006 4652 3217 4706 quoque
3258 4642 3506 4696 animalia
3539 4645 3815 4701 habebunt

2227 4721 2455 4775 liberum
2517 4722 2806 4779 voluntatis
2860 4725 3162 4785 arbitrium.
3224 4729 3312 4785 Illa
3369 4734 3515 4787 enim
3571 4737 3815 4793 vid-imus

2227 4824 2418 4884 sponte
2449 4816 2689 4884 quasdam
2717 4820 2958 4888 refugere
2976 4860 2989 4885 ,
3018 4821 3334 4891 quibusdam
3360 4838 3550 4895 sponte
3577 4843 3812 4884 concur-

2226 4920 2367 4960 rere.
2416 4906 2570 4974 Quod
2608 4908 2653 4963 si
2681 4910 2817 4964 velle
2858 4910 3055 4981 aliquid
3096 4914 3176 4966 vel
3229 4916 3371 4971 node
3423 4918 3524 4971 hoc
3564 4933 3712 4975 recte
3746 4923 3811 4976 li-

2228 4998 2340 5052 beri
2392 4997 2602 5053 arbitrii
2650 5001 2913 5055 vocabulo
2966 5014 3257 5071 teneretur,
3316 5021 3420 5061 non
3473 5009 3651 5063 solum
3713 5014 3811 5067 hoc

2228 5100 2371 5144 esset
2410 5090 2702 5157 hominum.
2749 5095 2842 5148 sed
2886 5104 3201 5149 czeterorom
3233 5112 3446 5169 quoque
3474 5104 3804 5167 animtlimn,

2228 5182 2425 5249 quibus
2473 5182 2615 5237 hanc
2656 5184 2807 5238 liberi
2848 5186 3051 5239 arbitrii
3104 5198 3427 5256 ροιεειίιιιιηιι
3470 5193 3663 5247 abesse
3692 5200 3810 5263 quis

2230 5272 2436 5326 nesciat
2485 5290 2501 5326 :
2558 5274 2652 5327 sed
2711 5284 2795 5329 est
2850 5276 3075 5331 liberum
3126 5275 3432 5343 arbitrium,
3498 5286 3639 5348 qumd
3700 5288 3807 5353 ipsa

2230 5382 2442 5437 quoque
2486 5369 2740 5427 vocabula
2793 5371 3041 5439 produnt,
3092 5372 3319 5427 liberum
3371 5374 3524 5430 nobis
3585 5378 3651 5431 de
3711 5394 3802 5433 vo-

2225 5456 2426 5514 luntate
2482 5461 2759 5529 judicium.
2827 5463 3259 5534 Quotiescunque
3319 5467 3463 5521 enim
3540 5469 3806 5538 imagina-

2225 5548 2396 5604 tiones
2441 5550 2681 5619 quaedam
2736 5564 3060 5609 concurrunt
3109 5553 3327 5622 animo,
3373 5567 3429 5610 et
3476 5560 3802 5616 voluntatem

2222 5651 2476 5715 irritant,
2524 5666 2617 5706 eas
2652 5650 2789 5706 ratio
2813 5653 3111 5724 perpendit,
3145 5667 3198 5710 et
3228 5656 3298 5711 de
3348 5657 3431 5711 his
3457 5657 3662 5727 judicat
3688 5702 3703 5726 ,
3752 5672 3804 5715 et

2222 5751 2362 5817 quod
2404 5754 2452 5806 ei
2504 5752 2693 5809 melius
2713 5753 2928 5810 videtur
2966 5767 3087 5811 cum
3117 5754 3341 5814 arbitrio
3370 5758 3715 5828 perpenderit
3743 5766 3801 5816 et
