  <div class='ocr_page' id='page_1' title='image "/cluster/home/n/w/nwhite01/storage/ocr_20150623/64/hvd.32044024222309/254.png"; bbox 0 0 3982 6334; ppageno 0'>
   <div class='ocr_carea' id='block_1_1' title="bbox 266 304 374 368">
    <p class='ocr_par' dir='ltr' id='par_1_1' title="bbox 266 304 374 368">
     <span class='ocr_line' id='line_1_1' title="bbox 266 304 374 368; baseline 0.009 -2"><span class='ocrx_word' id='word_1_1' title='bbox 266 304 374 368; x_wconf 64' lang='grc'><strong>493</strong></span> 
     </span>
    </p>
   </div>
   <div class='ocr_carea' id='block_1_2' title="bbox 1012 294 2827 371">
    <p class='ocr_par' dir='ltr' id='par_1_2' title="bbox 1012 294 2827 371">
     <span class='ocr_line' id='line_1_2' title="bbox 1012 294 2827 371; baseline 0.004 -11"><span class='ocrx_word' id='word_1_2' title='bbox 1012 304 1080 361; x_wconf 85' lang='lat' dir='ltr'><strong>tN</strong></span> <span class='ocrx_word' id='word_1_3' title='bbox 1120 305 1374 363; x_wconf 81' lang='lat' dir='ltr'><strong>LiBRUM</strong></span> <span class='ocrx_word' id='word_1_4' title='bbox 1418 305 1504 361; x_wconf 84' lang='lat' dir='ltr'><strong>DE</strong></span> <span class='ocrx_word' id='word_1_5' title='bbox 1541 294 2185 365; x_wconf 72' lang='lat' dir='ltr'><strong>INTERPRE&#39;I‘ATIONE</strong></span> <span class='ocrx_word' id='word_1_6' title='bbox 2226 309 2455 369; x_wconf 74' lang='lat' dir='ltr'><strong>samo</strong></span> <span class='ocrx_word' id='word_1_7' title='bbox 2493 312 2827 371; x_wconf 64' lang='lat' dir='ltr'><strong>secum.</strong></span> 
     </span>
    </p>
   </div>
   <div class='ocr_carea' id='block_1_3' title="bbox 3437 312 3540 367">
    <p class='ocr_par' dir='ltr' id='par_1_3' title="bbox 3437 312 3540 367">
     <span class='ocr_line' id='line_1_3' title="bbox 3437 312 3540 367; baseline 0.019 -2"><span class='ocrx_word' id='word_1_8' title='bbox 3437 312 3540 367; x_wconf 61' lang='lat'><strong>494</strong></span> 
     </span>
    </p>
   </div>
   <div class='ocr_carea' id='block_1_4' title="bbox 264 412 3541 497">
    <p class='ocr_par' dir='ltr' id='par_1_4' title="bbox 264 412 3541 497">
     <span class='ocr_line' id='line_1_4' title="bbox 264 412 3541 497; baseline -0.002 -16"><span class='ocrx_word' id='word_1_9' title='bbox 264 426 592 497; x_wconf 81' lang='lat' dir='ltr'><strong>judicatione</strong></span> <span class='ocrx_word' id='word_1_10' title='bbox 621 420 917 492; x_wconf 75' lang='lat' dir='ltr'><strong>coilegerit,</strong></span> <span class='ocrx_word' id='word_1_11' title='bbox 937 420 1082 487; x_wconf 85' lang='lat' dir='ltr'><strong>facit,</strong></span> <span class='ocrx_word' id='word_1_12' title='bbox 1114 432 1272 492; x_wconf 86' lang='lat' dir='ltr'><strong>atque</strong></span> <span class='ocrx_word' id='word_1_13' title='bbox 1305 422 1424 475; x_wconf 91' lang='lat' dir='ltr'><strong>ideo</strong></span> <span class='ocrx_word' id='word_1_14' title='bbox 1447 421 1688 489; x_wconf 68' lang='lat' dir='ltr'><strong>quaedam</strong></span> <span class='ocrx_word' id='word_1_15' title='bbox 1715 420 1826 474; x_wconf 83' lang='lat' dir='ltr'><strong>dul-</strong></span> <span class='ocrx_word' id='word_1_16' title='bbox 1872 426 1922 483; x_wconf 71' lang='grc' dir='ltr'>Α</span> <span class='ocrx_word' id='word_1_17' title='bbox 1947 412 2363 495; x_wconf 77' lang='lat' dir='ltr'><strong>enodandasque</strong></span> <span class='ocrx_word' id='word_1_18' title='bbox 2394 431 2779 496; x_wconf 90' lang='lat' dir='ltr'><strong>perveniamus.</strong></span> <span class='ocrx_word' id='word_1_19' title='bbox 2818 428 2874 480; x_wconf 87' lang='grc' dir='ltr'>Ιιι</span> <span class='ocrx_word' id='word_1_20' title='bbox 2900 426 2979 481; x_wconf 88' lang='lat' dir='ltr'><strong>liis</strong></span> <span class='ocrx_word' id='word_1_21' title='bbox 3009 441 3135 495; x_wconf 81' lang='lat' dir='ltr'><strong>ergo</strong></span> <span class='ocrx_word' id='word_1_22' title='bbox 3165 443 3231 493; x_wconf 90' lang='lat' dir='ltr'><strong>qti</strong></span> <span class='ocrx_word' id='word_1_23' title='bbox 3256 443 3281 475; x_wconf 73' lang='grc' dir='ltr'>ι’</span> <span class='ocrx_word' id='word_1_24' title='bbox 3321 436 3463 485; x_wconf 84' lang='lat' dir='ltr'><strong>sunt,</strong></span> <span class='ocrx_word' id='word_1_25' title='bbox 3487 437 3541 478; x_wconf 87' lang='lat' dir='ltr'><strong>et</strong></span> 
     </span>
    </p>
   </div>
   <div class='ocr_carea' id='block_1_5' title="bbox 264 517 1841 593">
    <p class='ocr_par' dir='ltr' id='par_1_5' title="bbox 264 517 1841 593">
     <span class='ocr_line' id='line_1_5' title="bbox 264 517 1841 593; baseline -0.004 -20"><span class='ocrx_word' id='word_1_26' title='bbox 264 526 341 573; x_wconf 64' lang='lat' dir='ltr'><strong>cia</strong></span> <span class='ocrx_word' id='word_1_27' title='bbox 360 528 416 574; x_wconf 85' lang='lat' dir='ltr'><strong>et</strong></span> <span class='ocrx_word' id='word_1_28' title='bbox 443 518 674 585; x_wconf 83' lang='lat' dir='ltr'><strong>speciem</strong></span> <span class='ocrx_word' id='word_1_29' title='bbox 697 517 938 569; x_wconf 89' lang='lat' dir='ltr'><strong>utilitatis</strong></span> <span class='ocrx_word' id='word_1_30' title='bbox 961 517 1311 571; x_wconf 66' lang='lat' dir='ltr'><strong>monstrantia</strong></span> <span class='ocrx_word' id='word_1_31' title='bbox 1340 517 1664 593; x_wconf 76' lang='lat' dir='ltr'><strong>Spernimus,</strong></span> <span class='ocrx_word' id='word_1_32' title='bbox 1697 530 1841 583; x_wconf 60' lang='lat' dir='ltr'><strong>quic-</strong></span> 
     </span>
    </p>
   </div>
   <div class='ocr_carea' id='block_1_6' title="bbox 263 608 1846 674">
    <p class='ocr_par' dir='ltr' id='par_1_6' title="bbox 263 608 1846 674">
     <span class='ocr_line' id='line_1_6' title="bbox 263 608 1846 674; baseline -0.003 -7"><span class='ocrx_word' id='word_1_33' title='bbox 263 615 384 667; x_wconf 72' lang='lat' dir='ltr'><strong>dam</strong></span> <span class='ocrx_word' id='word_1_34' title='bbox 418 628 620 674; x_wconf 85' lang='lat' dir='ltr'><strong>amara,</strong></span> <span class='ocrx_word' id='word_1_35' title='bbox 651 610 772 664; x_wconf 86' lang='lat' dir='ltr'><strong>licet</strong></span> <span class='ocrx_word' id='word_1_36' title='bbox 802 612 1005 664; x_wconf 63' lang='lat' dir='ltr'><strong>nolenti</strong></span> <span class='ocrx_word' id='word_1_37' title='bbox 1021 626 1067 674; x_wconf 87' lang='grc' dir='ltr'><strong>ε,</strong></span> <span class='ocrx_word' id='word_1_38' title='bbox 1103 611 1310 664; x_wconf 52' lang='lat' dir='ltr'><strong>fortiter</strong></span> <span class='ocrx_word' id='word_1_39' title='bbox 1334 612 1682 665; x_wconf 69' lang='lat' dir='ltr'><strong>sustinemus.</strong></span> <span class='ocrx_word' id='word_1_40' title='bbox 1722 608 1846 663; x_wconf 88' lang='lat' dir='ltr'><strong>Ideo</strong></span> 
     </span>
    </p>
   </div>
   <div class='ocr_carea' id='block_1_7' title="bbox 263 692 1847 771">
    <p class='ocr_par' dir='ltr' id='par_1_7' title="bbox 263 692 1847 771">
     <span class='ocr_line' id='line_1_7' title="bbox 263 692 1847 771; baseline -0.002 -11"><span class='ocrx_word' id='word_1_41' title='bbox 263 726 368 760; x_wconf 86' lang='lat' dir='ltr'><strong>nuit</strong></span> <span class='ocrx_word' id='word_1_42' title='bbox 405 708 454 758; x_wconf 89' lang='lat' dir='ltr'><strong>iii</strong></span> <span class='ocrx_word' id='word_1_43' title='bbox 488 706 789 768; x_wconf 81' lang='lat' dir='ltr'><strong>voluntate,</strong></span> <span class='ocrx_word' id='word_1_44' title='bbox 823 705 917 757; x_wconf 79' lang='lat' dir='ltr'><strong>sed</strong></span> <span class='ocrx_word' id='word_1_45' title='bbox 952 706 1001 756; x_wconf 88' lang='lat' dir='ltr'><strong>in</strong></span> <span class='ocrx_word' id='word_1_46' title='bbox 1034 692 1357 771; x_wconf 52' lang='lat' dir='ltr'><strong>judicatigme</strong></span> <span class='ocrx_word' id='word_1_47' title='bbox 1390 704 1677 760; x_wconf 70' lang='lat' dir='ltr'><strong>voluntatis</strong></span> <span class='ocrx_word' id='word_1_48' title='bbox 1710 702 1847 758; x_wconf 82' lang='lat' dir='ltr'><strong>libe-</strong></span> 
     </span>
    </p>
   </div>
   <div class='ocr_carea' id='block_1_8' title="bbox 264 795 1845 864">
    <p class='ocr_par' dir='ltr' id='par_1_8' title="bbox 264 795 1845 864">
     <span class='ocr_line' id='line_1_8' title="bbox 264 795 1845 864; baseline -0.001 -13"><span class='ocrx_word' id='word_1_49' title='bbox 264 815 380 851; x_wconf 87' lang='lat' dir='ltr'><strong>rutn</strong></span> <span class='ocrx_word' id='word_1_50' title='bbox 416 806 628 851; x_wconf 87' lang='lat' dir='ltr'><strong>constat</strong></span> <span class='ocrx_word' id='word_1_51' title='bbox 657 795 969 858; x_wconf 79' lang='lat' dir='ltr'><strong>arbitrium,</strong></span> <span class='ocrx_word' id='word_1_52' title='bbox 1002 804 1055 848; x_wconf 67' lang='grc' dir='ltr'><strong>ιιι</strong></span> <span class='ocrx_word' id='word_1_53' title='bbox 1088 811 1200 848; x_wconf 79' lang='lat' dir='ltr'><strong>non</strong></span> <span class='ocrx_word' id='word_1_54' title='bbox 1226 797 1278 849; x_wconf 91' lang='lat' dir='ltr'><strong>in</strong></span> <span class='ocrx_word' id='word_1_55' title='bbox 1307 796 1718 864; x_wconf 84' lang='lat' dir='ltr'><strong>imaginatione,</strong></span> <span class='ocrx_word' id='word_1_56' title='bbox 1747 795 1845 850; x_wconf 87' lang='lat' dir='ltr'><strong>sed</strong></span> 
     </span>
    </p>
   </div>
   <div class='ocr_carea' id='block_1_9' title="bbox 262 889 1849 958">
    <p class='ocr_par' dir='ltr' id='par_1_9' title="bbox 262 889 1849 958">
     <span class='ocr_line' id='line_1_9' title="bbox 262 889 1849 958; baseline 0.001 -15"><span class='ocrx_word' id='word_1_57' title='bbox 262 891 315 943; x_wconf 94' lang='lat' dir='ltr'><strong>in</strong></span> <span class='ocrx_word' id='word_1_58' title='bbox 351 890 517 956; x_wconf 78' lang='lat' dir='ltr'><strong>ipsius</strong></span> <span class='ocrx_word' id='word_1_59' title='bbox 552 889 946 958; x_wconf 74' lang='lat' dir='ltr'><strong>itnagimtionis</strong></span> <span class='ocrx_word' id='word_1_60' title='bbox 977 890 1335 957; x_wconf 84' lang='lat' dir='ltr'><strong>perpensione</strong></span> <span class='ocrx_word' id='word_1_61' title='bbox 1370 889 1652 956; x_wconf 83' lang='lat' dir='ltr'><strong>consistit,</strong></span> <span class='ocrx_word' id='word_1_62' title='bbox 1687 900 1849 957; x_wconf 85' lang='lat' dir='ltr'><strong>atque</strong></span> 
     </span>
    </p>
   </div>
   <div class='ocr_carea' id='block_1_10' title="bbox 263 981 1845 1050">
    <p class='ocr_par' dir='ltr' id='par_1_10' title="bbox 263 981 1845 1050">
     <span class='ocr_line' id='line_1_10' title="bbox 263 981 1845 1050; baseline 0 -14"><span class='ocrx_word' id='word_1_63' title='bbox 263 982 384 1036; x_wconf 89' lang='lat' dir='ltr'><strong>ideo</strong></span> <span class='ocrx_word' id='word_1_64' title='bbox 415 981 764 1050; x_wconf 68' lang='lat' dir='ltr'><strong>quarumdam</strong></span> <span class='ocrx_word' id='word_1_65' title='bbox 815 981 1087 1035; x_wconf 82' lang='lat' dir='ltr'><strong>actionum</strong></span> <span class='ocrx_word' id='word_1_66' title='bbox 1122 997 1218 1034; x_wconf 90' lang='lat' dir='ltr'><strong>nos</strong></span> <span class='ocrx_word' id='word_1_67' title='bbox 1270 983 1364 1050; x_wconf 84' lang='lat' dir='ltr'><strong>ipsi</strong></span> <span class='ocrx_word' id='word_1_68' title='bbox 1418 981 1681 1050; x_wconf 89' lang='lat' dir='ltr'><strong>principia</strong></span> <span class='ocrx_word' id='word_1_69' title='bbox 1739 997 1845 1036; x_wconf 90' lang='lat' dir='ltr'><strong>non</strong></span> 
     </span>
    </p>
   </div>
   <div class='ocr_carea' id='block_1_11' title="bbox 264 1072 1850 1143">
    <p class='ocr_par' dir='ltr' id='par_1_11' title="bbox 264 1072 1850 1143">
     <span class='ocr_line' id='line_1_11' title="bbox 264 1072 1850 1143; baseline -0.002 -14"><span class='ocrx_word' id='word_1_70' title='bbox 264 1090 523 1143; x_wconf 78' lang='lat' dir='ltr'><strong>sequaces</strong></span> <span class='ocrx_word' id='word_1_71' title='bbox 544 1089 747 1127; x_wconf 85' lang='lat' dir='ltr'><strong>smnus.</strong></span> <span class='ocrx_word' id='word_1_72' title='bbox 787 1074 897 1127; x_wconf 88' lang='lat' dir='ltr'><strong>Hoc</strong></span> <span class='ocrx_word' id='word_1_73' title='bbox 921 1085 1006 1128; x_wconf 87' lang='lat' dir='ltr'><strong>est</strong></span> <span class='ocrx_word' id='word_1_74' title='bbox 1034 1076 1176 1127; x_wconf 86' lang='lat' dir='ltr'><strong>enim</strong></span> <span class='ocrx_word' id='word_1_75' title='bbox 1211 1073 1286 1127; x_wconf 91' lang='lat' dir='ltr'><strong>uti</strong></span> <span class='ocrx_word' id='word_1_76' title='bbox 1317 1072 1547 1137; x_wconf 91' lang='lat' dir='ltr'><strong>ratione,</strong></span> <span class='ocrx_word' id='word_1_77' title='bbox 1594 1074 1668 1127; x_wconf 92' lang='lat' dir='ltr'><strong>uti</strong></span> <span class='ocrx_word' id='word_1_78' title='bbox 1703 1072 1850 1143; x_wconf 81' lang='lat' dir='ltr'><strong>judi-</strong></span> 
     </span>
    </p>
   </div>
   <div class='ocr_carea' id='block_1_12' title="bbox 264 1165 1851 1220">
    <p class='ocr_par' dir='ltr' id='par_1_12' title="bbox 264 1165 1851 1220">
     <span class='ocr_line' id='line_1_12' title="bbox 264 1165 1851 1220; baseline -0.002 0"><span class='ocrx_word' id='word_1_79' title='bbox 264 1167 495 1220; x_wconf 83' lang='lat' dir='ltr'><strong>catione.</strong></span> <span class='ocrx_word' id='word_1_80' title='bbox 531 1165 662 1220; x_wconf 86' lang='lat' dir='ltr'><strong>Esse</strong></span> <span class='ocrx_word' id='word_1_81' title='bbox 693 1167 831 1219; x_wconf 90' lang='lat' dir='ltr'><strong>enim</strong></span> <span class='ocrx_word' id='word_1_82' title='bbox 862 1179 1147 1219; x_wconf 80' lang='lat' dir='ltr'><strong>commune</strong></span> <span class='ocrx_word' id='word_1_83' title='bbox 1180 1165 1332 1218; x_wconf 89' lang='lat' dir='ltr'><strong>nobis</strong></span> <span class='ocrx_word' id='word_1_84' title='bbox 1364 1175 1445 1218; x_wconf 89' lang='lat' dir='ltr'><strong>est</strong></span> <span class='ocrx_word' id='word_1_85' title='bbox 1474 1180 1594 1220; x_wconf 91' lang='lat' dir='ltr'><strong>cum</strong></span> <span class='ocrx_word' id='word_1_86' title='bbox 1638 1165 1851 1218; x_wconf 66' lang='lat' dir='ltr'><strong>caeteris</strong></span> 
     </span>
    </p>
   </div>
   <div class='ocr_carea' id='block_1_13' title="bbox 264 1256 1849 1329">
    <p class='ocr_par' dir='ltr' id='par_1_13' title="bbox 264 1256 1849 1329">
     <span class='ocr_line' id='line_1_13' title="bbox 264 1256 1849 1329; baseline 0 -16"><span class='ocrx_word' id='word_1_87' title='bbox 264 1260 625 1314; x_wconf 64' lang='lat' dir='ltr'><strong>animantibus</strong></span> <span class='ocrx_word' id='word_1_88' title='bbox 656 1262 769 1311; x_wconf 89' lang='lat' dir='ltr'><strong>sola</strong></span> <span class='ocrx_word' id='word_1_89' title='bbox 804 1260 1015 1311; x_wconf 85' lang='lat' dir='ltr'><strong>ratione</strong></span> <span class='ocrx_word' id='word_1_90' title='bbox 1048 1258 1424 1329; x_wconf 82' lang='lat' dir='ltr'><strong>disjttngitnur.</strong></span> <span class='ocrx_word' id='word_1_91' title='bbox 1459 1256 1616 1323; x_wconf 83' lang='lat' dir='ltr'><strong>Quod</strong></span> <span class='ocrx_word' id='word_1_92' title='bbox 1661 1259 1703 1310; x_wconf 91' lang='lat' dir='ltr'><strong>si</strong></span> <span class='ocrx_word' id='word_1_93' title='bbox 1738 1256 1849 1313; x_wconf 87' lang='lat' dir='ltr'><strong>sola</strong></span> 
     </span>
    </p>
   </div>
   <div class='ocr_carea' id='block_1_14' title="bbox 267 1348 1847 1422">
    <p class='ocr_par' dir='ltr' id='par_1_14' title="bbox 267 1348 1847 1422">
     <span class='ocr_line' id='line_1_14' title="bbox 267 1348 1847 1422; baseline -0.004 -14"><span class='ocrx_word' id='word_1_94' title='bbox 267 1362 351 1408; x_wconf 85' lang='lat' dir='ltr'><strong>est</strong></span> <span class='ocrx_word' id='word_1_95' title='bbox 385 1351 720 1422; x_wconf 73' lang='lat' dir='ltr'><strong>jutliCilliOIle</strong></span> <span class='ocrx_word' id='word_1_96' title='bbox 748 1352 883 1405; x_wconf 79' lang='lat' dir='ltr'><strong>inter</strong></span> <span class='ocrx_word' id='word_1_97' title='bbox 914 1364 1012 1404; x_wconf 84' lang='lat' dir='ltr'><strong>nos</strong></span> <span class='ocrx_word' id='word_1_98' title='bbox 1043 1361 1096 1404; x_wconf 90' lang='lat' dir='ltr'><strong>et</strong></span> <span class='ocrx_word' id='word_1_99' title='bbox 1124 1360 1316 1404; x_wconf 60' lang='lat' dir='ltr'><strong>caetera</strong></span> <span class='ocrx_word' id='word_1_100' title='bbox 1363 1349 1612 1403; x_wconf 85' lang='lat' dir='ltr'><strong>animalia</strong></span> <span class='ocrx_word' id='word_1_101' title='bbox 1644 1348 1847 1401; x_wconf 51' lang='lat' dir='ltr'><strong>distan.</strong></span> 
     </span>
    </p>
   </div>
   <div class='ocr_carea' id='block_1_15' title="bbox 265 1439 1852 1507">
    <p class='ocr_par' dir='ltr' id='par_1_15' title="bbox 265 1439 1852 1507">
     <span class='ocr_line' id='line_1_15' title="bbox 265 1439 1852 1507; baseline -0.003 -9"><span class='ocrx_word' id='word_1_102' title='bbox 265 1447 356 1507; x_wconf 90' lang='lat' dir='ltr'><strong>tia,</strong></span> <span class='ocrx_word' id='word_1_103' title='bbox 387 1460 484 1498; x_wconf 86' lang='lat' dir='ltr'><strong>cur</strong></span> <span class='ocrx_word' id='word_1_104' title='bbox 516 1444 826 1497; x_wconf 82' lang='lat' dir='ltr'><strong>dubitemus</strong></span> <span class='ocrx_word' id='word_1_105' title='bbox 875 1443 1087 1495; x_wconf 82' lang='lat' dir='ltr'><strong>ratione</strong></span> <span class='ocrx_word' id='word_1_106' title='bbox 1118 1443 1229 1505; x_wconf 91' lang='lat' dir='ltr'><strong>uti,</strong></span> <span class='ocrx_word' id='word_1_107' title='bbox 1281 1441 1385 1496; x_wconf 88' lang='lat' dir='ltr'><strong>hoc</strong></span> <span class='ocrx_word' id='word_1_108' title='bbox 1434 1456 1554 1496; x_wconf 87' lang='lat' dir='ltr'><strong>esse</strong></span> <span class='ocrx_word' id='word_1_109' title='bbox 1586 1441 1726 1507; x_wconf 88' lang='lat' dir='ltr'><strong>quod</strong></span> <span class='ocrx_word' id='word_1_110' title='bbox 1776 1439 1852 1494; x_wconf 89' lang='lat' dir='ltr'><strong>uti</strong></span> 
     </span>
    </p>
   </div>
   <div class='ocr_carea' id='block_1_16' title="bbox 265 1531 1851 1605">
    <p class='ocr_par' dir='ltr' id='par_1_16' title="bbox 265 1531 1851 1605">
     <span class='ocr_line' id='line_1_16' title="bbox 265 1531 1851 1605; baseline -0.002 -17"><span class='ocrx_word' id='word_1_111' title='bbox 265 1536 626 1605; x_wconf 78' lang='lat' dir='ltr'><strong>iudicatione?</strong></span> <span class='ocrx_word' id='word_1_112' title='bbox 656 1539 825 1601; x_wconf 78' lang='lat' dir='ltr'><strong>Quam</strong></span> <span class='ocrx_word' id='word_1_113' title='bbox 856 1535 900 1587; x_wconf 89' lang='lat' dir='ltr'><strong>si</strong></span> <span class='ocrx_word' id='word_1_114' title='bbox 933 1535 1053 1602; x_wconf 88' lang='lat' dir='ltr'><strong>quis</strong></span> <span class='ocrx_word' id='word_1_115' title='bbox 1084 1550 1147 1587; x_wconf 87' lang='lat' dir='ltr'><strong>ex</strong></span> <span class='ocrx_word' id='word_1_116' title='bbox 1183 1534 1345 1588; x_wconf 80' lang='lat' dir='ltr'><strong>rebus</strong></span> <span class='ocrx_word' id='word_1_117' title='bbox 1379 1533 1551 1597; x_wconf 87' lang='lat' dir='ltr'><strong>tollat,</strong></span> <span class='ocrx_word' id='word_1_118' title='bbox 1583 1531 1851 1585; x_wconf 76' lang='lat' dir='ltr'><strong>rationem</strong></span> 
     </span>
    </p>
   </div>
   <div class='ocr_carea' id='block_1_17' title="bbox 265 1625 1851 1692">
    <p class='ocr_par' dir='ltr' id='par_1_17' title="bbox 265 1625 1851 1692">
     <span class='ocr_line' id='line_1_17' title="bbox 265 1625 1851 1692; baseline -0.005 -8"><span class='ocrx_word' id='word_1_119' title='bbox 265 1631 499 1684; x_wconf 83' lang='lat' dir='ltr'><strong>hominis</strong></span> <span class='ocrx_word' id='word_1_120' title='bbox 536 1629 771 1689; x_wconf 84' lang='lat' dir='ltr'><strong>sustulit,</strong></span> <span class='ocrx_word' id='word_1_121' title='bbox 808 1627 1038 1679; x_wconf 83' lang='lat' dir='ltr'><strong>hominis</strong></span> <span class='ocrx_word' id='word_1_122' title='bbox 1081 1627 1290 1680; x_wconf 77' lang='lat' dir='ltr'><strong>ratione</strong></span> <span class='ocrx_word' id='word_1_123' title='bbox 1321 1627 1561 1683; x_wconf 86' lang='lat' dir='ltr'><strong>sublata.</strong></span> <span class='ocrx_word' id='word_1_124' title='bbox 1591 1640 1691 1679; x_wconf 89' lang='lat' dir='ltr'><strong>nec</strong></span> <span class='ocrx_word' id='word_1_125' title='bbox 1738 1625 1851 1692; x_wconf 82' lang='lat' dir='ltr'><strong>ipsa</strong></span> 
     </span>
    </p>
   </div>
   <div class='ocr_carea' id='block_1_18' title="bbox 266 1717 1853 1791">
    <p class='ocr_par' dir='ltr' id='par_1_18' title="bbox 266 1717 1853 1791">
     <span class='ocr_line' id='line_1_18' title="bbox 266 1717 1853 1791; baseline -0.005 -17"><span class='ocrx_word' id='word_1_126' title='bbox 266 1737 479 1791; x_wconf 76' lang='lat' dir='ltr'><strong>quoque</strong></span> <span class='ocrx_word' id='word_1_127' title='bbox 511 1720 807 1772; x_wconf 76' lang='lat' dir='ltr'><strong>humanitas</strong></span> <span class='ocrx_word' id='word_1_128' title='bbox 828 1720 1191 1786; x_wconf 86' lang='lat' dir='ltr'><strong>permanebit.</strong></span> <span class='ocrx_word' id='word_1_129' title='bbox 1232 1720 1420 1771; x_wconf 82' lang='lat' dir='ltr'><strong>Mefitis</strong></span> <span class='ocrx_word' id='word_1_130' title='bbox 1442 1718 1602 1787; x_wconf 86' lang='lat' dir='ltr'><strong>igitur</strong></span> <span class='ocrx_word' id='word_1_131' title='bbox 1643 1717 1853 1785; x_wconf 88' lang='lat' dir='ltr'><strong>peripa-</strong></span> 
     </span>
    </p>
   </div>
   <div class='ocr_carea' id='block_1_19' title="bbox 1950 515 3536 586">
    <p class='ocr_par' dir='ltr' id='par_1_19' title="bbox 1950 515 3536 586">
     <span class='ocr_line' id='line_1_19' title="bbox 1950 515 3536 586; baseline 0 -17"><span class='ocrx_word' id='word_1_132' title='bbox 1950 515 2085 570; x_wconf 75' lang='lat' dir='ltr'><strong>facta</strong></span> <span class='ocrx_word' id='word_1_133' title='bbox 2118 527 2515 583; x_wconf 83' lang='lat' dir='ltr'><strong>snnt,necesse</strong></span> <span class='ocrx_word' id='word_1_134' title='bbox 2543 522 3049 575; x_wconf 65' lang='lat' dir='ltr'><strong>estaffirtnationetn</strong></span> <span class='ocrx_word' id='word_1_135' title='bbox 3086 522 3163 571; x_wconf 70' lang='grc' dir='ltr'>ιιι-Ι</span> <span class='ocrx_word' id='word_1_136' title='bbox 3198 520 3536 586; x_wconf 61' lang='grc' dir='ltr'>ιιεεηιὶυιιιπιιι</span> 
     </span>
    </p>
   </div>
   <div class='ocr_carea' id='block_1_20' title="bbox 1949 612 3539 681">
    <p class='ocr_par' dir='ltr' id='par_1_20' title="bbox 1949 612 3539 681">
     <span class='ocr_line' id='line_1_20' title="bbox 1949 612 3539 681; baseline -0.001 -18"><span class='ocrx_word' id='word_1_137' title='bbox 1949 625 2129 664; x_wconf 83' lang='lat' dir='ltr'><strong>veram</strong></span> <span class='ocrx_word' id='word_1_138' title='bbox 2155 612 2236 666; x_wconf 89' lang='lat' dir='ltr'><strong>vel</strong></span> <span class='ocrx_word' id='word_1_139' title='bbox 2268 612 2451 666; x_wconf 80' lang='lat' dir='ltr'><strong>falsam</strong></span> <span class='ocrx_word' id='word_1_140' title='bbox 2486 628 2637 681; x_wconf 91' lang='lat' dir='ltr'><strong>esse,</strong></span> <span class='ocrx_word' id='word_1_141' title='bbox 2670 616 2720 668; x_wconf 91' lang='lat' dir='ltr'><strong>iti</strong></span> <span class='ocrx_word' id='word_1_142' title='bbox 2746 614 3133 667; x_wconf 57' lang='grc' dir='ltr'>ιιιιίνενκιιιιὶιιι».</span> <span class='ocrx_word' id='word_1_143' title='bbox 3158 613 3369 677; x_wconf 79' lang='lat' dir='ltr'><strong>quidem</strong></span> <span class='ocrx_word' id='word_1_144' title='bbox 3395 630 3539 662; x_wconf 66' lang='grc' dir='ltr'>ειιιηε</span> 
     </span>
    </p>
   </div>
   <div class='ocr_carea' id='block_1_21' title="bbox 1951 702 3544 773">
    <p class='ocr_par' dir='ltr' id='par_1_21' title="bbox 1951 702 3544 773">
     <span class='ocr_line' id='line_1_21' title="bbox 1951 702 3544 773; baseline -0.001 -16"><span class='ocrx_word' id='word_1_145' title='bbox 1951 718 2046 771; x_wconf 70' lang='lat' dir='ltr'><strong>per</strong></span> <span class='ocrx_word' id='word_1_146' title='bbox 2082 703 2217 757; x_wconf 84' lang='lat' dir='ltr'><strong>hanc</strong></span> <span class='ocrx_word' id='word_1_147' title='bbox 2246 704 2459 773; x_wconf 86' lang='lat' dir='ltr'><strong>quidem</strong></span> <span class='ocrx_word' id='word_1_148' title='bbox 2495 720 2698 770; x_wconf 73' lang='lat' dir='ltr'><strong>veram,</strong></span> <span class='ocrx_word' id='word_1_149' title='bbox 2739 706 2884 759; x_wconf 85' lang='lat' dir='ltr'><strong>illam</strong></span> <span class='ocrx_word' id='word_1_150' title='bbox 2912 720 3037 759; x_wconf 86' lang='lat' dir='ltr'><strong>vero</strong></span> <span class='ocrx_word' id='word_1_151' title='bbox 3062 704 3273 766; x_wconf 67' lang='lat' dir='ltr'><strong>falsam,</strong></span> <span class='ocrx_word' id='word_1_152' title='bbox 3303 706 3429 756; x_wconf 90' lang='lat' dir='ltr'><strong>etin</strong></span> <span class='ocrx_word' id='word_1_153' title='bbox 3462 702 3544 756; x_wconf 82' lang='lat' dir='ltr'><strong>bis</strong></span> 
     </span>
    </p>
   </div>
   <div class='ocr_carea' id='block_1_22' title="bbox 1952 796 3543 865">
    <p class='ocr_par' dir='ltr' id='par_1_22' title="bbox 1952 796 3543 865">
     <span class='ocr_line' id='line_1_22' title="bbox 1952 796 3543 865; baseline -0.001 -16"><span class='ocrx_word' id='word_1_154' title='bbox 1952 809 2073 862; x_wconf 69' lang='lat' dir='ltr'><strong>quae</strong></span> <span class='ocrx_word' id='word_1_155' title='bbox 2116 805 2245 851; x_wconf 81' lang='lat' dir='ltr'><strong>sunt</strong></span> <span class='ocrx_word' id='word_1_156' title='bbox 2272 796 2565 865; x_wconf 73' lang='lat' dir='ltr'><strong>singularia</strong></span> <span class='ocrx_word' id='word_1_157' title='bbox 2613 797 3064 865; x_wconf 87' lang='lat' dir='ltr'><strong>quemadmodum</strong></span> <span class='ocrx_word' id='word_1_158' title='bbox 3097 797 3295 847; x_wconf 82' lang='lat' dir='ltr'><strong>dictum</strong></span> <span class='ocrx_word' id='word_1_159' title='bbox 3326 806 3405 849; x_wconf 88' lang='lat' dir='ltr'><strong>est</strong></span> <span class='ocrx_word' id='word_1_160' title='bbox 3434 835 3447 857; x_wconf 92' lang='lat'><strong>,</strong></span> <span class='ocrx_word' id='word_1_161' title='bbox 3491 796 3543 848; x_wconf 90' lang='lat' dir='ltr'><strong>in</strong></span> 
     </span>
    </p>
   </div>
   <div class='ocr_carea' id='block_1_23' title="bbox 1952 886 3543 956">
    <p class='ocr_par' dir='ltr' id='par_1_23' title="bbox 1952 886 3543 956">
     <span class='ocr_line' id='line_1_23' title="bbox 1952 886 3543 956; baseline -0.001 -15"><span class='ocrx_word' id='word_1_162' title='bbox 1952 886 2040 941; x_wconf 86' lang='lat' dir='ltr'><strong>his</strong></span> <span class='ocrx_word' id='word_1_163' title='bbox 2069 901 2194 942; x_wconf 89' lang='lat' dir='ltr'><strong>vero</strong></span> <span class='ocrx_word' id='word_1_164' title='bbox 2234 904 2354 956; x_wconf 73' lang='lat' dir='ltr'><strong>qua:</strong></span> <span class='ocrx_word' id='word_1_165' title='bbox 2387 889 2438 942; x_wconf 92' lang='lat' dir='ltr'><strong>in</strong></span> <span class='ocrx_word' id='word_1_166' title='bbox 2477 889 2869 943; x_wconf 71' lang='lat' dir='ltr'><strong>universalibus</strong></span> <span class='ocrx_word' id='word_1_167' title='bbox 2902 906 3009 943; x_wconf 90' lang='lat' dir='ltr'><strong>non</strong></span> <span class='ocrx_word' id='word_1_168' title='bbox 3042 889 3419 942; x_wconf 76' lang='lat' dir='ltr'><strong>tiniiersalitcr</strong></span> <span class='ocrx_word' id='word_1_169' title='bbox 3456 888 3543 940; x_wconf 86' lang='lat' dir='ltr'><strong>di-</strong></span> 
     </span>
    </p>
   </div>
   <div class='ocr_carea' id='block_1_24' title="bbox 1952 981 3546 1049">
    <p class='ocr_par' dir='ltr' id='par_1_24' title="bbox 1952 981 3546 1049">
     <span class='ocr_line' id='line_1_24' title="bbox 1952 981 3546 1049; baseline 0.001 -18"><span class='ocrx_word' id='word_1_170' title='bbox 1952 989 2180 1042; x_wconf 88' lang='lat' dir='ltr'><strong>cuntur,</strong></span> <span class='ocrx_word' id='word_1_171' title='bbox 2232 994 2337 1033; x_wconf 74' lang='lat' dir='ltr'><strong>nun</strong></span> <span class='ocrx_word' id='word_1_172' title='bbox 2388 990 2470 1033; x_wconf 87' lang='lat' dir='ltr'><strong>est</strong></span> <span class='ocrx_word' id='word_1_173' title='bbox 2500 994 2744 1034; x_wconf 88' lang='lat' dir='ltr'><strong>necesse.</strong></span> <span class='ocrx_word' id='word_1_174' title='bbox 2780 982 3120 1049; x_wconf 79' lang='lat' dir='ltr'><strong>Categoricas</strong></span> <span class='ocrx_word' id='word_1_175' title='bbox 3154 981 3546 1048; x_wconf 75' lang='lat' dir='ltr'><strong>propositiones</strong></span> 
     </span>
    </p>
   </div>
   <div class='ocr_carea' id='block_1_25' title="bbox 1954 1069 3547 1139">
    <p class='ocr_par' dir='ltr' id='par_1_25' title="bbox 1954 1069 3547 1139">
     <span class='ocr_line' id='line_1_25' title="bbox 1954 1069 3547 1139; baseline 0 -17"><span class='ocrx_word' id='word_1_176' title='bbox 1954 1082 2075 1136; x_wconf 76' lang='lat' dir='ltr'><strong>qua:</strong></span> <span class='ocrx_word' id='word_1_177' title='bbox 2115 1069 2467 1137; x_wconf 75' lang='lat' dir='ltr'><strong>pra~dicativze</strong></span> <span class='ocrx_word' id='word_1_178' title='bbox 2514 1069 2698 1124; x_wconf 88' lang='lat' dir='ltr'><strong>Latine</strong></span> <span class='ocrx_word' id='word_1_179' title='bbox 2751 1071 3247 1137; x_wconf 81' lang='lat' dir='ltr'><strong>possuntnominat-i</strong></span> <span class='ocrx_word' id='word_1_180' title='bbox 3274 1072 3351 1139; x_wconf 93' lang='lat' dir='ltr'><strong>(ut</strong></span> <span class='ocrx_word' id='word_1_181' title='bbox 3385 1084 3547 1138; x_wconf 69' lang='lat' dir='ltr'><strong>supra</strong></span> 
     </span>
    </p>
   </div>
   <div class='ocr_carea' id='block_1_26' title="bbox 1947 1162 3547 1232">
    <p class='ocr_par' dir='ltr' id='par_1_26' title="bbox 1947 1162 3547 1232">
     <span class='ocr_line' id='line_1_26' title="bbox 1947 1162 3547 1232; baseline -0.001 -16"><span class='ocrx_word' id='word_1_182' title='bbox 1947 1162 2061 1231; x_wconf 86' lang='lat' dir='ltr'><strong>jam</strong></span> <span class='ocrx_word' id='word_1_183' title='bbox 2094 1164 2345 1232; x_wconf 82' lang='lat' dir='ltr'><strong>diximus)</strong></span> <span class='ocrx_word' id='word_1_184' title='bbox 2376 1180 2439 1217; x_wconf 85' lang='lat' dir='ltr'><strong>ex</strong></span> <span class='ocrx_word' id='word_1_185' title='bbox 2490 1164 2652 1218; x_wconf 86' lang='lat' dir='ltr'><strong>rebus</strong></span> <span class='ocrx_word' id='word_1_186' title='bbox 2702 1179 2835 1232; x_wconf 86' lang='lat' dir='ltr'><strong>quas</strong></span> <span class='ocrx_word' id='word_1_187' title='bbox 2884 1164 3014 1232; x_wconf 67' lang='lat' dir='ltr'><strong>ipsa:</strong></span> <span class='ocrx_word' id='word_1_188' title='bbox 3057 1165 3447 1230; x_wconf 83' lang='lat' dir='ltr'><strong>ptOpositioucs</strong></span> <span class='ocrx_word' id='word_1_189' title='bbox 3477 1162 3547 1215; x_wconf 85' lang='lat' dir='ltr'><strong>si-</strong></span> 
     </span>
    </p>
   </div>
   <div class='ocr_carea' id='block_1_27' title="bbox 1953 1255 3548 1325">
    <p class='ocr_par' dir='ltr' id='par_1_27' title="bbox 1953 1255 3548 1325">
     <span class='ocr_line' id='line_1_27' title="bbox 1953 1255 3548 1325; baseline -0.001 -16"><span class='ocrx_word' id='word_1_190' title='bbox 1953 1257 2237 1325; x_wconf 80' lang='lat' dir='ltr'><strong>gnificant,</strong></span> <span class='ocrx_word' id='word_1_191' title='bbox 2272 1259 2477 1325; x_wconf 84' lang='lat' dir='ltr'><strong>integra</strong></span> <span class='ocrx_word' id='word_1_192' title='bbox 2511 1258 2863 1311; x_wconf 77' lang='lat' dir='ltr'><strong>ratiocinandi</strong></span> <span class='ocrx_word' id='word_1_193' title='bbox 2896 1271 3081 1309; x_wconf 81' lang='lat' dir='ltr'><strong>norma</strong></span> <span class='ocrx_word' id='word_1_194' title='bbox 3123 1257 3397 1321; x_wconf 75' lang='lat' dir='ltr'><strong>diiudicat.</strong></span> <span class='ocrx_word' id='word_1_195' title='bbox 3440 1255 3548 1308; x_wconf 67' lang='lat' dir='ltr'><strong>Illie</strong></span> 
     </span>
    </p>
   </div>
   <div class='ocr_carea' id='block_1_28' title="bbox 1955 1348 3547 1418">
    <p class='ocr_par' dir='ltr' id='par_1_28' title="bbox 1955 1348 3547 1418">
     <span class='ocr_line' id='line_1_28' title="bbox 1955 1348 3547 1418; baseline -0.001 -17"><span class='ocrx_word' id='word_1_196' title='bbox 1955 1362 2190 1418; x_wconf 82' lang='lat' dir='ltr'><strong>namque</strong></span> <span class='ocrx_word' id='word_1_197' title='bbox 2204 1364 2339 1416; x_wconf 88' lang='lat' dir='ltr'><strong>quas</strong></span> <span class='ocrx_word' id='word_1_198' title='bbox 2360 1350 2731 1418; x_wconf 73' lang='lat' dir='ltr'><strong>ltypotheticas</strong></span> <span class='ocrx_word' id='word_1_199' title='bbox 2755 1348 2837 1402; x_wconf 86' lang='lat' dir='ltr'><strong>vel</strong></span> <span class='ocrx_word' id='word_1_200' title='bbox 2862 1348 3253 1401; x_wconf 77' lang='lat' dir='ltr'><strong>conditionalcs</strong></span> <span class='ocrx_word' id='word_1_201' title='bbox 3272 1361 3547 1410; x_wconf 77' lang='lat' dir='ltr'><strong>vocamus.</strong></span> 
     </span>
    </p>
   </div>
   <div class='ocr_carea' id='block_1_29' title="bbox 1956 1438 3550 1508">
    <p class='ocr_par' dir='ltr' id='par_1_29' title="bbox 1956 1438 3550 1508">
     <span class='ocr_line' id='line_1_29' title="bbox 1956 1438 3550 1508; baseline -0.001 -15"><span class='ocrx_word' id='word_1_202' title='bbox 1956 1456 2020 1493; x_wconf 86' lang='lat' dir='ltr'><strong>ex</strong></span> <span class='ocrx_word' id='word_1_203' title='bbox 2046 1440 2159 1507; x_wconf 81' lang='lat' dir='ltr'><strong>ipsa</strong></span> <span class='ocrx_word' id='word_1_204' title='bbox 2190 1440 2499 1494; x_wconf 88' lang='lat' dir='ltr'><strong>conditione</strong></span> <span class='ocrx_word' id='word_1_205' title='bbox 2530 1442 2635 1493; x_wconf 82' lang='lat' dir='ltr'><strong>vim</strong></span> <span class='ocrx_word' id='word_1_206' title='bbox 2665 1442 2933 1508; x_wconf 84' lang='lat' dir='ltr'><strong>propriam</strong></span> <span class='ocrx_word' id='word_1_207' title='bbox 2970 1438 3209 1504; x_wconf 90' lang='lat' dir='ltr'><strong>trahunt,</strong></span> <span class='ocrx_word' id='word_1_208' title='bbox 3244 1454 3348 1490; x_wconf 89' lang='lat' dir='ltr'><strong>non</strong></span> <span class='ocrx_word' id='word_1_209' title='bbox 3375 1454 3439 1492; x_wconf 87' lang='lat' dir='ltr'><strong>ex</strong></span> <span class='ocrx_word' id='word_1_210' title='bbox 3465 1438 3550 1492; x_wconf 78' lang='lat' dir='ltr'><strong>his</strong></span> 
     </span>
    </p>
   </div>
   <div class='ocr_carea' id='block_1_30' title="bbox 1956 1530 3552 1600">
    <p class='ocr_par' dir='ltr' id='par_1_30' title="bbox 1956 1530 3552 1600">
     <span class='ocr_line' id='line_1_30' title="bbox 1956 1530 3552 1600; baseline 0.001 -17"><span class='ocrx_word' id='word_1_211' title='bbox 1956 1547 2074 1600; x_wconf 67' lang='lat' dir='ltr'><strong>qua:</strong></span> <span class='ocrx_word' id='word_1_212' title='bbox 2122 1533 2443 1599; x_wconf 70' lang='lat' dir='ltr'><strong>significant.</strong></span> <span class='ocrx_word' id='word_1_213' title='bbox 2471 1533 2601 1586; x_wconf 81' lang='lat' dir='ltr'><strong>Cum</strong></span> <span class='ocrx_word' id='word_1_214' title='bbox 2638 1533 2782 1585; x_wconf 91' lang='lat' dir='ltr'><strong>enim</strong></span> <span class='ocrx_word' id='word_1_215' title='bbox 2811 1531 2963 1599; x_wconf 77' lang='lat' dir='ltr'><strong>dico,</strong></span> <span class='ocrx_word' id='word_1_216' title='bbox 2989 1533 3035 1586; x_wconf 79' lang='lat' dir='ltr'><strong>si</strong></span> <span class='ocrx_word' id='word_1_217' title='bbox 3084 1531 3244 1583; x_wconf 92' lang='lat' dir='ltr'><strong>homo</strong></span> <span class='ocrx_word' id='word_1_218' title='bbox 3271 1539 3386 1595; x_wconf 89' lang='lat' dir='ltr'><strong>est,</strong></span> <span class='ocrx_word' id='word_1_219' title='bbox 3434 1530 3552 1584; x_wconf 66' lang='grc' dir='ltr'><strong>θυῖε</strong></span> 
     </span>
    </p>
   </div>
   <div class='ocr_carea' id='block_1_31' title="bbox 1958 1625 3551 1692">
    <p class='ocr_par' dir='ltr' id='par_1_31' title="bbox 1958 1625 3551 1692">
     <span class='ocr_line' id='line_1_31' title="bbox 1958 1625 3551 1692; baseline 0.001 -15"><span class='ocrx_word' id='word_1_220' title='bbox 1958 1627 2062 1677; x_wconf 89' lang='lat' dir='ltr'><strong>mal</strong></span> <span class='ocrx_word' id='word_1_221' title='bbox 2096 1636 2198 1687; x_wconf 89' lang='lat' dir='ltr'><strong>est,</strong></span> <span class='ocrx_word' id='word_1_222' title='bbox 2228 1635 2281 1680; x_wconf 86' lang='lat' dir='ltr'><strong>et</strong></span> <span class='ocrx_word' id='word_1_223' title='bbox 2308 1626 2353 1679; x_wconf 81' lang='lat' dir='ltr'><strong>si</strong></span> <span class='ocrx_word' id='word_1_224' title='bbox 2385 1626 2521 1692; x_wconf 84' lang='lat' dir='ltr'><strong>lapis</strong></span> <span class='ocrx_word' id='word_1_225' title='bbox 2544 1636 2645 1691; x_wconf 85' lang='lat' dir='ltr'><strong>est,</strong></span> <span class='ocrx_word' id='word_1_226' title='bbox 2671 1628 2864 1679; x_wconf 88' lang='lat' dir='ltr'><strong>animal</strong></span> <span class='ocrx_word' id='word_1_227' title='bbox 2898 1642 3003 1679; x_wconf 88' lang='lat' dir='ltr'><strong>non</strong></span> <span class='ocrx_word' id='word_1_228' title='bbox 3028 1636 3129 1688; x_wconf 88' lang='lat' dir='ltr'><strong>est,</strong></span> <span class='ocrx_word' id='word_1_229' title='bbox 3161 1625 3285 1678; x_wconf 90' lang='lat' dir='ltr'><strong>illud</strong></span> <span class='ocrx_word' id='word_1_230' title='bbox 3320 1636 3402 1678; x_wconf 90' lang='lat' dir='ltr'><strong>est</strong></span> <span class='ocrx_word' id='word_1_231' title='bbox 3422 1640 3551 1678; x_wconf 84' lang='lat' dir='ltr'><strong>cuti-</strong></span> 
     </span>
    </p>
   </div>
   <div class='ocr_carea' id='block_1_32' title="bbox 1957 1718 3553 1788">
    <p class='ocr_par' dir='ltr' id='par_1_32' title="bbox 1957 1718 3553 1788">
     <span class='ocr_line' id='line_1_32' title="bbox 1957 1718 3553 1788; baseline 0.003 -17"><span class='ocrx_word' id='word_1_232' title='bbox 1957 1731 2216 1786; x_wconf 82' lang='lat' dir='ltr'><strong>sequcns,</strong></span> <span class='ocrx_word' id='word_1_233' title='bbox 2250 1718 2374 1771; x_wconf 89' lang='lat' dir='ltr'><strong>illud</strong></span> <span class='ocrx_word' id='word_1_234' title='bbox 2410 1734 2711 1787; x_wconf 77' lang='lat' dir='ltr'><strong>repugnans</strong></span> <span class='ocrx_word' id='word_1_235' title='bbox 2736 1758 2751 1785; x_wconf 84' lang='lat'><strong>,</strong></span> <span class='ocrx_word' id='word_1_236' title='bbox 2784 1734 2947 1788; x_wconf 89' lang='lat' dir='ltr'><strong>quare</strong></span> <span class='ocrx_word' id='word_1_237' title='bbox 2983 1736 3049 1774; x_wconf 88' lang='lat' dir='ltr'><strong>ex</strong></span> <span class='ocrx_word' id='word_1_238' title='bbox 3084 1719 3469 1787; x_wconf 75' lang='lat' dir='ltr'><strong>consequentia</strong></span> <span class='ocrx_word' id='word_1_239' title='bbox 3499 1727 3553 1776; x_wconf 78' lang='lat' dir='ltr'><strong>et</strong></span> 
     </span>
    </p>
   </div>
   <div class='ocr_carea' id='block_1_33' title="bbox 267 1806 3554 1882">
    <p class='ocr_par' dir='ltr' id='par_1_33' title="bbox 267 1806 3554 1882">
     <span class='ocr_line' id='line_1_33' title="bbox 267 1806 3554 1882; baseline -0 -15"><span class='ocrx_word' id='word_1_240' title='bbox 267 1813 414 1867; x_wconf 90' lang='lat' dir='ltr'><strong>tetici</strong></span> <span class='ocrx_word' id='word_1_241' title='bbox 451 1812 616 1865; x_wconf 85' lang='lat' dir='ltr'><strong>nostri</strong></span> <span class='ocrx_word' id='word_1_242' title='bbox 647 1822 700 1865; x_wconf 91' lang='lat' dir='ltr'><strong>et</strong></span> <span class='ocrx_word' id='word_1_243' title='bbox 748 1826 931 1864; x_wconf 81' lang='lat' dir='ltr'><strong>casum</strong></span> <span class='ocrx_word' id='word_1_244' title='bbox 968 1812 1016 1863; x_wconf 89' lang='lat' dir='ltr'><strong>iii</strong></span> <span class='ocrx_word' id='word_1_245' title='bbox 1049 1811 1212 1864; x_wconf 87' lang='lat' dir='ltr'><strong>rebus</strong></span> <span class='ocrx_word' id='word_1_246' title='bbox 1244 1812 1372 1878; x_wconf 87' lang='lat' dir='ltr'><strong>ipsis</strong></span> <span class='ocrx_word' id='word_1_247' title='bbox 1405 1810 1678 1864; x_wconf 84' lang='lat' dir='ltr'><strong>fortuitum</strong></span> <span class='ocrx_word' id='word_1_248' title='bbox 1720 1809 1850 1861; x_wconf 84' lang='lat' dir='ltr'><strong>dan-</strong></span> <span class='ocrx_word' id='word_1_249' title='bbox 1881 1806 1932 1868; x_wconf 76' lang='grc' dir='ltr'><strong>Β</strong></span> <span class='ocrx_word' id='word_1_250' title='bbox 1958 1813 2304 1879; x_wconf 74' lang='lat' dir='ltr'><strong>repugnantia</strong></span> <span class='ocrx_word' id='word_1_251' title='bbox 2344 1812 2771 1878; x_wconf 84' lang='lat' dir='ltr'><strong>propositionum</strong></span> <span class='ocrx_word' id='word_1_252' title='bbox 2806 1822 2911 1865; x_wconf 88' lang='lat' dir='ltr'><strong>tota</strong></span> <span class='ocrx_word' id='word_1_253' title='bbox 2965 1813 3015 1865; x_wconf 88' lang='lat' dir='ltr'><strong>in</strong></span> <span class='ocrx_word' id='word_1_254' title='bbox 3054 1814 3419 1882; x_wconf 86' lang='lat' dir='ltr'><strong>propositione</strong></span> <span class='ocrx_word' id='word_1_255' title='bbox 3471 1812 3554 1867; x_wconf 79' lang='lat' dir='ltr'><strong>vis</strong></span> 
     </span>
    </p>
   </div>
   <div class='ocr_carea' id='block_1_34' title="bbox 271 1902 1848 1970">
    <p class='ocr_par' dir='ltr' id='par_1_34' title="bbox 271 1902 1848 1970">
     <span class='ocr_line' id='line_1_34' title="bbox 271 1902 1848 1970; baseline -0.001 -14"><span class='ocrx_word' id='word_1_256' title='bbox 271 1912 353 1957; x_wconf 89' lang='lat' dir='ltr'><strong>tes</strong></span> <span class='ocrx_word' id='word_1_257' title='bbox 375 1945 389 1967; x_wconf 89' lang='lat'><strong>,</strong></span> <span class='ocrx_word' id='word_1_258' title='bbox 425 1912 479 1956; x_wconf 88' lang='lat' dir='ltr'><strong>et</strong></span> <span class='ocrx_word' id='word_1_259' title='bbox 511 1911 701 1970; x_wconf 65' lang='lat' dir='ltr'><strong>printer</strong></span> <span class='ocrx_word' id='word_1_260' title='bbox 732 1902 893 1954; x_wconf 84' lang='lat' dir='ltr'><strong>ullam</strong></span> <span class='ocrx_word' id='word_1_261' title='bbox 924 1904 1322 1963; x_wconf 74' lang='lat' dir='ltr'><strong>necessitatem,</strong></span> <span class='ocrx_word' id='word_1_262' title='bbox 1357 1909 1411 1956; x_wconf 91' lang='lat' dir='ltr'><strong>et</strong></span> <span class='ocrx_word' id='word_1_263' title='bbox 1438 1902 1669 1954; x_wconf 78' lang='lat' dir='ltr'><strong>liberum</strong></span> <span class='ocrx_word' id='word_1_264' title='bbox 1711 1915 1848 1967; x_wconf 87' lang='lat' dir='ltr'><strong>quo-</strong></span> 
     </span>
    </p>
   </div>
   <div class='ocr_carea' id='block_1_35' title="bbox 265 1990 1907 2063">
    <p class='ocr_par' dir='ltr' id='par_1_35' title="bbox 265 1990 1907 2063">
     <span class='ocr_line' id='line_1_35' title="bbox 265 1990 1907 2063; baseline 0 -18"><span class='ocrx_word' id='word_1_265' title='bbox 265 2009 367 2063; x_wconf 90' lang='lat' dir='ltr'><strong>que</strong></span> <span class='ocrx_word' id='word_1_266' title='bbox 385 1993 686 2056; x_wconf 89' lang='lat' dir='ltr'><strong>arbitrium,</strong></span> <span class='ocrx_word' id='word_1_267' title='bbox 708 2008 881 2058; x_wconf 84' lang='lat' dir='ltr'><strong>neque</strong></span> <span class='ocrx_word' id='word_1_268' title='bbox 908 1993 959 2045; x_wconf 91' lang='lat' dir='ltr'><strong>iti</strong></span> <span class='ocrx_word' id='word_1_269' title='bbox 984 1994 1328 2056; x_wconf 63' lang='lat' dir='ltr'><strong>necessitate,</strong></span> <span class='ocrx_word' id='word_1_270' title='bbox 1351 2007 1524 2062; x_wconf 89' lang='lat' dir='ltr'><strong>neque</strong></span> <span class='ocrx_word' id='word_1_271' title='bbox 1548 1996 1598 2045; x_wconf 93' lang='lat' dir='ltr'><strong>in</strong></span> <span class='ocrx_word' id='word_1_272' title='bbox 1618 2004 1684 2045; x_wconf 89' lang='lat' dir='ltr'><strong>eo</strong></span> <span class='ocrx_word' id='word_1_273' title='bbox 1707 1990 1850 2059; x_wconf 89' lang='lat' dir='ltr'><strong>quod</strong></span> <span class='ocrx_word' id='word_1_274' title='bbox 1904 2042 1907 2045; x_wconf 71' lang='grc'><strong>,</strong></span> 
     </span>
    </p>
   </div>
   <div class='ocr_carea' id='block_1_36' title="bbox 254 2081 1853 2152">
    <p class='ocr_par' dir='ltr' id='par_1_36' title="bbox 254 2081 1853 2152">
     <span class='ocr_line' id='line_1_36' title="bbox 254 2081 1853 2152; baseline -0.004 -11"><span class='ocrx_word' id='word_1_275' title='bbox 254 2103 327 2141; x_wconf 66' lang='grc' dir='ltr'><strong>,εκ</strong></span> <span class='ocrx_word' id='word_1_276' title='bbox 356 2086 674 2139; x_wconf 85' lang='lat' dir='ltr'><strong>necessitate</strong></span> <span class='ocrx_word' id='word_1_277' title='bbox 704 2085 920 2152; x_wconf 85' lang='lat' dir='ltr'><strong>quidem</strong></span> <span class='ocrx_word' id='word_1_278' title='bbox 949 2099 1056 2137; x_wconf 91' lang='lat' dir='ltr'><strong>non</strong></span> <span class='ocrx_word' id='word_1_279' title='bbox 1097 2093 1204 2147; x_wconf 71' lang='lat' dir='ltr'><strong>est,</strong></span> <span class='ocrx_word' id='word_1_280' title='bbox 1241 2098 1345 2137; x_wconf 92' lang='lat' dir='ltr'><strong>non</strong></span> <span class='ocrx_word' id='word_1_281' title='bbox 1393 2092 1573 2137; x_wconf 88' lang='lat' dir='ltr'><strong>tamen</strong></span> <span class='ocrx_word' id='word_1_282' title='bbox 1612 2083 1664 2134; x_wconf 91' lang='lat' dir='ltr'><strong>in</strong></span> <span class='ocrx_word' id='word_1_283' title='bbox 1696 2081 1853 2135; x_wconf 83' lang='lat' dir='ltr'><strong>nobis</strong></span> 
     </span>
    </p>
   </div>
   <div class='ocr_carea' id='block_1_37' title="bbox 267 2176 1853 2247">
    <p class='ocr_par' dir='ltr' id='par_1_37' title="bbox 267 2176 1853 2247">
     <span class='ocr_line' id='line_1_37' title="bbox 267 2176 1853 2247; baseline 0.004 -20"><span class='ocrx_word' id='word_1_284' title='bbox 267 2188 348 2227; x_wconf 76' lang='lat' dir='ltr'><strong>est</strong></span> <span class='ocrx_word' id='word_1_285' title='bbox 377 2185 434 2230; x_wconf 91' lang='lat' dir='ltr'><strong>ut</strong></span> <span class='ocrx_word' id='word_1_286' title='bbox 459 2191 635 2240; x_wconf 85' lang='lat' dir='ltr'><strong>castis,</strong></span> <span class='ocrx_word' id='word_1_287' title='bbox 667 2177 760 2230; x_wconf 87' lang='lat' dir='ltr'><strong>sed</strong></span> <span class='ocrx_word' id='word_1_288' title='bbox 792 2177 842 2229; x_wconf 93' lang='lat' dir='ltr'><strong>in</strong></span> <span class='ocrx_word' id='word_1_289' title='bbox 883 2177 1146 2231; x_wconf 77' lang='lat' dir='ltr'><strong>electione</strong></span> <span class='ocrx_word' id='word_1_290' title='bbox 1192 2176 1541 2247; x_wconf 75' lang='lat' dir='ltr'><strong>iudicationis</strong></span> <span class='ocrx_word' id='word_1_291' title='bbox 1581 2190 1632 2231; x_wconf 87' lang='lat' dir='ltr'><strong>et</strong></span> <span class='ocrx_word' id='word_1_292' title='bbox 1662 2180 1853 2233; x_wconf 49' lang='lat' dir='ltr'><strong>volun-</strong></span> 
     </span>
    </p>
   </div>
   <div class='ocr_carea' id='block_1_38' title="bbox 267 2262 1854 2339">
    <p class='ocr_par' dir='ltr' id='par_1_38' title="bbox 267 2262 1854 2339">
     <span class='ocr_line' id='line_1_38' title="bbox 267 2262 1854 2339; baseline -0.001 -14"><span class='ocrx_word' id='word_1_293' title='bbox 267 2271 390 2325; x_wconf 88' lang='lat' dir='ltr'><strong>tatis</strong></span> <span class='ocrx_word' id='word_1_294' title='bbox 414 2271 810 2323; x_wconf 80' lang='lat' dir='ltr'><strong>examinatione</strong></span> <span class='ocrx_word' id='word_1_295' title='bbox 840 2262 1094 2338; x_wconf 82' lang='lat' dir='ltr'><strong>posiiere.</strong></span> <span class='ocrx_word' id='word_1_296' title='bbox 1146 2270 1199 2323; x_wconf 93' lang='lat' dir='ltr'><strong>In</strong></span> <span class='ocrx_word' id='word_1_297' title='bbox 1234 2285 1299 2324; x_wconf 87' lang='lat' dir='ltr'><strong>eo</strong></span> <span class='ocrx_word' id='word_1_298' title='bbox 1329 2281 1507 2323; x_wconf 89' lang='lat' dir='ltr'><strong>autem</strong></span> <span class='ocrx_word' id='word_1_299' title='bbox 1558 2272 1700 2339; x_wconf 86' lang='lat' dir='ltr'><strong>quod</strong></span> <span class='ocrx_word' id='word_1_300' title='bbox 1732 2286 1854 2338; x_wconf 88' lang='lat' dir='ltr'><strong>pos-</strong></span> 
     </span>
    </p>
   </div>
   <div class='ocr_carea' id='block_1_39' title="bbox 270 2360 1853 2431">
    <p class='ocr_par' dir='ltr' id='par_1_39' title="bbox 270 2360 1853 2431">
     <span class='ocr_line' id='line_1_39' title="bbox 270 2360 1853 2431; baseline 0.002 -17"><span class='ocrx_word' id='word_1_301' title='bbox 270 2368 323 2406; x_wconf 48' lang='grc' dir='ltr'><strong>θ’</strong></span> <span class='ocrx_word' id='word_1_302' title='bbox 352 2361 423 2416; x_wconf 90' lang='lat' dir='ltr'><strong>ile</strong></span> <span class='ocrx_word' id='word_1_303' title='bbox 443 2374 562 2414; x_wconf 87' lang='lat' dir='ltr'><strong>esse</strong></span> <span class='ocrx_word' id='word_1_304' title='bbox 590 2360 815 2427; x_wconf 77' lang='lat' dir='ltr'><strong>dii-itur,</strong></span> <span class='ocrx_word' id='word_1_305' title='bbox 842 2371 926 2415; x_wconf 88' lang='lat' dir='ltr'><strong>est</strong></span> <span class='ocrx_word' id='word_1_306' title='bbox 953 2362 1195 2429; x_wconf 68' lang='lat' dir='ltr'><strong>quaedam</strong></span> <span class='ocrx_word' id='word_1_307' title='bbox 1227 2363 1367 2415; x_wconf 91' lang='lat' dir='ltr'><strong>inter</strong></span> <span class='ocrx_word' id='word_1_308' title='bbox 1397 2364 1775 2431; x_wconf 66' lang='lat' dir='ltr'><strong>peripateticm</strong></span> <span class='ocrx_word' id='word_1_309' title='bbox 1798 2373 1853 2417; x_wconf 88' lang='lat' dir='ltr'><strong>et</strong></span> 
     </span>
    </p>
   </div>
   <div class='ocr_carea' id='block_1_40' title="bbox 269 2454 1854 2522">
    <p class='ocr_par' dir='ltr' id='par_1_40' title="bbox 269 2454 1854 2522">
     <span class='ocr_line' id='line_1_40' title="bbox 269 2454 1854 2522; baseline 0.006 -23"><span class='ocrx_word' id='word_1_310' title='bbox 269 2488 287 2499; x_wconf 58' lang='grc' dir='ltr'>,η</span> <span class='ocrx_word' id='word_1_311' title='bbox 322 2486 325 2491; x_wconf 55' lang='grc' dir='ltr'><em>ν</em></span> <span class='ocrx_word' id='word_1_312' title='bbox 356 2474 464 2502; x_wconf 53' lang='grc' dir='ltr'><strong>,με</strong></span> <span class='ocrx_word' id='word_1_313' title='bbox 507 2454 776 2506; x_wconf 81' lang='lat' dir='ltr'><strong>dissensio</strong></span> <span class='ocrx_word' id='word_1_314' title='bbox 800 2493 813 2517; x_wconf 92' lang='lat'><strong>,</strong></span> <span class='ocrx_word' id='word_1_315' title='bbox 860 2464 1019 2521; x_wconf 87' lang='lat' dir='ltr'><strong>quam</strong></span> <span class='ocrx_word' id='word_1_316' title='bbox 1056 2456 1158 2508; x_wconf 86' lang='lat' dir='ltr'><strong>hoc</strong></span> <span class='ocrx_word' id='word_1_317' title='bbox 1202 2456 1362 2507; x_wconf 73' lang='lat' dir='ltr'><strong>modo</strong></span> <span class='ocrx_word' id='word_1_318' title='bbox 1408 2457 1592 2522; x_wconf 87' lang='lat' dir='ltr'><strong>paucis</strong></span> <span class='ocrx_word' id='word_1_319' title='bbox 1622 2456 1854 2509; x_wconf 85' lang='lat' dir='ltr'><strong>absolvi-</strong></span> 
     </span>
    </p>
   </div>
   <div class='ocr_carea' id='block_1_41' title="bbox 268 2544 1855 2619">
    <p class='ocr_par' dir='ltr' id='par_1_41' title="bbox 268 2544 1855 2619">
     <span class='ocr_line' id='line_1_41' title="bbox 268 2544 1855 2619; baseline 0.005 -24"><span class='ocrx_word' id='word_1_320' title='bbox 268 2560 403 2599; x_wconf 88' lang='lat' dir='ltr'><strong>lllttS.</strong></span> <span class='ocrx_word' id='word_1_321' title='bbox 441 2544 519 2599; x_wconf 86' lang='lat' dir='ltr'><strong>Illi</strong></span> <span class='ocrx_word' id='word_1_322' title='bbox 562 2548 702 2600; x_wconf 87' lang='lat' dir='ltr'><strong>enim</strong></span> <span class='ocrx_word' id='word_1_323' title='bbox 746 2546 1015 2600; x_wconf 89' lang='lat' dir='ltr'><strong>diffiniiitit</strong></span> <span class='ocrx_word' id='word_1_324' title='bbox 1058 2548 1313 2615; x_wconf 70' lang='lat' dir='ltr'><strong>possibile</strong></span> <span class='ocrx_word' id='word_1_325' title='bbox 1360 2563 1482 2603; x_wconf 82' lang='lat' dir='ltr'><strong>esse</strong></span> <span class='ocrx_word' id='word_1_326' title='bbox 1512 2550 1653 2619; x_wconf 84' lang='lat' dir='ltr'><strong>quod</strong></span> <span class='ocrx_word' id='word_1_327' title='bbox 1688 2551 1855 2616; x_wconf 82' lang='lat' dir='ltr'><strong>possit</strong></span> 
     </span>
    </p>
   </div>
   <div class='ocr_carea' id='block_1_42' title="bbox 268 2637 1854 2708">
    <p class='ocr_par' dir='ltr' id='par_1_42' title="bbox 268 2637 1854 2708">
     <span class='ocr_line' id='line_1_42' title="bbox 268 2637 1854 2708; baseline 0.006 -19"><span class='ocrx_word' id='word_1_328' title='bbox 268 2637 404 2703; x_wconf 91' lang='lat' dir='ltr'><strong>fieri,</strong></span> <span class='ocrx_word' id='word_1_329' title='bbox 434 2648 487 2691; x_wconf 89' lang='lat' dir='ltr'><strong>et</strong></span> <span class='ocrx_word' id='word_1_330' title='bbox 515 2639 657 2707; x_wconf 90' lang='lat' dir='ltr'><strong>quod</strong></span> <span class='ocrx_word' id='word_1_331' title='bbox 707 2640 821 2694; x_wconf 87' lang='lat' dir='ltr'><strong>fieri</strong></span> <span class='ocrx_word' id='word_1_332' title='bbox 877 2642 1215 2708; x_wconf 87' lang='lat' dir='ltr'><strong>prohibetur,</strong></span> <span class='ocrx_word' id='word_1_333' title='bbox 1250 2658 1355 2695; x_wconf 88' lang='lat' dir='ltr'><strong>non</strong></span> <span class='ocrx_word' id='word_1_334' title='bbox 1386 2643 1488 2707; x_wconf 89' lang='lat' dir='ltr'><strong>sit,</strong></span> <span class='ocrx_word' id='word_1_335' title='bbox 1523 2645 1623 2697; x_wconf 88' lang='lat' dir='ltr'><strong>huc</strong></span> <span class='ocrx_word' id='word_1_336' title='bbox 1661 2644 1727 2696; x_wconf 91' lang='lat' dir='ltr'><strong>ad</strong></span> <span class='ocrx_word' id='word_1_337' title='bbox 1758 2659 1854 2698; x_wconf 85' lang='lat' dir='ltr'><strong>no-</strong></span> 
     </span>
    </p>
   </div>
   <div class='ocr_carea' id='block_1_43' title="bbox 269 2731 1854 2802">
    <p class='ocr_par' dir='ltr' id='par_1_43' title="bbox 269 2731 1854 2802">
     <span class='ocr_line' id='line_1_43' title="bbox 269 2731 1854 2802; baseline 0.003 -17"><span class='ocrx_word' id='word_1_338' title='bbox 269 2738 430 2785; x_wconf 86' lang='lat' dir='ltr'><strong>stram</strong></span> <span class='ocrx_word' id='word_1_339' title='bbox 460 2731 868 2797; x_wconf 70' lang='lat' dir='ltr'><strong>possibilitatem</strong></span> <span class='ocrx_word' id='word_1_340' title='bbox 914 2733 1120 2786; x_wconf 85' lang='lat' dir='ltr'><strong>scilicet</strong></span> <span class='ocrx_word' id='word_1_341' title='bbox 1152 2734 1467 2796; x_wconf 80' lang='lat' dir='ltr'><strong>referentes,</strong></span> <span class='ocrx_word' id='word_1_342' title='bbox 1500 2745 1555 2787; x_wconf 90' lang='lat' dir='ltr'><strong>ut</strong></span> <span class='ocrx_word' id='word_1_343' title='bbox 1584 2736 1724 2802; x_wconf 84' lang='lat' dir='ltr'><strong>quod</strong></span> <span class='ocrx_word' id='word_1_344' title='bbox 1757 2751 1854 2790; x_wconf 87' lang='lat' dir='ltr'><strong>nos</strong></span> 
     </span>
    </p>
   </div>
   <div class='ocr_carea' id='block_1_44' title="bbox 270 2828 1855 2898">
    <p class='ocr_par' dir='ltr' id='par_1_44' title="bbox 270 2828 1855 2898">
     <span class='ocr_line' id='line_1_44' title="bbox 270 2828 1855 2898; baseline 0.003 -19"><span class='ocrx_word' id='word_1_345' title='bbox 270 2840 583 2895; x_wconf 87' lang='lat' dir='ltr'><strong>possumus,</strong></span> <span class='ocrx_word' id='word_1_346' title='bbox 619 2828 669 2880; x_wconf 94' lang='lat' dir='ltr'><strong>id</strong></span> <span class='ocrx_word' id='word_1_347' title='bbox 727 2828 978 2895; x_wconf 70' lang='lat' dir='ltr'><strong>possibile</strong></span> <span class='ocrx_word' id='word_1_348' title='bbox 1009 2830 1301 2883; x_wconf 80' lang='lat' dir='ltr'><strong>diceretur.</strong></span> <span class='ocrx_word' id='word_1_349' title='bbox 1344 2832 1495 2898; x_wconf 80' lang='lat' dir='ltr'><strong>Quod</strong></span> <span class='ocrx_word' id='word_1_350' title='bbox 1540 2846 1670 2885; x_wconf 87' lang='lat' dir='ltr'><strong>vero</strong></span> <span class='ocrx_word' id='word_1_351' title='bbox 1700 2833 1855 2885; x_wconf 80' lang='lat' dir='ltr'><strong>nobis</strong></span> 
     </span>
    </p>
   </div>
   <div class='ocr_carea' id='block_1_45' title="bbox 269 2918 1854 2992">
    <p class='ocr_par' dir='ltr' id='par_1_45' title="bbox 269 2918 1854 2992">
     <span class='ocr_line' id='line_1_45' title="bbox 269 2918 1854 2992; baseline 0.004 -21"><span class='ocrx_word' id='word_1_352' title='bbox 269 2918 594 2986; x_wconf 68' lang='lat' dir='ltr'><strong>illtpOSsllJtle</strong></span> <span class='ocrx_word' id='word_1_353' title='bbox 620 2928 785 2980; x_wconf 78' lang='grc' dir='ltr'>εεεει,</span> <span class='ocrx_word' id='word_1_354' title='bbox 820 2920 869 2974; x_wconf 92' lang='lat' dir='ltr'><strong>id</strong></span> <span class='ocrx_word' id='word_1_355' title='bbox 904 2922 1157 2985; x_wconf 78' lang='lat' dir='ltr'><strong>possibile</strong></span> <span class='ocrx_word' id='word_1_356' title='bbox 1186 2933 1467 2992; x_wconf 62' lang='lat' dir='ltr'><strong>negarent.</strong></span> <span class='ocrx_word' id='word_1_357' title='bbox 1506 2922 1854 2991; x_wconf 85' lang='lat' dir='ltr'><strong>Peripatetici</strong></span> 
     </span>
    </p>
   </div>
   <div class='ocr_carea' id='block_1_46' title="bbox 268 3013 1852 3084">
    <p class='ocr_par' dir='ltr' id='par_1_46' title="bbox 268 3013 1852 3084">
     <span class='ocr_line' id='line_1_46' title="bbox 268 3013 1852 3084; baseline 0.004 -20"><span class='ocrx_word' id='word_1_358' title='bbox 268 3022 445 3065; x_wconf 88' lang='lat' dir='ltr'><strong>autem</strong></span> <span class='ocrx_word' id='word_1_359' title='bbox 492 3027 594 3064; x_wconf 88' lang='lat' dir='ltr'><strong>nou</strong></span> <span class='ocrx_word' id='word_1_360' title='bbox 624 3014 677 3065; x_wconf 92' lang='lat' dir='ltr'><strong>in</strong></span> <span class='ocrx_word' id='word_1_361' title='bbox 708 3013 1008 3078; x_wconf 87' lang='lat' dir='ltr'><strong>nobishoc,</strong></span> <span class='ocrx_word' id='word_1_362' title='bbox 1044 3015 1136 3068; x_wconf 86' lang='lat' dir='ltr'><strong>sed</strong></span> <span class='ocrx_word' id='word_1_363' title='bbox 1182 3017 1233 3067; x_wconf 91' lang='lat' dir='ltr'><strong>in</strong></span> <span class='ocrx_word' id='word_1_364' title='bbox 1266 3016 1378 3081; x_wconf 89' lang='lat' dir='ltr'><strong>ipsa</strong></span> <span class='ocrx_word' id='word_1_365' title='bbox 1423 3028 1611 3070; x_wconf 90' lang='lat' dir='ltr'><strong>natura</strong></span> <span class='ocrx_word' id='word_1_366' title='bbox 1651 3032 1852 3084; x_wconf 88' lang='lat' dir='ltr'><strong>posue-</strong></span> 
     </span>
    </p>
   </div>
   <div class='ocr_carea' id='block_1_47' title="bbox 269 3105 1854 3173">
    <p class='ocr_par' dir='ltr' id='par_1_47' title="bbox 269 3105 1854 3173">
     <span class='ocr_line' id='line_1_47' title="bbox 269 3105 1854 3173; baseline 0.004 -17"><span class='ocrx_word' id='word_1_367' title='bbox 269 3113 413 3167; x_wconf 89' lang='lat' dir='ltr'><strong>runt,</strong></span> <span class='ocrx_word' id='word_1_368' title='bbox 453 3112 507 3155; x_wconf 89' lang='lat' dir='ltr'><strong>tit</strong></span> <span class='ocrx_word' id='word_1_369' title='bbox 535 3105 773 3172; x_wconf 75' lang='lat' dir='ltr'><strong>quaedam</strong></span> <span class='ocrx_word' id='word_1_370' title='bbox 805 3107 873 3157; x_wconf 91' lang='lat' dir='ltr'><strong>ita</strong></span> <span class='ocrx_word' id='word_1_371' title='bbox 904 3105 1176 3173; x_wconf 77' lang='lat' dir='ltr'><strong>possibilia</strong></span> <span class='ocrx_word' id='word_1_372' title='bbox 1202 3119 1381 3163; x_wconf 88' lang='lat' dir='ltr'><strong>essent</strong></span> <span class='ocrx_word' id='word_1_373' title='bbox 1418 3108 1556 3173; x_wconf 82' lang='lat' dir='ltr'><strong>fieri,</strong></span> <span class='ocrx_word' id='word_1_374' title='bbox 1590 3120 1646 3163; x_wconf 90' lang='lat' dir='ltr'><strong>ut</strong></span> <span class='ocrx_word' id='word_1_375' title='bbox 1668 3120 1854 3165; x_wconf 82' lang='lat' dir='ltr'><strong>essent</strong></span> 
     </span>
    </p>
   </div>
   <div class='ocr_carea' id='block_1_48' title="bbox 1959 1902 3557 1973">
    <p class='ocr_par' dir='ltr' id='par_1_48' title="bbox 1959 1902 3557 1973">
     <span class='ocr_line' id='line_1_48' title="bbox 1959 1902 3557 1973; baseline 0.003 -19"><span class='ocrx_word' id='word_1_376' title='bbox 1959 1902 2217 1954; x_wconf 84' lang='lat' dir='ltr'><strong>vertitur:</strong></span> <span class='ocrx_word' id='word_1_377' title='bbox 2251 1903 2391 1956; x_wconf 89' lang='lat' dir='ltr'><strong>unde</strong></span> <span class='ocrx_word' id='word_1_378' title='bbox 2435 1904 2491 1956; x_wconf 89' lang='lat' dir='ltr'><strong>fit</strong></span> <span class='ocrx_word' id='word_1_379' title='bbox 2541 1913 2599 1957; x_wconf 89' lang='lat' dir='ltr'><strong>ut</strong></span> <span class='ocrx_word' id='word_1_380' title='bbox 2648 1920 2755 1957; x_wconf 92' lang='lat' dir='ltr'><strong>nou</strong></span> <span class='ocrx_word' id='word_1_381' title='bbox 2802 1904 3157 1973; x_wconf 87' lang='lat' dir='ltr'><strong>significatio,</strong></span> <span class='ocrx_word' id='word_1_382' title='bbox 3188 1904 3285 1959; x_wconf 87' lang='lat' dir='ltr'><strong>sed</strong></span> <span class='ocrx_word' id='word_1_383' title='bbox 3317 1903 3557 1958; x_wconf 89' lang='lat' dir='ltr'><strong>conditio</strong></span> 
     </span>
    </p>
   </div>
   <div class='ocr_carea' id='block_1_49' title="bbox 1959 1994 3554 2073">
    <p class='ocr_par' dir='ltr' id='par_1_49' title="bbox 1959 1994 3554 2073">
     <span class='ocr_line' id='line_1_49' title="bbox 1959 1994 3554 2073; baseline 0.003 -28"><span class='ocrx_word' id='word_1_384' title='bbox 1959 1995 2287 2063; x_wconf 69' lang='lat' dir='ltr'><strong>propositam</strong></span> <span class='ocrx_word' id='word_1_385' title='bbox 2321 1994 2788 2062; x_wconf 81' lang='lat' dir='ltr'><strong>bypotlicticarum</strong></span> <span class='ocrx_word' id='word_1_386' title='bbox 2830 1997 3263 2073; x_wconf 82' lang='lat' dir='ltr'><strong>enuntiationum</strong></span> <span class='ocrx_word' id='word_1_387' title='bbox 3306 1996 3413 2049; x_wconf 90' lang='lat' dir='ltr'><strong>vim</strong></span> <span class='ocrx_word' id='word_1_388' title='bbox 3456 2011 3554 2049; x_wconf 82' lang='lat' dir='ltr'><strong>na-</strong></span> 
     </span>
    </p>
   </div>
   <div class='ocr_carea' id='block_1_50' title="bbox 1958 2086 3555 2157">
    <p class='ocr_par' dir='ltr' id='par_1_50' title="bbox 1958 2086 3555 2157">
     <span class='ocr_line' id='line_1_50' title="bbox 1958 2086 3555 2157; baseline 0.002 -20"><span class='ocrx_word' id='word_1_389' title='bbox 1958 2093 2242 2151; x_wconf 78' lang='lat' dir='ltr'><strong>torumque</strong></span> <span class='ocrx_word' id='word_1_390' title='bbox 2273 2086 2585 2139; x_wconf 81' lang='lat' dir='ltr'><strong>constituat.</strong></span> <span class='ocrx_word' id='word_1_391' title='bbox 2636 2086 3002 2142; x_wconf 66' lang='lat' dir='ltr'><strong>Praedicativa:</strong></span> <span class='ocrx_word' id='word_1_392' title='bbox 3051 2102 3180 2142; x_wconf 85' lang='lat' dir='ltr'><strong>vero</strong></span> <span class='ocrx_word' id='word_1_393' title='bbox 3227 2087 3555 2157; x_wconf 83' lang='lat' dir='ltr'><strong>propositio-</strong></span> 
     </span>
    </p>
   </div>
   <div class='ocr_carea' id='block_1_51' title="bbox 1960 2176 3555 2248">
    <p class='ocr_par' dir='ltr' id='par_1_51' title="bbox 1960 2176 3555 2248">
     <span class='ocr_line' id='line_1_51' title="bbox 1960 2176 3555 2248; baseline 0.002 -20"><span class='ocrx_word' id='word_1_394' title='bbox 1960 2190 2056 2229; x_wconf 83' lang='lat' dir='ltr'><strong>nes</strong></span> <span class='ocrx_word' id='word_1_395' title='bbox 2102 2178 2186 2248; x_wconf 89' lang='grc' dir='ltr'>(ιιι</span> <span class='ocrx_word' id='word_1_396' title='bbox 2225 2176 2426 2229; x_wconf 88' lang='lat' dir='ltr'><strong>dictum</strong></span> <span class='ocrx_word' id='word_1_397' title='bbox 2475 2176 2580 2246; x_wconf 76' lang='lat' dir='ltr'><strong>cst)</strong></span> <span class='ocrx_word' id='word_1_398' title='bbox 2611 2192 2675 2231; x_wconf 84' lang='lat' dir='ltr'><strong>ex</strong></span> <span class='ocrx_word' id='word_1_399' title='bbox 2708 2180 2870 2230; x_wconf 81' lang='lat' dir='ltr'><strong>rebus</strong></span> <span class='ocrx_word' id='word_1_400' title='bbox 2909 2177 3275 2247; x_wconf 78' lang='lat' dir='ltr'><strong>principaliter</strong></span> <span class='ocrx_word' id='word_1_401' title='bbox 3307 2180 3555 2232; x_wconf 63' lang='lat' dir='ltr'><strong>subStan.</strong></span> 
     </span>
    </p>
   </div>
   <div class='ocr_carea' id='block_1_52' title="bbox 1960 2267 3555 2339">
    <p class='ocr_par' dir='ltr' id='par_1_52' title="bbox 1960 2267 3555 2339">
     <span class='ocr_line' id='line_1_52' title="bbox 1960 2267 3555 2339; baseline 0.006 -21"><span class='ocrx_word' id='word_1_402' title='bbox 1960 2267 2084 2319; x_wconf 89' lang='lat' dir='ltr'><strong>liam</strong></span> <span class='ocrx_word' id='word_1_403' title='bbox 2110 2276 2348 2319; x_wconf 87' lang='lat' dir='ltr'><strong>sumunt.</strong></span> <span class='ocrx_word' id='word_1_404' title='bbox 2409 2270 2585 2337; x_wconf 82' lang='lat' dir='ltr'><strong>Atque</strong></span> <span class='ocrx_word' id='word_1_405' title='bbox 2618 2270 2737 2322; x_wconf 78' lang='lat' dir='ltr'><strong>ideo</strong></span> <span class='ocrx_word' id='word_1_406' title='bbox 2756 2271 3009 2339; x_wconf 86' lang='lat' dir='ltr'><strong>quoniam</strong></span> <span class='ocrx_word' id='word_1_407' title='bbox 3040 2271 3285 2338; x_wconf 67' lang='lat' dir='ltr'><strong>quaedam</strong></span> <span class='ocrx_word' id='word_1_408' title='bbox 3317 2288 3403 2325; x_wconf 87' lang='lat' dir='ltr'><strong>res</strong></span> <span class='ocrx_word' id='word_1_409' title='bbox 3434 2281 3555 2330; x_wconf 83' lang='lat' dir='ltr'><strong>sunt</strong></span> 
     </span>
    </p>
   </div>
   <div class='ocr_carea' id='block_1_53' title="bbox 1959 2362 3555 2430">
    <p class='ocr_par' dir='ltr' id='par_1_53' title="bbox 1959 2362 3555 2430">
     <span class='ocr_line' id='line_1_53' title="bbox 1959 2362 3555 2430; baseline 0.005 -18"><span class='ocrx_word' id='word_1_410' title='bbox 1959 2362 2241 2429; x_wconf 65' lang='lat' dir='ltr'><strong>priesvntis</strong></span> <span class='ocrx_word' id='word_1_411' title='bbox 2272 2362 2554 2429; x_wconf 87' lang='lat' dir='ltr'><strong>temporis,</strong></span> <span class='ocrx_word' id='word_1_412' title='bbox 2582 2364 2825 2430; x_wconf 69' lang='lat' dir='ltr'><strong>quiedam</strong></span> <span class='ocrx_word' id='word_1_413' title='bbox 2860 2363 3141 2430; x_wconf 74' lang='lat' dir='ltr'><strong>prroteriti,</strong></span> <span class='ocrx_word' id='word_1_414' title='bbox 3170 2366 3308 2417; x_wconf 87' lang='lat' dir='ltr'><strong>sicut</strong></span> <span class='ocrx_word' id='word_1_415' title='bbox 3333 2376 3555 2424; x_wconf 81' lang='lat' dir='ltr'><strong>eventus</strong></span> 
     </span>
    </p>
   </div>
   <div class='ocr_carea' id='block_1_54' title="bbox 1960 2454 3554 2522">
    <p class='ocr_par' dir='ltr' id='par_1_54' title="bbox 1960 2454 3554 2522">
     <span class='ocr_line' id='line_1_54' title="bbox 1960 2454 3554 2522; baseline 0.003 -15"><span class='ocrx_word' id='word_1_416' title='bbox 1960 2454 2080 2522; x_wconf 85' lang='lat' dir='ltr'><strong>ipse</strong></span> <span class='ocrx_word' id='word_1_417' title='bbox 2130 2468 2309 2507; x_wconf 89' lang='lat' dir='ltr'><strong>rerum</strong></span> <span class='ocrx_word' id='word_1_418' title='bbox 2359 2454 2644 2522; x_wconf 63' lang='lat' dir='ltr'><strong>prmsemis</strong></span> <span class='ocrx_word' id='word_1_419' title='bbox 2669 2459 2928 2522; x_wconf 71' lang='lat' dir='ltr'><strong>temporis</strong></span> <span class='ocrx_word' id='word_1_420' title='bbox 2960 2455 3048 2509; x_wconf 88' lang='lat' dir='ltr'><strong>vel</strong></span> <span class='ocrx_word' id='word_1_421' title='bbox 3080 2459 3334 2521; x_wconf 62' lang='lat' dir='ltr'><strong>praeteriti</strong></span> <span class='ocrx_word' id='word_1_422' title='bbox 3369 2468 3554 2511; x_wconf 77' lang='lat' dir='ltr'><strong>certus</strong></span> 
     </span>
    </p>
   </div>
   <div class='ocr_carea' id='block_1_55' title="bbox 1958 2545 3556 2615">
    <p class='ocr_par' dir='ltr' id='par_1_55' title="bbox 1958 2545 3556 2615">
     <span class='ocr_line' id='line_1_55' title="bbox 1958 2545 3556 2615; baseline 0.003 -15"><span class='ocrx_word' id='word_1_423' title='bbox 1958 2558 2063 2610; x_wconf 88' lang='lat' dir='ltr'><strong>est,</strong></span> <span class='ocrx_word' id='word_1_424' title='bbox 2114 2545 2187 2597; x_wconf 88' lang='lat' dir='ltr'><strong>ita</strong></span> <span class='ocrx_word' id='word_1_425' title='bbox 2241 2559 2455 2613; x_wconf 84' lang='lat' dir='ltr'><strong>qucque</strong></span> <span class='ocrx_word' id='word_1_426' title='bbox 2499 2546 2962 2614; x_wconf 71' lang='lat' dir='ltr'><strong>prmdicativarutu</strong></span> <span class='ocrx_word' id='word_1_427' title='bbox 3018 2549 3442 2615; x_wconf 83' lang='lat' dir='ltr'><strong>propositionum</strong></span> <span class='ocrx_word' id='word_1_428' title='bbox 3489 2549 3556 2605; x_wconf 86' lang='lat' dir='ltr'><strong>de</strong></span> 
     </span>
    </p>
   </div>
   <div class='ocr_carea' id='block_1_56' title="bbox 1961 2638 3557 2709">
    <p class='ocr_par' dir='ltr' id='par_1_56' title="bbox 1961 2638 3557 2709">
     <span class='ocr_line' id='line_1_56' title="bbox 1961 2638 3557 2709; baseline 0.005 -18"><span class='ocrx_word' id='word_1_429' title='bbox 1961 2638 2249 2707; x_wconf 73' lang='lat' dir='ltr'><strong>pra-teritis</strong></span> <span class='ocrx_word' id='word_1_430' title='bbox 2275 2647 2331 2691; x_wconf 88' lang='lat' dir='ltr'><strong>et</strong></span> <span class='ocrx_word' id='word_1_431' title='bbox 2373 2639 2730 2706; x_wconf 61' lang='lat' dir='ltr'><strong>praesentibus</strong></span> <span class='ocrx_word' id='word_1_432' title='bbox 2785 2649 2929 2691; x_wconf 89' lang='lat' dir='ltr'><strong>certa</strong></span> <span class='ocrx_word' id='word_1_433' title='bbox 2962 2639 3160 2693; x_wconf 90' lang='lat' dir='ltr'><strong>veritas</strong></span> <span class='ocrx_word' id='word_1_434' title='bbox 3184 2680 3199 2703; x_wconf 86' lang='lat'><strong>,</strong></span> <span class='ocrx_word' id='word_1_435' title='bbox 3247 2640 3557 2709; x_wconf 74' lang='lat' dir='ltr'><strong>falsitasquo</strong></span> 
     </span>
    </p>
   </div>
   <div class='ocr_carea' id='block_1_57' title="bbox 1959 2732 3556 2801">
    <p class='ocr_par' dir='ltr' id='par_1_57' title="bbox 1959 2732 3556 2801">
     <span class='ocr_line' id='line_1_57' title="bbox 1959 2732 3556 2801; baseline 0.002 -15"><span class='ocrx_word' id='word_1_436' title='bbox 1959 2745 2062 2786; x_wconf 85' lang='lat' dir='ltr'><strong>est.</strong></span> <span class='ocrx_word' id='word_1_437' title='bbox 2098 2732 2225 2785; x_wconf 88' lang='lat' dir='ltr'><strong>Erat</strong></span> <span class='ocrx_word' id='word_1_438' title='bbox 2256 2741 2435 2785; x_wconf 90' lang='lat' dir='ltr'><strong>autem</strong></span> <span class='ocrx_word' id='word_1_439' title='bbox 2483 2733 2928 2787; x_wconf 81' lang='lat' dir='ltr'><strong>contradictiouis</strong></span> <span class='ocrx_word' id='word_1_440' title='bbox 2976 2736 3162 2786; x_wconf 80' lang='lat' dir='ltr'><strong>motus</strong></span> <span class='ocrx_word' id='word_1_441' title='bbox 3201 2734 3434 2801; x_wconf 80' lang='lat' dir='ltr'><strong>duplex,</strong></span> <span class='ocrx_word' id='word_1_442' title='bbox 3465 2742 3556 2791; x_wconf 79' lang='lat' dir='ltr'><strong>aut</strong></span> 
     </span>
    </p>
   </div>
   <div class='ocr_carea' id='block_1_58' title="bbox 1959 2823 3549 2894">
    <p class='ocr_par' dir='ltr' id='par_1_58' title="bbox 1959 2823 3549 2894">
     <span class='ocr_line' id='line_1_58' title="bbox 1959 2823 3549 2894; baseline 0.001 -17"><span class='ocrx_word' id='word_1_443' title='bbox 1959 2824 2102 2877; x_wconf 88' lang='lat' dir='ltr'><strong>enim</strong></span> <span class='ocrx_word' id='word_1_444' title='bbox 2135 2823 2469 2877; x_wconf 73' lang='lat' dir='ltr'><strong>universales</strong></span> <span class='ocrx_word' id='word_1_445' title='bbox 2495 2823 2903 2890; x_wconf 89' lang='lat' dir='ltr'><strong>particularibus</strong></span> <span class='ocrx_word' id='word_1_446' title='bbox 2938 2826 3263 2891; x_wconf 71' lang='lat' dir='ltr'><strong>angulariter</strong></span> <span class='ocrx_word' id='word_1_447' title='bbox 3305 2840 3549 2894; x_wconf 80' lang='lat' dir='ltr'><strong>oppone-</strong></span> 
     </span>
    </p>
   </div>
   <div class='ocr_carea' id='block_1_59' title="bbox 1960 2900 3557 2993">
    <p class='ocr_par' dir='ltr' id='par_1_59' title="bbox 1960 2900 3557 2993">
     <span class='ocr_line' id='line_1_59' title="bbox 1960 2900 3557 2993; baseline 0.003 -21"><span class='ocrx_word' id='word_1_448' title='bbox 1960 2900 2125 2972; x_wconf 82' lang='lat' dir='ltr'><strong>baniu</strong></span> <span class='ocrx_word' id='word_1_449' title='bbox 2146 2936 2153 2943; x_wconf 67' lang='grc' dir='ltr'><strong>ο</strong></span> <span class='ocrx_word' id='word_1_450' title='bbox 2173 2958 2187 2981; x_wconf 95' lang='grc'><strong>,</strong></span> <span class='ocrx_word' id='word_1_451' title='bbox 2220 2929 2313 2971; x_wconf 89' lang='lat' dir='ltr'><strong>aut</strong></span> <span class='ocrx_word' id='word_1_452' title='bbox 2344 2920 2629 2987; x_wconf 44' lang='lat' dir='ltr'><strong>singularis</strong></span> <span class='ocrx_word' id='word_1_453' title='bbox 2659 2920 2984 2988; x_wconf 87' lang='lat' dir='ltr'><strong>significatio</strong></span> <span class='ocrx_word' id='word_1_454' title='bbox 3014 2922 3330 2975; x_wconf 87' lang='lat' dir='ltr'><strong>af&#39;firtnativa</strong></span> <span class='ocrx_word' id='word_1_455' title='bbox 3372 2924 3557 2993; x_wconf 81' lang='lat' dir='ltr'><strong>singu-</strong></span> 
     </span>
    </p>
   </div>
   <div class='ocr_carea' id='block_1_60' title="bbox 1958 3008 3557 3079">
    <p class='ocr_par' dir='ltr' id='par_1_60' title="bbox 1958 3008 3557 3079">
     <span class='ocr_line' id='line_1_60' title="bbox 1958 3008 3557 3079; baseline 0.004 -17"><span class='ocrx_word' id='word_1_456' title='bbox 1958 3008 2123 3063; x_wconf 91' lang='lat' dir='ltr'><strong>larettt</strong></span> <span class='ocrx_word' id='word_1_457' title='bbox 2157 3011 2492 3078; x_wconf 82' lang='lat' dir='ltr'><strong>negationem</strong></span> <span class='ocrx_word' id='word_1_458' title='bbox 2518 3010 2928 3064; x_wconf 77' lang='lat' dir='ltr'><strong>contradictoria</strong></span> <span class='ocrx_word' id='word_1_459' title='bbox 2955 3012 3296 3079; x_wconf 83' lang='lat' dir='ltr'><strong>Oppositiotic</strong></span> <span class='ocrx_word' id='word_1_460' title='bbox 3324 3030 3403 3079; x_wconf 63' lang='lat' dir='ltr'><strong>pet</strong></span> <span class='ocrx_word' id='word_1_461' title='bbox 3423 3015 3557 3069; x_wconf 75' lang='lat' dir='ltr'><strong>inie-</strong></span> 
     </span>
    </p>
   </div>
   <div class='ocr_carea' id='block_1_61' title="bbox 1960 3099 3553 3173">
    <p class='ocr_par' dir='ltr' id='par_1_61' title="bbox 1960 3099 3553 3173">
     <span class='ocr_line' id='line_1_61' title="bbox 1960 3099 3553 3173; baseline 0.006 -19"><span class='ocrx_word' id='word_1_462' title='bbox 1960 3099 2109 3154; x_wconf 81' lang='lat' dir='ltr'><strong>bant.</strong></span> <span class='ocrx_word' id='word_1_463' title='bbox 2157 3102 2221 3154; x_wconf 65' lang='lat' dir='ltr'><strong>fit</strong></span> <span class='ocrx_word' id='word_1_464' title='bbox 2268 3102 2322 3154; x_wconf 89' lang='lat' dir='ltr'><strong>in</strong></span> <span class='ocrx_word' id='word_1_465' title='bbox 2368 3102 2451 3155; x_wconf 89' lang='lat' dir='ltr'><strong>his</strong></span> <span class='ocrx_word' id='word_1_466' title='bbox 2483 3117 2585 3154; x_wconf 91' lang='lat' dir='ltr'><strong>una</strong></span> <span class='ocrx_word' id='word_1_467' title='bbox 2618 3116 2741 3155; x_wconf 83' lang='lat' dir='ltr'><strong>vera</strong></span> <span class='ocrx_word' id='word_1_468' title='bbox 2771 3116 3005 3169; x_wconf 87' lang='lat' dir='ltr'><strong>semper,</strong></span> <span class='ocrx_word' id='word_1_469' title='bbox 3038 3103 3085 3155; x_wconf 85' lang='lat' dir='ltr'><strong>al</strong></span> <span class='ocrx_word' id='word_1_470' title='bbox 3115 3119 3210 3157; x_wconf 92' lang='lat' dir='ltr'><strong>era</strong></span> <span class='ocrx_word' id='word_1_471' title='bbox 3244 3106 3372 3158; x_wconf 86' lang='lat' dir='ltr'><strong>falsa</strong></span> <span class='ocrx_word' id='word_1_472' title='bbox 3396 3121 3553 3173; x_wconf 74' lang='grc' dir='ltr'>τεμε-</span> 
     </span>
    </p>
   </div>
   <div class='ocr_carea' id='block_1_62' title="bbox 269 3174 3554 3269">
    <p class='ocr_par' dir='ltr' id='par_1_62' title="bbox 269 3174 3554 3269">
     <span class='ocr_line' id='line_1_62' title="bbox 269 3174 3554 3269; baseline 0.002 -22"><span class='ocrx_word' id='word_1_473' title='bbox 269 3194 544 3262; x_wconf 84' lang='lat' dir='ltr'><strong>possibilia</strong></span> <span class='ocrx_word' id='word_1_474' title='bbox 571 3212 673 3249; x_wconf 76' lang='lat' dir='ltr'><strong>tuin</strong></span> <span class='ocrx_word' id='word_1_475' title='bbox 703 3195 838 3253; x_wconf 87' lang='lat' dir='ltr'><strong>fieri.</strong></span> <span class='ocrx_word' id='word_1_476' title='bbox 868 3206 945 3261; x_wconf 93' lang='grc' dir='ltr'>ιιι,</span> <span class='ocrx_word' id='word_1_477' title='bbox 973 3197 1112 3251; x_wconf 89' lang='lat' dir='ltr'><strong>litinc</strong></span> <span class='ocrx_word' id='word_1_478' title='bbox 1136 3198 1403 3253; x_wconf 88' lang='lat' dir='ltr'><strong>calamum</strong></span> <span class='ocrx_word' id='word_1_479' title='bbox 1437 3200 1605 3268; x_wconf 83' lang='lat' dir='ltr'><strong>frangi</strong></span> <span class='ocrx_word' id='word_1_480' title='bbox 1632 3202 1849 3269; x_wconf 87' lang='lat' dir='ltr'><strong>quidem</strong></span> <span class='ocrx_word' id='word_1_481' title='bbox 1882 3174 1934 3241; x_wconf 67' lang='grc' dir='ltr'><strong>ο</strong></span> <span class='ocrx_word' id='word_1_482' title='bbox 1962 3195 2153 3248; x_wconf 67' lang='lat' dir='ltr'><strong>fiebat.</strong></span> <span class='ocrx_word' id='word_1_483' title='bbox 2196 3195 2252 3247; x_wconf 86' lang='lat' dir='ltr'><strong>In</strong></span> <span class='ocrx_word' id='word_1_484' title='bbox 2294 3193 2373 3246; x_wconf 85' lang='lat' dir='ltr'><strong>liis</strong></span> <span class='ocrx_word' id='word_1_485' title='bbox 2404 3205 2580 3246; x_wconf 88' lang='lat' dir='ltr'><strong>autem</strong></span> <span class='ocrx_word' id='word_1_486' title='bbox 2610 3210 2728 3262; x_wconf 66' lang='lat' dir='ltr'><strong>quae</strong></span> <span class='ocrx_word' id='word_1_487' title='bbox 2758 3205 2939 3248; x_wconf 86' lang='lat' dir='ltr'><strong>essent</strong></span> <span class='ocrx_word' id='word_1_488' title='bbox 2963 3195 3279 3259; x_wconf 73' lang='lat' dir='ltr'><strong>itideftnitie,</strong></span> <span class='ocrx_word' id='word_1_489' title='bbox 3316 3214 3419 3251; x_wconf 77' lang='lat' dir='ltr'><strong>non</strong></span> <span class='ocrx_word' id='word_1_490' title='bbox 3457 3216 3554 3254; x_wconf 82' lang='lat' dir='ltr'><strong>nc-</strong></span> 
     </span>
    </p>
   </div>
   <div class='ocr_carea' id='block_1_63' title="bbox 270 3285 1854 3357">
    <p class='ocr_par' dir='ltr' id='par_1_63' title="bbox 270 3285 1854 3357">
     <span class='ocr_line' id='line_1_63' title="bbox 270 3285 1854 3357; baseline 0.006 -20"><span class='ocrx_word' id='word_1_491' title='bbox 270 3285 523 3352; x_wconf 61' lang='lat' dir='ltr'><strong>posiiibile</strong></span> <span class='ocrx_word' id='word_1_492' title='bbox 546 3296 645 3349; x_wconf 78' lang='lat' dir='ltr'><strong>est,</strong></span> <span class='ocrx_word' id='word_1_493' title='bbox 676 3297 729 3339; x_wconf 90' lang='lat' dir='ltr'><strong>et</strong></span> <span class='ocrx_word' id='word_1_494' title='bbox 757 3287 916 3339; x_wconf 90' lang='lat' dir='ltr'><strong>etiam</strong></span> <span class='ocrx_word' id='word_1_495' title='bbox 951 3304 1053 3340; x_wconf 87' lang='lat' dir='ltr'><strong>non</strong></span> <span class='ocrx_word' id='word_1_496' title='bbox 1089 3288 1280 3357; x_wconf 89' lang='lat' dir='ltr'><strong>frangi,</strong></span> <span class='ocrx_word' id='word_1_497' title='bbox 1315 3300 1372 3343; x_wconf 90' lang='lat' dir='ltr'><strong>et</strong></span> <span class='ocrx_word' id='word_1_498' title='bbox 1402 3291 1505 3345; x_wconf 89' lang='lat' dir='ltr'><strong>hoc</strong></span> <span class='ocrx_word' id='word_1_499' title='bbox 1534 3309 1638 3344; x_wconf 90' lang='lat' dir='ltr'><strong>non</strong></span> <span class='ocrx_word' id='word_1_500' title='bbox 1669 3292 1732 3345; x_wconf 89' lang='lat' dir='ltr'><strong>ad</strong></span> <span class='ocrx_word' id='word_1_501' title='bbox 1757 3308 1854 3347; x_wconf 83' lang='lat' dir='ltr'><strong>tio-</strong></span> 
     </span>
    </p>
   </div>
   <div class='ocr_carea' id='block_1_64' title="bbox 270 3376 1855 3449">
    <p class='ocr_par' dir='ltr' id='par_1_64' title="bbox 270 3376 1855 3449">
     <span class='ocr_line' id='line_1_64' title="bbox 270 3376 1855 3449; baseline 0.008 -23"><span class='ocrx_word' id='word_1_502' title='bbox 270 3383 430 3426; x_wconf 82' lang='lat' dir='ltr'><strong>strain</strong></span> <span class='ocrx_word' id='word_1_503' title='bbox 466 3376 872 3439; x_wconf 72' lang='lat' dir='ltr'><strong>po~siin|itatem</strong></span> <span class='ocrx_word' id='word_1_504' title='bbox 924 3378 1184 3442; x_wconf 86' lang='lat' dir='ltr'><strong>referunt,</strong></span> <span class='ocrx_word' id='word_1_505' title='bbox 1213 3384 1305 3433; x_wconf 87' lang='lat' dir='ltr'><strong>sed</strong></span> <span class='ocrx_word' id='word_1_506' title='bbox 1340 3383 1405 3434; x_wconf 89' lang='lat' dir='ltr'><strong>ad</strong></span> <span class='ocrx_word' id='word_1_507' title='bbox 1453 3383 1619 3449; x_wconf 87' lang='lat' dir='ltr'><strong>ipsius</strong></span> <span class='ocrx_word' id='word_1_508' title='bbox 1654 3384 1729 3437; x_wconf 92' lang='lat' dir='ltr'><strong>rei</strong></span> <span class='ocrx_word' id='word_1_509' title='bbox 1761 3401 1855 3438; x_wconf 88' lang='lat' dir='ltr'><strong>ita-</strong></span> 
     </span>
    </p>
   </div>
   <div class='ocr_carea' id='block_1_65' title="bbox 272 3468 1857 3543">
    <p class='ocr_par' dir='ltr' id='par_1_65' title="bbox 272 3468 1857 3543">
     <span class='ocr_line' id='line_1_65' title="bbox 272 3468 1857 3543; baseline 0.008 -24"><span class='ocrx_word' id='word_1_510' title='bbox 272 3477 463 3521; x_wconf 89' lang='lat' dir='ltr'><strong>turaitt.</strong></span> <span class='ocrx_word' id='word_1_511' title='bbox 521 3468 616 3521; x_wconf 87' lang='lat' dir='ltr'><strong>Cui</strong></span> <span class='ocrx_word' id='word_1_512' title='bbox 672 3472 951 3524; x_wconf 70' lang='lat' dir='ltr'><strong>sententia:</strong></span> <span class='ocrx_word' id='word_1_513' title='bbox 981 3476 1248 3527; x_wconf 89' lang='lat' dir='ltr'><strong>contraria</strong></span> <span class='ocrx_word' id='word_1_514' title='bbox 1300 3486 1382 3528; x_wconf 84' lang='lat' dir='ltr'><strong>est</strong></span> <span class='ocrx_word' id='word_1_515' title='bbox 1431 3476 1520 3528; x_wconf 91' lang='lat' dir='ltr'><strong>illa</strong></span> <span class='ocrx_word' id='word_1_516' title='bbox 1552 3493 1673 3543; x_wconf 69' lang='lat' dir='ltr'><strong>quae</strong></span> <span class='ocrx_word' id='word_1_517' title='bbox 1724 3477 1857 3532; x_wconf 82' lang='lat' dir='ltr'><strong>dicit</strong></span> 
     </span>
    </p>
   </div>
   <div class='ocr_carea' id='block_1_66' title="bbox 272 3561 1848 3636">
    <p class='ocr_par' dir='ltr' id='par_1_66' title="bbox 272 3561 1848 3636">
     <span class='ocr_line' id='line_1_66' title="bbox 272 3561 1848 3636; baseline 0.008 -24"><span class='ocrx_word' id='word_1_518' title='bbox 272 3561 446 3613; x_wconf 85' lang='lat' dir='ltr'><strong>omnia</strong></span> <span class='ocrx_word' id='word_1_519' title='bbox 479 3561 585 3615; x_wconf 92' lang='lat' dir='ltr'><strong>fato</strong></span> <span class='ocrx_word' id='word_1_520' title='bbox 627 3562 762 3628; x_wconf 80' lang='lat' dir='ltr'><strong>ﬁeri,</strong></span> <span class='ocrx_word' id='word_1_521' title='bbox 788 3567 939 3631; x_wconf 85' lang='lat' dir='ltr'><strong>cujus</strong></span> <span class='ocrx_word' id='word_1_522' title='bbox 969 3566 1135 3620; x_wconf 85' lang='lat' dir='ltr'><strong>Stoici</strong></span> <span class='ocrx_word' id='word_1_523' title='bbox 1188 3578 1437 3622; x_wconf 78' lang='lat' dir='ltr'><strong>auctores</strong></span> <span class='ocrx_word' id='word_1_524' title='bbox 1488 3580 1635 3621; x_wconf 85' lang='lat' dir='ltr'><strong>sunt.</strong></span> <span class='ocrx_word' id='word_1_525' title='bbox 1695 3571 1848 3636; x_wconf 85' lang='lat' dir='ltr'><strong>Quod</strong></span> 
     </span>
    </p>
   </div>
   <div class='ocr_carea' id='block_1_67' title="bbox 274 3651 1859 3726">
    <p class='ocr_par' dir='ltr' id='par_1_67' title="bbox 274 3651 1859 3726">
     <span class='ocr_line' id='line_1_67' title="bbox 274 3651 1859 3726; baseline 0.006 -21"><span class='ocrx_word' id='word_1_526' title='bbox 274 3652 417 3705; x_wconf 88' lang='lat' dir='ltr'><strong>enim</strong></span> <span class='ocrx_word' id='word_1_527' title='bbox 463 3651 572 3707; x_wconf 82' lang='lat' dir='ltr'><strong>fato</strong></span> <span class='ocrx_word' id='word_1_528' title='bbox 605 3655 693 3719; x_wconf 83' lang='lat' dir='ltr'><strong>fit,</strong></span> <span class='ocrx_word' id='word_1_529' title='bbox 726 3671 791 3709; x_wconf 84' lang='lat' dir='ltr'><strong>ex</strong></span> <span class='ocrx_word' id='word_1_530' title='bbox 831 3657 1209 3726; x_wconf 83' lang='lat' dir='ltr'><strong>principalibus</strong></span> <span class='ocrx_word' id='word_1_531' title='bbox 1238 3661 1417 3713; x_wconf 86' lang='lat' dir='ltr'><strong>causis</strong></span> <span class='ocrx_word' id='word_1_532' title='bbox 1441 3662 1635 3714; x_wconf 83' lang='lat' dir='ltr'><strong>evenit.</strong></span> <span class='ocrx_word' id='word_1_533' title='bbox 1672 3661 1777 3715; x_wconf 87' lang='lat' dir='ltr'><strong>Sed</strong></span> <span class='ocrx_word' id='word_1_534' title='bbox 1809 3664 1859 3721; x_wconf 18' lang='lat' dir='ltr'><strong>sit</strong></span> 
     </span>
    </p>
   </div>
   <div class='ocr_carea' id='block_1_68' title="bbox 271 3742 1855 3817">
    <p class='ocr_par' dir='ltr' id='par_1_68' title="bbox 271 3742 1855 3817">
     <span class='ocr_line' id='line_1_68' title="bbox 271 3742 1855 3817; baseline 0.007 -23"><span class='ocrx_word' id='word_1_535' title='bbox 271 3742 339 3794; x_wconf 88' lang='lat' dir='ltr'><strong>ita</strong></span> <span class='ocrx_word' id='word_1_536' title='bbox 366 3751 447 3794; x_wconf 70' lang='lat' dir='ltr'><strong>est</strong></span> <span class='ocrx_word' id='word_1_537' title='bbox 472 3743 592 3808; x_wconf 85' lang='lat' dir='ltr'><strong>huc,</strong></span> <span class='ocrx_word' id='word_1_538' title='bbox 625 3746 764 3813; x_wconf 86' lang='lat' dir='ltr'><strong>quod</strong></span> <span class='ocrx_word' id='word_1_539' title='bbox 800 3762 904 3799; x_wconf 91' lang='lat' dir='ltr'><strong>non</strong></span> <span class='ocrx_word' id='word_1_540' title='bbox 931 3747 1038 3812; x_wconf 86' lang='lat' dir='ltr'><strong>fiat,</strong></span> <span class='ocrx_word' id='word_1_541' title='bbox 1070 3765 1175 3801; x_wconf 83' lang='lat' dir='ltr'><strong>non</strong></span> <span class='ocrx_word' id='word_1_542' title='bbox 1209 3758 1385 3816; x_wconf 82' lang='lat' dir='ltr'><strong>potest</strong></span> <span class='ocrx_word' id='word_1_543' title='bbox 1408 3753 1722 3817; x_wconf 87' lang='lat' dir='ltr'><strong>permutari.</strong></span> <span class='ocrx_word' id='word_1_544' title='bbox 1745 3750 1855 3805; x_wconf 83' lang='lat' dir='ltr'><strong>Nos</strong></span> 
     </span>
    </p>
   </div>
   <div class='ocr_carea' id='block_1_69' title="bbox 272 3833 1859 3909">
    <p class='ocr_par' dir='ltr' id='par_1_69' title="bbox 272 3833 1859 3909">
     <span class='ocr_line' id='line_1_69' title="bbox 272 3833 1859 3909; baseline 0.009 -26"><span class='ocrx_word' id='word_1_545' title='bbox 272 3843 447 3885; x_wconf 85' lang='lat' dir='ltr'><strong>autem</strong></span> <span class='ocrx_word' id='word_1_546' title='bbox 484 3833 558 3887; x_wconf 86' lang='lat' dir='ltr'><strong>ita</strong></span> <span class='ocrx_word' id='word_1_547' title='bbox 598 3835 822 3890; x_wconf 77' lang='lat' dir='ltr'><strong>dicimus</strong></span> <span class='ocrx_word' id='word_1_548' title='bbox 853 3841 1096 3906; x_wconf 66' lang='lat' dir='ltr'><strong>qua-dam</strong></span> <span class='ocrx_word' id='word_1_549' title='bbox 1143 3856 1265 3895; x_wconf 66' lang='lat'><strong>35:6</strong></span> <span class='ocrx_word' id='word_1_550' title='bbox 1290 3842 1563 3909; x_wconf 65' lang='lat' dir='ltr'><strong>possibilia</strong></span> <span class='ocrx_word' id='word_1_551' title='bbox 1609 3843 1765 3907; x_wconf 89' lang='lat' dir='ltr'><strong>fieri,</strong></span> <span class='ocrx_word' id='word_1_552' title='bbox 1798 3855 1859 3897; x_wconf 79' lang='lat' dir='ltr'><strong>ut</strong></span> 
     </span>
    </p>
   </div>
   <div class='ocr_carea' id='block_1_70' title="bbox 270 3928 1855 3998">
    <p class='ocr_par' dir='ltr' id='par_1_70' title="bbox 270 3928 1855 3998">
     <span class='ocr_line' id='line_1_70' title="bbox 270 3928 1855 3998; baseline 0.009 -21"><span class='ocrx_word' id='word_1_553' title='bbox 270 3928 458 3979; x_wconf 70' lang='lat' dir='ltr'><strong>cadi-in</strong></span> <span class='ocrx_word' id='word_1_554' title='bbox 507 3928 612 3980; x_wconf 87' lang='lat' dir='ltr'><strong>sint</strong></span> <span class='ocrx_word' id='word_1_555' title='bbox 659 3930 818 3981; x_wconf 80' lang='lat' dir='ltr'><strong>etiam</strong></span> <span class='ocrx_word' id='word_1_556' title='bbox 876 3932 1144 3998; x_wconf 77' lang='lat' dir='ltr'><strong>possibilia</strong></span> <span class='ocrx_word' id='word_1_557' title='bbox 1192 3949 1297 3986; x_wconf 89' lang='lat' dir='ltr'><strong>non</strong></span> <span class='ocrx_word' id='word_1_558' title='bbox 1329 3935 1475 3995; x_wconf 83' lang='lat' dir='ltr'><strong>fieri,</strong></span> <span class='ocrx_word' id='word_1_559' title='bbox 1524 3935 1624 3988; x_wconf 90' lang='lat' dir='ltr'><strong>hoc</strong></span> <span class='ocrx_word' id='word_1_560' title='bbox 1651 3950 1755 3989; x_wconf 88' lang='lat' dir='ltr'><strong>non</strong></span> <span class='ocrx_word' id='word_1_561' title='bbox 1788 3950 1855 3990; x_wconf 84' lang='lat' dir='ltr'><strong>ex</strong></span> 
     </span>
    </p>
   </div>
   <div class='ocr_carea' id='block_1_71' title="bbox 271 4020 1855 4091">
    <p class='ocr_par' dir='ltr' id='par_1_71' title="bbox 271 4020 1855 4091">
     <span class='ocr_line' id='line_1_71' title="bbox 271 4020 1855 4091; baseline 0.008 -20"><span class='ocrx_word' id='word_1_562' title='bbox 271 4020 617 4086; x_wconf 59' lang='lat' dir='ltr'><strong>necessitate,</strong></span> <span class='ocrx_word' id='word_1_563' title='bbox 673 4036 770 4074; x_wconf 89' lang='lat' dir='ltr'><strong>nec</strong></span> <span class='ocrx_word' id='word_1_564' title='bbox 809 4036 873 4075; x_wconf 89' lang='lat' dir='ltr'><strong>ex</strong></span> <span class='ocrx_word' id='word_1_565' title='bbox 908 4024 1259 4091; x_wconf 85' lang='lat' dir='ltr'><strong>possibilitate</strong></span> <span class='ocrx_word' id='word_1_566' title='bbox 1312 4036 1492 4080; x_wconf 72' lang='lat' dir='ltr'><strong>nostra</strong></span> <span class='ocrx_word' id='word_1_567' title='bbox 1547 4029 1855 4085; x_wconf 87' lang='lat' dir='ltr'><strong>metientes.</strong></span> 
     </span>
    </p>
   </div>
   <div class='ocr_carea' id='block_1_72' title="bbox 274 4100 1863 4182">
    <p class='ocr_par' dir='ltr' id='par_1_72' title="bbox 274 4100 1863 4182">
     <span class='ocr_line' id='line_1_72' title="bbox 274 4100 1863 4182; baseline 0.008 -19"><span class='ocrx_word' id='word_1_568' title='bbox 274 4112 373 4164; x_wconf 80' lang='lat' dir='ltr'><strong>llis</strong></span> <span class='ocrx_word' id='word_1_569' title='bbox 399 4111 558 4182; x_wconf 80' lang='lat' dir='ltr'><strong>igitur</strong></span> <span class='ocrx_word' id='word_1_570' title='bbox 580 4100 834 4180; x_wconf 79' lang='lat' dir='ltr'><strong>expeditis</strong></span> <span class='ocrx_word' id='word_1_571' title='bbox 863 4117 985 4168; x_wconf 79' lang='lat' dir='ltr'><strong>illtiil</strong></span> <span class='ocrx_word' id='word_1_572' title='bbox 1010 4117 1210 4171; x_wconf 87' lang='lat' dir='ltr'><strong>addere</strong></span> <span class='ocrx_word' id='word_1_573' title='bbox 1232 4118 1485 4182; x_wconf 82' lang='lat' dir='ltr'><strong>sufficiat,</strong></span> <span class='ocrx_word' id='word_1_574' title='bbox 1518 4120 1619 4175; x_wconf 87' lang='lat' dir='ltr'><strong>lioc</strong></span> <span class='ocrx_word' id='word_1_575' title='bbox 1646 4121 1863 4176; x_wconf 72' lang='lat' dir='ltr'><strong>Aristo-v&#39;</strong></span> 
     </span>
    </p>
   </div>
   <div class='ocr_carea' id='block_1_73' title="bbox 273 4203 1863 4276">
    <p class='ocr_par' dir='ltr' id='par_1_73' title="bbox 273 4203 1863 4276">
     <span class='ocr_line' id='line_1_73' title="bbox 273 4203 1863 4276; baseline 0.009 -22"><span class='ocrx_word' id='word_1_576' title='bbox 273 4203 367 4256; x_wconf 84' lang='lat' dir='ltr'><strong>teli</strong></span> <span class='ocrx_word' id='word_1_577' title='bbox 400 4205 561 4255; x_wconf 71' lang='lat' dir='ltr'><strong>fixum</strong></span> <span class='ocrx_word' id='word_1_578' title='bbox 590 4203 641 4256; x_wconf 89' lang='lat' dir='ltr'><strong>itt</strong></span> <span class='ocrx_word' id='word_1_579' title='bbox 672 4207 935 4260; x_wconf 81' lang='lat' dir='ltr'><strong>sententia</strong></span> <span class='ocrx_word' id='word_1_580' title='bbox 960 4217 1012 4261; x_wconf 90' lang='lat' dir='ltr'><strong>et</strong></span> <span class='ocrx_word' id='word_1_581' title='bbox 1052 4209 1333 4276; x_wconf 72' lang='lat' dir='ltr'><strong>disciplina</strong></span> <span class='ocrx_word' id='word_1_582' title='bbox 1365 4212 1649 4275; x_wconf 78' lang='lat' dir='ltr'><strong>retinenti,</strong></span> <span class='ocrx_word' id='word_1_583' title='bbox 1705 4213 1863 4268; x_wconf 78' lang='lat' dir='ltr'><strong>facile</strong></span> 
     </span>
    </p>
   </div>
   <div class='ocr_carea' id='block_1_74' title="bbox 274 4294 1861 4365">
    <p class='ocr_par' dir='ltr' id='par_1_74' title="bbox 274 4294 1861 4365">
     <span class='ocr_line' id='line_1_74' title="bbox 274 4294 1861 4365; baseline 0.007 -20"><span class='ocrx_word' id='word_1_584' title='bbox 274 4294 443 4347; x_wconf 83' lang='lat' dir='ltr'><strong>fuisse</strong></span> <span class='ocrx_word' id='word_1_585' title='bbox 470 4295 885 4363; x_wconf 79' lang='lat' dir='ltr'><strong>contingentium</strong></span> <span class='ocrx_word' id='word_1_586' title='bbox 930 4298 1355 4365; x_wconf 86' lang='lat' dir='ltr'><strong>propositionum</strong></span> <span class='ocrx_word' id='word_1_587' title='bbox 1388 4302 1602 4354; x_wconf 89' lang='lat' dir='ltr'><strong>modum</strong></span> <span class='ocrx_word' id='word_1_588' title='bbox 1631 4303 1699 4357; x_wconf 90' lang='lat' dir='ltr'><strong>de</strong></span> <span class='ocrx_word' id='word_1_589' title='bbox 1721 4302 1861 4356; x_wconf 90' lang='lat' dir='ltr'><strong>futu-</strong></span> 
     </span>
    </p>
   </div>
   <div class='ocr_carea' id='block_1_75' title="bbox 274 4386 1861 4458">
    <p class='ocr_par' dir='ltr' id='par_1_75' title="bbox 274 4386 1861 4458">
     <span class='ocr_line' id='line_1_75' title="bbox 274 4386 1861 4458; baseline 0.005 -19"><span class='ocrx_word' id='word_1_590' title='bbox 274 4391 352 4440; x_wconf 88' lang='lat' dir='ltr'><strong>ris</strong></span> <span class='ocrx_word' id='word_1_591' title='bbox 380 4386 684 4451; x_wconf 86' lang='lat' dir='ltr'><strong>ostendere,</strong></span> <span class='ocrx_word' id='word_1_592' title='bbox 720 4389 769 4441; x_wconf 89' lang='lat' dir='ltr'><strong>id</strong></span> <span class='ocrx_word' id='word_1_593' title='bbox 800 4399 881 4441; x_wconf 91' lang='lat' dir='ltr'><strong>est</strong></span> <span class='ocrx_word' id='word_1_594' title='bbox 905 4391 1182 4458; x_wconf 58' lang='lat' dir='ltr'><strong>aiqiialiter</strong></span> <span class='ocrx_word' id='word_1_595' title='bbox 1212 4406 1269 4445; x_wconf 58' lang='lat' dir='ltr'><strong>se</strong></span> <span class='ocrx_word' id='word_1_596' title='bbox 1311 4391 1511 4447; x_wconf 74' lang='lat' dir='ltr'><strong>habere</strong></span> <span class='ocrx_word' id='word_1_597' title='bbox 1539 4393 1592 4446; x_wconf 90' lang='lat' dir='ltr'><strong>in</strong></span> <span class='ocrx_word' id='word_1_598' title='bbox 1626 4394 1861 4447; x_wconf 81' lang='lat' dir='ltr'><strong>affirma-</strong></span> 
     </span>
    </p>
   </div>
   <div class='ocr_carea' id='block_1_76' title="bbox 277 4477 1862 4555">
    <p class='ocr_par' dir='ltr' id='par_1_76' title="bbox 277 4477 1862 4555">
     <span class='ocr_line' id='line_1_76' title="bbox 277 4477 1862 4555; baseline 0.007 -26"><span class='ocrx_word' id='word_1_599' title='bbox 277 4477 419 4529; x_wconf 70' lang='lat' dir='ltr'><strong>tione</strong></span> <span class='ocrx_word' id='word_1_600' title='bbox 452 4487 505 4530; x_wconf 90' lang='lat' dir='ltr'><strong>et</strong></span> <span class='ocrx_word' id='word_1_601' title='bbox 535 4480 781 4546; x_wconf 86' lang='lat' dir='ltr'><strong>itegation</strong></span> <span class='ocrx_word' id='word_1_602' title='bbox 806 4500 837 4545; x_wconf 69' lang='grc' dir='ltr'>υ,</span> <span class='ocrx_word' id='word_1_603' title='bbox 863 4490 916 4535; x_wconf 88' lang='grc' dir='ltr'><strong>ει</strong></span> <span class='ocrx_word' id='word_1_604' title='bbox 948 4483 998 4534; x_wconf 91' lang='lat' dir='ltr'><strong>in</strong></span> <span class='ocrx_word' id='word_1_605' title='bbox 1035 4491 1258 4551; x_wconf 88' lang='lat' dir='ltr'><strong>utraque</strong></span> <span class='ocrx_word' id='word_1_606' title='bbox 1284 4494 1433 4552; x_wconf 87' lang='lat' dir='ltr'><strong>parte</strong></span> <span class='ocrx_word' id='word_1_607' title='bbox 1460 4486 1655 4540; x_wconf 87' lang='lat' dir='ltr'><strong>facere.</strong></span> <span class='ocrx_word' id='word_1_608' title='bbox 1686 4489 1862 4555; x_wconf 78' lang='lat' dir='ltr'><strong>Atque</strong></span> 
     </span>
    </p>
   </div>
   <div class='ocr_carea' id='block_1_77' title="bbox 1960 3276 3554 3351">
    <p class='ocr_par' dir='ltr' id='par_1_77' title="bbox 1960 3276 3554 3351">
     <span class='ocr_line' id='line_1_77' title="bbox 1960 3276 3554 3351; baseline 0.003 -11"><span class='ocrx_word' id='word_1_609' title='bbox 1960 3300 2113 3340; x_wconf 73' lang='lat' dir='ltr'><strong>cesse</strong></span> <span class='ocrx_word' id='word_1_610' title='bbox 2139 3296 2255 3339; x_wconf 90' lang='lat' dir='ltr'><strong>erat</strong></span> <span class='ocrx_word' id='word_1_611' title='bbox 2299 3302 2458 3339; x_wconf 88' lang='lat' dir='ltr'><strong>unani</strong></span> <span class='ocrx_word' id='word_1_612' title='bbox 2496 3300 2677 3338; x_wconf 84' lang='lat' dir='ltr'><strong>verant</strong></span> <span class='ocrx_word' id='word_1_613' title='bbox 2709 3276 2846 3341; x_wconf 72' lang='lat' dir='ltr'><strong>esse.</strong></span> <span class='ocrx_word' id='word_1_614' title='bbox 2872 3286 3093 3339; x_wconf 78' lang='lat' dir='ltr'><strong>alteram</strong></span> <span class='ocrx_word' id='word_1_615' title='bbox 3124 3287 3341 3351; x_wconf 81' lang='lat' dir='ltr'><strong>falsam,</strong></span> <span class='ocrx_word' id='word_1_616' title='bbox 3377 3290 3469 3343; x_wconf 74' lang='lat' dir='ltr'><strong>sed</strong></span> <span class='ocrx_word' id='word_1_617' title='bbox 3504 3290 3554 3345; x_wconf 91' lang='lat' dir='ltr'><strong>in</strong></span> 
     </span>
    </p>
   </div>
   <div class='ocr_carea' id='block_1_78' title="bbox 1961 3379 3556 3448">
    <p class='ocr_par' dir='ltr' id='par_1_78' title="bbox 1961 3379 3556 3448">
     <span class='ocr_line' id='line_1_78' title="bbox 1961 3379 3556 3448; baseline -0.001 -16"><span class='ocrx_word' id='word_1_618' title='bbox 1961 3382 2078 3444; x_wconf 89' lang='lat' dir='ltr'><strong>liis,</strong></span> <span class='ocrx_word' id='word_1_619' title='bbox 2116 3383 2166 3432; x_wconf 90' lang='lat' dir='ltr'><strong>iti</strong></span> <span class='ocrx_word' id='word_1_620' title='bbox 2207 3379 2403 3448; x_wconf 85' lang='lat' dir='ltr'><strong>quibus</strong></span> <span class='ocrx_word' id='word_1_621' title='bbox 2433 3380 2632 3433; x_wconf 85' lang='lat' dir='ltr'><strong>veritas</strong></span> <span class='ocrx_word' id='word_1_622' title='bbox 2662 3390 2717 3433; x_wconf 88' lang='lat' dir='ltr'><strong>et</strong></span> <span class='ocrx_word' id='word_1_623' title='bbox 2750 3380 2952 3433; x_wconf 82' lang='lat' dir='ltr'><strong>falsitas</strong></span> <span class='ocrx_word' id='word_1_624' title='bbox 2988 3379 3341 3433; x_wconf 87' lang='lat' dir='ltr'><strong>dividebatur.</strong></span> <span class='ocrx_word' id='word_1_625' title='bbox 3378 3382 3431 3434; x_wconf 95' lang='lat' dir='ltr'><strong>ln</strong></span> <span class='ocrx_word' id='word_1_626' title='bbox 3476 3383 3556 3438; x_wconf 84' lang='lat' dir='ltr'><strong>his</strong></span> 
     </span>
    </p>
   </div>
   <div class='ocr_carea' id='block_1_79' title="bbox 1961 3460 3551 3539">
    <p class='ocr_par' dir='ltr' id='par_1_79' title="bbox 1961 3460 3551 3539">
     <span class='ocr_line' id='line_1_79' title="bbox 1961 3460 3551 3539; baseline 0.001 -13"><span class='ocrx_word' id='word_1_627' title='bbox 1961 3488 2066 3526; x_wconf 92' lang='lat' dir='ltr'><strong>non</strong></span> <span class='ocrx_word' id='word_1_628' title='bbox 2096 3472 2268 3525; x_wconf 88' lang='lat' dir='ltr'><strong>solum</strong></span> <span class='ocrx_word' id='word_1_629' title='bbox 2303 3487 2400 3523; x_wconf 90' lang='lat' dir='ltr'><strong>una</strong></span> <span class='ocrx_word' id='word_1_630' title='bbox 2433 3486 2555 3524; x_wconf 87' lang='lat' dir='ltr'><strong>vera</strong></span> <span class='ocrx_word' id='word_1_631' title='bbox 2585 3485 2798 3535; x_wconf 89' lang='lat' dir='ltr'><strong>semper</strong></span> <span class='ocrx_word' id='word_1_632' title='bbox 2826 3480 2926 3527; x_wconf 84' lang='lat' dir='ltr'><strong>est.</strong></span> <span class='ocrx_word' id='word_1_633' title='bbox 2962 3473 3130 3524; x_wconf 85' lang='lat' dir='ltr'><strong>altera</strong></span> <span class='ocrx_word' id='word_1_634' title='bbox 3162 3460 3375 3539; x_wconf 84' lang='lat' dir='ltr'><strong>seinper</strong></span> <span class='ocrx_word' id='word_1_635' title='bbox 3402 3473 3551 3539; x_wconf 58' lang='lat' dir='ltr'><strong>falsa,</strong></span> 
     </span>
    </p>
   </div>
   <div class='ocr_carea' id='block_1_80' title="bbox 1961 3562 3556 3629">
    <p class='ocr_par' dir='ltr' id='par_1_80' title="bbox 1961 3562 3556 3629">
     <span class='ocr_line' id='line_1_80' title="bbox 1961 3562 3556 3629; baseline 0.001 -12"><span class='ocrx_word' id='word_1_636' title='bbox 1961 3563 2014 3617; x_wconf 91' lang='lat' dir='ltr'><strong>in</strong></span> <span class='ocrx_word' id='word_1_637' title='bbox 2050 3564 2321 3629; x_wconf 61' lang='lat' dir='ltr'><strong>pratterito</strong></span> <span class='ocrx_word' id='word_1_638' title='bbox 2355 3562 2558 3615; x_wconf 72' lang='lat' dir='ltr'><strong>~cilicet</strong></span> <span class='ocrx_word' id='word_1_639' title='bbox 2599 3569 2653 3614; x_wconf 87' lang='grc' dir='ltr'><strong>ει</strong></span> <span class='ocrx_word' id='word_1_640' title='bbox 2685 3562 2734 3612; x_wconf 91' lang='lat' dir='ltr'><strong>in</strong></span> <span class='ocrx_word' id='word_1_641' title='bbox 2785 3563 3075 3628; x_wconf 73' lang='lat' dir='ltr'><strong>pricsenti,</strong></span> <span class='ocrx_word' id='word_1_642' title='bbox 3131 3564 3220 3614; x_wconf 86' lang='lat' dir='ltr'><strong>sed</strong></span> <span class='ocrx_word' id='word_1_643' title='bbox 3253 3566 3409 3614; x_wconf 81' lang='lat' dir='ltr'><strong>etiam</strong></span> <span class='ocrx_word' id='word_1_644' title='bbox 3454 3581 3556 3620; x_wconf 84' lang='lat' dir='ltr'><strong>una</strong></span> 
     </span>
    </p>
   </div>
   <div class='ocr_carea' id='block_1_81' title="bbox 1960 3652 3556 3719">
    <p class='ocr_par' dir='ltr' id='par_1_81' title="bbox 1960 3652 3556 3719">
     <span class='ocr_line' id='line_1_81' title="bbox 1960 3652 3556 3719; baseline 0.001 -11"><span class='ocrx_word' id='word_1_645' title='bbox 1960 3663 2164 3708; x_wconf 70' lang='lat' dir='ltr'><strong>ct-rtam</strong></span> <span class='ocrx_word' id='word_1_646' title='bbox 2196 3663 2250 3707; x_wconf 86' lang='lat' dir='ltr'><strong>et</strong></span> <span class='ocrx_word' id='word_1_647' title='bbox 2277 3652 2549 3707; x_wconf 89' lang='lat' dir='ltr'><strong>definitam</strong></span> <span class='ocrx_word' id='word_1_648' title='bbox 2585 3652 2861 3705; x_wconf 77' lang='lat' dir='ltr'><strong>Veritatem</strong></span> <span class='ocrx_word' id='word_1_649' title='bbox 2897 3655 3113 3719; x_wconf 89' lang='lat' dir='ltr'><strong>retinet,</strong></span> <span class='ocrx_word' id='word_1_650' title='bbox 3146 3664 3346 3707; x_wconf 77' lang='lat' dir='ltr'><strong>Certant</strong></span> <span class='ocrx_word' id='word_1_651' title='bbox 3379 3666 3432 3707; x_wconf 91' lang='lat' dir='ltr'><strong>et</strong></span> <span class='ocrx_word' id='word_1_652' title='bbox 3462 3656 3556 3710; x_wconf 79' lang='lat' dir='ltr'><strong>de-</strong></span> 
     </span>
    </p>
   </div>
   <div class='ocr_carea' id='block_1_82' title="bbox 1965 3743 3555 3813">
    <p class='ocr_par' dir='ltr' id='par_1_82' title="bbox 1965 3743 3555 3813">
     <span class='ocr_line' id='line_1_82' title="bbox 1965 3743 3555 3813; baseline 0.001 -15"><span class='ocrx_word' id='word_1_653' title='bbox 1965 3745 2167 3798; x_wconf 84' lang='lat' dir='ltr'><strong>finitam</strong></span> <span class='ocrx_word' id='word_1_654' title='bbox 2200 3745 2368 3797; x_wconf 85' lang='lat' dir='ltr'><strong>altera</strong></span> <span class='ocrx_word' id='word_1_655' title='bbox 2419 3743 2729 3796; x_wconf 84' lang='lat' dir='ltr'><strong>falsitatem.</strong></span> <span class='ocrx_word' id='word_1_656' title='bbox 2776 3744 2828 3795; x_wconf 89' lang='lat' dir='ltr'><strong>lti</strong></span> <span class='ocrx_word' id='word_1_657' title='bbox 2864 3743 2946 3795; x_wconf 88' lang='lat' dir='ltr'><strong>his</strong></span> <span class='ocrx_word' id='word_1_658' title='bbox 2975 3755 3152 3796; x_wconf 87' lang='lat' dir='ltr'><strong>autem</strong></span> <span class='ocrx_word' id='word_1_659' title='bbox 3185 3761 3304 3813; x_wconf 76' lang='lat' dir='ltr'><strong>qua:</strong></span> <span class='ocrx_word' id='word_1_660' title='bbox 3347 3755 3473 3799; x_wconf 86' lang='lat' dir='ltr'><strong>sunt</strong></span> <span class='ocrx_word' id='word_1_661' title='bbox 3502 3748 3555 3801; x_wconf 88' lang='lat' dir='ltr'><strong>in</strong></span> 
     </span>
    </p>
   </div>
   <div class='ocr_carea' id='block_1_83' title="bbox 1965 3834 3555 3905">
    <p class='ocr_par' dir='ltr' id='par_1_83' title="bbox 1965 3834 3555 3905">
     <span class='ocr_line' id='line_1_83' title="bbox 1965 3834 3555 3905; baseline 0 -15"><span class='ocrx_word' id='word_1_662' title='bbox 1965 3834 2178 3897; x_wconf 80' lang='lat' dir='ltr'><strong>futuro,</strong></span> <span class='ocrx_word' id='word_1_663' title='bbox 2236 3836 2282 3888; x_wconf 88' lang='lat' dir='ltr'><strong>si</strong></span> <span class='ocrx_word' id='word_1_664' title='bbox 2335 3835 2651 3890; x_wconf 73' lang='lat' dir='ltr'><strong>neceSsaria:</strong></span> <span class='ocrx_word' id='word_1_665' title='bbox 2698 3834 2914 3903; x_wconf 71' lang='lat' dir='ltr'><strong>quidem</strong></span> <span class='ocrx_word' id='word_1_666' title='bbox 2975 3836 3364 3902; x_wconf 75' lang='lat' dir='ltr'><strong>propOsilimteS</strong></span> <span class='ocrx_word' id='word_1_667' title='bbox 3397 3849 3555 3905; x_wconf 87' lang='lat' dir='ltr'><strong>sunt,</strong></span> 
     </span>
    </p>
   </div>
   <div class='ocr_carea' id='block_1_84' title="bbox 1965 3925 3560 3992">
    <p class='ocr_par' dir='ltr' id='par_1_84' title="bbox 1965 3925 3560 3992">
     <span class='ocr_line' id='line_1_84' title="bbox 1965 3925 3560 3992; baseline 0 -10"><span class='ocrx_word' id='word_1_668' title='bbox 1965 3926 2397 3983; x_wconf 89' lang='lat' dir='ltr'><strong>licetsecundum</strong></span> <span class='ocrx_word' id='word_1_669' title='bbox 2431 3936 2640 3992; x_wconf 85' lang='lat' dir='ltr'><strong>tempus</strong></span> <span class='ocrx_word' id='word_1_670' title='bbox 2673 3925 2905 3979; x_wconf 86' lang='lat' dir='ltr'><strong>futurum</strong></span> <span class='ocrx_word' id='word_1_671' title='bbox 2933 3926 3200 3987; x_wconf 85' lang='lat' dir='ltr'><strong>dicantur,</strong></span> <span class='ocrx_word' id='word_1_672' title='bbox 3234 3942 3455 3981; x_wconf 66' lang='lat' dir='ltr'><strong>necesse</strong></span> <span class='ocrx_word' id='word_1_673' title='bbox 3475 3936 3560 3987; x_wconf 84' lang='lat' dir='ltr'><strong>est</strong></span> 
     </span>
    </p>
   </div>
   <div class='ocr_carea' id='block_1_85' title="bbox 1963 4019 3557 4084">
    <p class='ocr_par' dir='ltr' id='par_1_85' title="bbox 1963 4019 3557 4084">
     <span class='ocr_line' id='line_1_85' title="bbox 1963 4019 3557 4084; baseline -0.003 -9"><span class='ocrx_word' id='word_1_674' title='bbox 1963 4028 2275 4075; x_wconf 85' lang='lat' dir='ltr'><strong>tamennon</strong></span> <span class='ocrx_word' id='word_1_675' title='bbox 2310 4019 2468 4072; x_wconf 88' lang='lat' dir='ltr'><strong>modo</strong></span> <span class='ocrx_word' id='word_1_676' title='bbox 2503 4034 2661 4071; x_wconf 88' lang='lat' dir='ltr'><strong>titiam</strong></span> <span class='ocrx_word' id='word_1_677' title='bbox 2694 4034 2874 4072; x_wconf 84' lang='lat' dir='ltr'><strong>verant</strong></span> <span class='ocrx_word' id='word_1_678' title='bbox 2907 4034 3047 4081; x_wconf 84' lang='lat' dir='ltr'><strong>esse,</strong></span> <span class='ocrx_word' id='word_1_679' title='bbox 3078 4019 3299 4071; x_wconf 86' lang='lat' dir='ltr'><strong>alteiani</strong></span> <span class='ocrx_word' id='word_1_680' title='bbox 3332 4019 3517 4071; x_wconf 54' lang='lat' dir='ltr'><strong>falsam</strong></span> <span class='ocrx_word' id='word_1_681' title='bbox 3541 4060 3557 4084; x_wconf 94' lang='lat'><strong>,</strong></span> 
     </span>
    </p>
   </div>
   <div class='ocr_carea' id='block_1_86' title="bbox 1966 4109 3559 4169">
    <p class='ocr_par' dir='ltr' id='par_1_86' title="bbox 1966 4109 3559 4169">
     <span class='ocr_line' id='line_1_86' title="bbox 1966 4109 3559 4169; baseline -0.003 -2"><span class='ocrx_word' id='word_1_682' title='bbox 1966 4114 2059 4167; x_wconf 78' lang='lat' dir='ltr'><strong>Sed</strong></span> <span class='ocrx_word' id='word_1_683' title='bbox 2087 4114 2249 4167; x_wconf 84' lang='lat' dir='ltr'><strong>etiam</strong></span> <span class='ocrx_word' id='word_1_684' title='bbox 2275 4127 2433 4166; x_wconf 80' lang='lat' dir='ltr'><strong>unam</strong></span> <span class='ocrx_word' id='word_1_685' title='bbox 2478 4111 2700 4163; x_wconf 90' lang='lat' dir='ltr'><strong>definite</strong></span> <span class='ocrx_word' id='word_1_686' title='bbox 2725 4124 2926 4169; x_wconf 86' lang='lat' dir='ltr'><strong>veram,</strong></span> <span class='ocrx_word' id='word_1_687' title='bbox 2958 4109 3183 4162; x_wconf 67' lang='lat' dir='ltr'><strong>alterum</strong></span> <span class='ocrx_word' id='word_1_688' title='bbox 3215 4109 3401 4164; x_wconf 75' lang='lat' dir='ltr'><strong>falsam</strong></span> <span class='ocrx_word' id='word_1_689' title='bbox 3426 4114 3559 4165; x_wconf 86' lang='lat' dir='ltr'><strong>defi-</strong></span> 
     </span>
    </p>
   </div>
   <div class='ocr_carea' id='block_1_87' title="bbox 1968 4203 3560 4270">
    <p class='ocr_par' dir='ltr' id='par_1_87' title="bbox 1968 4203 3560 4270">
     <span class='ocr_line' id='line_1_87' title="bbox 1968 4203 3560 4270; baseline -0.001 -11"><span class='ocrx_word' id='word_1_690' title='bbox 1968 4205 2101 4259; x_wconf 87' lang='lat' dir='ltr'><strong>nite.</strong></span> <span class='ocrx_word' id='word_1_691' title='bbox 2139 4208 2269 4258; x_wconf 76' lang='lat' dir='ltr'><strong>Cuni</strong></span> <span class='ocrx_word' id='word_1_692' title='bbox 2295 4205 2416 4258; x_wconf 88' lang='lat' dir='ltr'><strong>dico</strong></span> <span class='ocrx_word' id='word_1_693' title='bbox 2437 4247 2450 4270; x_wconf 93' lang='lat'><strong>,</strong></span> <span class='ocrx_word' id='word_1_694' title='bbox 2485 4203 2562 4255; x_wconf 91' lang='lat' dir='ltr'><strong>sol</strong></span> <span class='ocrx_word' id='word_1_695' title='bbox 2583 4205 2682 4255; x_wconf 88' lang='lat' dir='ltr'><strong>hoc</strong></span> <span class='ocrx_word' id='word_1_696' title='bbox 2712 4218 2853 4254; x_wconf 89' lang='lat' dir='ltr'><strong>anno</strong></span> <span class='ocrx_word' id='word_1_697' title='bbox 2878 4216 3042 4254; x_wconf 82' lang='lat' dir='ltr'><strong>verno</strong></span> <span class='ocrx_word' id='word_1_698' title='bbox 3067 4211 3304 4270; x_wconf 86' lang='lat' dir='ltr'><strong>tempore</strong></span> <span class='ocrx_word' id='word_1_699' title='bbox 3334 4206 3384 4255; x_wconf 90' lang='lat' dir='ltr'><strong>iti</strong></span> <span class='ocrx_word' id='word_1_700' title='bbox 3411 4205 3560 4258; x_wconf 63' lang='lat' dir='ltr'><strong>Atieo</strong></span> 
     </span>
    </p>
   </div>
   <div class='ocr_carea' id='block_1_88' title="bbox 1971 4296 3559 4363">
    <p class='ocr_par' dir='ltr' id='par_1_88' title="bbox 1971 4296 3559 4363">
     <span class='ocr_line' id='line_1_88' title="bbox 1971 4296 3559 4363; baseline -0.001 -9"><span class='ocrx_word' id='word_1_701' title='bbox 1971 4310 2078 4354; x_wconf 87' lang='lat' dir='ltr'><strong>tein</strong></span> <span class='ocrx_word' id='word_1_702' title='bbox 2107 4311 2359 4353; x_wconf 80' lang='lat' dir='ltr'><strong>venturus</strong></span> <span class='ocrx_word' id='word_1_703' title='bbox 2382 4308 2494 4362; x_wconf 90' lang='lat' dir='ltr'><strong>est,</strong></span> <span class='ocrx_word' id='word_1_704' title='bbox 2529 4297 2571 4349; x_wconf 83' lang='lat' dir='ltr'><strong>si</strong></span> <span class='ocrx_word' id='word_1_705' title='bbox 2606 4297 2705 4349; x_wconf 91' lang='lat' dir='ltr'><strong>ltoc</strong></span> <span class='ocrx_word' id='word_1_706' title='bbox 2740 4296 2876 4348; x_wconf 84' lang='lat' dir='ltr'><strong>alitis</strong></span> <span class='ocrx_word' id='word_1_707' title='bbox 2909 4308 3082 4363; x_wconf 65' lang='grc' dir='ltr'>ιιι-εει,</span> <span class='ocrx_word' id='word_1_708' title='bbox 3113 4312 3220 4348; x_wconf 93' lang='lat' dir='ltr'><strong>non</strong></span> <span class='ocrx_word' id='word_1_709' title='bbox 3249 4297 3420 4349; x_wconf 84' lang='lat' dir='ltr'><strong>solum</strong></span> <span class='ocrx_word' id='word_1_710' title='bbox 3455 4313 3559 4352; x_wconf 84' lang='lat' dir='ltr'><strong>una</strong></span> 
     </span>
    </p>
   </div>
   <div class='ocr_carea' id='block_1_89' title="bbox 1970 4386 3561 4453">
    <p class='ocr_par' dir='ltr' id='par_1_89' title="bbox 1970 4386 3561 4453">
     <span class='ocr_line' id='line_1_89' title="bbox 1970 4386 3561 4453; baseline -0.001 -11"><span class='ocrx_word' id='word_1_711' title='bbox 1970 4406 2097 4445; x_wconf 81' lang='lat' dir='ltr'><strong>vera</strong></span> <span class='ocrx_word' id='word_1_712' title='bbox 2129 4400 2234 4453; x_wconf 83' lang='lat' dir='ltr'><strong>est,</strong></span> <span class='ocrx_word' id='word_1_713' title='bbox 2266 4391 2433 4444; x_wconf 89' lang='lat' dir='ltr'><strong>alteta</strong></span> <span class='ocrx_word' id='word_1_714' title='bbox 2463 4390 2613 4453; x_wconf 78' lang='lat' dir='ltr'><strong>falsa,</strong></span> <span class='ocrx_word' id='word_1_715' title='bbox 2639 4388 2731 4441; x_wconf 85' lang='lat' dir='ltr'><strong>sed</strong></span> <span class='ocrx_word' id='word_1_716' title='bbox 2765 4388 2925 4441; x_wconf 89' lang='lat' dir='ltr'><strong>etiam</strong></span> <span class='ocrx_word' id='word_1_717' title='bbox 2955 4386 3007 4439; x_wconf 91' lang='lat' dir='ltr'><strong>in</strong></span> <span class='ocrx_word' id='word_1_718' title='bbox 3033 4388 3132 4441; x_wconf 90' lang='lat' dir='ltr'><strong>hoc</strong></span> <span class='ocrx_word' id='word_1_719' title='bbox 3163 4403 3283 4441; x_wconf 86' lang='lat' dir='ltr'><strong>vera</strong></span> <span class='ocrx_word' id='word_1_720' title='bbox 3308 4401 3391 4441; x_wconf 85' lang='lat' dir='ltr'><strong>est</strong></span> <span class='ocrx_word' id='word_1_721' title='bbox 3411 4389 3561 4442; x_wconf 88' lang='lat' dir='ltr'><strong>affir-</strong></span> 
     </span>
    </p>
   </div>
   <div class='ocr_carea' id='block_1_90' title="bbox 1975 4480 3562 4549">
    <p class='ocr_par' dir='ltr' id='par_1_90' title="bbox 1975 4480 3562 4549">
     <span class='ocr_line' id='line_1_90' title="bbox 1975 4480 3562 4549; baseline -0.001 -12"><span class='ocrx_word' id='word_1_722' title='bbox 1975 4485 2138 4538; x_wconf 89' lang='lat' dir='ltr'><strong>matio</strong></span> <span class='ocrx_word' id='word_1_723' title='bbox 2164 4482 2403 4546; x_wconf 82' lang='lat' dir='ltr'><strong>definite,</strong></span> <span class='ocrx_word' id='word_1_724' title='bbox 2436 4482 2566 4536; x_wconf 87' lang='lat' dir='ltr'><strong>falsa</strong></span> <span class='ocrx_word' id='word_1_725' title='bbox 2586 4482 2813 4549; x_wconf 76' lang='lat' dir='ltr'><strong>negatio.</strong></span> <span class='ocrx_word' id='word_1_726' title='bbox 2832 4480 2934 4534; x_wconf 72' lang='lat' dir='ltr'><strong>Sed</strong></span> <span class='ocrx_word' id='word_1_727' title='bbox 2965 4481 3276 4534; x_wconf 81' lang='lat' dir='ltr'><strong>Aristoteles</strong></span> <span class='ocrx_word' id='word_1_728' title='bbox 3299 4497 3368 4535; x_wconf 87' lang='lat' dir='ltr'><strong>no</strong></span> <span class='ocrx_word' id='word_1_729' title='bbox 3395 4506 3401 4529; x_wconf 87' lang='grc' dir='ltr'><strong>ι</strong></span> <span class='ocrx_word' id='word_1_730' title='bbox 3428 4486 3562 4541; x_wconf 79' lang='lat' dir='ltr'><strong>solet</strong></span> 
     </span>
    </p>
   </div>
   <div class='ocr_carea' id='block_1_91' title="bbox 204 4548 3563 4648">
    <p class='ocr_par' dir='ltr' id='par_1_91' title="bbox 204 4548 3563 4648">
     <span class='ocr_line' id='line_1_91' title="bbox 204 4548 3563 4648; baseline 0.002 -27"><span class='ocrx_word' id='word_1_731' title='bbox 204 4638 207 4641; x_wconf 92' lang='lat'><em>_</em></span> <span class='ocrx_word' id='word_1_732' title='bbox 278 4570 399 4622; x_wconf 86' lang='lat' dir='ltr'><strong>ideo</strong></span> <span class='ocrx_word' id='word_1_733' title='bbox 423 4570 826 4626; x_wconf 84' lang='lat' dir='ltr'><strong>determinatam</strong></span> <span class='ocrx_word' id='word_1_734' title='bbox 855 4585 1081 4630; x_wconf 78' lang='lat' dir='ltr'><strong>eventus</strong></span> <span class='ocrx_word' id='word_1_735' title='bbox 1107 4579 1464 4632; x_wconf 54' lang='lat' dir='ltr'><strong>constantiam</strong></span> <span class='ocrx_word' id='word_1_736' title='bbox 1497 4595 1601 4632; x_wconf 92' lang='lat' dir='ltr'><strong>non</strong></span> <span class='ocrx_word' id='word_1_737' title='bbox 1635 4580 1867 4648; x_wconf 71' lang='lat' dir='ltr'><strong>habere,</strong></span> <span class='ocrx_word' id='word_1_738' title='bbox 1891 4548 1948 4611; x_wconf 64' lang='grc' dir='ltr'><strong>Β</strong></span> <span class='ocrx_word' id='word_1_739' title='bbox 1972 4578 2062 4632; x_wconf 83' lang='lat' dir='ltr'><strong>illa</strong></span> <span class='ocrx_word' id='word_1_740' title='bbox 2092 4576 2265 4631; x_wconf 89' lang='lat' dir='ltr'><strong>futura</strong></span> <span class='ocrx_word' id='word_1_741' title='bbox 2312 4590 2502 4629; x_wconf 90' lang='lat' dir='ltr'><strong>vocare</strong></span> <span class='ocrx_word' id='word_1_742' title='bbox 2533 4589 2652 4643; x_wconf 67' lang='lat' dir='ltr'><strong>qua</strong></span> <span class='ocrx_word' id='word_1_743' title='bbox 2701 4586 2823 4645; x_wconf 86' lang='lat' dir='ltr'><strong>sunt</strong></span> <span class='ocrx_word' id='word_1_744' title='bbox 2879 4574 3216 4636; x_wconf 88' lang='lat' dir='ltr'><strong>necessaria,</strong></span> <span class='ocrx_word' id='word_1_745' title='bbox 3257 4576 3351 4629; x_wconf 86' lang='lat' dir='ltr'><strong>sed</strong></span> <span class='ocrx_word' id='word_1_746' title='bbox 3387 4593 3417 4643; x_wconf 78' lang='grc' dir='ltr'><strong>ιι</strong></span> <span class='ocrx_word' id='word_1_747' title='bbox 3457 4577 3563 4631; x_wconf 81' lang='lat' dir='ltr'><strong>tius</strong></span> 
     </span>
    </p>
   </div>
   <div class='ocr_carea' id='block_1_92' title="bbox 279 4663 1865 4746">
    <p class='ocr_par' dir='ltr' id='par_1_92' title="bbox 279 4663 1865 4746">
     <span class='ocr_line' id='line_1_92' title="bbox 279 4663 1865 4746; baseline 0.013 -33"><span class='ocrx_word' id='word_1_748' title='bbox 279 4663 477 4730; x_wconf 87' lang='lat' dir='ltr'><strong>quodni</strong></span> <span class='ocrx_word' id='word_1_749' title='bbox 527 4666 596 4719; x_wconf 91' lang='lat' dir='ltr'><strong>ita</strong></span> <span class='ocrx_word' id='word_1_750' title='bbox 636 4677 809 4731; x_wconf 84' lang='lat' dir='ltr'><strong>esset,</strong></span> <span class='ocrx_word' id='word_1_751' title='bbox 836 4670 1016 4746; x_wconf 82' lang='lat' dir='ltr'><strong>omnia</strong></span> <span class='ocrx_word' id='word_1_752' title='bbox 1061 4686 1129 4725; x_wconf 80' lang='lat' dir='ltr'><strong>ex</strong></span> <span class='ocrx_word' id='word_1_753' title='bbox 1178 4676 1500 4728; x_wconf 86' lang='lat' dir='ltr'><strong>necessitate</strong></span> <span class='ocrx_word' id='word_1_754' title='bbox 1529 4674 1644 4729; x_wconf 78' lang='lat' dir='ltr'><strong>fieri</strong></span> <span class='ocrx_word' id='word_1_755' title='bbox 1676 4677 1865 4733; x_wconf 74' lang='lat' dir='ltr'><strong>crede-</strong></span> 
     </span>
    </p>
   </div>
   <div class='ocr_carea' id='block_1_93' title="bbox 280 4756 1873 4833">
    <p class='ocr_par' dir='ltr' id='par_1_93' title="bbox 280 4756 1873 4833">
     <span class='ocr_line' id='line_1_93' title="bbox 280 4756 1873 4833; baseline 0.012 -29"><span class='ocrx_word' id='word_1_756' title='bbox 280 4763 488 4817; x_wconf 82' lang='lat' dir='ltr'><strong>rentur,</strong></span> <span class='ocrx_word' id='word_1_757' title='bbox 513 4756 650 4820; x_wconf 90' lang='lat' dir='ltr'><strong>qiiod</strong></span> <span class='ocrx_word' id='word_1_758' title='bbox 685 4758 875 4812; x_wconf 89' lang='lat' dir='ltr'><strong>melius</strong></span> <span class='ocrx_word' id='word_1_759' title='bbox 909 4760 1135 4829; x_wconf 88' lang='lat' dir='ltr'><strong>liquebit</strong></span> <span class='ocrx_word' id='word_1_760' title='bbox 1160 4778 1282 4816; x_wconf 90' lang='lat' dir='ltr'><strong>cum</strong></span> <span class='ocrx_word' id='word_1_761' title='bbox 1323 4763 1387 4817; x_wconf 92' lang='lat' dir='ltr'><strong>ad</strong></span> <span class='ocrx_word' id='word_1_762' title='bbox 1416 4765 1525 4833; x_wconf 82' lang='lat' dir='ltr'><strong>ipsa</strong></span> <span class='ocrx_word' id='word_1_763' title='bbox 1556 4766 1873 4823; x_wconf 71' lang='lat' dir='ltr'><strong>Aristotelia</strong></span> 
     </span>
    </p>
   </div>
   <div class='ocr_carea' id='block_1_94' title="bbox 219 4843 1867 4929">
    <p class='ocr_par' dir='ltr' id='par_1_94' title="bbox 219 4843 1867 4929">
     <span class='ocr_line' id='line_1_94' title="bbox 219 4843 1867 4929; baseline 0.013 -35"><span class='ocrx_word' id='word_1_764' title='bbox 219 4921 223 4929; x_wconf 63' lang='lat'><em>_</em></span> <span class='ocrx_word' id='word_1_765' title='bbox 279 4843 441 4896; x_wconf 84' lang='lat' dir='ltr'><strong>verba</strong></span> <span class='ocrx_word' id='word_1_766' title='bbox 469 4849 792 4903; x_wconf 59' lang='lat' dir='ltr'><strong>vttnerimus.</strong></span> <span class='ocrx_word' id='word_1_767' title='bbox 829 4849 943 4905; x_wconf 84' lang='lat' dir='ltr'><strong>Non</strong></span> <span class='ocrx_word' id='word_1_768' title='bbox 984 4861 1163 4907; x_wconf 90' lang='lat' dir='ltr'><strong>autem</strong></span> <span class='ocrx_word' id='word_1_769' title='bbox 1200 4854 1541 4911; x_wconf 88' lang='lat' dir='ltr'><strong>incommode</strong></span> <span class='ocrx_word' id='word_1_770' title='bbox 1566 4874 1742 4928; x_wconf 89' lang='lat' dir='ltr'><strong>neque</strong></span> <span class='ocrx_word' id='word_1_771' title='bbox 1786 4861 1867 4914; x_wconf 82' lang='lat' dir='ltr'><strong>in-</strong></span> 
     </span>
    </p>
   </div>
   <div class='ocr_carea' id='block_1_95' title="bbox 279 4930 1887 5007">
    <p class='ocr_par' dir='ltr' id='par_1_95' title="bbox 279 4930 1887 5007">
     <span class='ocr_line' id='line_1_95' title="bbox 279 4930 1887 5007; baseline 0.014 -21"><span class='ocrx_word' id='word_1_772' title='bbox 279 4948 515 5004; x_wconf 77' lang='lat' dir='ltr'><strong>congrue</strong></span> <span class='ocrx_word' id='word_1_773' title='bbox 550 4939 869 4995; x_wconf 85' lang='lat' dir='ltr'><strong>Aristoteles</strong></span> <span class='ocrx_word' id='word_1_774' title='bbox 917 4943 985 4997; x_wconf 91' lang='lat' dir='ltr'><strong>de</strong></span> <span class='ocrx_word' id='word_1_775' title='bbox 1015 4946 1173 4999; x_wconf 84' lang='lat' dir='ltr'><strong>rebus</strong></span> <span class='ocrx_word' id='word_1_776' title='bbox 1228 4932 1512 5003; x_wconf 83' lang='lat' dir='ltr'><strong>altioribus</strong></span> <span class='ocrx_word' id='word_1_777' title='bbox 1534 4958 1587 5005; x_wconf 87' lang='lat' dir='ltr'><strong>et</strong></span> <span class='ocrx_word' id='word_1_778' title='bbox 1637 4930 1887 5007; x_wconf 34' lang='lat' dir='ltr'><strong>fortasse.</strong></span> 
     </span>
    </p>
   </div>
   <div class='ocr_carea' id='block_1_96' title="bbox 282 5030 1866 5109">
    <p class='ocr_par' dir='ltr' id='par_1_96' title="bbox 282 5030 1866 5109">
     <span class='ocr_line' id='line_1_96' title="bbox 282 5030 1866 5109; baseline 0.013 -32"><span class='ocrx_word' id='word_1_779' title='bbox 282 5041 386 5078; x_wconf 88' lang='grc' dir='ltr'><strong>11οι</strong></span> <span class='ocrx_word' id='word_1_780' title='bbox 422 5043 515 5096; x_wconf 76' lang='grc' dir='ltr'>ριτι-</span> <span class='ocrx_word' id='word_1_781' title='bbox 542 5030 812 5086; x_wconf 88' lang='lat' dir='ltr'><strong>inetttibus</strong></span> <span class='ocrx_word' id='word_1_782' title='bbox 850 5033 915 5087; x_wconf 91' lang='lat' dir='ltr'><strong>ad</strong></span> <span class='ocrx_word' id='word_1_783' title='bbox 963 5045 1134 5090; x_wconf 82' lang='lat' dir='ltr'><strong>artem</strong></span> <span class='ocrx_word' id='word_1_784' title='bbox 1184 5038 1405 5107; x_wconf 82' lang='lat' dir='ltr'><strong>logicam</strong></span> <span class='ocrx_word' id='word_1_785' title='bbox 1446 5041 1866 5109; x_wconf 77' lang='lat' dir='ltr'><strong>tliSputationem</strong></span> 
     </span>
    </p>
   </div>
   <div class='ocr_carea' id='block_1_97' title="bbox 283 5121 1872 5203">
    <p class='ocr_par' dir='ltr' id='par_1_97' title="bbox 283 5121 1872 5203">
     <span class='ocr_line' id='line_1_97' title="bbox 283 5121 1872 5203; baseline 0.012 -34"><span class='ocrx_word' id='word_1_786' title='bbox 283 5121 581 5187; x_wconf 78' lang='lat' dir='ltr'><strong>transtulit,</strong></span> <span class='ocrx_word' id='word_1_787' title='bbox 612 5140 731 5177; x_wconf 86' lang='lat' dir='ltr'><strong>cum</strong></span> <span class='ocrx_word' id='word_1_788' title='bbox 756 5124 821 5179; x_wconf 89' lang='lat' dir='ltr'><strong>de</strong></span> <span class='ocrx_word' id='word_1_789' title='bbox 844 5128 1297 5195; x_wconf 88' lang='lat' dir='ltr'><strong>propositionibus</strong></span> <span class='ocrx_word' id='word_1_790' title='bbox 1328 5131 1655 5199; x_wconf 78' lang='lat' dir='ltr'><strong>loqueretur.</strong></span> <span class='ocrx_word' id='word_1_791' title='bbox 1686 5133 1872 5203; x_wconf 75' lang='lat' dir='ltr'><strong>Neque</strong></span> 
     </span>
    </p>
   </div>
   <div class='ocr_carea' id='block_1_98' title="bbox 281 5214 1865 5291">
    <p class='ocr_par' dir='ltr' id='par_1_98' title="bbox 281 5214 1865 5291">
     <span class='ocr_line' id='line_1_98' title="bbox 281 5214 1865 5291; baseline 0.011 -26"><span class='ocrx_word' id='word_1_792' title='bbox 281 5214 427 5266; x_wconf 78' lang='lat' dir='ltr'><strong>enim</strong></span> <span class='ocrx_word' id='word_1_793' title='bbox 480 5224 625 5271; x_wconf 78' lang='lat' dir='ltr'><strong>esset</strong></span> <span class='ocrx_word' id='word_1_794' title='bbox 673 5217 880 5274; x_wconf 77' lang='lat' dir='ltr'><strong>ﬁrmam</strong></span> <span class='ocrx_word' id='word_1_795' title='bbox 932 5224 1310 5279; x_wconf 54' lang='lat' dir='ltr'><strong>rertdudinem</strong></span> <span class='ocrx_word' id='word_1_796' title='bbox 1354 5237 1406 5278; x_wconf 91' lang='lat' dir='ltr'><strong>et</strong></span> <span class='ocrx_word' id='word_1_797' title='bbox 1450 5225 1865 5291; x_wconf 72' lang='lat' dir='ltr'><strong>significantium</strong></span> 
     </span>
    </p>
   </div>
   <div class='ocr_carea' id='block_1_99' title="bbox 282 5308 1867 5380">
    <p class='ocr_par' dir='ltr' id='par_1_99' title="bbox 282 5308 1867 5380">
     <span class='ocr_line' id='line_1_99' title="bbox 282 5308 1867 5380; baseline 0.011 -23"><span class='ocrx_word' id='word_1_798' title='bbox 282 5308 713 5375; x_wconf 62' lang='lat' dir='ltr'><strong>propositionum</strong></span> <span class='ocrx_word' id='word_1_799' title='bbox 734 5314 1087 5380; x_wconf 88' lang='lat' dir='ltr'><strong>constituere,</strong></span> <span class='ocrx_word' id='word_1_800' title='bbox 1111 5318 1211 5371; x_wconf 86' lang='lat' dir='ltr'><strong>nisi</strong></span> <span class='ocrx_word' id='word_1_801' title='bbox 1232 5318 1366 5372; x_wconf 88' lang='lat' dir='ltr'><strong>lianc</strong></span> <span class='ocrx_word' id='word_1_802' title='bbox 1389 5333 1451 5373; x_wconf 82' lang='lat' dir='ltr'><strong>ex</strong></span> <span class='ocrx_word' id='word_1_803' title='bbox 1474 5317 1633 5372; x_wconf 76' lang='lat' dir='ltr'><strong>rebus</strong></span> <span class='ocrx_word' id='word_1_804' title='bbox 1655 5318 1726 5372; x_wconf 88' lang='lat' dir='ltr'><strong>ita</strong></span> <span class='ocrx_word' id='word_1_805' title='bbox 1743 5334 1867 5374; x_wconf 87' lang='lat' dir='ltr'><strong>esse</strong></span> 
     </span>
    </p>
   </div>
   <div class='ocr_carea' id='block_1_100' title="bbox 284 5399 1865 5482">
    <p class='ocr_par' dir='ltr' id='par_1_100' title="bbox 284 5399 1865 5482">
     <span class='ocr_line' id='line_1_100' title="bbox 284 5399 1865 5482; baseline 0.009 -33"><span class='ocrx_word' id='word_1_806' title='bbox 284 5399 639 5466; x_wconf 74' lang='lat' dir='ltr'><strong>probavisset.</strong></span> <span class='ocrx_word' id='word_1_807' title='bbox 699 5400 1063 5460; x_wconf 73' lang='lat' dir='ltr'><strong>Pratdicativie</strong></span> <span class='ocrx_word' id='word_1_808' title='bbox 1120 5408 1265 5462; x_wconf 88' lang='lat' dir='ltr'><strong>enim</strong></span> <span class='ocrx_word' id='word_1_809' title='bbox 1326 5400 1717 5482; x_wconf 78' lang='lat' dir='ltr'><strong>propositiones</strong></span> <span class='ocrx_word' id='word_1_810' title='bbox 1767 5411 1865 5482; x_wconf 88' lang='lat' dir='ltr'><strong>(ut</strong></span> 
     </span>
    </p>
   </div>
   <div class='ocr_carea' id='block_1_101' title="bbox 282 5478 1871 5571">
    <p class='ocr_par' dir='ltr' id='par_1_101' title="bbox 282 5478 1871 5571">
     <span class='ocr_line' id='line_1_101' title="bbox 282 5478 1871 5571; baseline 0.009 -28"><span class='ocrx_word' id='word_1_811' title='bbox 282 5491 479 5545; x_wconf 89' lang='lat' dir='ltr'><strong>dictum</strong></span> <span class='ocrx_word' id='word_1_812' title='bbox 503 5494 608 5563; x_wconf 88' lang='lat' dir='ltr'><strong>est)</strong></span> <span class='ocrx_word' id='word_1_813' title='bbox 633 5510 739 5549; x_wconf 91' lang='lat' dir='ltr'><strong>non</strong></span> <span class='ocrx_word' id='word_1_814' title='bbox 766 5496 819 5551; x_wconf 76' lang='lat' dir='ltr'><strong>in</strong></span> <span class='ocrx_word' id='word_1_815' title='bbox 854 5498 1194 5555; x_wconf 77' lang='lat' dir='ltr'><strong>sermonibus</strong></span> <span class='ocrx_word' id='word_1_816' title='bbox 1215 5516 1387 5571; x_wconf 69' lang='lat' dir='ltr'><strong>orque</strong></span> <span class='ocrx_word' id='word_1_817' title='bbox 1406 5478 1461 5555; x_wconf 82' lang='lat' dir='ltr'><strong>in</strong></span> <span class='ocrx_word' id='word_1_818' title='bbox 1487 5478 1871 5569; x_wconf 75' lang='lat' dir='ltr'><strong>complexione</strong></span> 
     </span>
    </p>
   </div>
   <div class='ocr_carea' id='block_1_102' title="bbox 282 5585 1869 5661">
    <p class='ocr_par' dir='ltr' id='par_1_102' title="bbox 282 5585 1869 5661">
     <span class='ocr_line' id='line_1_102' title="bbox 282 5585 1869 5661; baseline 0.007 -26"><span class='ocrx_word' id='word_1_819' title='bbox 282 5585 755 5655; x_wconf 58' lang='lat' dir='ltr'><strong>pra-dicationiim,</strong></span> <span class='ocrx_word' id='word_1_820' title='bbox 805 5591 898 5644; x_wconf 84' lang='lat' dir='ltr'><strong>sed</strong></span> <span class='ocrx_word' id='word_1_821' title='bbox 952 5590 1004 5644; x_wconf 88' lang='lat' dir='ltr'><strong>in</strong></span> <span class='ocrx_word' id='word_1_822' title='bbox 1036 5606 1215 5645; x_wconf 86' lang='lat' dir='ltr'><strong>rerum</strong></span> <span class='ocrx_word' id='word_1_823' title='bbox 1267 5593 1661 5661; x_wconf 86' lang='lat' dir='ltr'><strong>significatione</strong></span> <span class='ocrx_word' id='word_1_824' title='bbox 1691 5593 1869 5646; x_wconf 79' lang='lat' dir='ltr'><strong>consi-</strong></span> 
     </span>
    </p>
   </div>
   <div class='ocr_carea' id='block_1_103' title="bbox 285 5678 1871 5753">
    <p class='ocr_par' dir='ltr' id='par_1_103' title="bbox 285 5678 1871 5753">
     <span class='ocr_line' id='line_1_103' title="bbox 285 5678 1871 5753; baseline 0.007 -26"><span class='ocrx_word' id='word_1_825' title='bbox 285 5684 450 5731; x_wconf 81' lang='lat' dir='ltr'><strong>stunt.</strong></span> <span class='ocrx_word' id='word_1_826' title='bbox 483 5678 665 5745; x_wconf 86' lang='lat' dir='ltr'><strong>Quare</strong></span> <span class='ocrx_word' id='word_1_827' title='bbox 712 5682 962 5737; x_wconf 89' lang='lat' dir='ltr'><strong>omnibus</strong></span> <span class='ocrx_word' id='word_1_828' title='bbox 988 5698 1106 5753; x_wconf 68' lang='lat' dir='ltr'><strong>quin</strong></span> <span class='ocrx_word' id='word_1_829' title='bbox 1148 5683 1482 5751; x_wconf 68' lang='lat' dir='ltr'><strong>praedicenda</strong></span> <span class='ocrx_word' id='word_1_830' title='bbox 1513 5695 1663 5738; x_wconf 79' lang='lat' dir='ltr'><strong>erant</strong></span> <span class='ocrx_word' id='word_1_831' title='bbox 1693 5682 1871 5751; x_wconf 84' lang='lat' dir='ltr'><strong>expli-</strong></span> 
     </span>
    </p>
   </div>
   <div class='ocr_carea' id='block_1_104' title="bbox 286 5763 1908 5859">
    <p class='ocr_par' dir='ltr' id='par_1_104' title="bbox 286 5763 1908 5859">
     <span class='ocr_line' id='line_1_104' title="bbox 286 5763 1908 5859; baseline 0.007 -40"><span class='ocrx_word' id='word_1_832' title='bbox 286 5763 437 5830; x_wconf 82' lang='lat' dir='ltr'><strong>citis.</strong></span> <span class='ocrx_word' id='word_1_833' title='bbox 493 5769 561 5826; x_wconf 86' lang='lat' dir='ltr'><strong>ad</strong></span> <span class='ocrx_word' id='word_1_834' title='bbox 615 5772 782 5838; x_wconf 83' lang='lat' dir='ltr'><strong>ipsius</strong></span> <span class='ocrx_word' id='word_1_835' title='bbox 838 5773 1146 5830; x_wconf 80' lang='lat' dir='ltr'><strong>Aristotelis</strong></span> <span class='ocrx_word' id='word_1_836' title='bbox 1200 5777 1493 5832; x_wconf 80' lang='lat' dir='ltr'><strong>sententias</strong></span> <span class='ocrx_word' id='word_1_837' title='bbox 1550 5771 1908 5859; x_wconf 69' lang='lat' dir='ltr'><strong>aperiendal_</strong></span> 
     </span>
    </p>
   </div>
   <div class='ocr_carea' id='block_1_105' title="bbox 1974 4664 3562 4741">
    <p class='ocr_par' dir='ltr' id='par_1_105' title="bbox 1974 4664 3562 4741">
     <span class='ocr_line' id='line_1_105' title="bbox 1974 4664 3562 4741; baseline -0.001 -18"><span class='ocrx_word' id='word_1_838' title='bbox 1974 4685 2092 4741; x_wconf 72' lang='lat' dir='ltr'><strong>quae</strong></span> <span class='ocrx_word' id='word_1_839' title='bbox 2122 4669 2228 4723; x_wconf 83' lang='lat' dir='ltr'><strong>sint</strong></span> <span class='ocrx_word' id='word_1_840' title='bbox 2258 4667 2645 4736; x_wconf 84' lang='lat' dir='ltr'><strong>contingentia.</strong></span> <span class='ocrx_word' id='word_1_841' title='bbox 2695 4664 3073 4734; x_wconf 64' lang='lat' dir='ltr'><strong>Contingeutia</strong></span> <span class='ocrx_word' id='word_1_842' title='bbox 3106 4677 3285 4720; x_wconf 88' lang='lat' dir='ltr'><strong>anteiit</strong></span> <span class='ocrx_word' id='word_1_843' title='bbox 3316 4680 3440 4721; x_wconf 87' lang='lat' dir='ltr'><strong>sunt</strong></span> <span class='ocrx_word' id='word_1_844' title='bbox 3484 4669 3562 4737; x_wconf 89' lang='grc' dir='ltr'>(ιιι</span> 
     </span>
    </p>
   </div>
   <div class='ocr_carea' id='block_1_106' title="bbox 1975 4761 3563 4834">
    <p class='ocr_par' dir='ltr' id='par_1_106' title="bbox 1975 4761 3563 4834">
     <span class='ocr_line' id='line_1_106' title="bbox 1975 4761 3563 4834; baseline -0.003 -14"><span class='ocrx_word' id='word_1_845' title='bbox 1975 4780 2136 4834; x_wconf 78' lang='lat' dir='ltr'><strong>supra</strong></span> <span class='ocrx_word' id='word_1_846' title='bbox 2184 4761 2450 4833; x_wconf 81' lang='lat' dir='ltr'><strong>diximus)</strong></span> <span class='ocrx_word' id='word_1_847' title='bbox 2499 4776 2832 4830; x_wconf 79' lang='lat' dir='ltr'><strong>quaecunque</strong></span> <span class='ocrx_word' id='word_1_848' title='bbox 2863 4761 2943 4813; x_wconf 87' lang='lat' dir='ltr'><strong>vel</strong></span> <span class='ocrx_word' id='word_1_849' title='bbox 2972 4761 3037 4813; x_wconf 90' lang='lat' dir='ltr'><strong>ad</strong></span> <span class='ocrx_word' id='word_1_850' title='bbox 3070 4775 3191 4814; x_wconf 87' lang='lat' dir='ltr'><strong>esse</strong></span> <span class='ocrx_word' id='word_1_851' title='bbox 3211 4800 3225 4824; x_wconf 90' lang='lat'><strong>,</strong></span> <span class='ocrx_word' id='word_1_852' title='bbox 3255 4764 3333 4814; x_wconf 88' lang='lat' dir='ltr'><strong>vel</strong></span> <span class='ocrx_word' id='word_1_853' title='bbox 3366 4778 3469 4814; x_wconf 89' lang='lat' dir='ltr'><strong>non</strong></span> <span class='ocrx_word' id='word_1_854' title='bbox 3497 4762 3563 4816; x_wconf 91' lang='lat' dir='ltr'><strong>ad</strong></span> 
     </span>
    </p>
   </div>
   <div class='ocr_carea' id='block_1_107' title="bbox 1975 4846 3564 4924">
    <p class='ocr_par' dir='ltr' id='par_1_107' title="bbox 1975 4846 3564 4924">
     <span class='ocr_line' id='line_1_107' title="bbox 1975 4846 3564 4924; baseline -0.001 -14"><span class='ocrx_word' id='word_1_855' title='bbox 1975 4871 2098 4910; x_wconf 73' lang='lat' dir='ltr'><strong>ease</strong></span> <span class='ocrx_word' id='word_1_856' title='bbox 2126 4846 2404 4924; x_wconf 66' lang='lat' dir='ltr'><strong>aequaliter</strong></span> <span class='ocrx_word' id='word_1_857' title='bbox 2432 4866 2552 4907; x_wconf 88' lang='lat' dir='ltr'><strong>sese</strong></span> <span class='ocrx_word' id='word_1_858' title='bbox 2581 4852 2800 4913; x_wconf 83' lang='lat' dir='ltr'><strong>habent,</strong></span> <span class='ocrx_word' id='word_1_859' title='bbox 2833 4862 2888 4905; x_wconf 85' lang='lat' dir='ltr'><strong>et</strong></span> <span class='ocrx_word' id='word_1_860' title='bbox 2917 4853 3056 4905; x_wconf 89' lang='lat' dir='ltr'><strong>sicut</strong></span> <span class='ocrx_word' id='word_1_861' title='bbox 3084 4853 3196 4921; x_wconf 86' lang='lat' dir='ltr'><strong>ipsa</strong></span> <span class='ocrx_word' id='word_1_862' title='bbox 3224 4854 3564 4908; x_wconf 85' lang='lat' dir='ltr'><strong>indefinitum</strong></span> 
     </span>
    </p>
   </div>
   <div class='ocr_carea' id='block_1_108' title="bbox 1975 4944 3565 5011">
    <p class='ocr_par' dir='ltr' id='par_1_108' title="bbox 1975 4944 3565 5011">
     <span class='ocr_line' id='line_1_108' title="bbox 1975 4944 3565 5011; baseline -0.005 -8"><span class='ocrx_word' id='word_1_863' title='bbox 1975 4948 2176 5003; x_wconf 85' lang='lat' dir='ltr'><strong>habent</strong></span> <span class='ocrx_word' id='word_1_864' title='bbox 2222 4956 2278 5001; x_wconf 91' lang='lat' dir='ltr'><strong>et</strong></span> <span class='ocrx_word' id='word_1_865' title='bbox 2325 4960 2447 4999; x_wconf 90' lang='lat' dir='ltr'><strong>esse</strong></span> <span class='ocrx_word' id='word_1_866' title='bbox 2473 4954 2526 4998; x_wconf 90' lang='lat' dir='ltr'><strong>et</strong></span> <span class='ocrx_word' id='word_1_867' title='bbox 2557 4959 2661 4997; x_wconf 91' lang='lat' dir='ltr'><strong>non</strong></span> <span class='ocrx_word' id='word_1_868' title='bbox 2692 4959 2847 5006; x_wconf 87' lang='lat' dir='ltr'><strong>esse,</strong></span> <span class='ocrx_word' id='word_1_869' title='bbox 2881 4944 2949 4997; x_wconf 91' lang='lat' dir='ltr'><strong>ita</strong></span> <span class='ocrx_word' id='word_1_870' title='bbox 2977 4958 3082 5011; x_wconf 90' lang='lat' dir='ltr'><strong>quo</strong></span> <span class='ocrx_word' id='word_1_871' title='bbox 3104 4962 3188 5007; x_wconf 72' lang='lat' dir='ltr'><strong>itte</strong></span> <span class='ocrx_word' id='word_1_872' title='bbox 3216 4945 3280 4997; x_wconf 74' lang='lat' dir='ltr'><strong>de</strong></span> <span class='ocrx_word' id='word_1_873' title='bbox 3312 4945 3394 4997; x_wconf 63' lang='lat' dir='ltr'><strong>bis</strong></span> <span class='ocrx_word' id='word_1_874' title='bbox 3420 4946 3565 4995; x_wconf 78' lang='lat' dir='ltr'><strong>affir-</strong></span> 
     </span>
    </p>
   </div>
   <div class='ocr_carea' id='block_1_109' title="bbox 1978 5036 3562 5106">
    <p class='ocr_par' dir='ltr' id='par_1_109' title="bbox 1978 5036 3562 5106">
     <span class='ocr_line' id='line_1_109' title="bbox 1978 5036 3562 5106; baseline -0.004 -11"><span class='ocrx_word' id='word_1_875' title='bbox 1978 5043 2241 5095; x_wconf 88' lang='lat' dir='ltr'><strong>mationes</strong></span> <span class='ocrx_word' id='word_1_876' title='bbox 2271 5051 2324 5093; x_wconf 91' lang='lat' dir='ltr'><strong>et</strong></span> <span class='ocrx_word' id='word_1_877' title='bbox 2350 5040 2666 5106; x_wconf 80' lang='lat' dir='ltr'><strong>negationes</strong></span> <span class='ocrx_word' id='word_1_878' title='bbox 2692 5036 3022 5089; x_wconf 72' lang='lat' dir='ltr'><strong>indcfiititam</strong></span> <span class='ocrx_word' id='word_1_879' title='bbox 3059 5037 3256 5091; x_wconf 87' lang='lat' dir='ltr'><strong>habent</strong></span> <span class='ocrx_word' id='word_1_880' title='bbox 3284 5037 3562 5089; x_wconf 63' lang='lat' dir='ltr'><strong>veritatvtn</strong></span> 
     </span>
    </p>
   </div>
   <div class='ocr_carea' id='block_1_110' title="bbox 1977 5128 3563 5197">
    <p class='ocr_par' dir='ltr' id='par_1_110' title="bbox 1977 5128 3563 5197">
     <span class='ocr_line' id='line_1_110' title="bbox 1977 5128 3563 5197; baseline -0.004 -11"><span class='ocrx_word' id='word_1_881' title='bbox 1977 5135 2059 5188; x_wconf 91' lang='lat' dir='ltr'><strong>vel</strong></span> <span class='ocrx_word' id='word_1_882' title='bbox 2092 5132 2398 5195; x_wconf 76' lang='lat' dir='ltr'><strong>falsitatem,</strong></span> <span class='ocrx_word' id='word_1_883' title='bbox 2426 5144 2546 5184; x_wconf 91' lang='lat' dir='ltr'><strong>cum</strong></span> <span class='ocrx_word' id='word_1_884' title='bbox 2579 5144 2680 5183; x_wconf 86' lang='lat' dir='ltr'><strong>una</strong></span> <span class='ocrx_word' id='word_1_885' title='bbox 2706 5143 2921 5197; x_wconf 86' lang='lat' dir='ltr'><strong>semper</strong></span> <span class='ocrx_word' id='word_1_886' title='bbox 2944 5143 3065 5181; x_wconf 88' lang='lat' dir='ltr'><strong>vera</strong></span> <span class='ocrx_word' id='word_1_887' title='bbox 3112 5130 3180 5181; x_wconf 74' lang='lat' dir='ltr'><strong>sit</strong></span> <span class='ocrx_word' id='word_1_888' title='bbox 3202 5168 3217 5193; x_wconf 91' lang='lat'><strong>,</strong></span> <span class='ocrx_word' id='word_1_889' title='bbox 3246 5142 3458 5194; x_wconf 88' lang='lat' dir='ltr'><strong>semper</strong></span> <span class='ocrx_word' id='word_1_890' title='bbox 3481 5128 3563 5179; x_wconf 90' lang='lat' dir='ltr'><strong>al-</strong></span> 
     </span>
    </p>
   </div>
   <div class='ocr_carea' id='block_1_111' title="bbox 1977 5219 3563 5291">
    <p class='ocr_par' dir='ltr' id='par_1_111' title="bbox 1977 5219 3563 5291">
     <span class='ocr_line' id='line_1_111' title="bbox 1977 5219 3563 5291; baseline -0.006 -10"><span class='ocrx_word' id='word_1_891' title='bbox 1977 5236 2090 5281; x_wconf 91' lang='lat' dir='ltr'><strong>tera</strong></span> <span class='ocrx_word' id='word_1_892' title='bbox 2121 5224 2275 5289; x_wconf 87' lang='lat' dir='ltr'><strong>falsa,</strong></span> <span class='ocrx_word' id='word_1_893' title='bbox 2300 5223 2393 5278; x_wconf 89' lang='lat' dir='ltr'><strong>sed</strong></span> <span class='ocrx_word' id='word_1_894' title='bbox 2417 5236 2535 5291; x_wconf 64' lang='lat' dir='ltr'><strong>quat.-</strong></span> <span class='ocrx_word' id='word_1_895' title='bbox 2561 5238 2685 5276; x_wconf 88' lang='lat' dir='ltr'><strong>vera</strong></span> <span class='ocrx_word' id='word_1_896' title='bbox 2718 5223 2804 5285; x_wconf 89' lang='lat' dir='ltr'><strong>sit,</strong></span> <span class='ocrx_word' id='word_1_897' title='bbox 2839 5234 3028 5291; x_wconf 65' lang='lat' dir='ltr'><strong>quaave</strong></span> <span class='ocrx_word' id='word_1_898' title='bbox 3058 5221 3209 5284; x_wconf 86' lang='lat' dir='ltr'><strong>falsa,</strong></span> <span class='ocrx_word' id='word_1_899' title='bbox 3242 5219 3477 5273; x_wconf 84' lang='lat' dir='ltr'><strong>nondum</strong></span> <span class='ocrx_word' id='word_1_900' title='bbox 3511 5220 3563 5273; x_wconf 92' lang='lat' dir='ltr'><strong>in</strong></span> 
     </span>
    </p>
   </div>
   <div class='ocr_carea' id='block_1_112' title="bbox 1978 5313 3564 5387">
    <p class='ocr_par' dir='ltr' id='par_1_112' title="bbox 1978 5313 3564 5387">
     <span class='ocr_line' id='line_1_112' title="bbox 1978 5313 3564 5387; baseline -0.005 -14"><span class='ocrx_word' id='word_1_901' title='bbox 1978 5316 2413 5387; x_wconf 84' lang='lat' dir='ltr'><strong>contingentibus</strong></span> <span class='ocrx_word' id='word_1_902' title='bbox 2455 5324 2638 5369; x_wconf 90' lang='lat' dir='ltr'><strong>notum</strong></span> <span class='ocrx_word' id='word_1_903' title='bbox 2682 5324 2784 5370; x_wconf 80' lang='lat' dir='ltr'><strong>est.</strong></span> <span class='ocrx_word' id='word_1_904' title='bbox 2817 5314 2949 5367; x_wconf 86' lang='lat' dir='ltr'><strong>Nam</strong></span> <span class='ocrx_word' id='word_1_905' title='bbox 2990 5313 3128 5366; x_wconf 82' lang='lat' dir='ltr'><strong>sicut</strong></span> <span class='ocrx_word' id='word_1_906' title='bbox 3157 5328 3274 5381; x_wconf 63' lang='lat' dir='ltr'><strong>qua:</strong></span> <span class='ocrx_word' id='word_1_907' title='bbox 3306 5320 3429 5365; x_wconf 91' lang='lat' dir='ltr'><strong>sunt</strong></span> <span class='ocrx_word' id='word_1_908' title='bbox 3473 5327 3564 5366; x_wconf 76' lang='lat' dir='ltr'><strong>ne~</strong></span> 
     </span>
    </p>
   </div>
   <div class='ocr_carea' id='block_1_113' title="bbox 1978 5404 3609 5473">
    <p class='ocr_par' dir='ltr' id='par_1_113' title="bbox 1978 5404 3609 5473">
     <span class='ocr_line' id='line_1_113' title="bbox 1978 5404 3609 5473; baseline -0.006 -9"><span class='ocrx_word' id='word_1_909' title='bbox 1978 5411 2211 5464; x_wconf 85' lang='lat' dir='ltr'><strong>cessaria</strong></span> <span class='ocrx_word' id='word_1_910' title='bbox 2266 5421 2409 5473; x_wconf 84' lang='lat' dir='ltr'><strong>esse,</strong></span> <span class='ocrx_word' id='word_1_911' title='bbox 2474 5408 2523 5461; x_wconf 89' lang='lat' dir='ltr'><strong>in</strong></span> <span class='ocrx_word' id='word_1_912' title='bbox 2567 5404 2651 5459; x_wconf 91' lang='lat' dir='ltr'><strong>liis</strong></span> <span class='ocrx_word' id='word_1_913' title='bbox 2700 5420 2821 5460; x_wconf 82' lang='lat' dir='ltr'><strong>esse</strong></span> <span class='ocrx_word' id='word_1_914' title='bbox 2867 5406 3144 5458; x_wconf 89' lang='lat' dir='ltr'><strong>definitum</strong></span> <span class='ocrx_word' id='word_1_915' title='bbox 3190 5412 3293 5465; x_wconf 89' lang='lat' dir='ltr'><strong>est,</strong></span> <span class='ocrx_word' id='word_1_916' title='bbox 3322 5418 3442 5469; x_wconf 77' lang='lat' dir='ltr'><strong>qua:</strong></span> <span class='ocrx_word' id='word_1_917' title='bbox 3471 5418 3566 5456; x_wconf 86' lang='lat' dir='ltr'><strong>au-</strong></span> <span class='ocrx_word' id='word_1_918' title='bbox 3606 5458 3609 5461; x_wconf 32' lang='grc' dir='ltr'><strong><em>λ</em></strong></span> 
     </span>
    </p>
   </div>
   <div class='ocr_carea' id='block_1_114' title="bbox 1980 5495 3563 5570">
    <p class='ocr_par' dir='ltr' id='par_1_114' title="bbox 1980 5495 3563 5570">
     <span class='ocr_line' id='line_1_114' title="bbox 1980 5495 3563 5570; baseline -0.004 -14"><span class='ocrx_word' id='word_1_919' title='bbox 1980 5513 2089 5558; x_wconf 90' lang='lat' dir='ltr'><strong>tem</strong></span> <span class='ocrx_word' id='word_1_920' title='bbox 2110 5510 2235 5556; x_wconf 84' lang='lat' dir='ltr'><strong>sunt</strong></span> <span class='ocrx_word' id='word_1_921' title='bbox 2255 5501 2603 5570; x_wconf 84' lang='lat' dir='ltr'><strong>impossibilia</strong></span> <span class='ocrx_word' id='word_1_922' title='bbox 2633 5514 2777 5562; x_wconf 86' lang='lat' dir='ltr'><strong>esse,</strong></span> <span class='ocrx_word' id='word_1_923' title='bbox 2802 5498 2854 5551; x_wconf 91' lang='lat' dir='ltr'><strong>in</strong></span> <span class='ocrx_word' id='word_1_924' title='bbox 2888 5498 2970 5549; x_wconf 87' lang='lat' dir='ltr'><strong>his</strong></span> <span class='ocrx_word' id='word_1_925' title='bbox 3000 5513 3101 5548; x_wconf 86' lang='lat' dir='ltr'><strong>non</strong></span> <span class='ocrx_word' id='word_1_926' title='bbox 3134 5510 3253 5548; x_wconf 64' lang='lat' dir='ltr'><strong>esse</strong></span> <span class='ocrx_word' id='word_1_927' title='bbox 3282 5495 3563 5549; x_wconf 83' lang='lat' dir='ltr'><strong>definitum</strong></span> 
     </span>
    </p>
   </div>
   <div class='ocr_carea' id='block_1_115' title="bbox 1979 5596 3565 5663">
    <p class='ocr_par' dir='ltr' id='par_1_115' title="bbox 1979 5596 3565 5663">
     <span class='ocr_line' id='line_1_115' title="bbox 1979 5596 3565 5663; baseline -0.004 -14"><span class='ocrx_word' id='word_1_928' title='bbox 1979 5602 2081 5659; x_wconf 81' lang='lat' dir='ltr'><strong>est,</strong></span> <span class='ocrx_word' id='word_1_929' title='bbox 2132 5596 2201 5647; x_wconf 85' lang='lat' dir='ltr'><strong>ita</strong></span> <span class='ocrx_word' id='word_1_930' title='bbox 2248 5607 2460 5663; x_wconf 86' lang='lat' dir='ltr'><strong>quoque</strong></span> <span class='ocrx_word' id='word_1_931' title='bbox 2489 5604 2610 5661; x_wconf 63' lang='lat' dir='ltr'><strong>quae</strong></span> <span class='ocrx_word' id='word_1_932' title='bbox 2658 5597 2882 5659; x_wconf 86' lang='lat' dir='ltr'><strong>possunt</strong></span> <span class='ocrx_word' id='word_1_933' title='bbox 2926 5602 3060 5649; x_wconf 83' lang='lat' dir='ltr'><strong>esse,</strong></span> <span class='ocrx_word' id='word_1_934' title='bbox 3097 5596 3151 5639; x_wconf 90' lang='lat' dir='ltr'><strong>et</strong></span> <span class='ocrx_word' id='word_1_935' title='bbox 3187 5597 3405 5653; x_wconf 81' lang='lat' dir='ltr'><strong>possunt</strong></span> <span class='ocrx_word' id='word_1_936' title='bbox 3458 5604 3565 5644; x_wconf 90' lang='lat' dir='ltr'><strong>non</strong></span> 
     </span>
    </p>
   </div>
   <div class='ocr_carea' id='block_1_116' title="bbox 1980 5678 3567 5753">
    <p class='ocr_par' dir='ltr' id='par_1_116' title="bbox 1980 5678 3567 5753">
     <span class='ocr_line' id='line_1_116' title="bbox 1980 5678 3567 5753; baseline -0.003 -13"><span class='ocrx_word' id='word_1_937' title='bbox 1980 5700 2123 5751; x_wconf 83' lang='lat' dir='ltr'><strong>esse,</strong></span> <span class='ocrx_word' id='word_1_938' title='bbox 2155 5685 2209 5739; x_wconf 90' lang='lat' dir='ltr'><strong>in</strong></span> <span class='ocrx_word' id='word_1_939' title='bbox 2252 5685 2336 5739; x_wconf 87' lang='lat' dir='ltr'><strong>his</strong></span> <span class='ocrx_word' id='word_1_940' title='bbox 2363 5698 2538 5753; x_wconf 83' lang='lat' dir='ltr'><strong>neque</strong></span> <span class='ocrx_word' id='word_1_941' title='bbox 2562 5697 2683 5737; x_wconf 86' lang='lat' dir='ltr'><strong>esse</strong></span> <span class='ocrx_word' id='word_1_942' title='bbox 2703 5722 2716 5747; x_wconf 94' lang='lat'><strong>,</strong></span> <span class='ocrx_word' id='word_1_943' title='bbox 2750 5694 2926 5748; x_wconf 92' lang='lat' dir='ltr'><strong>neque</strong></span> <span class='ocrx_word' id='word_1_944' title='bbox 2956 5694 3061 5732; x_wconf 89' lang='lat' dir='ltr'><strong>non</strong></span> <span class='ocrx_word' id='word_1_945' title='bbox 3110 5690 3233 5730; x_wconf 80' lang='lat' dir='ltr'><strong>esse</strong></span> <span class='ocrx_word' id='word_1_946' title='bbox 3260 5688 3341 5730; x_wconf 89' lang='lat' dir='ltr'><strong>est</strong></span> <span class='ocrx_word' id='word_1_947' title='bbox 3375 5678 3567 5736; x_wconf 83' lang='lat' dir='ltr'><strong>defini-</strong></span> 
     </span>
    </p>
   </div>
   <div class='ocr_carea' id='block_1_117' title="bbox 1983 5766 3568 5840">
    <p class='ocr_par' dir='ltr' id='par_1_117' title="bbox 1983 5766 3568 5840">
     <span class='ocr_line' id='line_1_117' title="bbox 1983 5766 3568 5840; baseline -0.005 -10"><span class='ocrx_word' id='word_1_948' title='bbox 1983 5782 2119 5837; x_wconf 80' lang='lat' dir='ltr'><strong>tum.</strong></span> <span class='ocrx_word' id='word_1_949' title='bbox 2147 5772 2243 5833; x_wconf 70' lang='lat' dir='ltr'><strong>sed</strong></span> <span class='ocrx_word' id='word_1_950' title='bbox 2274 5775 2474 5832; x_wconf 80' lang='lat' dir='ltr'><strong>veritas</strong></span> <span class='ocrx_word' id='word_1_951' title='bbox 2497 5778 2553 5830; x_wconf 83' lang='lat' dir='ltr'><strong>ot</strong></span> <span class='ocrx_word' id='word_1_952' title='bbox 2580 5771 2785 5828; x_wconf 77' lang='lat' dir='ltr'><strong>falsitas</strong></span> <span class='ocrx_word' id='word_1_953' title='bbox 2814 5784 2879 5827; x_wconf 86' lang='lat' dir='ltr'><strong>ex</strong></span> <span class='ocrx_word' id='word_1_954' title='bbox 2907 5784 2973 5827; x_wconf 87' lang='lat' dir='ltr'><strong>eo</strong></span> <span class='ocrx_word' id='word_1_955' title='bbox 3012 5766 3152 5839; x_wconf 89' lang='lat' dir='ltr'><strong>quod</strong></span> <span class='ocrx_word' id='word_1_956' title='bbox 3183 5776 3263 5821; x_wconf 85' lang='lat' dir='ltr'><strong>est</strong></span> <span class='ocrx_word' id='word_1_957' title='bbox 3297 5781 3420 5822; x_wconf 84' lang='lat' dir='ltr'><strong>esse</strong></span> <span class='ocrx_word' id='word_1_958' title='bbox 3451 5778 3523 5827; x_wconf 53' lang='lat' dir='ltr'><strong>tet</strong></span> <span class='ocrx_word' id='word_1_959' title='bbox 3552 5810 3568 5840; x_wconf 95' lang='lat'><strong>,</strong></span> 
     </span>
    </p>
   </div>
  </div>
