4090 6342
523 328 625 385 ιθδ

1744 315 1853 373 ΑΝ.
1888 314 2093 370 MANL.
2138 309 2290 369 SEV.
2334 312 2557 369 BOETII

3682 312 3775 368 £36

518 453 568 498 et
597 456 662 495 ex
687 453 753 493 eo
778 438 919 507 quod
961 445 1042 491 est
1089 451 1193 489 non
1241 449 1361 490 esse
1391 434 1469 489 rei
1496 433 1743 487 sumitur.
1775 433 1903 487 Nam
1950 433 1994 486 sf
2021 434 2092 485 sit
2117 433 2171 493 Α
2196 430 2378 497 bitrio,
2432 438 2491 485 ut
2518 429 2657 499 quod
2692 443 2905 498 possum
2935 437 2991 484 et
3016 429 3153 485 velle
3182 436 3235 483 et
3264 443 3368 483 non
3401 429 3561 493 velle,
3588 443 3653 481 an
3683 443 3773 483 ve-

518 533 658 603 quod
685 531 900 594 dicitur,
925 544 1111 583 verum
1136 538 1240 592 est,
1273 529 1317 582 si
1349 543 1453 581 non
1481 527 1549 580 sit
1573 527 1709 595 quod
1738 526 1965 590 dicitur,
2001 525 2101 580 fal-

519 638 633 676 sum
666 631 766 675 est.
801 621 966 687 Igitur
996 620 1050 674 in
1080 619 1513 688 contingentibus
1541 625 1599 673 et
1630 618 1821 672 futuris
1852 619 1988 673 sicut
2021 618 2099 687 ip.

518 730 634 768 sum
662 728 783 768 esse
811 722 865 766 et
906 728 1011 766 non
1058 725 1177 766 esse
1220 710 1467 765 instabile
1494 719 1595 765 est.
1646 710 1775 765 Esse
1806 718 1982 764 tamen
2010 719 2101 764 aut

518 822 622 861 non
667 820 786 860 esse
814 818 1035 860 necesse
1062 813 1161 857 est.
1197 802 1272 855 Ita
1324 816 1538 871 quoque
1564 803 1621 863 in
1651 800 2102 856 affirmationibus

518 897 883 964 contingentia
916 894 1285 964 prodentibus,
1315 893 1513 945 veritas
1542 891 1754 962 quidem
1800 901 1853 945 et
1899 890 2101 946 falsitas

517 995 567 1041 iit
597 990 801 1043 incerto
830 996 931 1041 est.
968 986 1095 1051 Qua:
1123 985 1263 1038 enim
1318 999 1443 1038 vera
1486 984 1575 1049 sit,
1604 998 1722 1052 qua:
1751 982 1877 1035 falsa
1908 996 2100 1037 secun-

515 1083 637 1133 dum
671 1079 900 1147 ipsarum
933 1075 1358 1146 propositionum
1403 1084 1649 1127 naturam
1675 1074 1977 1143 ignoratur,
2004 1085 2103 1127 nec

517 1186 669 1225 cesse
699 1180 781 1225 est
820 1181 996 1224 tamen
1029 1181 1186 1220 unam
1222 1180 1401 1219 veram
1445 1179 1595 1228 esse,
1627 1167 1847 1218 alteram
1885 1163 2098 1216 falsam.

514 1263 839 1332 Porphyrius
866 1269 1039 1314 tamen
1084 1258 1326 1325 quaedam
1359 1262 1426 1310 de
1458 1258 1633 1310 Stoica
1666 1254 1947 1309 dialectica
1970 1268 2098 1322 per-

516 1352 732 1419 miscet,
777 1367 895 1420 qua:
947 1366 1065 1404 cum
1102 1350 1301 1403 Latinis
1331 1348 1548 1401 auribus
1589 1355 1713 1415 nota
1740 1361 1844 1401 non
1876 1346 1965 1410 sit,
1999 1358 2099 1399 nec

513 1448 613 1500 lioc
637 1447 805 1514 ipsum
835 1441 975 1512 quod
1013 1442 1063 1494 in
1095 1442 1390 1507 quaestione
1413 1440 1558 1493 venit
1578 1439 1910 1507 agnOscitur,
1943 1445 2101 1503 atque

512 1537 634 1592 ideo
657 1537 745 1589 illa
765 1534 941 1589 studio
966 1531 1455 1600 prwtermittemus.

766 1627 851 1681 DE
893 1624 1183 1680 FUTURlS
1223 1620 1840 1677 CONTINGENTIBUS.

584 1721 648 1775 In
668 1719 1010 1791 singularibus
1035 1733 1148 1771 vero
1174 1727 1222 1769 et
1251 1716 1442 1787 futuris
1461 1731 1562 1767 non
1592 1715 1851 1769 similiter.
1887 1713 2026 1766 Nam
2052 1716 2098 1769 si

2202 526 2291 579 lim
2323 526 2422 579 hoc
2445 534 2726 594 antequam
2750 523 2839 577 fiat
2869 525 3129 578 incertum
3162 533 3263 576 est.
3297 522 3368 576 Ex
3403 520 3771 589 possibilitate,

2201 615 2341 685 quod
2371 631 2489 671 cum
2525 616 2638 671 fieri
2674 616 2947 693 possithet
2984 630 3087 668 non
3122 616 3235 667 fieri
3296 618 3481 682 possit,
3536 615 3584 667 id
3630 627 3775 667 ante-

2201 722 2357 777 quam
2390 710 2478 761 fiat
2504 708 2644 776 quod
2674 715 2897 775 utroque
2927 708 3084 760 modo
3139 716 3311 775 potest
3343 707 3476 769 fieri,
3517 714 3776 759 incertum

2202 799 2291 853 sit.
2313 798 2543 867 Ideoque
2568 813 2686 853 cras
2713 799 2962 854 Socrates
2991 797 3357 865 disputaturus
3403 806 3485 851 est
3532 797 3583 849 in
3616 797 3777 865 palat-

2202 900 2333 953 stra,
2363 891 2679 958 contingens
2720 899 2820 953 est,
2852 889 2994 959 quod
3024 888 3126 943 hoc
3151 904 3216 943 ex
3248 889 3412 943 libero
3458 888 3601 941 venit
3630 888 3777 941 arbi-

2204 981 2325 1037 trio.
2372 982 2509 1052 Ergo
2532 983 2582 1037 in
2613 982 2915 1053 linjusmodi
2955 983 3381 1051 contingentibus
3424 982 3467 1035 si
3512 982 3564 1035 in
3598 981 3779 1034 futuro

2203 1090 2303 1128 una
2327 1089 2539 1143 semper
2560 1090 2684 1129 vera
2708 1085 2810 1136 est,
2835 1075 3001 1128 altera
3024 1089 3235 1142 semper
3259 1074 3407 1137 falsa,
3436 1084 3489 1127 et
3511 1088 3614 1126 una
3646 1072 3779 1126 defi-

2204 1167 2312 1220 nite
2336 1181 2478 1231 vera,
2506 1167 2671 1220 altera
2704 1166 2833 1220 falsa
2856 1166 3095 1232 definite,
3126 1177 3179 1220 et
3203 1181 3289 1220 res
3314 1165 3491 1218 verbis
3519 1178 3779 1232 congrue-

2202 1268 2341 1321 rent,
2372 1259 2549 1311 omnia
2580 1272 2798 1312 necesse
2824 1269 2905 1311 e~t
2928 1273 3065 1317 esse.
3113 1260 3193 1311 vel
3240 1274 3341 1311 non
3369 1273 3509 1321 esse,
3539 1267 3593 1309 et
3623 1256 3779 1325 quid-

2200 1349 2326 1418 quid
2351 1348 2409 1402 lit
2434 1363 2497 1403 ex
2527 1349 2848 1413 necessitate
2872 1350 2949 1415 fit,
2975 1359 3029 1404 et
3051 1349 3181 1402 nihil
3214 1364 3388 1418 neque
3416 1348 3672 1417 possibile
3701 1356 3778 1403 ist

2200 1453 2339 1502 esse,
2367 1440 2504 1509 quod
2531 1439 2785 1508 possibile
2806 1443 2875 1494 sit
2902 1456 3008 1493 non
3032 1456 3173 1507 esse,
3218 1456 3389 1508 neque
3419 1441 3646 1494 liberum
3677 1440 3778 1495 erit

2199 1530 2500 1596 arbitrium,
2532 1544 2705 1600 neque
2728 1530 2779 1583 in
2809 1530 2970 1585 rebus
2992 1530 3130 1584 ullus
3158 1538 3311 1584 caSus
3338 1531 3462 1597 erit,
3509 1532 3563 1584 in
3596 1531 3776 1583 omni-

2199 1621 2299 1675 bus
2328 1627 2647 1676 necessitate
2680 1622 3011 1677 dominante.
3048 1625 3100 1675 ln
3128 1624 3208 1677 bis
3231 1638 3478 1693 namque,
3530 1623 3580 1675 id
3613 1632 3697 1675 est
3725 1623 3777 1676 in

2199 1715 2560 1784 singularibus
2586 1715 3097 1803 contradictionibps
3129 1732 3309 1770 verum
3336 1720 3513 1769 uicere
3551 1725 3778 1782 uterque

511 1816 673 1871 omnis
720 1814 992 1883 a/ﬁrmatiu
1028 1810 1102 1862 vel
1155 1811 1393 1879 negatio,
1443 1823 1561 1859 vera
1608 1806 1686 1860 vel
1714 1806 1849 1875 falsa
1884 1814 1959 1858 est
1985 1844 2001 1870 ,
2046 1815 2093 1859 et
2123 1823 2171 1884 Β
2201 1824 2306 1862 non
2351 1817 2546 1878 potest.
2589 1806 3035 1864 Contradictoria‘.
3081 1811 3224 1863 enim
3265 1819 3416 1862 erant
3460 1823 3576 1876 quae
3621 1807 3778 1863 simul

511 1926 654 1963 omne
702 1922 901 1960 necesse
946 1917 1017 1959 est
1044 1905 1119 1957 vel
1149 1920 1285 1967 esse,
1317 1903 1392 1956 vel
1410 1918 1510 1955 non
1536 1917 1663 1955 esse.
1714 1901 1888 1966 Quare
1928 1901 1973 1954 si
2014 1900 2098 1953 hic

509 2000 710 2069 quidem
740 1999 876 2050 dicat
906 1997 1134 2066 futurum
1165 1995 1385 2063 aliquid,
1419 1993 1507 2046 ille
1543 2008 1658 2046 vero
1704 2007 1805 2043 non
1837 1992 1970 2043 dicat
2002 1992 2097 2044 hoc

509 2093 642 2144 idem
670 2093 836 2159 ipsum
856 2127 870 2151 ,
905 2088 1231 2156 manifestum
1260 2093 1334 2136 est
1354 2123 1370 2147 ,
1401 2082 1642 2150 quoniam
1683 2096 1886 2133 necesse
1914 2088 1987 2132 est
2015 2095 2099 2132 ve-

508 2198 622 2234 rum
652 2181 819 2233 dicere
844 2180 1061 2233 alterum
1090 2180 1314 2247 ipsorum
1341 2174 1386 2227 si
1414 2174 1578 2226 omnis
1607 2171 1878 2240 aﬁirmatio
1914 2171 1990 2223 vel
2011 2187 2096 2224 ne-

507 2277 643 2347 gutio
670 2290 807 2337 vera,
832 2272 908 2326 vel
929 2272 1062 2341 [alia
1100 2280 1193 2336 est,
1228 2278 1452 2336 utrisque
1478 2267 1610 2318 enim
1642 2280 1742 2317 non
1770 2274 1916 2316 erunt
1943 2265 2097 2317 simul

507 2365 571 2421 in‘
592 2368 796 2420 talibus.
835 2364 973 2417 Nam
993 2365 1038 2415 si
1070 2377 1237 2414 verum
1262 2368 1332 2411 est
1365 2358 1531 2410 dicere
1558 2356 1806 2425 quoniam
1829 2365 1901 2408 est
1922 2355 2097 2408 album

507 2461 583 2515 vel
611 2476 712 2513 nou
741 2460 910 2515 album
928 2497 943 2521 ,
983 2471 1181 2509 necesse
1220 2461 1294 2505 est
1323 2453 1494 2504 album
1519 2466 1643 2512 esse,
1665 2450 1741 2502 vel
1765 2465 1867 2501 non
1896 2449 2092 2503 album.

508 2553 575 2609 Et
600 2555 644 2607 si
671 2562 745 2607 est
772 2553 946 2604 album
974 2551 1049 2603 vel
1080 2563 1180 2601 non
1202 2528 1404 2611 album,
1428 2559 1601 2597 verum
1634 2552 1708 2596 est
1737 2545 1811 2596 vel
1836 2544 2093 2612 aﬂ'irmare

507 2648 583 2701 vel
609 2662 814 2717 negare,
846 2644 954 2699 etsi
974 2658 1076 2695 non
1118 2650 1207 2704 est,
1240 2638 1512 2691 mentitur:
1552 2645 1598 2688 et
1627 2637 1672 2688 si
1702 2651 1803 2688 non
1834 2639 2090 2701 mentitur,

507 2758 609 2798 non
635 2750 726 2795 est.
768 2741 939 2805 Quare
965 2751 1165 2789 necesse
1183 2745 1254 2786 est
1284 2740 1372 2784 aut
1396 2730 1809 2800 alfirmatiouem,
1833 2737 1920 2781 aut
1941 2744 2096 2799 nega-

506 2839 689 2891 tionem
715 2848 882 2887 ueram
913 2846 1019 2883 esse
1062 2828 1138 2880 vel
1189 2827 1397 2896 falsam.
1440 2822 1590 2875 Nihil
1637 2838 1756 2890 ergo
1790 2837 1948 2887 neque
1977 2832 2047 2874 est
2073 2859 2090 2883 ,

504 2910 661 3004 neque
703 2932 761 3000 ﬁt
782 2972 795 2994 ,
838 2944 1000 2997 neque
1028 2942 1149 2979 casu
1180 2940 1336 2990 neque
1366 2922 1683 2985 utrumlibet,
1719 2935 1808 2972 nec
1831 2921 1926 2971 erit
1953 2961 1967 2985 ,
2001 2936 2093 2972 nec

504 3046 606 3085 non
648 3030 774 3090 erit,
810 3026 899 3079 sed
929 3040 993 3077 ex
1031 3022 1325 3075 uecessitu!e
1362 3020 1531 3071 omnia
1566 3026 1612 3071 et
1644 3034 1742 3071 non
1775 3019 2089 3072 utrumlibet.

504 3125 604 3176 Aut
652 3120 787 3172 enim
832 3118 918 3185 qui
947 3115 1066 3169 dicit
1094 3128 1237 3165 verus
1266 3121 1361 3177 est,
1393 3119 1484 3163 aut
1516 3111 1601 3178 qui
1636 3119 1781 3177 negat
1812 3126 1831 3165 .'
1858 3112 2093 3165 similiter

505 3214 636 3266 enim
664 3209 742 3262 vel
770 3209 930 3274 ﬁeret,
962 3207 1039 3258 vel
1071 3220 1173 3257 nou
1224 3204 1385 3277 ﬁeret.

579 3302 835 3356 Geminas
875 3312 994 3353 es‘se
1038 3295 1491 3350 contradictiones
1540 3294 1593 3348 in
1638 3294 2090 3363 propositionibus

504 3406 663 3462 supra
688 3392 797 3459 jam
850 3388 1053 3466 dictum
1110 3397 1222 3449 est,
1254 3397 1309 3440 et
1335 3400 1477 3440 nunc
1517 3400 1734 3455 quoque
1754 3400 2088 3441 commemo-

503 3495 607 3551 rat,
639 3484 902 3550 inquibus
932 3493 1153 3535 necesse
1183 3490 1266 3533 est
1298 3495 1457 3533 unum
1491 3493 1670 3533 veram
1692 3491 1834 3544 esse,
1865 3477 2088 3532 alteram

506 3578 710 3640 falsam;
745 3575 838 3628 sed
860 3589 919 3628 ea
963 3588 1080 3642 qua:
1110 3571 1355 3625 dicentur
1384 3572 1452 3625 de
1474 3571 1666 3624 futuris
1692 3578 1747 3623 et
1774 3569 2088 3637 contingen-

502 3668 644 3721 tibus
678 3666 867 3720 melius
896 3662 1294 3731 intelligentur,
1341 3662 1383 3713 si
1433 3660 1502 3715 de
1537 3660 1622 3715 liis
1649 3660 2085 3729 contingentibus

501 3758 801 3828 loquamur,
833 3770 955 3824 quin
1000 3753 1052 3805 in
1102 3752 1355 3821 singulari
1404 3751 1835 3806 contradictione
1891 3765 2084 3820 prove-

500 3852 674 3906 niunt.
705 3848 799 3900 Est
828 3845 968 3899 enim
1001 3844 1379 3897 universalium
1412 3844 1688 3912 angularis
1725 3844 2084 3897 contradictio

502 3946 554 3997 in
583 3938 1013 4006 contingentibus
1046 3935 1370 4003 huiusmodi.
1403 3936 1534 3989 Cras
1560 3950 1750 3990 omnes
1782 3938 2082 3990 Athenien-

501 4049 587 4089 ses
635 4032 775 4085 bello
824 4026 995 4081 navali
1042 4027 1323 4096 pugnaturi
1365 4035 1506 4079 sunt.
1557 4027 1689 4081 Cras
1738 4042 1844 4081 non
1893 4042 2083 4084 omnes

502 4121 857 4180 Athenienses
906 4117 1047 4169 bello
1104 4117 1277 4171 navali
1327 4118 1608 4186 pugnaturi
1661 4128 1802 4172 sunt.
1854 4118 1911 4173 In
1977 4122 2085 4173 sin-

499 4213 772 4283 gularibus
825 4218 1002 4262 autem
1036 4207 1171 4261 taliS'
1210 4218 1329 4265 est:
1380 4206 1511 4263 Cras
1549 4212 1799 4265 Socrates
1830 4212 1883 4265 in
1917 4194 2079 4281 palla:-

446 4288 451 4289 γ
503 4318 611 4362 stra
642 4313 969 4373 pugnaturus
1006 4311 1108 4354 est.
1157 4301 1289 4355 Cras
1338 4302 1589 4358 Socrates
1631 4305 1680 4357 in
1707 4306 1954 4374 palaestra
1988 4324 2082 4371 pu-

498 4408 750 4467 gnaturus
780 4410 882 4447 non
910 4398 1014 4451 est.
1047 4394 1159 4449 Non
1191 4403 1366 4448 autem
1420 4404 1628 4461 oportet
1685 4398 1928 4462 ignorare
1975 4411 2077 4451 non

499 4504 615 4544 esse
645 4488 889 4542 similiter
934 4489 1302 4554 contingentes
1345 4484 1441 4538 has
1470 4498 1588 4551 qua:
1619 4484 1801 4538 dicunt
1830 4486 2079 4541 Socrates

2197 1916 2315 1956 esse
2338 1916 2444 1956 non
2474 1911 2718 1971 possunt,
2744 1902 2835 1957 sed
2867 1917 2965 1956 nec
2996 1911 3251 1970 utraeque,
3293 1902 3343 1955 id
3366 1911 3447 1955 est
3468 1901 3644 1969 negati
3684 1914 3777 1955 nes

2197 2003 2355 2063 atque
2382 1990 2763 2051 affirmationes
2794 1996 2938 2051 falsa:
2963 2010 3083 2051 esse
3109 1999 3158 2050 in
3196 1997 3626 2067 contradictoriis
3655 2010 3776 2065 pos-

2198 2095 2336 2139 sunt.
2364 2087 2472 2140 illic
2492 2088 2634 2142 enim
2662 2097 2815 2142 erant
2834 2089 3283 2154 contradictorite,
3319 2103 3438 2158 quae
3464 2090 3624 2143 simul
3655 2104 3777 2146 esse

2199 2196 2302 2233 non
2334 2189 2598 2249 poterant.
2624 2182 2798 2248 Quare
2825 2197 2960 2237 unus
2989 2198 3171 2236 Verum
3220 2183 3460 2237 dicturus
3487 2191 3590 2246 est,
3638 2196 3777 2238 unus

2200 2273 2410 2327 falsum.
2436 2275 2586 2342 Quod
2627 2277 2670 2330 si
2703 2276 2832 2330 nihil
2873 2277 3109 2332 daturin
3142 2276 3443 2346 huiusmodi
3489 2278 3667 2340 rebus,
3726 2276 3776 2332 id

2197 2377 2278 2419 est
2306 2368 2732 2437 contingentibus
2762 2369 3029 2435 instabile,
3082 2379 3305 2424 eventus
3349 2369 3539 2423 ordine
3592 2380 3646 2423 et
3691 2368 3775 2423 ine

2196 2468 2342 2513 certa
2400 2461 2642 2514 veritatis
2694 2469 2749 2515 et
2793 2461 3036 2515 falsitatis
3062 2461 3424 2516 enuntiatione
3468 2460 3774 2530 provenire.

2196 2550 2451 2621 quidquid
2486 2567 2664 2607 verum
2697 2553 2893 2607 dicitur
2920 2554 2971 2607 in
2994 2552 3351 2607 affirmatione
3384 2553 3625 2619 definite,
3673 2556 3775 2611 hoc

2196 2645 2414 2701 definite
2440 2662 2560 2704 esse
2584 2662 2803 2704 necesse
2825 2660 2926 2712 est,
2968 2649 3221 2719 quidquid
3250 2651 3436 2705 falsum
3471 2649 3669 2705 dicitur
3723 2652 3774 2710 in

2198 2740 2502 2807 negatione,
2551 2738 2650 2792 hoc
2691 2755 2793 2793 non
2843 2755 2964 2794 esse
3004 2754 3223 2795 necesse
3248 2749 3349 2794 est.
3398 2740 3584 2794 Omnia
3616 2741 3773 2811 igitur

2195 2844 2258 2883 ex
2293 2832 2610 2885 necessitate
2652 2840 2743 2884 aut
2796 2841 2971 2898 erunt,
3029 2843 3117 2885 aut
3172 2846 3234 2886 ex
3288 2833 3606 2886 necossitate
3667 2848 3770 2887 non

2195 2931 2371 2977 erunt.
2402 2921 2541 2975 Nihil
2570 2937 2697 2992 ergo
2721 2936 2821 2977 nec
2847 2936 3022 2988 casus,
3068 2938 3167 2979 nec
3213 2917 3437 2979 liberuiii
3467 2925 3771 2993 arbitrium,

2197 3029 2295 3069 nec
2322 3015 2643 3082 possiblitas
2693 3016 2794 3069 ulla
2842 3017 2891 3069 in
2945 3018 3104 3072 rebus
3145 3025 3245 3071 est.
3297 3018 3568 3087 Siquidem
3629 3028 3772 3073 tenet

2196 3121 2381 3160 cuneta
2399 3107 2708 3161 nece8sitas.
2728 3107 3044 3164 Aristoteles
3056 3124 3183 3163 vero
3194 3124 3411 3164 sumens
3428 3104 3580 3164 istam
3599 3110 3771 3182 ltypos

2123 3201 2168 3260 (ζ
2203 3195 2450 3250 theticam
2477 3198 2917 3264 pronositionem,
2945 3199 2989 3254 si
3016 3215 3178 3256 omne
3197 3201 3338 3270 quod
3366 3202 3416 3255 in
3441 3200 3619 3256 futuro
3643 3203 3772 3257 dici-

2194 3294 2300 3351 tur,
2331 3300 2417 3339 aut
2452 3302 2632 3341 verum
2661 3288 2902 3355 definite,
2932 3300 3023 3343 aut
3055 3291 3246 3346 falsum
3276 3300 3360 3346 est
3387 3294 3623 3355 definite,
3661 3310 3770 3348 om~

2195 3382 2279 3434 nia
2303 3395 2366 3433 ex
2395 3382 2713 3435 necessitate
2737 3380 2871 3447 fieri,
2904 3392 2960 3438 et
3003 3383 3136 3438 nihil
3167 3398 3313 3448 casu,
3360 3385 3491 3439 nihil
3542 3385 3769 3454 judicio,

2194 3474 2325 3527 nihil
2374 3474 2723 3541 possibilitate
2773 3490 2838 3530 ea
2865 3478 3231 3541 convenienti,
3264 3477 3451 3533 ordine
3479 3489 3767 3543 monstrat,

2191 3565 2368 3620 ethoc
2405 3567 2598 3633 posito,
2630 3582 2785 3621 unam
2836 3582 3035 3634 veram,
3066 3569 3287 3623 alteram
3311 3570 3526 3625 definite
3582 3570 3769 3626 falsam

2191 3673 2331 3724 esse,
2356 3660 2529 3714 omnia
2556 3675 2622 3715 ex
2653 3662 2968 3717 necessitate
2996 3664 3329 3733 contingere.
3381 3663 3455 3717 Ex
3499 3678 3769 3720 consensu

2193 3767 2368 3805 rerum
2403 3754 2821 3821 prepositionem
2854 3752 3184 3808 demonstrat
3225 3754 3325 3808 hoc
3351 3755 3531 3808 modo.
3568 3755 3769 3824 PrOpo-

2192 3845 2267 3896 nit
2287 3844 2427 3897 enim
2471 3845 2607 3899 hanc
2634 3844 3016 3912 conditionem,
3046 3855 3100 3899 et
3133 3846 3268 3900 hanc
3292 3861 3471 3901 veram
3499 3861 3643 3909 esse,
3704 3864 3768 3903 ex

2191 3952 2368 3991 rerum
2424 3937 2655 4005 ipsarum
2714 3939 3031 3994 necessitate
3082 3940 3382 3994 00::lil‘nlal.
3438 3941 3531 3995 Est
3582 3952 3767 3996 autem

2189 4028 2443 4094 conditio,
2468 4028 2515 4083 si
2538 4030 2713 4083 omnis
2732 4031 3016 4084 affirmatio
3042 4030 3124 4084 vel
3175 4033 3384 4101 negatio
3438 4033 3487 4085 in
3527 4032 3764 4087 futurum

2187 4117 2371 4183 dttcta,
2398 4134 2521 4174 vera
2565 4120 2650 4175 vel
2674 4120 2802 4174 falsa
2825 4131 2903 4177 est
2931 4122 3168 4186 definite,
3225 4134 3277 4177 et
3321 4139 3477 4178 omne
3503 4124 3764 4194 quidquid

2190 4210 2249 4266 fit
2287 4226 2350 4265 ex
2384 4212 2705 4267 necessitate
2732 4213 2867 4279 fieri,
2892 4224 2945 4268 et
2978 4215 3128 4279 nihil,
3182 4224 3353 4283 neque
3397 4231 3541 4281 casu,
3590 4233 3765 4286 neque

2189 4303 2401 4372 propria
2425 4316 2477 4359 et
2503 4304 2671 4359 libera
2708 4306 2978 4359 voluntate
3021 4314 3180 4376 atque
3228 4307 3448 4374 judicio,
3496 4324 3594 4362 nec
3635 4324 3766 4363 vero

2185 4395 2358 4465 aliqua
2389 4396 2758 4465 possibilitate,
2796 4411 2913 4465 qum
2936 4399 3111 4450 omnia
3159 4398 3464 4452 utrumlibet
3495 4398 3759 4452 vocabulo

2187 4491 2529 4557 nuncupavit.
2592 4489 2743 4543 Ponit
2772 4488 2911 4542 enim
2943 4488 3079 4543 hanc
3123 4489 3481 4543 conditionem
3528 4488 3713 4543 dicens
3745 4506 3759 4542 :

504 4580 780 4644 morietur,
823 4589 878 4635 et
898 4578 1147 4633 Socrates
1177 4591 1281 4630 non
1311 4576 1590 4641 morietur,
1620 4586 1671 4628 et
1702 4576 1819 4631 illas
1849 4592 1966 4647 qu:e
1998 4579 2079 4632 di-
2109 4586 2159 4647 ι)
2185 4581 2315 4635 Nam
2360 4581 2406 4635 si
2434 4582 2607 4635 omnis
2658 4580 2942 4635 afﬁrmatio
2991 4585 3074 4636 vel
3123 4583 3331 4652 negatio
3359 4596 3481 4637 vera
3514 4582 3594 4637 vel
3626 4581 3757 4637 falsa

500 4681 647 4734 cunt,
682 4668 931 4725 Socrates
953 4671 1210 4722 morietur
1233 4680 1372 4731 cras,
1407 4666 1655 4721 Socrates
1687 4681 1792 4721 non
1817 4671 2079 4725 morietur

497 4777 636 4816 cras.
671 4761 778 4815 Illae
806 4761 947 4815 enim
976 4758 1279 4828 superiores
1331 4757 1549 4811 omnino
1572 4760 1941 4829 contingentes
1971 4777 2075 4818 non

497 4864 642 4915 sunt,
699 4851 794 4906 sed
826 4860 948 4906 sunt
979 4848 1313 4903 necessariae.
1371 4847 1624 4901 Morietur
1651 4852 1794 4904 enim
1828 4852 2076 4909 Socrates

496 4963 559 5000 ex
591 4944 926 5005 necessitate,
960 4942 1042 4996 ha:
1072 4955 1200 4995 vero
1249 4954 1363 5007 qua:
1396 4947 1604 5006 tempus
1634 4939 1917 5010 diffiniunt,
1977 4961 2075 5001 nec

497 5038 626 5105 ipsa:
655 5051 706 5090 tn
746 5050 967 5089 numero
1009 5029 1427 5098 contingentium
1474 5028 1823 5098 recipiuntur,
1877 5033 2077 5093 idcirco

476 5120 634 5196 quod
666 5128 817 5180 nobis
850 5123 1062 5193 quidem
1112 5133 1231 5174 cras
1275 5118 1590 5172 moriturum
1633 5133 1752 5174 esse
1796 5122 2073 5180 Socratem

496 5223 755 5274 incertum
776 5224 880 5271 est.
909 5213 1123 5267 Naturae
1152 5217 1327 5265 autem
1358 5210 1616 5264 incertum
1647 5226 1752 5268 non
1774 5223 1875 5270 est.
1900 5217 2075 5285 Atque

496 5311 617 5365 ideo
644 5324 741 5363 nec
771 5309 879 5362 Deo
910 5318 1119 5374 quoque
1146 5304 1402 5358 incertum
1433 5310 1533 5368 est,
1565 5305 1655 5372 qui
1702 5306 1872 5374 ipsam
1919 5319 2074 5365 nam-

495 5419 611 5458 ram
636 5403 833 5471 optime
874 5399 1040 5453 novit.
1072 5396 1178 5452 Sed
1211 5396 1313 5451 illa;
1343 5406 1469 5450 sunt
1505 5398 1734 5464 propria:
1754 5402 2075 5471 contingen-

499 5506 600 5560 ωε,
630 5508 748 5561 quae
773 5506 945 5560 neque
986 5490 1037 5543 in
1071 5498 1256 5542 natura
1284 5496 1427 5551 sunt,
1454 5501 1623 5556 neque
1652 5489 1705 5543 in
1734 5494 2072 5565 necessitate,

498 5586 592 5640 sed
619 5592 709 5639 aut
735 5585 787 5638 in
812 5597 963 5646 casu,
991 5591 1076 5634 aut
1102 5580 1153 5634 in
1192 5580 1357 5634 libero
1381 5577 1623 5643 arbitrio,
1663 5591 1753 5636 aut
1775 5584 1826 5638 in
1854 5587 2076 5656 possibi.

500 5677 647 5732 litate
678 5687 899 5730 natura.
931 5676 1004 5727 Ex
1034 5686 1160 5727 casu
1181 5671 1396 5737 quidem
1425 5680 1483 5725 ut
1508 5686 1626 5728 cum
1650 5678 1898 5746 egredior
1915 5681 2075 5738 domo

499 5770 726 5824 amicum
761 5766 991 5829 videant,
1018 5776 1126 5818 non
1151 5760 1222 5818 ob
1244 5762 1342 5821 hoc
1361 5762 1661 5833 egrediens.
1689 5768 1765 5824 Ex
1790 5769 1960 5826 libero
1988 5789 2073 5828 ar-

2184 4682 2287 4737 est,
2317 4672 2736 4727 subaudiendum
2776 4683 2858 4727 est
2887 4674 3127 4740 definite,
3163 4684 3215 4737 et
3240 4690 3395 4727 omne
3430 4689 3651 4729 necesse
3678 4684 3762 4729 est

2184 4776 2306 4817 esse
2342 4763 2429 4817 vel
2449 4776 2553 4817 non
2579 4778 2698 4818 esse
2722 4782 2735 4828 ;
2760 4764 2803 4818 si
2830 4764 2916 4818 hic
2936 4764 3151 4833 quidem
3201 4765 3343 4818 dicat
3396 4764 3629 4819 futurum
3660 4766 3761 4818 ali-

2184 4858 2331 4933 quid,
2380 4859 2467 4913 illc
2491 4874 2618 4914 vero
2646 4875 2750 4914 non
2807 4860 2948 4914 dicat
2973 4861 3072 4915 ltoc
3107 4862 3243 4915 idem
3276 4863 3469 4930 ipsum,
3531 4859 3761 4915 tuanifev

2184 4959 2323 5004 stum
2351 4961 2455 5017 est,
2502 4954 2748 5021 quoniam
2801 4968 3021 5009 necesse
3046 4963 3127 5009 est
3158 4970 3343 5010 verum
3372 4955 3575 5019 dicere,
3622 4956 3758 5012 alte-

2182 5057 2299 5097 rum
2325 5042 2579 5109 ipsorum,
2614 5044 2657 5098 si
2687 5046 2861 5099 omnis
2906 5046 3189 5099 affirmatio
3241 5048 3323 5101 vel
3372 5047 3582 5115 negatio
3629 5060 3759 5101 vera

2182 5133 2265 5188 vel
2287 5133 2409 5188 falsa
2434 5143 2535 5197 est,
2562 5144 2796 5203 utraeque
2817 5134 2955 5188 enim
2979 5149 3085 5189 non
3109 5145 3263 5189 erunt
3282 5137 3439 5191 simul
3456 5137 3511 5190 in
3534 5136 3749 5190 talibus.

2183 5226 2321 5295 Ergo
2352 5240 2540 5281 sensus
2566 5225 2867 5293 hujusmodi
2895 5236 3013 5281 est:
3044 5227 3097 5283 Si
3128 5228 3323 5293 omnis,
3361 5228 3553 5297 inquit,
3605 5226 3757 5282 affir-

2180 5318 2341 5371 matio
2365 5317 2447 5372 vel
2478 5317 2685 5384 negatio
2708 5332 2854 5400 vera,
2886 5321 2967 5373 vel
3008 5318 3136 5373 falsa
3163 5330 3243 5373 est
3270 5319 3512 5385 definite,
3542 5329 3594 5375 et
3636 5334 3751 5373 omo

2181 5426 2250 5466 ne
2278 5425 2501 5467 necesse
2522 5420 2626 5476 est,
2645 5421 2735 5465 aut
2753 5425 2895 5480 esse,
2915 5422 3007 5467 aut
3032 5426 3136 5467 non
3165 5426 3305 5481 esse,
3333 5412 3475 5480 quod
3495 5413 3580 5467 vel
3607 5411 3752 5466 affir-

2181 5502 2348 5559 matio
2376 5503 2547 5571 ponit,
2593 5502 2678 5557 vel
2726 5504 2938 5574 negatio
2979 5505 3210 5574 perimit.
3256 5505 3390 5562 Nam
3442 5507 3486 5563 si
3532 5506 3754 5575 quilibet

2180 5593 2376 5651 dixerit
2403 5609 2521 5650 esse
2548 5593 2765 5664 aliquid,
2795 5604 2848 5648 et
2872 5595 3009 5649 alius
3036 5596 3228 5672 dixerit
3260 5596 3401 5652 idem
3438 5598 3611 5669 ipsum
3646 5612 3750 5651 non

2179 5703 2322 5755 esse,
2354 5702 2490 5741 unus
2514 5687 2724 5757 quidem
2753 5686 3000 5752 afﬁrmat,
3028 5688 3161 5742 alius
3189 5704 3320 5743 vero
3353 5698 3510 5758 negat
3534 5706 3548 5755 ;
3572 5689 3665 5744 sed
3699 5689 3749 5742 in

2182 5776 2538 5832 afﬁrmatione
2565 5784 2619 5831 et
2642 5779 2943 5844 negatione,
2971 5791 3088 5848 quae
3123 5778 3175 5832 in
3205 5779 3631 5837 contradictione
3654 5792 3751 5845 po-
