4090 6342
359 284 461 346 69⁸1

1086 292 1154 348 ΙΝ
1194 294 1446 350 LIBRUM
1490 294 1575 350 DE
1617 293 2259 354 INTERPRETATIONE
2298 298 2524 356 EDITIO
2553 300 2882 357 SECUNDA.

3521 307 3628 366 ιεε

358 413 574 471 nuntur,
606 420 711 460 una
730 418 944 474 semper
958 420 1083 462 vera
1102 416 1207 473 est,
1234 417 1397 462 altera
1418 410 1570 462 falsa.
1594 409 1777 477 Neque
1797 410 1939 487 enim
1966 413 2019 470 Δ
2044 412 2185 480 quod
2211 411 2257 464 si
2289 425 2393 464 non
2425 421 2507 465 est
2537 410 2587 466 id
2617 415 2754 481 quod
2798 414 3012 477 dicitur,
3046 414 3172 468 falsa
3194 418 3490 472 enuntiatio
3518 434 3625 488 est,
3658 398 3662 407 λ

360 496 475 551 ﬁeri
534 506 712 567 potest
757 508 809 552 ut
838 507 1076 568 utraeque
1118 501 1225 554 sint
1276 515 1438 566 verte,
1471 516 1578 555 non
1608 502 1751 557 enim
1803 516 1945 557 nunc

359 605 539 645 sermo
562 601 666 655 est.
700 601 792 647 aut
837 592 905 647 de
952 593 1369 660 subcontrariis,
1402 604 1491 647 aut
1530 593 1600 648 de
1631 584 1941 650 indeﬁnitis.

358 681 597 749 Namque
623 683 1027 747 subcontrarite,
1063 684 1115 737 id
1150 694 1233 738 est
1261 670 1605 754 particularis
1652 686 1864 754 negatio
1890 694 1945 740 et

358 772 651 828 afﬁrmatio
698 774 1056 841 particularis,
1088 784 1141 829 et
1172 774 1463 829 indetinitm
1510 784 1753 844 utraeque
1801 792 1943 831 vera:

359 866 411 921 in
442 866 631 921 eodem
658 881 780 921 esse
821 876 1084 936 poterant.
1118 867 1560 923 Contradictoriae
1582 878 1756 924 autem
1783 872 1944 925 mini-

361 972 470 1021 me,
506 972 679 1027 neque
714 958 854 1035 enim
885 958 998 1012 ﬁeri
1037 967 1213 1028 potest
1238 968 1296 1013 ut
1327 962 1406 1014 hze
1433 975 1553 1030 quae
1573 961 1657 1015 vel
1689 962 1740 1014 in
1762 962 1942 1031 singu-

358 1048 560 1101 laribus
588 1050 1036 1105 contradictiones
1058 1061 1199 1114 sunt,
1232 1050 1314 1104 vel
1345 1039 1396 1104 in
1431 1051 1820 1107 universalibus
1845 1068 1941 1110 an-

356 1143 612 1213 gulariter
638 1152 998 1212 opponuntur,
1024 1144 1181 1199 simul
1210 1158 1441 1212 unquam
1478 1158 1618 1199 verae
1649 1147 1774 1199 sint.
1828 1147 1941 1202 Hoc

358 1236 502 1289 enim
533 1243 616 1289 est
637 1234 775 1304 quod
808 1235 903 1301 ait,
937 1244 1180 1304 utrmque
1201 1236 1342 1301 enim
1371 1250 1475 1290 non
1507 1246 1665 1290 erunt
1697 1236 1857 1293 simul
1884 1239 1937 1294 in

357 1327 570 1391 talibus,
628 1327 678 1381 id
724 1336 825 1394 est,
879 1337 1117 1397 utrmque
1176 1327 1567 1383 enuntiationes
1617 1345 1723 1383 non
1780 1341 1936 1385 erunt

354 1432 498 1471 νει-ιε
528 1419 577 1470 in
609 1418 1059 1472 enuntiationibus
1090 1419 1543 1486 contradictoriis,
1590 1421 1761 1488 posita
1809 1437 1938 1491 ergo

356 1509 454 1562 hac
480 1508 811 1575 conditione,
836 1510 879 1563 si
910 1512 1084 1564 omnis
1118 1510 1409 1566 afﬁrmatio
1459 1513 1676 1568 deﬁnite
1704 1530 1823 1569 vera
1850 1518 1935 1572 vel

354 1599 485 1653 falsa
517 1586 604 1664 sit,
637 1602 814 1653 omnia
841 1615 906 1655 ex
938 1601 1255 1656 necessitate
1297 1604 1530 1657 evenire.
1592 1604 1736 1659 Hanc
1765 1605 1933 1674 ipsam

353 1706 532 1745 rerum
566 1694 817 1759 ipsarum,
841 1701 894 1746 et
916 1693 1337 1761 propositionum
1372 1697 1829 1765 consequentiam,
1879 1709 1933 1754 et

2048 512 2101 559 et
2128 505 2172 558 si
2196 506 2591 559 enuntiationes
2622 506 2767 559 falsa!
2808 520 2952 570 sunt,
2982 523 3068 561 res
3100 523 3203 562 non
3244 525 3363 563 esse
3405 527 3627 567 necesse

2047 606 2149 650 εει.
2182 594 2332 662 Quod
2366 598 2410 649 si
2441 596 2556 651 hmc
2581 597 2649 651 ita
2674 608 2817 662 sunt,
2849 600 3075 668 positum
3104 610 3185 655 est
3214 612 3389 656 autem
3415 620 3625 659 onmem

2044 685 2455 741 afﬁrtnatiunent
2512 696 2566 739 ct
2612 689 2947 756 negationem
3001 705 3181 745 veram
3217 706 3335 747 esse
3388 694 3625 757 deﬁnite,

2048 779 2302 848 quoniam
2337 779 2759 849 propositionum
2803 782 3080 837 veritatem
3113 786 3195 840 vel
3227 785 3512 842 falsitatem
3545 804 3627 841 ι-εο

2026 882 2162 939 »ιἰιηι
2214 871 2509 924 necessitas
2532 871 2823 924 secundum
2856 887 2975 927 esse
3006 875 3087 927 vel
3138 891 3241 928 non
3272 892 3391 929 esse
3432 893 3623 931 conse-

2044 960 2226 1030 quitur
2252 977 2265 1014 :
2299 975 2420 1017 esse
2442 962 2654 1031 quidem
2690 964 2981 1018 secundum
3008 969 3311 1032 veritatem,
3348 980 3402 1024 ut
3430 972 3622 1024 dictum

2044 1059 2147 1117 est,
2174 1066 2282 1105 non
2309 1067 2432 1108 esse
2462 1053 2754 1107 secundum
2800 1053 3106 1112 falsitatem.
3158 1060 3298 1113 Nihil
3357 1063 3424 1113 sit
3473 1078 3622 1125 casu,

2043 1158 2217 1210 neque
2272 1144 2435 1198 libera
2493 1145 2788 1215 voluntate,
2841 1164 3015 1217 neque
3042 1150 3214 1218 aliqua
3249 1154 3613 1219 possibilitate.

2042 1231 2168 1287 Haec
2198 1234 2340 1287 enim
2369 1250 2487 1305 qua!
2518 1237 2830 1292 utrumlibet
2860 1253 3112 1291 vocamus
3144 1241 3263 1293 talia
3304 1253 3445 1303 sunt,
3505 1259 3622 1311 qua:

2042 1339 2163 1377 cum
2197 1325 2432 1379 nondum
2455 1336 2581 1381 sunt
2603 1327 2739 1382 facta
2768 1337 2823 1382 et
2853 1329 2965 1381 ﬁeri
3000 1340 3239 1393 possunt,
3273 1340 3450 1391 etnon
3485 1333 3618 1387 ﬁeri.

2039 1413 2092 1467 Si
2117 1415 2259 1469 enim
2291 1416 2425 1471 facta
2453 1426 2594 1486 sunt,
2627 1433 2732 1473 non
2762 1419 2873 1472 ﬁeri
2917 1430 3219 1487 potuerunt,
3248 1432 3303 1475 ut
3333 1422 3488 1477 hodie
3538 1440 3623 1477 me

2039 1504 2235 1559 librum
2256 1505 2457 1575 Virgilii
2487 1509 2682 1578 legere,
2714 1510 2852 1579 quod
2882 1511 3111 1564 nondum
3142 1511 3258 1577 feci,
3308 1523 3483 1580 potest
3507 1515 3622 1582 qui-

2036 1597 2156 1650 dem
2184 1612 2287 1651 non
2319 1599 2455 1662 ﬁeri,
2483 1609 2655 1668 potest
2684 1602 2841 1654 etiam
2876 1599 3009 1665 ﬁeri,
3049 1602 3187 1670 quod
3219 1603 3262 1656 si
3295 1602 3492 1666 fecero,
3526 1620 3620 1672 po-

2038 1688 2111 1739 tui
2141 1701 2245 1741 non
2277 1687 2476 1744 facere.
2512 1689 2636 1743 Haec
2668 1691 2826 1759 igitur
2860 1691 3162 1759 hujusmodi
3200 1704 3323 1747 sunt
3373 1710 3621 1762 quaecun-

352 1781 754 1836 similitutlinem
786 1790 1085 1837 monstrare
1128 1784 1426 1850 contendit,
1452 1786 1634 1841 dicens
1661 1805 1673 1838 :
1726 1788 1857 1843 Nam
1888 1791 1931 1845 si
1962 1784 2012 1844 Β
2037 1793 2141 1848 que
2164 1781 2468 1837 utrumlibet
2490 1782 2756 1837 dicuntur.
2793 1784 3114 1840 Utrumlibet
3161 1795 3337 1841 autem
3379 1788 3501 1855 quid
3550 1790 3621 1842 sit

351 1886 537 1928 verum
564 1885 646 1929 est
672 1872 853 1932 dicere
878 1879 1128 1945 quoniam
1150 1876 1348 1942 album,
1376 1881 1455 1932 vel
1483 1896 1585 1933 non
1618 1881 1799 1936 album
1829 1894 1931 1948 est,

350 1978 574 2019 necesse
600 1975 832 2021 estesse
880 1966 1084 2031 album,
1139 1968 1223 2023 vel
1280 1984 1386 2023 non
1438 1970 1618 2026 album
1650 1988 1663 2035 ;
1697 1983 1752 2027 et
1780 1976 1824 2028 si
1853 1988 1936 2030 est

270 2072 275 2077 '
349 2058 554 2122 album,
581 2060 664 2113 vel
698 2074 803 2113 non
832 2060 1030 2125 album,
1066 2076 1248 2117 verum
1274 2072 1357 2117 est
1398 2062 1668 2121 afﬁrmare
1716 2068 1799 2122 vel
1843 2084 1936 2125 ne.

349 2166 496 2221 gare,
554 2160 611 2206 et
661 2153 850 2207 sinon
878 2166 980 2219 est,
1014 2138 1286 2223 mentitur,
1336 2164 1391 2209 et
1418 2156 1463 2209 si
1496 2159 1775 2227 mentitur,
1828 2176 1932 2215 non

349 2250 479 2295 est:
514 2258 680 2313 quare
721 2257 941 2298 necesse
980 2256 1059 2297 est
1091 2244 1502 2300 afﬁrmationem
1558 2249 1639 2303 vel
1699 2252 1935 2319 negatio-

352 2348 477 2388 nem
511 2348 691 2388 veram
724 2347 841 2388 esse
865 2334 946 2388 vel
975 2333 1176 2391 falsam.
1223 2334 1429 2399 Omnis,
1480 2338 1671 2406 inquit,
1703 2340 1937 2395 afﬁrma-

353 2421 428 2476 tio
456 2422 737 2492 omnisqtte
766 2424 976 2493 negatio
999 2439 1119 2478 cum
1156 2424 1318 2479 rebus
1350 2426 1502 2493 ipsis,
1537 2428 1620 2483 vel
1652 2443 1798 2498 vera,
1850 2433 1933 2485 vel

350 2511 485 2568 falsa
517 2525 619 2569 est.
654 2513 821 2583 Itujus
841 2523 1017 2569 autem
1049 2516 1122 2569 rei
1160 2517 1402 2586 exempla
1456 2533 1522 2572 ex
1585 2522 1935 2587 praesentibus

350 2606 535 2662 sumit.
567 2605 697 2661 Nam
727 2606 866 2662 sicut
890 2622 949 2662 se
975 2609 1170 2663 habent
1214 2610 1504 2663 secundum
1562 2615 1933 2668 necessitatem

350 2696 406 2751 in
438 2693 686 2766 praesenti
718 2705 959 2767 tenipore
988 2700 1402 2763 enuntiationes,
1435 2703 1503 2755 ita
1535 2717 1594 2757 se
1627 2702 1845 2773 habent,
1878 2718 1931 2762 et

352 2776 630 2842 infuturo.
664 2787 1009 2857 Speculemur
1034 2790 1197 2860 igitur
1216 2790 1270 2843 in
1301 2791 1572 2861 praesenti,
1605 2808 1724 2863 quae
1752 2797 1821 2850 sit
1850 2812 1937 2853 re-

351 2892 468 2934 rum
510 2881 1034 2952 propositionumque
1074 2884 1381 2938 necessitas.
1416 2884 1473 2941 Si
1504 2901 1607 2954 qua
1638 2887 1779 2942 enim
1813 2904 1937 2958 pro-

352 2971 547 3040 positio
574 2971 643 3027 de
668 2972 902 3042 qualibet
934 2988 991 3028 re
1018 2974 1158 3029 dicta
1186 2990 1309 3030 vera
1333 2985 1440 3041 est,
1466 2977 1611 3032 illam
1642 2995 1755 3035 rem
1776 2998 1933 3050 quam

350 3061 507 3127 dixit,
541 3077 665 3119 esse
690 3078 913 3119 necesse
945 3073 1045 3119 est.
1077 3064 1135 3118 Si
1159 3066 1300 3120 enim
1321 3066 1537 3135 dixerit,
1566 3072 1818 3141 quoniam
1847 3074 1939 3127 nix

350 3151 469 3207 alba
501 3163 605 3219 est,
660 3154 845 3209 ethoc
872 3171 1056 3210 verum
1115 3165 1220 3222 εει,
1279 3162 1505 3215 veritate
1557 3167 1937 3231 propositionis

349 3243 595 3311 sequitur
622 3248 912 3299 necessitas
935 3246 1033 3300 rei.
1060 3245 1292 3303 Necesse
1318 3259 1401 3303 est
1426 3252 1572 3306 enim
1604 3254 1782 3309 nivem
1816 3272 1939 3315 esse

350 3339 548 3409 albam,
583 3342 627 3395 si
659 3344 953 3412 propositio
982 3360 1102 3415 quae
1124 3346 1191 3400 de
1213 3346 1399 3402 eadem
1430 3363 1491 3403 re
1518 3350 1803 3419 praedicata
1829 3362 1934 3420 est,

351 3444 472 3487 vera
505 3443 609 3487 est.
639 3433 790 3501 Quod
814 3437 859 3489 si
891 3435 1083 3490 dixerit
1106 3437 1225 3507 quis
1255 3452 1363 3493 non
1390 3452 1511 3495 esse
1530 3440 1707 3495 albam
1741 3441 1933 3511 picem,

351 3535 404 3581 et
430 3525 548 3579 haec
573 3541 698 3581 vera
727 3536 832 3594 est,
862 3526 1203 3581 manifestum
1233 3537 1317 3583 est
1356 3543 1470 3584 rem
1500 3544 1713 3600 quoque
1744 3546 1937 3601 propo-

350 3618 561 3673 sitionis
581 3619 833 3687 consequi
861 3618 1161 3673 veritatem.
1191 3619 1433 3687 Amplius
1480 3635 1693 3689 quoque
1744 3636 1936 3690 prepo-

350 3714 575 3767 sitiones
605 3726 783 3766 rerum
839 3711 1189 3766 necessitates
1218 3720 1555 3780 sequuntur;
1584 3713 1632 3766 si
1661 3712 1803 3766 enim
1856 3723 1937 3767 est

352 3802 528 3871 aliqua
567 3816 677 3868 res,
731 3816 914 3856 verum
943 3811 1027 3856 est
1056 3802 1125 3856 de
1158 3817 1220 3856 ea
1245 3802 1426 3857 dicere
1454 3803 1705 3872 quoniam
1733 3815 1832 3869 est,
1884 3814 1937 3859 et

350 3893 392 3948 li
424 3908 530 3948 non
562 3903 646 3948 est
681 3894 855 3964 aliqua
897 3908 1006 3958 res,
1040 3908 1223 3947 verum
1254 3901 1338 3949 est
1366 3894 1432 3949 de
1479 3910 1541 3950 ea
1588 3895 1765 3951 dicere
1802 3911 1936 3964 quo-

351 3988 492 4041 niam
545 4001 652 4041 non
684 3994 788 4054 est,
818 3988 892 4040 ita
925 3986 1215 4041 secundum
1242 3987 1517 4041 veritatem
1563 3988 1936 4044 afﬁrmationis

284 4070 287 4071 ⁷
351 4078 434 4131 vel
489 4075 789 4147 negationis
832 4078 1127 4132 necessitas
1157 4079 1233 4133 rei
1266 4078 1622 4133 substantiam
1671 4082 1933 4149 sequitur,

349 4180 402 4225 et
431 4185 612 4225 rerum
634 4171 925 4225 necessitas
946 4171 1373 4240 propositiomtm
1396 4171 1678 4226 comitatur
1700 4173 1933 4227 necessi-

349 4271 539 4331 tatem,
569 4273 727 4330 atqne
758 4263 856 4316 hoc
887 4262 1099 4331 quidem
1143 4263 1195 4315 in
1228 4261 1393 4327 veris,
1428 4263 1479 4317 in
1525 4261 1677 4316 falsis
1723 4279 1934 4333 quoque

349 4353 490 4407 idem
519 4363 621 4419 est,
674 4355 993 4407 econtrario.
1028 4353 1157 4407 Nam
1214 4354 1259 4408 si
1313 4353 1441 4407 falsa
1484 4362 1569 4409 est
1614 4353 1921 4423 afﬁrmat-io,

351 4458 463 4497 rem
487 4443 557 4498 de
577 4436 681 4513 qua
710 4443 946 4514 loquitur
973 4458 1079 4498 non
1111 4458 1231 4498 esse
1261 4458 1482 4498 necesse
1509 4453 1612 4510 est,
1640 4454 1699 4499 ut
1728 4445 1773 4499 si
1798 4444 1930 4499 falsa

349 4548 431 4590 est
451 4507 737 4591 afﬁrmatio
760 4507 878 4607 quae
906 4537 1036 4591 dicit
1063 4537 1237 4605 picem
1283 4550 1404 4591 esse
1442 4536 1637 4603 albam,
1672 4551 1779 4591 non
1808 4552 1931 4593 esse
1959 4507 2014 4569 Β

349 4627 523 4681 albam
553 4628 722 4697 picem
756 4641 977 4683 necesse
1008 4636 1109 4681 est.
1144 4628 1345 4681 Rursus
1370 4627 1416 4681 si
1449 4626 1581 4681 falsa
1611 4637 1693 4699 est
1725 4630 1936 4697 negatio

350 4736 467 4790 quae
497 4720 629 4775 dicit
659 4721 837 4775 nivem
872 4735 978 4775 non
1007 4733 1127 4775 esse
1155 4719 1352 4786 albam,
1382 4721 1559 4775 nivem
1609 4734 1731 4775 esse
1757 4720 1934 4776 albam

350 4826 576 4866 necesse
612 4822 714 4866 est.
762 4812 968 4867 Rursus
996 4812 1043 4865 si
1073 4826 1163 4866 res
1210 4826 1314 4865 non
1347 4823 1449 4873 est,
1490 4811 1777 4867 afﬁrmatio
1804 4826 1935 4881 quo-

349 4919 452 4973 que
479 4904 546 4957 de
565 4918 627 4959 ea
656 4920 717 4959 re
744 4904 1050 4959 necessario
1082 4904 1207 4958 falsa
1241 4913 1338 4958 est.
1374 4904 1528 4969 Quod
1550 4904 1597 4959 si
1638 4918 1822 4959 rursus
1846 4918 1933 4960 res

350 5010 457 5049 non
485 4996 577 5061 sit,
599 4995 651 5048 id
682 4995 823 5064 quod
849 5005 1024 5063 potest
1045 4996 1247 5059 dicere,
1281 4994 1409 5048 falsa
1443 4997 1657 5064 negatio
1680 4996 1801 5049 sine
1826 4995 1934 5049 ulla

351 5084 708 5148 dubitatione,
757 5086 845 5139 illa
878 5087 1087 5155 negatio
1134 5088 1261 5140 l’alsa
1300 5094 1404 5150 est,
1459 5093 1512 5138 et
1542 5086 1640 5137 hoc
1677 5101 1795 5141 esse
1839 5101 1933 5141 ne-

350 5190 501 5231 cesse
521 5185 625 5240 est,
669 5185 724 5233 ut
752 5178 1004 5244 quoniam
1027 5177 1094 5231 de
1117 5178 1241 5231 nive
1267 5185 1444 5246 potest
1472 5179 1656 5232 dicere
1682 5179 1811 5233 falsa
1840 5193 1934 5234 ne-

350 5268 515 5334 gatio,
548 5267 799 5336 quoniam
826 5269 946 5323 alba
994 5283 1100 5323 non
1122 5277 1227 5332 est,
1269 5268 1370 5322 hoc
1399 5269 1571 5336 ipsum
1630 5268 1769 5336 quod
1800 5268 1930 5323 falsa

355 5359 568 5428 negatio
594 5359 747 5425 dicit,
778 5357 829 5413 id
863 5369 949 5414 est
986 5344 1167 5414 albam
1193 5372 1297 5412 non
1327 5371 1470 5422 esse,
1526 5373 1629 5411 non
1682 5369 1782 5413 est.
1832 5359 1931 5415 Nix

356 5454 499 5507 enim
533 5466 640 5506 non
684 5453 803 5505 alba
848 5466 959 5506 non
1014 5463 1123 5506 est.
1175 5449 1351 5517 Quare
1398 5464 1576 5504 rerum
1630 5451 1936 5507 necessitati

357 5544 566 5600 falsitas
594 5554 819 5614 utraque
838 5545 1192 5608 convertitur,
1228 5559 1351 5597 nam
1383 5543 1427 5596 si
1451 5552 1534 5596 est
1556 5543 1777 5611 aliquid,
1810 5559 1939 5603 vere

355 5637 424 5692 de
445 5637 635 5692 eodem
657 5637 875 5703 dicitur,
901 5635 1153 5706 quoniam
1173 5644 1275 5699 est,
1296 5645 1349 5688 et
1370 5636 1413 5687 si
1430 5649 1555 5689 vere
1577 5635 1769 5688 dicitur
1790 5636 1937 5690 illam

355 5744 470 5786 rem
501 5729 572 5785 de
586 5744 691 5800 qua
719 5744 846 5785 vere
868 5727 1069 5797 aliquid
1090 5725 1408 5791 praedicatur
1424 5740 1544 5780 esse
1567 5739 1787 5789 necesse
1810 5734 1893 5783 est
1914 5746 1930 5793 ;

2039 1868 2153 1937 ipse
2172 1872 2745 1938 planitts'demonstrat,
2772 1874 2955 1929 dicens
2976 1894 2989 1928 :

2114 1960 2420 2016 Utrumlibet
2449 1964 2581 2018 enim
2608 1965 2740 2017 nihil
2762 1966 2922 2037 magis
2945 1967 3016 2020 sic
3045 1968 3123 2020 vel
3150 1985 3251 2021 non
3277 1971 3349 2022 sic
3370 1986 3423 2023 se
3451 1958 3637 2034 habet,

2037 2061 2126 2105 aut
2147 2052 2367 2106 habebit.

2113 2144 2206 2197 Est
2233 2145 2373 2198 enim
2399 2146 2709 2201 utrumlibet
2738 2147 2898 2217 quod,
2931 2149 3014 2203 vel
3043 2148 3106 2203 ad
3138 2164 3275 2215 esse,
3318 2151 3401 2205 vel
3422 2153 3485 2207 ad
3515 2167 3620 2207 non

2037 2249 2155 2290 esse
2182 2237 2457 2305 aequaliter
2483 2252 2542 2294 se
2566 2240 2745 2306 habet,
2771 2240 2824 2295 id
2856 2251 2937 2295 est
2963 2257 3134 2311 neque
3173 2243 3301 2297 illud
3352 2259 3472 2300 esse
3520 2242 3636 2300 ne-'

2037 2343 2188 2383 resse
2219 2330 2307 2398 sit,
2343 2346 2514 2399 neque
2540 2346 2645 2386 non
2676 2346 2797 2387 esse
2821 2348 3038 2387 necesse
3059 2335 3146 2388 sit.
3172 2335 3500 2413 Putaverunt
3525 2320 3638 2431 (ιιι-ξ

2040 2431 2144 2475 tem
2167 2421 2405 2491 quidam,
2440 2438 2665 2491 quorum
2690 2425 2843 2478 stoici
2870 2441 3080 2494 quoque
3106 2438 3248 2493 sunt,
3282 2428 3620 2485 Aristotelem

2036 2512 2238 2577 dicere,
2274 2514 2327 2566 in
2358 2515 2536 2568 futuro
2561 2514 2930 2583 contingentes
2976 2531 3073 2595 nec
3104 2533 3275 2578 veras.
3313 2533 3409 2574 nec
3438 2512 3637 2584 falsas.r

2037 2604 2179 2675 quod
2207 2605 2347 2658 enim
2394 2604 2531 2660 dixit
2570 2605 2700 2659 nihil
2722 2620 2779 2659 se
2807 2608 2971 2675 magis
2999 2607 3062 2660 ad
3093 2623 3211 2662 esse
3237 2608 3433 2665 habere
3461 2627 3619 2681 quam

2038 2698 2103 2751 ad
2132 2712 2237 2751 non
2267 2713 2407 2762 esse,
2440 2697 2543 2752 hoc
2571 2686 2887 2763 putaverunt
2911 2710 3157 2768 tanquam
3183 2702 3313 2755 nihil
3346 2718 3436 2757 eas
3458 2704 3620 2758 inter-

2036 2796 2179 2843 esset
2210 2788 2369 2842 falsas
2427 2803 2494 2841 an
2520 2802 2672 2843 veras
2705 2790 2902 2855 putari,
2935 2804 3109 2859 neque
3136 2806 3292 2845 veras
3331 2793 3474 2846 enim
3529 2770 3635 2848 ne;

2037 2894 2141 2949 que
2178 2879 2338 2934 falsas
2368 2894 2487 2934 esse
2512 2880 2757 2934 arbitrati
2808 2891 2951 2949 sunt,
3003 2882 3095 2936 sed
3130 2882 3316 2936 falsum
3348 2895 3467 2950 est;
3513 2901 3619 2944 non

2039 2972 2184 3025 enim
2215 2967 2663 3026 Aristoteles'hoc
2692 2970 2843 3036 dicit,
2865 2972 3007 3040 quod
3040 2981 3277 3041 utrmque
3307 2989 3406 3029 nec
3452 2990 3614 3043 verte,

2040 3080 2137 3119 nec
2168 3063 2315 3118 falsae
2344 3064 2471 3126 sint,
2504 3064 2760 3132 setl'quod
2790 3078 2897 3119 una
2925 3065 3140 3134 quidem
3174 3067 3405 3133 ipsarum
3428 3069 3619 3137 quaeli-

1964 3143 2011 3208 C
2043 3155 2131 3209 bet
2158 3165 2246 3207 aut
2274 3169 2399 3209 vera
2429 3162 2518 3208 attt
2549 3154 2680 3208 falsa
2699 3163 2802 3209 est.
2836 3155 2949 3208 Non
2972 3164 3149 3211 tamen
3172 3157 3619 3225 quemadmodum

2042 3248 2094 3301 in
2128 3249 2410 3316 prmteritis
2432 3247 2669 3313 deﬁnite,
2699 3263 2797 3307 nec
2823 3249 3270 3317 quemadmodum
3306 3252 3361 3304 in
3387 3265 3619 3320 przesen-

2041 3339 2202 3404 tihus,
2235 3338 2329 3393 sed
2361 3339 2807 3393 enuntiativarum
2829 3355 3019 3393 vocum
3050 3341 3341 3410 duplicem,
3366 3343 3618 3411 quodam-

2039 3432 2201 3486 modo
2228 3446 2349 3487 esse
2371 3442 2633 3491 naturam,
2674 3446 2897 3498 quarum
2934 3433 3177 3501 quaedam
3209 3445 3387 3488 essent
3428 3435 3480 3487 in
3505 3435 3618 3504 qui-
3668 3420 3671 3421 ν

2037 3522 2138 3577 bus
2165 3536 2271 3576 non
2303 3522 2465 3577 modo
2491 3538 2674 3577 verum
2716 3531 2769 3576 et
2798 3522 2983 3574 falsum
3038 3524 3391 3589 inveniretur,
3437 3527 3529 3579 sed
3564 3528 3618 3583 in

2038 3614 2252 3684 quibus,
2287 3615 2447 3668 etiam
2476 3629 2635 3667 unam
2659 3628 2777 3667 esse
2798 3611 3015 3667 deﬁnite
3048 3628 3251 3674 veram,
3282 3617 3504 3669 alteram
3532 3617 3617 3671 de-

2039 3706 2190 3762 ﬁnite
2213 3705 2420 3769 falsam,
2443 3706 2499 3760 in
2530 3706 2648 3761 aliis
2688 3721 2815 3759 vero
2869 3720 2972 3760 una
3027 3707 3241 3771 quidem
3274 3722 3419 3770 vera.
3448 3708 3617 3765 altera

2040 3797 2191 3864 falsa,
2219 3797 2313 3851 sed
2341 3796 2636 3858 indeﬁnite,
2688 3804 2744 3851 et
2772 3796 3245 3860 commutabiliter,
3290 3805 3345 3850 et
3374 3797 3474 3853 hoc
3524 3812 3617 3865 per

2036 3903 2185 3943 suam
2215 3896 2484 3954 naturam,
2517 3903 2621 3941 non
2678 3889 2745 3941 ad
2778 3896 3014 3943 nostram
3058 3890 3409 3957 ignorantiam
3459 3898 3618 3958 atque

2038 3983 2303 4038 notitiam.
2336 3982 2596 4047 Quocirca
2628 3991 2772 4036 recte
2799 3982 2996 4035 dictum
3030 3990 3131 4044 est,
3170 3982 3213 4034 si
3260 3981 3435 4036 omnis
3470 3982 3617 4036 afﬁr-

2036 4076 2200 4129 matio
2222 4074 2304 4129 vel
2329 4073 2540 4143 negatio
2569 4088 2693 4126 vera
2723 4071 2940 4126 deﬁnite
2961 4072 3273 4139 esset,nihil
3308 4072 3418 4124 lit-ri
3441 4087 3616 4141 neque

2035 4180 2177 4231 esse,
2212 4165 2299 4218 vel
2331 4167 2489 4228 'casu,
2548 4164 2627 4217 vel
2657 4180 2684 4216 a
2716 4163 2987 4216 communi
3021 4161 3235 4215 nomine
3287 4163 3617 4229 utrumlibet,

2038 4272 2137 4311 nec
2158 4270 2277 4310 esse
2306 4266 2396 4308 aut
2419 4270 2523 4309 non
2558 4268 2676 4307 esse
2699 4255 3092 4323 contingenter,
3129 4253 3222 4309 sed
3246 4263 3334 4306 aut
3357 4268 3495 4318 esse,
3524 4263 3651 4321 aut;

2038 4363 2145 4403 non
2169 4363 2287 4403 esse
2317 4347 2554 4411 deﬁnite,
2581 4345 2673 4400 sed
2720 4346 2888 4415 magis
2936 4361 3002 4400 ex
3047 4347 3364 4400 necessitate
3410 4347 3611 4400 omnia.

2039 4442 2150 4496 Hoc
2189 4442 2333 4495 enim
2382 4440 2730 4505 consequitur
2782 4452 2904 4490 eum
2938 4437 3023 4505 qui
3056 4436 3204 4499 dicit,
3258 4446 3349 4489 aut
3378 4451 3498 4491 eum
3523 4438 3615 4504 qui

2040 4534 2269 4588 afﬁrmat
2297 4546 2477 4585 verum
2500 4544 2639 4593 esse,
2670 4537 2760 4581 aut
2788 4544 2910 4582 eum
2936 4528 3026 4596 qui
3053 4537 3241 4595 negat;
3272 4527 3410 4594 quod
3441 4527 3485 4581 si
3502 4528 3615 4581 .hoc

2042 4640 2224 4680 verum
2257 4633 2416 4687 esset,
2450 4620 2699 4675 similiter
2742 4632 2861 4673 cum
2909 4616 3154 4682 veritate,
3211 4617 3290 4668 vel
3327 4618 3495 4680 lieret,
3527 4615 3615 4672 vel

2039 4732 2157 4772 cum
2183 4714 2411 4769 falsitate
2462 4726 2566 4765 non
2615 4712 2785 4775 ﬁeret,
2829 4716 2883 4763 et
2926 4707 3067 4777 quod
3112 4718 3241 4761 Vere
3297 4707 3493 4761 falseve
3545 4707 3613 4760 ab

2039 4803 2492 4861 enuntiationibus
2519 4800 2816 4855 dicebatur.
2865 4798 3016 4864 Quod
3070 4796 3114 4851 si
3160 4796 3261 4851 hoc
3288 4798 3614 4865 impossibile

2041 4908 2142 4962 est,
2173 4907 2225 4952 et
2253 4905 2377 4951 sunt
2402 4892 2644 4963 quaedam
2691 4874 2777 4947 res
2806 4907 2921 4958 quae
2956 4890 3276 4945 necessitate
3318 4905 3421 4943 non
3468 4900 3609 4943 sunt.

2042 4984 2298 5045 Videmus
2322 4996 2413 5041 aut
2439 4986 2693 5055 quasdam
2722 5000 2843 5039 esse
2867 4999 3015 5052 casu,
3044 4984 3294 5050 quasdam
3333 4997 3398 5035 ex
3431 4984 3613 5035 volun.

2045 5088 2173 5146 tate,
2201 5077 2455 5148 quasdam
2486 5090 2549 5131 ex
2584 5075 2794 5144 propria
2828 5072 3183 5142 possibilitate
3224 5080 3455 5139 natura,
3506 5070 3613 5124 fru-

2043 5182 2150 5227 stra
2176 5177 2389 5240 putatur
2416 5168 2553 5221 sicut
2584 5166 2637 5220 in
2670 5165 2983 5234 praeteritis,
3005 5164 3076 5219 ita
3098 5176 3309 5233 quoque
3341 5163 3390 5214 in
3423 5160 3613 5214 futuris

2043 5261 2519 5325 enuntiationibus,
2548 5273 2706 5312 unam
2747 5270 2867 5312 esse
2915 5256 3142 5318 veram,"
3167 5253 3384 5307 alteram
3423 5252 3612 5305 falsam

2042 5354 2280 5411 deﬁnite.
2304 5352 2479 5419 Quare
2509 5348 2595 5404 hic
2624 5348 2834 5418 quidem
2868 5361 2972 5403 una
3011 5345 3108 5400 fuit
3132 5346 3249 5413 ejus
3278 5352 3612 5413 argumenta-

2043 5450 2139 5512 tio,
2177 5448 2335 5502 aliam
2382 5457 2511 5499 vero
2547 5442 2699 5512 quasi
2749 5444 2861 5510 ipse
2909 5439 3010 5495 sibi
3056 5450 3330 5504 opponens
3379 5436 3612 5505 aliquant

2037 5540 2385 5612 quaestionem
2414 5531 2986 5605 ingreditur‘validiore
3015 5534 3257 5582 tractatu.

2110 5631 2341 5702 Amplius
2372 5632 2415 5682 si
2437 5637 2509 5680 est
2537 5625 2709 5678 album
2736 5638 2890 5682 nunc,
2915 5634 3088 5673 verum
3116 5626 3224 5671 erat
3246 5616 3410 5669 dicere
3440 5614 3603 5686 prius,

2037 5729 2278 5800 quoniam
2310 5724 2403 5778 erit
2431 5721 2623 5782 album,
2666 5730 2822 5784 quare
2869 5728 3062 5781 semper
3094 5710 3193 5780 fuit
3223 5725 3395 5763 verum
3421 5710 3607 5775 dicere,
