3982 6334
455 351 562 411 ιο9

1645 355 1650 360 λ
1702 356 1811 410 ΑΝ.
1853 355 2060 430 uANL.
2101 353 2253 414 sev.
2298 355 2520 414 socru

3614 355 3728 411 5N)

456 467 719 538 quodlibet
746 484 915 522 eorum
947 483 1059 536 φηγ
1089 472 1222 538 facta
1247 477 1383 530 sunt,
1420 467 1657 535 quoniam
1693 468 1879 530 εει,νεί
1903 469 2025 538 erit.
2056 465 2368 527 Acessitati
2406 470 2546 540 valet
2600 471 2868 538 contrarie
2908 471 3275 541 pra-dicatum,
3324 481 3380 526 nt
3434 473 3554 550 ipse
3599 484 3729 542 post

462 558 610 623 Quod
641 563 685 612 si
711 574 902 626 semper
927 559 1028 628 [uit
1057 558 1244 621 dicere,
1290 561 1530 626 quoniam
1569 569 1640 611 est
1672 560 1743 612 rel
1777 559 1892 622 erit,
1925 574 2027 611 non

459 659 619 717 potest
640 649 734 701 Itoc
778 665 877 700 non
909 665 1034 712 esse,
1080 649 1154 700 vel
1188 665 1287 700 non
1317 649 1545 718 futurum
1569 666 1701 704 esse.
1747 649 1898 722 Quod
1926 665 2025 702 au-

457 751 553 793 tem
583 758 680 793 non
715 747 875 810 potest
917 757 1016 792 non
1045 741 1180 808 ﬁeri,
1223 740 1531 804 impossibile
1560 751 1632 794 est
1663 758 1763 793 non
1793 741 1926 812 ﬁeri.
1965 738 2029 792 Et

451 833 587 903 quod
614 833 920 896 impossibile
951 841 1021 885 est
1048 849 1146 884 non
1181 833 1316 900 ﬁeri,
1348 848 1545 884 necesse
1570 842 1641 886 est
1675 832 1807 899 ﬁeri.
1843 830 2030 883 Omnia

453 941 573 991 ergo
611 941 726 993 quae
768 926 939 995 futura
988 936 1134 989 sunt,
1177 941 1376 977 necesse
1406 934 1476 977 est
1526 923 1666 991 ﬁeri,
1717 921 1845 975 nihil
1875 922 2031 998 igitur

360 1055 368 1062 .
453 1017 771 1079 utrumlibet,
798 1031 958 1085 neque
1005 1031 1126 1068 casu
1161 1016 1254 1070 erit
1276 1056 1288 1078 ,
1322 1031 1440 1066 nam
1470 1015 1511 1067 si
1534 1029 1656 1066 casu
1677 1055 1690 1070 .
1717 1028 1818 1086 non
1847 1028 1910 1065 ex
1941 1027 2029 1064 nc-

451 1108 695 1158 cessitate.

522 1197 598 1249 Ad
631 1196 974 1250 astruendtun
1018 1212 1124 1250 non
1157 1212 1274 1250 esse
1297 1211 1487 1254 omnes
1514 1196 1911 1250 enuntiationes
1935 1196 2034 1252 ve;

406 1267 419 1280 ’
450 1303 536 1340 ras
567 1287 782 1340 definite
807 1289 858 1340 in
893 1289 1068 1341 futuro
1096 1288 1178 1342 vel
1211 1288 1368 1342 falsas
1397 1333 1410 1354 ,
1437 1304 1506 1346 ,εχ
1531 1288 1718 1342 eadem
1749 1303 2034 1358 argumen-

450 1381 666 1431 tationis
724 1380 939 1443 virtute,
969 1391 1021 1433 et
1061 1394 1124 1431 ex
1170 1379 1359 1432 eodem
1403 1378 1772 1448 possibilitatis
1814 1389 2030 1442 eventu,

449 1472 714 1526 diversam
763 1481 939 1525 tamen
992 1473 1288 1542 ingreditur
1335 1472 1816 1548 argumentationis
1866 1471 2028 1524 viam.

449 1560 656 1615 Dudum
685 1564 826 1614 enim
855 1577 919 1618 ex
952 1563 1032 1614 his
1059 1579 1175 1631 quae
1204 1563 1433 1638 nondum
1462 1573 1613 1616 erant
1643 1562 1797 1626 faeta,
1833 1563 1875 1615 si
1908 1577 2033 1614 vere

450 1651 626 1712 fututa
675 1669 794 1708 esse
855 1654 1292 1728 prmdlicereutur,
1346 1655 1397 1707 itt
1452 1653 1612 1708 rebus
1657 1654 2031 1708 necessitatem

449 1746 618 1802 solam
663 1761 785 1800 esse
811 1762 968 1815 po~se
996 1747 1229 1812 collegit.
1265 1745 1412 1798 Nunc
1443 1758 1620 1799 autem
1646 1761 1709 1802 ex
1745 1745 1827 1797 his
1868 1743 2030 1816 rebus

2133 559 2332 630 docuit.
2383 559 2517 636 Nam
2573 560 2716 642 quod
2775 564 3105 634 impossibile
3152 576 3232 626 est
3286 581 3428 636 esse,
3495 582 3728 620 necesse

2132 663 2217 705 est
2273 668 2378 706 non
2425 667 2564 724 esse.
2616 653 2766 728 Quod
2817 671 3036 710 necesse
3092 667 3170 709 est
3219 659 3408 728 ut.sit,
3464 660 3726 726 possibile

2129 758 2240 816 non
2286 754 2367 796 est
2416 743 2543 798 illud
2603 760 2706 797 non
2749 761 2889 814 esse,
2935 747 3074 818 quod
3127 749 3268 816 tuin;
3320 759 3376 802 ut
3430 750 3500 802 sit
3545 765 3727 824 possu-

2137 832 2244 890 bile
2271 848 2374 887 non
2405 845 2508 904 est,
2536 851 2639 888 non
2674 851 2793 890 esse
2825 852 3043 892 necesse
3064 848 3166 890 est.
3206 839 3357 906 Quod
3405 839 3450 894 si
3485 841 3588 894 hoc
3614 851 3724 906 est,

2136 932 2191 996 et
2217 926 2482 998 contraria
2514 943 2572 982 se
2597 927 2786 984 eodem
2813 929 2972 982 modo
3004 931 3294 985 habebunt.
3323 933 3474 998 Quod
3508 946 3588 987 est
3623 936 3728 986 im-

2139 1016 2392 1084 possibile
2421 1032 2524 1086 non
2547 1033 2690 1086 eSse,
2720 1019 2820 1073 hoc
2844 1034 2964 1074 esse
2988 1036 3207 1082 necesse
3248 1033 3350 1076 est.
3377 1024 3482 1077 Sed
3516 1025 3724 1078 dictum

2135 1115 2220 1160 est
2251 1121 2310 1160 ea
2342 1121 2461 1176 qua:
2499 1123 2622 1163 vere
2671 1111 3027 1180 pra-dicantur
3067 1113 3395 1188 impossibile
3450 1128 3574 1167 esse
3615 1131 3726 1168 non

2134 1210 2277 1262 esse,
2327 1196 2429 1252 hoc
2456 1208 2634 1253 autem
2683 1213 2765 1255 εει
2797 1216 2860 1255 ex
2899 1205 3223 1257 necessitate
3247 1219 3384 1258 esse.
3435 1205 3509 1258 Ea
3562 1207 3730 1274 igitur

2136 1306 2253 1360 quae
2294 1291 2661 1358 praedicuntur
2697 1308 2762 1348 ex
2790 1297 3118 1349 necessitate
3167 1298 3337 1349 futura
3383 1307 3530 1351 sunt.
3578 1297 3726 1350 Nihil

2135 1378 2299 1452 igitur
2329 1385 2653 1450 utrumlibet,
2691 1400 2863 1456 neque
2887 1400 3038 1452 casn,
3074 1402 3246 1455 neque
3276 1388 3495 1440 omnino
3529 1404 3729 1441 serun-

2137 1475 2261 1527 dnm
2317 1475 2540 1532 liberum
2591 1478 2889 1544 arbitrium,
2924 1479 3065 1547 quod
3098 1479 3402 1533 utrumlibet
3451 1481 3730 1552 signiﬁca-

2137 1566 2213 1619 tio
2249 1577 2414 1620 totum
2442 1568 2651 1622 clausit.
2691 1568 2820 1622 Nam
2846 1569 2983 1642 quod
3017 1570 3140 1623 dicit
3186 1571 3517 1630 utrumlibet,
3555 1573 3730 1638 possi-

2138 1656 2415 1721 bilitatem,
2445 1668 2501 1713 et
2519 1674 2722 1732 casum,
2771 1670 2824 1715 et
2857 1661 3078 1714 lilnrnm
3111 1663 3161 1716 in
3210 1662 3610 1734 signiﬁcatione
3637 1679 3729 1717 ar-

2137 1748 2353 1806 bitrium
2381 1758 2542 1803 tenet.
2575 1750 2714 1820 Ergo
2759 1751 2890 1804 nihil
2946 1751 3000 1804 lit
3031 1767 3179 1820 casu.
3223 1749 3352 1806 Nam
3395 1755 3441 1828 si
3475 1757 3728 1826 quaedam

450 1825 571 1905 qua:
596 1836 747 1890 laetae
773 1846 916 1898 sunt,
956 1846 1266 1910 argumenta
1296 1837 1471 1888 iunem
1505 1835 1668 1904 capit,
1703 1837 1746 1887 si
1772 1849 1898 1889 vere
1927 1849 2029 1887 an-
2060 1835 2109 1898 Β
2137 1840 2250 1895 ﬁeri
2275 1855 2400 1895 casu
2423 1841 2585 1905 di’cat,
2617 1841 2704 1896 ille
2736 1858 2920 1904 rursus
2958 1844 3008 1896 in
3050 1859 3110 1897 ea
3143 1859 3200 1898 re
3229 1825 3447 1920 perimit.
3479 1825 3728 1900 necessi-

453 1937 666 1996 tequam
740 1930 930 1982 tierent
977 1930 1418 2002 prtetlicetentor,
1481 1929 1817 1982 necessitatis
1889 1943 2028 1980 nexu

450 2035 672 2074 eventus
705 2037 878 2074 rerum
908 2021 1144 2075 omnium
1176 2021 1434 2074 centineri
1462 2036 1476 2078 ;
1509 2020 1839 2072 arbitrantur
1885 2019 2030 2072 enim

452 2113 508 2168 lli
549 2115 637 2186 qui
681 2113 865 2167 dicunt
907 2113 1330 2180 contingentium
1361 2127 1574 2182 quoque
1601 2110 2030 2180 propositionum

449 2205 692 2259 stabilem
721 2219 840 2259 esse
878 2205 1265 2260 enuntiationis
1305 2205 1520 2258 modum
1571 2202 1863 2256 secundum
1895 2200 2036 2254 veri-

453 2304 613 2351 tatem
660 2297 862 2350 scilicet
897 2307 1056 2366 atque
1105 2296 1467 2372 mendacium,
1513 2294 1652 2368 quod
1684 2293 1863 2345 omnia
1888 2305 2036 2360 qua!-

449 2403 658 2456 cunque
684 2387 823 2440 facta
854 2397 997 2451 sunt,
1049 2387 1313 2458 inquiunt,
1366 2397 1586 2456 potuere
1627 2385 1870 2458 prted.ci,
1901 2397 2035 2454 quo-

450 2481 596 2534 niam
629 2479 775 2533 lient.
813 2479 920 2532 lloc
963 2482 1102 2533 enim
1155 2480 1208 2532 in
1257 2488 1450 2532 natura
1499 2477 1712 2564 quidem
1760 2478 1856 2528 luit
1886 2487 2032 2548 ante,

451 2574 543 2627 led
594 2572 745 2626 nobis
789 2577 888 2628 hoc
947 2575 1020 2628 rei
1073 2573 1235 2637 ipsius
1287 2571 1537 2648 patefacit
1583 2580 1826 2624 eventus.
1857 2570 2035 2644 Qaare

449 2664 495 2734 ti
547 2665 725 2717 omnia
768 2680 1098 2742 quaecunque
1160 2668 1435 2719 evenerint
1476 2671 1601 2744 sunt
1635 2704 1649 2729 ,
1704 2672 1757 2718 et
1805 2676 1869 2717 ea
1914 2677 2034 2732 quae

452 2766 575 2812 sunt
607 2754 784 2836 il'utura
815 2774 933 2813 esse
965 2757 1181 2828 praedici
1215 2766 1524 2832 νυιυειιηιιιιρ
1565 2771 1786 2830 necesse
1811 2765 1894 2818 est
1921 2771 2038 2828 om-

452 2854 538 2906 nia
566 2868 682 2920 qua:
727 2853 998 2920 dicuntur,
1052 2861 1143 2905 aut
1182 2850 1400 2906 delinite
1439 2865 1562 2906 vera
1603 2865 1745 2917 esse,
1775 2858 1868 2904 aut
1903 2847 2038 2903 deli-

451 2947 562 3002 nite
593 2947 745 3012 lalsa,
778 2948 1029 3016 quoniam
1058 2946 1310 3008 definitus
1356 2960 1541 3000 eorum
1589 2954 1816 3000 eventus
1847 2959 2036 3000 secun-

451 3039 576 3092 dum
609 3053 845 3106 praesens
881 3050 1089 3106 tempus
1121 3046 1222 3090 est.
1255 3038 1433 3112 Quare
1463 3035 1515 3090 in
1555 3036 1805 3090 omnibus
1837 3036 1888 3088 in
1916 3034 2038 3103 qui-

451 3131 553 3184 bus
611 3128 809 3196 aliquid
857 3130 1078 3195 evenit,
1129 3143 1315 3204 verum
1365 3135 1481 3192 erat
1525 3126 1742 3192 dicere,
1787 3126 2036 3202 quoniam

2136 1945 2321 1998 tatem,
2351 1935 2491 2005 quod
2524 1936 2666 1992 enim
2714 1952 2840 2006 casu
2869 1947 2970 2002 est,
3008 1951 3112 2006 non
3165 1951 3228 1989 ει
3261 1940 3590 1993 necessitate
3619 1950 3725 2004 est,

2135 2027 2266 2082 nihil
2291 2037 2468 2082 autem
2496 2028 2553 2081 lit
2583 2042 2730 2098 casn,
2785 2031 3032 2112 quoniam
3063 2028 3240 2088 omnia
3282 2042 3346 2082 ex
3397 2031 3731 2087 necessitate

2135 2122 2476 2196 proveniunt,
2526 2137 2860 2194 qumcunque
2913 2121 3205 2176 enuntiatio
3262 2136 3388 2176 vera
3447 2124 3728 2204 Prmdixit.

2137 2201 2524 2266 Evenitautem
2579 2213 2875 2284 hujusmodi
2929 2199 3540 2281 impossibilitas'ex'eo
3581 2214 3730 2282 quod

2137 2321 2451 2362 concessum
2497 2316 2575 2360 est
2627 2308 2792 2382 prius,
2821 2308 2997 2361 omnia
3044 2324 3378 2380 quzccunque
3419 2309 3559 2361 facta
3602 2320 3731 2364 sunt

2137 2397 2355 2451 deﬁnite
2386 2411 2510 2454 vere
2540 2397 2754 2470 pra-diei
2788 2399 3042 2466 potuisse.
3073 2399 3201 2470 Nam
3232 2400 3274 2453 si
3305 2415 3370 2456 ex
3402 2399 3634 2454 occessit
3657 2410 3732 2454 nte

2136 2492 2398 2568 contingit
2427 2491 2476 2544 id
2516 2489 2654 2568 quod
2686 2492 2883 2556 evenit,
2915 2504 3094 2546 verum
3128 2491 3224 2544 fuit
3254 2490 3431 2546 dicere
3469 2491 3732 2568 quoniam

2137 2587 2262 2656 erit,
2282 2582 2423 2652 quod
2457 2582 2500 2656 si
2532 2596 2596 2635 ex
2623 2580 2939 2642 necessitate
2967 2597 3070 2644 non
3093 2581 3373 2654 contingit,
3396 2579 3491 2636 sed
3517 2584 3732 2658 contin-

2139 2680 2351 2744 genter,
2397 2686 2500 2724 non
2531 2671 2706 2739 potius
2733 2684 2913 2722 verum
2958 2669 3050 2721 fuit
3094 2669 3275 2722 dici-re
3315 2670 3732 2738 quoniamerit.

2139 2763 2235 2836 sed
2263 2763 2429 2836 magis
2456 2764 2706 2834 quoniam
2737 2763 2995 2834 contingit
3021 2776 3168 2830 esse;
3197 2779 3315 2815 nam
3338 2762 3426 2836 qui
3454 2761 3732 2828 diciterit,

2135 2855 2231 2934 ille
2244 2855 2525 2930 quamdam
2545 2856 2912 2928 necessitatem
2937 2853 2988 2906 in
3026 2855 3134 2930 ipsa
3157 2853 3537 2926 prmdiratione
3563 2856 3732 2924 punit.

2141 2947 2255 3002 Hoc
2284 2947 2405 3001 inde
2435 2945 2764 3020 intelligitur,
2788 2947 2925 3012 quod
2957 2945 3003 2997 si
3029 2960 3148 2997 vere
3176 2945 3316 3008 dicat
3339 2933 3578 3004 futurum
3612 2959 3736 3002 esse

2141 3038 2194 3114 id
2225 3041 2364 3112 quod
2393 3039 2720 3120 praedicitur,
2756 3037 3085 3108 impossibile
3111 3036 3166 3087 ﬁt
3195 3052 3297 3110 non
3321 3038 3457 3110 lieri.
3498 3037 3612 3090 Hoc
3637 3053 3738 3090 au-

2144 3140 2248 3185 tem
2290 3147 2352 3186 ex
2383 3131 2705 3198 necessitate
2743 3129 2814 3184 sit
2842 3130 2978 3204 ﬁeri,
3010 3143 3138 3198 ergo
3179 3129 3268 3210 qui
3297 3129 3362 3182 di«
3385 3129 3424 3182 it
3477 3134 3738 3206 quoniam

451 3229 766 3276 eventurum
797 3228 896 3284 est,
925 3228 978 3274 et
1005 3219 1050 3294 si
1098 3218 1331 3290 nondum
1363 3218 1536 3272 adhuc
1566 3218 1759 3280 factum
1790 3228 1892 3272 est.
1929 3217 2039 3272 Hoc
2143 3220 2245 3274 erit
2267 3217 2467 3308 aliquid
2493 3232 2680 3292 eorum
2714 3234 2832 3290 quae
2863 3222 3236 3288 contingenter
3265 3221 3539 3290 eveniunt,
3581 3219 3632 3272 in
3670 3235 3738 3276 eo

453 3321 628 3368 autem
675 3311 764 3366 illa
803 3327 888 3366 res
933 3311 1122 3382 probat
1153 3327 1334 3366 verum
1383 3311 1545 3368 fuisse
1578 3324 1701 3388 tunc
1743 3309 1867 3373 dici,
1899 3326 2037 3382 quo-

453 3404 597 3458 niam
624 3403 804 3458 evenit
844 3405 893 3458 id
921 3405 1060 3474 quod
1091 3403 1306 3474 prtedici
1341 3414 1604 3474 patuerat,
1641 3389 1784 3484 quod
1815 3405 1857 3456 si
1905 3417 2040 3480 pne-

454 3494 652 3548 dictum
685 3506 848 3560 esset,
882 3510 966 3550 res
994 3504 1250 3560 eventura
1272 3494 1488 3570 deﬁnita
1535 3493 1754 3572 veritate
1786 3491 2037 3570 pra‘dice-

454 3597 621 3643 retur.
655 3591 763 3642 lloc
815 3590 1132 3646 Aristoteles
1175 3603 1392 3644 sumens
1436 3588 1502 3642 ad
1537 3589 1678 3648 idem
1710 3586 2038 3668 imtngssibile

453 3679 783 3736 validissima
814 3681 1022 3736 ratione
1055 3681 1324 3749 perducit,
1377 3689 1433 3734 et
1477 3677 1754 3748 [trahentis
1784 3688 2037 3754 tempore

452 3786 694 3832 naturam
735 3792 854 3828 cum
881 3775 1040 3842 futuri
1067 3773 1438 3834 enuntiatione
1465 3771 1863 3848 coniungit.Ait
1895 3769 2034 3824 enim

454 3865 626 3918 simile
655 3880 774 3918 esse
804 3865 870 3918 de
894 3868 1247 3934 praesentibus
1272 3864 1556 3918 enuntiare
1580 3859 1875 3918 secundum
1904 3863 2042 3916 veri-

454 3959 578 4012 tatis
620 3957 994 4012 necessitatem
1025 3968 1074 4012 et
1124 3957 1192 4010 de
1238 3957 1449 4010 futuris.
1502 3958 1633 4014 Nam
1666 3956 1711 4010 si
1741 3971 1925 4032 verum
1956 3961 2041 4010 est

455 4050 656 4115 dicere,
685 4049 939 4118 quoniam
971 4059 1056 4103 est
1087 4049 1307 4122 ahquid,
1339 4062 1460 4102 eSse
1489 4061 1712 4116 necesse
1759 4055 1864 4122 est,
1897 4054 1951 4100 et
1992 4046 2038 4099 si

455 4157 654 4209 verum
677 4155 758 4198 est
787 4144 986 4208 dicere,
1029 4144 1284 4216 quoniam
1335 4143 1457 4208 erit,
1509 4141 1741 4198 futurum
1771 4153 1893 4206 esse
1923 4137 2041 4206 sine

396 4271 410 4280 ς
455 4237 618 4292 dubio
665 4251 885 4290 necesse
932 4244 1036 4290 est.
1070 4235 1257 4288 Omnia
1303 4231 1462 4300 igitur
1493 4246 1558 4284 ex
1608 4230 1929 4284 necessitate
1961 4229 2041 4306 [μ-

387 4309 400 4320 ’
460 4338 580 4382 tura
607 4336 750 4393 sunt,
777 4327 841 4379 ad
875 4325 1036 4390 idem,
1070 4325 1299 4388 scilicet,
1335 4319 1668 4398 impossibile
1696 4325 2042 4400 argumenta-

456 4420 653 4472 tionem
686 4417 921 4470 trahens.
971 4415 1140 4476 Sumit
1185 4422 1362 4484 autem
1407 4412 1564 4482 hujus
1596 4410 2039 4490 impgssibilikttis

455 4509 697 4566 ordinem
740 4524 804 4562 ex
838 4507 919 4560 his
952 4505 1404 4576 pr0positiunibus
1459 4516 1579 4574 quae
1623 4501 1893 4555 faciliores
1916 4499 2037 4572 quis

2141 3309 2284 3382 quod
2316 3309 2548 3361 futurum
2575 3323 2692 3361 esse
2719 3308 2868 3373 dicit,
2905 3310 2954 3360 id
2982 3307 3119 3375 quod
3143 3308 3511 3376 contiogenter
3533 3311 3738 3372 evenit,

2143 3393 2371 3474 fortasse
2421 3397 2704 3472 mentitur;
2758 3399 2839 3451 vel
2872 3398 2916 3451 si
2965 3398 3251 3472 contigerit
3315 3413 3400 3452 res
3454 3399 3542 3451 illa
3579 3416 3738 3470 quam

2143 3491 2405 3572 praedicit,
2443 3489 2532 3544 ille
2560 3499 2736 3544 tamen
2778 3491 3031 3546 mentitus
3058 3503 3160 3556 est,
3204 3508 3310 3545 non
3341 3493 3485 3546 enim
3511 3505 3737 3550 eventus

2145 3584 2312 3656 l'alsus
2354 3594 2457 3662 est,
2510 3584 2603 3639 sed
2659 3584 2849 3644 modus
2900 3587 3314 3674 pra-dicationis.
3373 3587 3619 3664 Namque
3665 3591 3740 3648 ita

2141 3677 2380 3747 oportuit
2438 3676 2658 3740 dicere,
2713 3692 2831 3731 cras
2875 3679 3073 3732 bellum
3132 3681 3319 3732 navale
3363 3680 3738 3750 contingenter

2144 3751 2376 3834 eveniet,
2411 3751 2512 3822 hoc
2540 3778 2624 3824 est
2651 3766 2852 3836 dicere,
2900 3770 2972 3824 ita
3019 3769 3234 3824 eveniet
3278 3772 3320 3842 si
3363 3772 3630 3836 evenerit,
3678 3780 3737 3828 ut

2141 3861 2378 3936 potuerit
2405 3877 2511 3915 non
2541 3862 2775 3915 evenire.
2813 3861 2924 3915 lloc
2961 3875 3088 3931 ergo
3123 3863 3210 3929 qui
3243 3861 3392 3927 dicit,
3435 3877 3623 3914 verum
3656 3863 3737 3932 di-

2143 3954 2234 4007 cit.
2288 3953 2551 4026 Eveptum
2599 3953 2738 4022 enim
2771 3953 3144 4024 contingenter
3175 3953 3442 4022 prmdixit.
3487 3955 3587 4019 Qui
3641 3971 3736 4006 au-

2146 4058 2252 4104 tem
2285 4044 2358 4096 ita
2381 4042 2531 4108 dicit,
2574 4057 2690 4097 cras
2721 4044 2822 4098 erit
2865 4045 3059 4097 bellum
3092 4044 3300 4116 navale,
3329 4045 3478 4114 quasi
3512 4059 3736 4102 ηερρςςε

2143 4137 2235 4204 sit,
2265 4136 2336 4188 ita
2365 4135 2694 4208 pronuntiat,
2735 4137 2876 4206 quod
2907 4139 2952 4190 si
2975 4141 3235 4208 evenerit,
3264 4153 3367 4192 non
3392 4140 3502 4208 jam
3531 4140 3736 4214 idcirco

2144 4228 2268 4302 quia
2302 4228 2570 4304 prmdixit,
2596 4245 2782 4282 verum
2816 4229 3042 4296 dixerit,
3072 4215 3320 4299 quoniam
3349 4229 3399 4284 id
3429 4234 3570 4302 quod
3603 4247 3735 4284 con-

2145 4321 2410 4398 tingenter
2451 4332 2764 4396 eventurum
2796 4332 2931 4400 erat,
2975 4325 3279 4402 necessarie
3331 4321 3567 4376 futurum
3612 4339 3736 4377 esse

2143 4415 2410 4494 prtpdixit.
2443 4414 2558 4470 Non
2588 4430 2715 4492 ergo
2745 4415 2798 4468 in
2821 4425 3014 4468 eventu
3032 4425 3110 4484 est
3140 4413 3364 4500 falsitas,
3387 4414 3478 4467 sed
3511 4415 3562 4482 in
3594 4431 3734 4490 ιιι-τε-

2145 4506 2425 4562 dicationis
2446 4507 2626 4584 modo.
2651 4507 3102 4584 Quemadmodum
3124 4507 3264 4559 enim
3293 4507 3338 4559 si
3364 4507 3486 4582 quis
3509 4506 3735 4570 Socrate

455 4601 576 4658 dem
607 4601 670 4654 ad
721 4600 1048 4664 intellectum
1095 4604 1241 4666 sunt,
1293 4596 1432 4658 idem
1487 4602 1667 4648 tamen
1706 4592 1883 4646 valent
1938 4590 2040 4666 hoc
2143 4595 2450 4658 ambulante
2483 4573 2633 4650 ‘dicat
2663 4573 2689 4648 ε⁷
2709 4596 2957 4652 Socrates
2990 4612 3054 4650 ex
3103 4597 3420 4650 necessitate
3445 4575 3728 4658 Iamltnlat,

455 4691 617 4746 modo
651 4709 660 4743 :
695 4690 749 4745 Si
773 4705 1004 4758 semper.
1038 4689 1232 4764 inquit,
1282 4703 1464 4742 verum
1520 4697 1605 4742 est
1645 4685 1848 4760 dicere,
1897 4699 2033 4766 quo-

455 4782 598 4836 niam
631 4790 733 4845 est,
782 4781 870 4836 vel
907 4781 1030 4846 erit,
1070 4778 1327 4852 quidquid
1373 4777 1515 4838 enim
1561 4786 1685 4850 tunc
1729 4793 1912 4832 verum
1938 4775 2040 4830 fuit

454 4871 770 4942 praedicere,
803 4871 933 4924 illud
961 4885 1064 4934 non
1100 4880 1275 4939 potest
1305 4877 1414 4924 non
1444 4884 1588 4946 esse,
1619 4884 1719 4940 nec
1754 4884 1858 4946 non
1889 4867 2037 4922 futu-

455 4980 572 5020 rum
602 4981 744 5030 esse,
790 4966 1237 5038 quemadmodum
1267 4965 1406 5024 enim
1440 4965 1489 5024 id
1517 4965 1658 5038 quod
1700 4966 1755 5030 in
1789 4965 2038 5035 praesenti

457 5072 582 5116 vere
609 5058 802 5114 dicitur
831 5072 970 5121 esse,
1000 5057 1101 5118 hoc
1129 5071 1251 5114 'non
1289 5065 1468 5125 potest
1503 5071 1609 5128 non
1634 5073 1776 5124 esse,
1825 5069 1881 5140 et
1912 5073 2037 5114 vera

453 5157 518 5206 de
550 5167 612 5206 ea
643 5150 934 5220 propositio
963 5149 1083 5216 fuit,
1112 5166 1230 5219 quae
1270 5150 1482 5206 dicebat
1524 5165 1669 5218 esse,
1718 5152 1790 5208 ita
1821 5166 2036 5226 queque

452 5246 504 5298 in
538 5245 717 5298 loturo
739 5257 860 5310 quae
884 5242 1012 5302 dicit
1038 5241 1241 5309 aliquid
1271 5241 1504 5300 futurum
1548 5257 1691 5314 esse,
1717 5243 1804 5316 illa
1845 5243 1891 5312 si
1913 5255 2038 5296 vera
2073 5251 2088 5264 ‘

452 5346 551 5394 cst,
600 5350 704 5390 non
739 5344 913 5402 potest
965 5349 1070 5392 non
1128 5334 1364 5394 futurum
1410 5351 1546 5406 esse,
1575 5338 1716 5407 quod
1772 5334 2032 5408 medici!-

453 5426 601 5491 Quod
625 5428 668 5482 si
698 5443 801 5479 non
829 5434 1002 5494 potest
1027 5441 1132 5490 non
1163 5427 1275 5482 lleri
1307 5428 1445 5496 quod
1475 5445 1504 5483 a
1526 5445 1644 5490 vera
1675 5427 2037 5504 propositione

452 5518 776 5585 prauiieitur,
812 5517 1144 5583 impossibile
1174 5529 1259 5576 est
1281 5534 1387 5578 non
1417 5521 1554 5590 lteri,
1587 5520 1726 5590 idem
1770 5517 1914 5590 enim
1953 5524 2036 5586 ρει

451 5608 652 5671 ιιίρετε,
685 5623 790 5663 non
833 5619 1009 5684 potest
1051 5625 1156 5664 non
1188 5609 1322 5676 ﬁeri,
1368 5611 1507 5680 quod
1543 5611 1742 5676 dicere,
1791 5605 2036 5680 impossi-

451 5700 557 5758 bile
585 5708 800 5756 estnon
847 5702 987 5756 l‘teri.
1033 5701 1182 5768 Quod
1231 5714 1408 5764 autem
1439 5700 1768 5771 impossibile
1814 5708 1894 5768 est
1925 5711 2030 5772 nan

457 5789 592 5850 ﬁeri.
621 5805 841 5846 necesse
865 5801 946 5846 est
989 5792 1126 5847 fieri.
1176 5791 1513 5862 lmpossibile
1558 5790 1699 5844 enim
1748 5789 1887 5844 idem
1937 5803 2033 5843 ne-

2148 4688 2238 4744 ille
2267 4689 2524 4764 mentitus
2552 4695 2635 4740 est
2665 4702 2770 4740 non
2800 4693 2856 4740 in
2891 4703 2955 4764 eo
2985 4687 3124 4764 quod
3175 4689 3422 4743 Socrates
3467 4692 3726 4755 ambu'at,

2147 4777 2240 4832 sed
2266 4777 2317 4832 in
2341 4761 2405 4832 eo
2433 4777 2573 4850 quod
2599 4777 2685 4832 ille
2714 4793 2780 4830 ex
2803 4761 3121 4852 necessitate
3146 4793 3267 4856 enin
3291 4780 3567 4856 ambulare
3592 4800 3730 4854 pne-

2146 4867 2361 4946 dicavil,
2391 4868 2462 4948 ita
2498 4885 2708 4938 quoque
2749 4869 2798 4921 in
2841 4869 2983 4923 hoc:
3027 4870 3124 4934 Qui
3162 4870 3293 4946 dicit
3341 4871 3594 4950 quoniam
3626 4876 3733 4928 erit

2145 4962 2360 5044 aliquid,
2395 4957 2566 5036 etiam'
2583 4963 2626 5016 si
2658 4963 2757 5016 hoc
2788 4963 2898 5026 liat,
2944 4963 3032 5018 ille
3064 4975 3239 5038 tamep
3284 4965 3446 5036 lalsus
3478 4981 3509 5018 e
3543 4975 3585 5031 t,
3622 4982 3728 5036 non

2146 5057 2197 5132 in
2229 5071 2294 5111 eo
2318 5055 2457 5134 quod
2487 5055 2684 5126 factum
2712 5063 2813 5119 est,
2844 5055 2936 5109 sed
2961 5055 3012 5108 in
3044 5070 3111 5109 eo
3136 5057 3274 5123 quod
3307 5075 3407 5108 non
3435 5058 3507 5130 ita
3530 5059 3726 5112 factum

2143 5156 2246 5216 est,
2280 5157 2338 5202 ut
2367 5149 2457 5202 ille
2490 5147 2736 5218 prmdixit
2773 5147 3030 5202 futurum.
3080 5149 3230 5224 Quod
3273 5149 3315 5203 si
3347 5166 3533 5224 verum
3584 5163 3726 5224 esset

2143 5239 2382 5306 deﬁnite,
2428 5253 2493 5293 ex
2527 5241 2841 5294 necessitate
2869 5249 3013 5304 esset
3043 5221 3296 5304 futurum.
3341 5221 3504 5312 Igitur
3535 5221 3598 5296 es
3635 5259 3724 5296 nc-

2143 5333 2392 5386 cessitate
2447 5333 2681 5388 futurum
2723 5348 2841 5410 esse
2888 5335 3154 5404 praedixit,
3207 5334 3562 5418 quatiuntque
3607 5339 3723 5391 sine

2143 5424 2251 5480 ullo
2280 5425 2384 5479 alio
2413 5425 2573 5479 modo
2610 5436 2925 5502 eventprpm
2967 5429 3352 5508 prouuttliavit.
3404 5428 3581 5496 Quare
3615 5445 3720 5483 non

2140 5517 2194 5584 in
2223 5527 2415 5572 eventu
2443 5518 2541 5584 rei,
2571 5519 2664 5573 sed
2701 5520 2752 5572 in
2777 5519 3170 5604 praedicatigpis
3199 5523 3590 5600 enuntiatione,
3619 5522 3714 5576 fal-

2137 5609 2269 5665 sitas
2318 5609 2602 5679 invenitur.
2645 5613 2863 5680 Oportet
2899 5612 3042 5688 epim
3075 5613 3130 5692 in
3171 5615 3600 5696 cpntingentibus
3647 5617 3718 5670 ita

2138 5702 2338 5780 aliquid
2366 5703 2674 5776 praedicere,
2723 5705 2766 5758 si
2798 5719 2926 5760 vera
2947 5711 3050 5778 erit
3093 5707 3412 5790 enuntiatio,
3466 5719 3524 5790 ιρι
3572 5709 3716 5782 dient

2136 5795 2354 5865 quidem
2383 5793 2616 5851 futurum
2645 5810 2766 5851 esse
2793 5797 3017 5866 aliquid,
3063 5798 3155 5852 sed
3186 5799 3279 5862 ita,
3309 5810 3368 5854 ut
3396 5815 3584 5856 rursus
3623 5816 3710 5856 re-
