  <div class='ocr_page' id='page_1' title='image "/cluster/home/n/w/nwhite01/storage/ocr_20150623/64/hvd.32044024222309/258.png"; bbox 0 0 4090 6342; ppageno 0'>
   <div class='ocr_carea' id='block_1_1' title="bbox 275 385 373 444">
    <p class='ocr_par' dir='ltr' id='par_1_1' title="bbox 275 385 373 444">
     <span class='ocr_line' id='line_1_1' title="bbox 275 385 373 444; baseline 0.01 -1"><span class='ocrx_word' id='word_1_1' title='bbox 275 385 373 444; x_wconf 73' lang='grc' dir='ltr'>ιθι</span> 
     </span>
    </p>
   </div>
   <div class='ocr_carea' id='block_1_2' title="bbox 994 385 2812 452">
    <p class='ocr_par' dir='ltr' id='par_1_2' title="bbox 994 385 2812 452">
     <span class='ocr_line' id='line_1_2' title="bbox 994 385 2812 452; baseline 0.003 -8"><span class='ocrx_word' id='word_1_2' title='bbox 994 387 1061 448; x_wconf 77' lang='grc' dir='ltr'><strong>ΙΝ</strong></span> <span class='ocrx_word' id='word_1_3' title='bbox 1095 386 1354 448; x_wconf 77' lang='lat' dir='ltr'><strong>LIBRUM</strong></span> <span class='ocrx_word' id='word_1_4' title='bbox 1394 387 1482 444; x_wconf 83' lang='lat' dir='ltr'><strong>DE</strong></span> <span class='ocrx_word' id='word_1_5' title='bbox 1521 385 2170 450; x_wconf 73' lang='lat' dir='ltr'><strong>INTERPBETATIONE</strong></span> <span class='ocrx_word' id='word_1_6' title='bbox 2211 392 2440 450; x_wconf 83' lang='lat' dir='ltr'><strong>EDlTlO</strong></span> <span class='ocrx_word' id='word_1_7' title='bbox 2478 391 2812 452; x_wconf 79' lang='lat' dir='ltr'><strong>SECUNDA.</strong></span> 
     </span>
    </p>
   </div>
   <div class='ocr_carea' id='block_1_3' title="bbox 3429 397 3530 456">
    <p class='ocr_par' dir='ltr' id='par_1_3' title="bbox 3429 397 3530 456">
     <span class='ocr_line' id='line_1_3' title="bbox 3429 397 3530 456; baseline -0.03 0"><span class='ocrx_word' id='word_1_8' title='bbox 3429 397 3530 456; x_wconf 68' lang='lat'><strong>502</strong></span> 
     </span>
    </p>
   </div>
   <div class='ocr_carea' id='block_1_4' title="bbox 276 489 3631 578">
    <p class='ocr_par' dir='ltr' id='par_1_4' title="bbox 276 489 3631 578">
     <span class='ocr_line' id='line_1_4' title="bbox 276 489 3631 578; baseline 0.001 -18"><span class='ocrx_word' id='word_1_9' title='bbox 276 504 483 575; x_wconf 87' lang='lat' dir='ltr'><strong>linquat</strong></span> <span class='ocrx_word' id='word_1_10' title='bbox 511 518 632 568; x_wconf 81' lang='lat' dir='ltr'><strong>esse</strong></span> <span class='ocrx_word' id='word_1_11' title='bbox 666 501 941 574; x_wconf 77' lang='lat' dir='ltr'><strong>possibile,</strong></span> <span class='ocrx_word' id='word_1_12' title='bbox 972 510 1030 556; x_wconf 91' lang='lat' dir='ltr'><strong>ut</strong></span> <span class='ocrx_word' id='word_1_13' title='bbox 1056 501 1292 558; x_wconf 81' lang='lat' dir='ltr'><strong>futurum</strong></span> <span class='ocrx_word' id='word_1_14' title='bbox 1339 515 1442 554; x_wconf 91' lang='lat' dir='ltr'><strong>non</strong></span> <span class='ocrx_word' id='word_1_15' title='bbox 1465 501 1560 562; x_wconf 75' lang='lat' dir='ltr'><strong>sit.</strong></span> <span class='ocrx_word' id='word_1_16' title='bbox 1602 500 1726 553; x_wconf 78' lang='lat' dir='ltr'><strong>llaec</strong></span> <span class='ocrx_word' id='word_1_17' title='bbox 1758 516 1854 553; x_wconf 86' lang='lat' dir='ltr'><strong>au-</strong></span> <span class='ocrx_word' id='word_1_18' title='bbox 1888 503 1940 564; x_wconf 78' lang='grc' dir='ltr'><strong>Α</strong></span> <span class='ocrx_word' id='word_1_19' title='bbox 1968 505 2230 578; x_wconf 68' lang='lat' dir='ltr'><strong>gationem</strong></span> <span class='ocrx_word' id='word_1_20' title='bbox 2258 520 2376 568; x_wconf 80' lang='lat' dir='ltr'><strong>esse</strong></span> <span class='ocrx_word' id='word_1_21' title='bbox 2405 521 2508 559; x_wconf 92' lang='lat' dir='ltr'><strong>non</strong></span> <span class='ocrx_word' id='word_1_22' title='bbox 2542 522 2740 576; x_wconf 83' lang='lat' dir='ltr'><strong>veram.</strong></span> <span class='ocrx_word' id='word_1_23' title='bbox 2775 505 2938 576; x_wconf 75' lang='lat' dir='ltr'><strong>Igitur</strong></span> <span class='ocrx_word' id='word_1_24' title='bbox 2970 518 3069 560; x_wconf 90' lang='lat' dir='ltr'><strong>nec</strong></span> <span class='ocrx_word' id='word_1_25' title='bbox 3097 505 3198 562; x_wconf 90' lang='lat' dir='ltr'><strong>hoc</strong></span> <span class='ocrx_word' id='word_1_26' title='bbox 3227 516 3308 562; x_wconf 89' lang='lat' dir='ltr'><strong>est</strong></span> <span class='ocrx_word' id='word_1_27' title='bbox 3333 507 3531 578; x_wconf 81' lang='lat' dir='ltr'><strong>dicere,</strong></span> <span class='ocrx_word' id='word_1_28' title='bbox 3629 489 3631 491; x_wconf 15' lang='lat' dir='ltr'><strong>I</strong></span> 
     </span>
    </p>
   </div>
   <div class='ocr_carea' id='block_1_5' title="bbox 276 593 1852 674">
    <p class='ocr_par' dir='ltr' id='par_1_5' title="bbox 276 593 1852 674">
     <span class='ocr_line' id='line_1_5' title="bbox 276 593 1852 674; baseline -0.004 -23"><span class='ocrx_word' id='word_1_29' title='bbox 276 605 496 666; x_wconf 74' lang='lat' dir='ltr'><strong>tem-est</strong></span> <span class='ocrx_word' id='word_1_30' title='bbox 535 594 892 674; x_wconf 58' lang='lat' dir='ltr'><strong>contingeutis</strong></span> <span class='ocrx_word' id='word_1_31' title='bbox 920 603 1135 667; x_wconf 87' lang='lat' dir='ltr'><strong>natura,</strong></span> <span class='ocrx_word' id='word_1_32' title='bbox 1177 595 1546 664; x_wconf 82' lang='lat' dir='ltr'><strong>contingenler</strong></span> <span class='ocrx_word' id='word_1_33' title='bbox 1586 593 1638 646; x_wconf 93' lang='lat' dir='ltr'><strong>in</strong></span> <span class='ocrx_word' id='word_1_34' title='bbox 1684 607 1852 646; x_wconf 91' lang='lat' dir='ltr'><strong>enun-</strong></span> 
     </span>
    </p>
   </div>
   <div class='ocr_carea' id='block_1_6' title="bbox 276 679 1857 766">
    <p class='ocr_par' dir='ltr' id='par_1_6' title="bbox 276 679 1857 766">
     <span class='ocr_line' id='line_1_6' title="bbox 276 679 1857 766; baseline -0.001 -22"><span class='ocrx_word' id='word_1_35' title='bbox 276 693 500 746; x_wconf 88' lang='lat' dir='ltr'><strong>tiatione</strong></span> <span class='ocrx_word' id='word_1_36' title='bbox 530 691 838 760; x_wconf 71' lang='lat' dir='ltr'><strong>praedicare.</strong></span> <span class='ocrx_word' id='word_1_37' title='bbox 863 690 1016 756; x_wconf 82' lang='lat' dir='ltr'><strong>Quod</strong></span> <span class='ocrx_word' id='word_1_38' title='bbox 1049 693 1092 744; x_wconf 89' lang='lat' dir='ltr'><strong>si</strong></span> <span class='ocrx_word' id='word_1_39' title='bbox 1135 690 1253 759; x_wconf 86' lang='lat' dir='ltr'><strong>quis</strong></span> <span class='ocrx_word' id='word_1_40' title='bbox 1293 689 1682 766; x_wconf 75' lang='lat' dir='ltr'><strong>simpliciterid</strong></span> <span class='ocrx_word' id='word_1_41' title='bbox 1717 679 1857 756; x_wconf 89' lang='lat' dir='ltr'><strong>quod</strong></span> 
     </span>
    </p>
   </div>
   <div class='ocr_carea' id='block_1_7' title="bbox 276 784 1860 862">
    <p class='ocr_par' dir='ltr' id='par_1_7' title="bbox 276 784 1860 862">
     <span class='ocr_line' id='line_1_7' title="bbox 276 784 1860 862; baseline 0 -24"><span class='ocrx_word' id='word_1_42' title='bbox 276 793 500 846; x_wconf 78' lang='lat' dir='ltr'><strong>tortasse</strong></span> <span class='ocrx_word' id='word_1_43' title='bbox 524 786 892 862; x_wconf 74' lang='lat' dir='ltr'><strong>contingenter</strong></span> <span class='ocrx_word' id='word_1_44' title='bbox 917 787 1148 852; x_wconf 80' lang='lat' dir='ltr'><strong>eveniet,</strong></span> <span class='ocrx_word' id='word_1_45' title='bbox 1183 785 1415 854; x_wconf 80' lang='lat' dir='ltr'><strong>futurum</strong></span> <span class='ocrx_word' id='word_1_46' title='bbox 1448 798 1569 840; x_wconf 85' lang='lat' dir='ltr'><strong>esse</strong></span> <span class='ocrx_word' id='word_1_47' title='bbox 1595 784 1860 852; x_wconf 77' lang='lat' dir='ltr'><strong>praedixe-</strong></span> 
     </span>
    </p>
   </div>
   <div class='ocr_carea' id='block_1_8' title="bbox 276 875 1864 950">
    <p class='ocr_par' dir='ltr' id='par_1_8' title="bbox 276 875 1864 950">
     <span class='ocr_line' id='line_1_8' title="bbox 276 875 1864 950; baseline -0.001 -18"><span class='ocrx_word' id='word_1_48' title='bbox 276 880 367 937; x_wconf 81' lang='lat' dir='ltr'><strong>rit.</strong></span> <span class='ocrx_word' id='word_1_49' title='bbox 407 880 498 933; x_wconf 85' lang='lat' dir='ltr'><strong>ille</strong></span> <span class='ocrx_word' id='word_1_50' title='bbox 545 895 653 944; x_wconf 82' lang='lat' dir='ltr'><strong>rem</strong></span> <span class='ocrx_word' id='word_1_51' title='bbox 701 879 1094 950; x_wconf 67' lang='lat' dir='ltr'><strong>contingentem</strong></span> <span class='ocrx_word' id='word_1_52' title='bbox 1123 879 1424 942; x_wconf 80' lang='lat' dir='ltr'><strong>necessarie</strong></span> <span class='ocrx_word' id='word_1_53' title='bbox 1469 875 1700 936; x_wconf 86' lang='lat' dir='ltr'><strong>futuram</strong></span> <span class='ocrx_word' id='word_1_54' title='bbox 1731 889 1864 950; x_wconf 72' lang='lat' dir='ltr'><strong>prte-</strong></span> 
     </span>
    </p>
   </div>
   <div class='ocr_carea' id='block_1_9' title="bbox 277 969 1862 1040">
    <p class='ocr_par' dir='ltr' id='par_1_9' title="bbox 277 969 1862 1040">
     <span class='ocr_line' id='line_1_9' title="bbox 277 969 1862 1040; baseline -0.001 -16"><span class='ocrx_word' id='word_1_55' title='bbox 277 969 429 1024; x_wconf 78' lang='lat' dir='ltr'><strong>dixit.</strong></span> <span class='ocrx_word' id='word_1_56' title='bbox 467 973 639 1038; x_wconf 76' lang='lat' dir='ltr'><strong>Atque</strong></span> <span class='ocrx_word' id='word_1_57' title='bbox 673 970 794 1030; x_wconf 37' lang='lat' dir='ltr'><strong>illeo</strong></span> <span class='ocrx_word' id='word_1_58' title='bbox 824 971 984 1024; x_wconf 90' lang='lat' dir='ltr'><strong>etiam</strong></span> <span class='ocrx_word' id='word_1_59' title='bbox 1031 969 1077 1028; x_wconf 58' lang='lat' dir='ltr'><strong>si</strong></span> <span class='ocrx_word' id='word_1_60' title='bbox 1119 969 1356 1040; x_wconf 65' lang='lat' dir='ltr'><strong>eveneri;</strong></span> <span class='ocrx_word' id='word_1_61' title='bbox 1399 969 1451 1030; x_wconf 86' lang='lat' dir='ltr'><strong>id</strong></span> <span class='ocrx_word' id='word_1_62' title='bbox 1477 971 1616 1040; x_wconf 83' lang='lat' dir='ltr'><strong>quod</strong></span> <span class='ocrx_word' id='word_1_63' title='bbox 1647 969 1862 1040; x_wconf 89' lang='lat' dir='ltr'><strong>dicitur,</strong></span> 
     </span>
    </p>
   </div>
   <div class='ocr_carea' id='block_1_10' title="bbox 278 1061 1865 1136">
    <p class='ocr_par' dir='ltr' id='par_1_10' title="bbox 278 1061 1865 1136">
     <span class='ocr_line' id='line_1_10' title="bbox 278 1061 1865 1136; baseline -0.001 -20"><span class='ocrx_word' id='word_1_64' title='bbox 278 1070 454 1116; x_wconf 86' lang='lat' dir='ltr'><strong>tamen</strong></span> <span class='ocrx_word' id='word_1_65' title='bbox 481 1063 569 1116; x_wconf 89' lang='lat' dir='ltr'><strong>ille</strong></span> <span class='ocrx_word' id='word_1_66' title='bbox 593 1061 846 1124; x_wconf 80' lang='lat' dir='ltr'><strong>mentitus</strong></span> <span class='ocrx_word' id='word_1_67' title='bbox 866 1073 971 1128; x_wconf 87' lang='lat' dir='ltr'><strong>est,</strong></span> <span class='ocrx_word' id='word_1_68' title='bbox 1007 1063 1061 1116; x_wconf 91' lang='lat' dir='ltr'><strong>in</strong></span> <span class='ocrx_word' id='word_1_69' title='bbox 1089 1076 1154 1116; x_wconf 88' lang='lat' dir='ltr'><strong>eo</strong></span> <span class='ocrx_word' id='word_1_70' title='bbox 1181 1061 1322 1136; x_wconf 87' lang='lat' dir='ltr'><strong>quod</strong></span> <span class='ocrx_word' id='word_1_71' title='bbox 1353 1063 1454 1120; x_wconf 81' lang='lat' dir='ltr'><strong>hoc</strong></span> <span class='ocrx_word' id='word_1_72' title='bbox 1485 1061 1698 1128; x_wconf 77' lang='lat' dir='ltr'><strong>quidem</strong></span> <span class='ocrx_word' id='word_1_73' title='bbox 1735 1076 1865 1118; x_wconf 89' lang='lat' dir='ltr'><strong>con-</strong></span> 
     </span>
    </p>
   </div>
   <div class='ocr_carea' id='block_1_11' title="bbox 279 1141 1919 1224">
    <p class='ocr_par' dir='ltr' id='par_1_11' title="bbox 279 1141 1919 1224">
     <span class='ocr_line' id='line_1_11' title="bbox 279 1141 1919 1224; baseline 0 -16"><span class='ocrx_word' id='word_1_74' title='bbox 279 1158 544 1224; x_wconf 75' lang='lat' dir='ltr'><strong>tingenter</strong></span> <span class='ocrx_word' id='word_1_75' title='bbox 564 1159 762 1220; x_wconf 90' lang='lat' dir='ltr'><strong>evenit,</strong></span> <span class='ocrx_word' id='word_1_76' title='bbox 782 1155 868 1218; x_wconf 80' lang='lat' dir='ltr'><strong>ille</strong></span> <span class='ocrx_word' id='word_1_77' title='bbox 879 1164 1055 1214; x_wconf 79' lang='lat' dir='ltr'><strong>autem</strong></span> <span class='ocrx_word' id='word_1_78' title='bbox 1073 1170 1138 1210; x_wconf 82' lang='lat' dir='ltr'><strong>ex</strong></span> <span class='ocrx_word' id='word_1_79' title='bbox 1163 1155 1479 1217; x_wconf 68' lang='lat' dir='ltr'><strong>neceSsitate</strong></span> <span class='ocrx_word' id='word_1_80' title='bbox 1501 1155 1731 1212; x_wconf 87' lang='lat' dir='ltr'><strong>futurum</strong></span> <span class='ocrx_word' id='word_1_81' title='bbox 1747 1168 1866 1208; x_wconf 87' lang='lat' dir='ltr'><strong>esse</strong></span> <span class='ocrx_word' id='word_1_82' title='bbox 1907 1141 1919 1150; x_wconf 71' lang='grc'><em>’</em></span> 
     </span>
    </p>
   </div>
   <div class='ocr_carea' id='block_1_12' title="bbox 279 1248 1866 1320">
    <p class='ocr_par' dir='ltr' id='par_1_12' title="bbox 279 1248 1866 1320">
     <span class='ocr_line' id='line_1_12' title="bbox 279 1248 1866 1320; baseline -0.004 -18"><span class='ocrx_word' id='word_1_83' title='bbox 279 1251 617 1320; x_wconf 66' lang='lat' dir='ltr'><strong>prtedixeiat.</strong></span> <span class='ocrx_word' id='word_1_84' title='bbox 641 1249 772 1314; x_wconf 77' lang='lat' dir='ltr'><strong>Cum</strong></span> <span class='ocrx_word' id='word_1_85' title='bbox 794 1262 922 1318; x_wconf 74' lang='lat' dir='ltr'><strong>ergo</strong></span> <span class='ocrx_word' id='word_1_86' title='bbox 949 1248 1056 1316; x_wconf 76' lang='lat' dir='ltr'><strong>sint</strong></span> <span class='ocrx_word' id='word_1_87' title='bbox 1071 1257 1296 1316; x_wconf 79' lang='lat' dir='ltr'><strong>quatuor</strong></span> <span class='ocrx_word' id='word_1_88' title='bbox 1325 1250 1748 1314; x_wconf 68' lang='lat' dir='ltr'><strong>enuntiationum</strong></span> <span class='ocrx_word' id='word_1_89' title='bbox 1769 1260 1866 1297; x_wconf 88' lang='lat' dir='ltr'><strong>ve-</strong></span> 
     </span>
    </p>
   </div>
   <div class='ocr_carea' id='block_1_13' title="bbox 280 1337 1869 1408">
    <p class='ocr_par' dir='ltr' id='par_1_13' title="bbox 280 1337 1869 1408">
     <span class='ocr_line' id='line_1_13' title="bbox 280 1337 1869 1408; baseline -0.003 -14"><span class='ocrx_word' id='word_1_90' title='bbox 280 1340 452 1394; x_wconf 78' lang='lat' dir='ltr'><strong>l‘ilalis</strong></span> <span class='ocrx_word' id='word_1_91' title='bbox 474 1352 518 1392; x_wconf 78' lang='lat' dir='ltr'><strong>et</strong></span> <span class='ocrx_word' id='word_1_92' title='bbox 544 1339 788 1398; x_wconf 76' lang='lat' dir='ltr'><strong>falsitatis</strong></span> <span class='ocrx_word' id='word_1_93' title='bbox 813 1337 974 1405; x_wconf 84' lang='lat' dir='ltr'><strong>modi,</strong></span> <span class='ocrx_word' id='word_1_94' title='bbox 999 1338 1064 1400; x_wconf 82' lang='lat' dir='ltr'><strong>de</strong></span> <span class='ocrx_word' id='word_1_95' title='bbox 1086 1338 1166 1398; x_wconf 82' lang='lat' dir='ltr'><strong>his</strong></span> <span class='ocrx_word' id='word_1_96' title='bbox 1189 1337 1397 1408; x_wconf 74' lang='lat' dir='ltr'><strong>scilicet</strong></span> <span class='ocrx_word' id='word_1_97' title='bbox 1420 1337 1869 1408; x_wconf 83' lang='lat' dir='ltr'><strong>propositionibus</strong></span> 
     </span>
    </p>
   </div>
   <div class='ocr_carea' id='block_1_14' title="bbox 281 1429 1871 1502">
    <p class='ocr_par' dir='ltr' id='par_1_14' title="bbox 281 1429 1871 1502">
     <span class='ocr_line' id='line_1_14' title="bbox 281 1429 1871 1502; baseline 0.003 -18"><span class='ocrx_word' id='word_1_98' title='bbox 281 1447 400 1502; x_wconf 74' lang='lat' dir='ltr'><strong>quae</strong></span> <span class='ocrx_word' id='word_1_99' title='bbox 419 1433 467 1484; x_wconf 89' lang='lat' dir='ltr'><strong>in</strong></span> <span class='ocrx_word' id='word_1_100' title='bbox 487 1430 662 1484; x_wconf 91' lang='lat' dir='ltr'><strong>futuro</strong></span> <span class='ocrx_word' id='word_1_101' title='bbox 680 1431 1054 1499; x_wconf 67' lang='lat' dir='ltr'><strong>przrdieantur.</strong></span> <span class='ocrx_word' id='word_1_102' title='bbox 1074 1433 1168 1500; x_wconf 73' lang='lat' dir='ltr'><strong>Ant</strong></span> <span class='ocrx_word' id='word_1_103' title='bbox 1189 1431 1435 1499; x_wconf 83' lang='lat' dir='ltr'><strong>quoniam</strong></span> <span class='ocrx_word' id='word_1_104' title='bbox 1450 1433 1571 1500; x_wconf 83' lang='lat' dir='ltr'><strong>erit,</strong></span> <span class='ocrx_word' id='word_1_105' title='bbox 1589 1438 1642 1492; x_wconf 81' lang='lat' dir='ltr'><strong>et</strong></span> <span class='ocrx_word' id='word_1_106' title='bbox 1655 1445 1757 1490; x_wconf 83' lang='lat' dir='ltr'><strong>not)</strong></span> <span class='ocrx_word' id='word_1_107' title='bbox 1771 1429 1871 1492; x_wconf 78' lang='lat' dir='ltr'><strong>erit</strong></span> 
     </span>
    </p>
   </div>
   <div class='ocr_carea' id='block_1_15' title="bbox 280 1522 1870 1593">
    <p class='ocr_par' dir='ltr' id='par_1_15' title="bbox 280 1522 1870 1593">
     <span class='ocr_line' id='line_1_15' title="bbox 280 1522 1870 1593; baseline 0 -15"><span class='ocrx_word' id='word_1_108' title='bbox 280 1523 330 1580; x_wconf 86' lang='lat' dir='ltr'><strong>id</strong></span> <span class='ocrx_word' id='word_1_109' title='bbox 361 1523 502 1593; x_wconf 84' lang='lat' dir='ltr'><strong>quod</strong></span> <span class='ocrx_word' id='word_1_110' title='bbox 531 1523 742 1589; x_wconf 81' lang='lat' dir='ltr'><strong>dicitur,</strong></span> <span class='ocrx_word' id='word_1_111' title='bbox 779 1524 826 1575; x_wconf 88' lang='lat' dir='ltr'><strong>id</strong></span> <span class='ocrx_word' id='word_1_112' title='bbox 858 1525 961 1592; x_wconf 69' lang='lat' dir='ltr'><strong>est;</strong></span> <span class='ocrx_word' id='word_1_113' title='bbox 996 1532 1050 1586; x_wconf 83' lang='lat' dir='ltr'><strong>ut</strong></span> <span class='ocrx_word' id='word_1_114' title='bbox 1067 1522 1421 1580; x_wconf 79' lang='lat' dir='ltr'><strong>etafﬁrmatio</strong></span> <span class='ocrx_word' id='word_1_115' title='bbox 1443 1531 1496 1584; x_wconf 82' lang='lat' dir='ltr'><strong>et</strong></span> <span class='ocrx_word' id='word_1_116' title='bbox 1518 1523 1729 1590; x_wconf 75' lang='lat' dir='ltr'><strong>negatio</strong></span> <span class='ocrx_word' id='word_1_117' title='bbox 1747 1535 1870 1578; x_wconf 83' lang='lat' dir='ltr'><strong>vera</strong></span> 
     </span>
    </p>
   </div>
   <div class='ocr_carea' id='block_1_16' title="bbox 280 1613 1872 1684">
    <p class='ocr_par' dir='ltr' id='par_1_16' title="bbox 280 1613 1872 1684">
     <span class='ocr_line' id='line_1_16' title="bbox 280 1613 1872 1684; baseline -0.001 -15"><span class='ocrx_word' id='word_1_118' title='bbox 280 1613 372 1680; x_wconf 80' lang='lat' dir='ltr'><strong>sit,</strong></span> <span class='ocrx_word' id='word_1_119' title='bbox 417 1624 508 1674; x_wconf 88' lang='lat' dir='ltr'><strong>aut</strong></span> <span class='ocrx_word' id='word_1_120' title='bbox 547 1613 918 1684; x_wconf 48' lang='lat' dir='ltr'><strong>quiniainnec</strong></span> <span class='ocrx_word' id='word_1_121' title='bbox 959 1615 1200 1677; x_wconf 83' lang='lat' dir='ltr'><strong>erit.uec</strong></span> <span class='ocrx_word' id='word_1_122' title='bbox 1249 1628 1352 1667; x_wconf 90' lang='lat' dir='ltr'><strong>nou</strong></span> <span class='ocrx_word' id='word_1_123' title='bbox 1392 1614 1510 1678; x_wconf 90' lang='lat' dir='ltr'><strong>erit,</strong></span> <span class='ocrx_word' id='word_1_124' title='bbox 1560 1613 1608 1666; x_wconf 89' lang='lat' dir='ltr'><strong>id</strong></span> <span class='ocrx_word' id='word_1_125' title='bbox 1659 1621 1762 1684; x_wconf 87' lang='lat' dir='ltr'><strong>est,</strong></span> <span class='ocrx_word' id='word_1_126' title='bbox 1815 1621 1872 1668; x_wconf 90' lang='lat' dir='ltr'><strong>ut</strong></span> 
     </span>
    </p>
   </div>
   <div class='ocr_carea' id='block_1_17' title="bbox 281 1702 1873 1774">
    <p class='ocr_par' dir='ltr' id='par_1_17' title="bbox 281 1702 1873 1774">
     <span class='ocr_line' id='line_1_17' title="bbox 281 1702 1873 1774; baseline -0.003 -15"><span class='ocrx_word' id='word_1_127' title='bbox 281 1707 566 1774; x_wconf 68' lang='lat' dir='ltr'><strong>afﬁrmatio</strong></span> <span class='ocrx_word' id='word_1_128' title='bbox 607 1713 658 1759; x_wconf 89' lang='lat' dir='ltr'><strong>et</strong></span> <span class='ocrx_word' id='word_1_129' title='bbox 703 1706 914 1772; x_wconf 67' lang='lat' dir='ltr'><strong>negatio</strong></span> <span class='ocrx_word' id='word_1_130' title='bbox 955 1706 1101 1760; x_wconf 71' lang='lat' dir='ltr'><strong>falsae</strong></span> <span class='ocrx_word' id='word_1_131' title='bbox 1149 1704 1286 1768; x_wconf 81' lang='lat' dir='ltr'><strong>sitit,</strong></span> <span class='ocrx_word' id='word_1_132' title='bbox 1342 1713 1431 1768; x_wconf 84' lang='lat' dir='ltr'><strong>aut</strong></span> <span class='ocrx_word' id='word_1_133' title='bbox 1483 1703 1730 1773; x_wconf 85' lang='lat' dir='ltr'><strong>quoniam</strong></span> <span class='ocrx_word' id='word_1_134' title='bbox 1771 1702 1873 1758; x_wconf 88' lang='lat' dir='ltr'><strong>erit</strong></span> 
     </span>
    </p>
   </div>
   <div class='ocr_carea' id='block_1_18' title="bbox 280 1795 1869 1866">
    <p class='ocr_par' dir='ltr' id='par_1_18' title="bbox 280 1795 1869 1866">
     <span class='ocr_line' id='line_1_18' title="bbox 280 1795 1869 1866; baseline -0.004 -12"><span class='ocrx_word' id='word_1_135' title='bbox 280 1809 372 1856; x_wconf 71' lang='lat' dir='ltr'><strong>aut</strong></span> <span class='ocrx_word' id='word_1_136' title='bbox 407 1814 513 1860; x_wconf 82' lang='lat' dir='ltr'><strong>non</strong></span> <span class='ocrx_word' id='word_1_137' title='bbox 544 1797 666 1866; x_wconf 79' lang='lat' dir='ltr'><strong>erit,</strong></span> <span class='ocrx_word' id='word_1_138' title='bbox 715 1813 814 1856; x_wconf 87' lang='lat' dir='ltr'><strong>una</strong></span> <span class='ocrx_word' id='word_1_139' title='bbox 848 1807 1022 1860; x_wconf 84' lang='lat' dir='ltr'><strong>tamen</strong></span> <span class='ocrx_word' id='word_1_140' title='bbox 1054 1797 1272 1852; x_wconf 91' lang='lat' dir='ltr'><strong>deﬁnite</strong></span> <span class='ocrx_word' id='word_1_141' title='bbox 1307 1813 1453 1863; x_wconf 82' lang='lat' dir='ltr'><strong>vera,</strong></span> <span class='ocrx_word' id='word_1_142' title='bbox 1508 1797 1670 1866; x_wconf 62' lang='lat' dir='ltr'><strong>altera</strong></span> <span class='ocrx_word' id='word_1_143' title='bbox 1715 1795 1869 1860; x_wconf 85' lang='lat' dir='ltr'><strong>falsa,</strong></span> 
     </span>
    </p>
   </div>
   <div class='ocr_carea' id='block_1_19' title="bbox 1964 598 3538 670">
    <p class='ocr_par' dir='ltr' id='par_1_19' title="bbox 1964 598 3538 670">
     <span class='ocr_line' id='line_1_19' title="bbox 1964 598 3538 670; baseline 0.004 -21"><span class='ocrx_word' id='word_1_144' title='bbox 1964 598 2103 666; x_wconf 90' lang='lat' dir='ltr'><strong>quod</strong></span> <span class='ocrx_word' id='word_1_145' title='bbox 2149 608 2386 668; x_wconf 66' lang='lat' dir='ltr'><strong>utraeque</strong></span> <span class='ocrx_word' id='word_1_146' title='bbox 2431 614 2538 654; x_wconf 84' lang='lat' dir='ltr'><strong>non</strong></span> <span class='ocrx_word' id='word_1_147' title='bbox 2579 614 2720 652; x_wconf 69' lang='lat' dir='ltr'><strong>vera:</strong></span> <span class='ocrx_word' id='word_1_148' title='bbox 2760 601 2883 654; x_wconf 89' lang='lat' dir='ltr'><strong>sint.</strong></span> <span class='ocrx_word' id='word_1_149' title='bbox 2935 599 3083 666; x_wconf 87' lang='lat' dir='ltr'><strong>Quod</strong></span> <span class='ocrx_word' id='word_1_150' title='bbox 3133 616 3228 670; x_wconf 86' lang='lat' dir='ltr'><strong>per</strong></span> <span class='ocrx_word' id='word_1_151' title='bbox 3259 601 3359 656; x_wconf 90' lang='lat' dir='ltr'><strong>hoc</strong></span> <span class='ocrx_word' id='word_1_152' title='bbox 3398 602 3538 656; x_wconf 82' lang='lat' dir='ltr'><strong>dixit</strong></span> 
     </span>
    </p>
   </div>
   <div class='ocr_carea' id='block_1_20' title="bbox 1965 689 3533 762">
    <p class='ocr_par' dir='ltr' id='par_1_20' title="bbox 1965 689 3533 762">
     <span class='ocr_line' id='line_1_20' title="bbox 1965 689 3533 762; baseline 0.003 -20"><span class='ocrx_word' id='word_1_153' title='bbox 1965 689 2107 760; x_wconf 88' lang='lat' dir='ltr'><strong>quod</strong></span> <span class='ocrx_word' id='word_1_154' title='bbox 2150 690 2243 755; x_wconf 87' lang='lat' dir='ltr'><strong>ait,</strong></span> <span class='ocrx_word' id='word_1_155' title='bbox 2279 700 2333 743; x_wconf 90' lang='lat' dir='ltr'><strong>at</strong></span> <span class='ocrx_word' id='word_1_156' title='bbox 2361 704 2490 744; x_wconf 89' lang='lat' dir='ltr'><strong>vero</strong></span> <span class='ocrx_word' id='word_1_157' title='bbox 2526 705 2626 744; x_wconf 88' lang='lat' dir='ltr'><strong>nec</strong></span> <span class='ocrx_word' id='word_1_158' title='bbox 2667 691 2914 762; x_wconf 88' lang='lat' dir='ltr'><strong>quoniam</strong></span> <span class='ocrx_word' id='word_1_159' title='bbox 2941 702 3187 745; x_wconf 90' lang='lat' dir='ltr'><strong>neutrum</strong></span> <span class='ocrx_word' id='word_1_160' title='bbox 3217 707 3399 746; x_wconf 86' lang='lat' dir='ltr'><strong>verum</strong></span> <span class='ocrx_word' id='word_1_161' title='bbox 3432 701 3533 757; x_wconf 89' lang='lat' dir='ltr'><strong>est,</strong></span> 
     </span>
    </p>
   </div>
   <div class='ocr_carea' id='block_1_21' title="bbox 1968 781 3536 854">
    <p class='ocr_par' dir='ltr' id='par_1_21' title="bbox 1968 781 3536 854">
     <span class='ocr_line' id='line_1_21' title="bbox 1968 781 3536 854; baseline 0.002 -18"><span class='ocrx_word' id='word_1_162' title='bbox 1968 783 2229 851; x_wconf 83' lang='lat' dir='ltr'><strong>contingit</strong></span> <span class='ocrx_word' id='word_1_163' title='bbox 2260 781 2462 846; x_wconf 82' lang='lat' dir='ltr'><strong>dicere,</strong></span> <span class='ocrx_word' id='word_1_164' title='bbox 2509 782 2556 835; x_wconf 91' lang='lat' dir='ltr'><strong>id</strong></span> <span class='ocrx_word' id='word_1_165' title='bbox 2586 793 2688 848; x_wconf 90' lang='lat' dir='ltr'><strong>est,</strong></span> <span class='ocrx_word' id='word_1_166' title='bbox 2729 798 2833 838; x_wconf 91' lang='lat' dir='ltr'><strong>non</strong></span> <span class='ocrx_word' id='word_1_167' title='bbox 2866 785 3018 838; x_wconf 91' lang='lat' dir='ltr'><strong>nobis</strong></span> <span class='ocrx_word' id='word_1_168' title='bbox 3053 787 3311 854; x_wconf 77' lang='lat' dir='ltr'><strong>contingit</strong></span> <span class='ocrx_word' id='word_1_169' title='bbox 3339 786 3536 849; x_wconf 88' lang='lat' dir='ltr'><strong>dicere,</strong></span> 
     </span>
    </p>
   </div>
   <div class='ocr_carea' id='block_1_22' title="bbox 1967 871 3542 946">
    <p class='ocr_par' dir='ltr' id='par_1_22' title="bbox 1967 871 3542 946">
     <span class='ocr_line' id='line_1_22' title="bbox 1967 871 3542 946; baseline 0.004 -21"><span class='ocrx_word' id='word_1_170' title='bbox 1967 871 2068 925; x_wconf 87' lang='lat' dir='ltr'><strong>hoc</strong></span> <span class='ocrx_word' id='word_1_171' title='bbox 2099 882 2180 926; x_wconf 86' lang='lat' dir='ltr'><strong>est</strong></span> <span class='ocrx_word' id='word_1_172' title='bbox 2206 873 2534 940; x_wconf 89' lang='lat' dir='ltr'><strong>impossibile</strong></span> <span class='ocrx_word' id='word_1_173' title='bbox 2561 884 2642 926; x_wconf 89' lang='lat' dir='ltr'><strong>est</strong></span> <span class='ocrx_word' id='word_1_174' title='bbox 2669 875 2866 940; x_wconf 87' lang='lat' dir='ltr'><strong>dicere,</strong></span> <span class='ocrx_word' id='word_1_175' title='bbox 2898 879 3145 946; x_wconf 88' lang='lat' dir='ltr'><strong>quoniam</strong></span> <span class='ocrx_word' id='word_1_176' title='bbox 3177 887 3421 932; x_wconf 89' lang='lat' dir='ltr'><strong>neutrum</strong></span> <span class='ocrx_word' id='word_1_177' title='bbox 3451 894 3542 932; x_wconf 79' lang='lat' dir='ltr'><strong>ve-</strong></span> 
     </span>
    </p>
   </div>
   <div class='ocr_carea' id='block_1_23' title="bbox 1967 965 3543 1034">
    <p class='ocr_par' dir='ltr' id='par_1_23' title="bbox 1967 965 3543 1034">
     <span class='ocr_line' id='line_1_23' title="bbox 1967 965 3543 1034; baseline 0.004 -17"><span class='ocrx_word' id='word_1_178' title='bbox 1967 977 2087 1018; x_wconf 86' lang='lat' dir='ltr'><strong>rum</strong></span> <span class='ocrx_word' id='word_1_179' title='bbox 2126 973 2208 1019; x_wconf 89' lang='lat' dir='ltr'><strong>est</strong></span> <span class='ocrx_word' id='word_1_180' title='bbox 2237 965 2437 1029; x_wconf 87' lang='lat' dir='ltr'><strong>dicere,</strong></span> <span class='ocrx_word' id='word_1_181' title='bbox 2485 965 2692 1018; x_wconf 81' lang='lat' dir='ltr'><strong>scilicet</strong></span> <span class='ocrx_word' id='word_1_182' title='bbox 2721 968 2860 1034; x_wconf 91' lang='lat' dir='ltr'><strong>quod</strong></span> <span class='ocrx_word' id='word_1_183' title='bbox 2906 971 2958 1024; x_wconf 90' lang='lat' dir='ltr'><strong>in</strong></span> <span class='ocrx_word' id='word_1_184' title='bbox 3003 969 3446 1024; x_wconf 78' lang='lat' dir='ltr'><strong>al&#39;ﬁrmationibus</strong></span> <span class='ocrx_word' id='word_1_185' title='bbox 3489 980 3543 1024; x_wconf 92' lang='lat' dir='ltr'><strong>et</strong></span> 
     </span>
    </p>
   </div>
   <div class='ocr_carea' id='block_1_24' title="bbox 1970 1044 3542 1132">
    <p class='ocr_par' dir='ltr' id='par_1_24' title="bbox 1970 1044 3542 1132">
     <span class='ocr_line' id='line_1_24' title="bbox 1970 1044 3542 1132; baseline 0.004 -25"><span class='ocrx_word' id='word_1_186' title='bbox 1970 1054 2368 1128; x_wconf 76' lang='lat' dir='ltr'><strong>negationibus,</strong></span> <span class='ocrx_word' id='word_1_187' title='bbox 2394 1071 2509 1122; x_wconf 77' lang='lat' dir='ltr'><strong>qua:</strong></span> <span class='ocrx_word' id='word_1_188' title='bbox 2537 1069 2921 1132; x_wconf 82' lang='lat' dir='ltr'><strong>preponuntnr,</strong></span> <span class='ocrx_word' id='word_1_189' title='bbox 2946 1044 3372 1129; x_wconf 56' lang='lat' dir='ltr'><strong>contingentibus</strong></span> <span class='ocrx_word' id='word_1_190' title='bbox 3402 1063 3542 1120; x_wconf 82' lang='lat' dir='ltr'><strong>scili-</strong></span> 
     </span>
    </p>
   </div>
   <div class='ocr_carea' id='block_1_25' title="bbox 1970 1144 3542 1215">
    <p class='ocr_par' dir='ltr' id='par_1_25' title="bbox 1970 1144 3542 1215">
     <span class='ocr_line' id='line_1_25' title="bbox 1970 1144 3542 1215; baseline 0.004 -17"><span class='ocrx_word' id='word_1_191' title='bbox 1970 1152 2058 1198; x_wconf 83' lang='lat' dir='ltr'><strong>cet</strong></span> <span class='ocrx_word' id='word_1_192' title='bbox 2086 1154 2139 1196; x_wconf 91' lang='lat' dir='ltr'><strong>et</strong></span> <span class='ocrx_word' id='word_1_193' title='bbox 2167 1144 2379 1199; x_wconf 88' lang='lat' dir='ltr'><strong>futuris.</strong></span> <span class='ocrx_word' id='word_1_194' title='bbox 2404 1144 2504 1212; x_wconf 87' lang='lat' dir='ltr'><strong>Qui</strong></span> <span class='ocrx_word' id='word_1_195' title='bbox 2546 1155 2722 1199; x_wconf 80' lang='lat' dir='ltr'><strong>autem</strong></span> <span class='ocrx_word' id='word_1_196' title='bbox 2755 1148 3094 1204; x_wconf 81' lang='lat' dir='ltr'><strong>Aristotelem</strong></span> <span class='ocrx_word' id='word_1_197' title='bbox 3125 1151 3362 1204; x_wconf 80' lang='lat' dir='ltr'><strong>arbitrati</strong></span> <span class='ocrx_word' id='word_1_198' title='bbox 3400 1160 3542 1215; x_wconf 89' lang='lat' dir='ltr'><strong>sunt,</strong></span> 
     </span>
    </p>
   </div>
   <div class='ocr_carea' id='block_1_26' title="bbox 1971 1240 3545 1310">
    <p class='ocr_par' dir='ltr' id='par_1_26' title="bbox 1971 1240 3545 1310">
     <span class='ocr_line' id='line_1_26' title="bbox 1971 1240 3545 1310; baseline 0.007 -21"><span class='ocrx_word' id='word_1_199' title='bbox 1971 1245 2228 1310; x_wconf 83' lang='lat' dir='ltr'><strong>utrasque</strong></span> <span class='ocrx_word' id='word_1_200' title='bbox 2267 1241 2660 1308; x_wconf 82' lang='lat' dir='ltr'><strong>Pmpositiones</strong></span> <span class='ocrx_word' id='word_1_201' title='bbox 2705 1240 2755 1292; x_wconf 93' lang='lat' dir='ltr'><strong>in</strong></span> <span class='ocrx_word' id='word_1_202' title='bbox 2791 1240 2966 1296; x_wconf 89' lang='lat' dir='ltr'><strong>futuro</strong></span> <span class='ocrx_word' id='word_1_203' title='bbox 3011 1243 3170 1297; x_wconf 77' lang='lat' dir='ltr'><strong>falsas</strong></span> <span class='ocrx_word' id='word_1_204' title='bbox 3199 1244 3470 1310; x_wconf 85' lang='lat' dir='ltr'><strong>arbitrari,</strong></span> <span class='ocrx_word' id='word_1_205' title='bbox 3503 1249 3545 1300; x_wconf 91' lang='lat' dir='ltr'><strong>si</strong></span> 
     </span>
    </p>
   </div>
   <div class='ocr_carea' id='block_1_27' title="bbox 1971 1327 3545 1408">
    <p class='ocr_par' dir='ltr' id='par_1_27' title="bbox 1971 1327 3545 1408">
     <span class='ocr_line' id='line_1_27' title="bbox 1971 1327 3545 1408; baseline 0.005 -26"><span class='ocrx_word' id='word_1_206' title='bbox 1971 1327 2086 1382; x_wconf 68' lang='lat' dir='ltr'><strong>haec</strong></span> <span class='ocrx_word' id='word_1_207' title='bbox 2116 1344 2236 1400; x_wconf 68' lang='lat' dir='ltr'><strong>qua:</strong></span> <span class='ocrx_word' id='word_1_208' title='bbox 2265 1345 2405 1385; x_wconf 91' lang='lat' dir='ltr'><strong>nunc</strong></span> <span class='ocrx_word' id='word_1_209' title='bbox 2429 1330 2558 1384; x_wconf 73' lang='lat' dir='ltr'><strong>dicit</strong></span> <span class='ocrx_word' id='word_1_210' title='bbox 2582 1331 2986 1400; x_wconf 75' lang='lat' dir='ltr'><strong>diligentissime</strong></span> <span class='ocrx_word' id='word_1_211' title='bbox 3015 1335 3383 1408; x_wconf 77' lang='lat' dir='ltr'><strong>perlegissent,</strong></span> <span class='ocrx_word' id='word_1_212' title='bbox 3414 1352 3545 1391; x_wconf 80' lang='lat' dir='ltr'><strong>nun-</strong></span> 
     </span>
    </p>
   </div>
   <div class='ocr_carea' id='block_1_28' title="bbox 1971 1420 3547 1494">
    <p class='ocr_par' dir='ltr' id='par_1_28' title="bbox 1971 1420 3547 1494">
     <span class='ocr_line' id='line_1_28' title="bbox 1971 1420 3547 1494; baseline 0.006 -22"><span class='ocrx_word' id='word_1_213' title='bbox 1971 1435 2128 1488; x_wconf 83' lang='lat' dir='ltr'><strong>quam</strong></span> <span class='ocrx_word' id='word_1_214' title='bbox 2161 1420 2320 1474; x_wconf 89' lang='lat' dir='ltr'><strong>tantis</strong></span> <span class='ocrx_word' id='word_1_215' title='bbox 2351 1421 2657 1477; x_wconf 85' lang='lat' dir='ltr'><strong>laberentur</strong></span> <span class='ocrx_word' id='word_1_216' title='bbox 2687 1425 2984 1494; x_wconf 75' lang='lat' dir='ltr'><strong>erroribus.</strong></span> <span class='ocrx_word' id='word_1_217' title='bbox 3013 1425 3194 1490; x_wconf 77' lang='lat' dir='ltr'><strong>Neque</strong></span> <span class='ocrx_word' id='word_1_218' title='bbox 3239 1430 3378 1481; x_wconf 90' lang='lat' dir='ltr'><strong>enim</strong></span> <span class='ocrx_word' id='word_1_219' title='bbox 3407 1428 3547 1490; x_wconf 85' lang='lat' dir='ltr'><strong>idem</strong></span> 
     </span>
    </p>
   </div>
   <div class='ocr_carea' id='block_1_29' title="bbox 1979 1513 3546 1585">
    <p class='ocr_par' dir='ltr' id='par_1_29' title="bbox 1979 1513 3546 1585">
     <span class='ocr_line' id='line_1_29' title="bbox 1979 1513 3546 1585; baseline 0.004 -17"><span class='ocrx_word' id='word_1_220' title='bbox 1979 1522 2060 1568; x_wconf 88' lang='lat' dir='ltr'><strong>est</strong></span> <span class='ocrx_word' id='word_1_221' title='bbox 2104 1513 2287 1567; x_wconf 79' lang='lat' dir='ltr'><strong>dicere</strong></span> <span class='ocrx_word' id='word_1_222' title='bbox 2319 1523 2503 1568; x_wconf 88' lang='lat' dir='ltr'><strong>neutra</strong></span> <span class='ocrx_word' id='word_1_223' title='bbox 2539 1529 2667 1569; x_wconf 87' lang='lat' dir='ltr'><strong>vera</strong></span> <span class='ocrx_word' id='word_1_224' title='bbox 2707 1525 2790 1569; x_wconf 83' lang='lat' dir='ltr'><strong>est</strong></span> <span class='ocrx_word' id='word_1_225' title='bbox 2818 1516 2958 1585; x_wconf 89' lang='lat' dir='ltr'><strong>quod</strong></span> <span class='ocrx_word' id='word_1_226' title='bbox 2986 1517 3165 1572; x_wconf 80' lang='lat' dir='ltr'><strong>dicere</strong></span> <span class='ocrx_word' id='word_1_227' title='bbox 3195 1528 3380 1574; x_wconf 89' lang='lat' dir='ltr'><strong>neutra</strong></span> <span class='ocrx_word' id='word_1_228' title='bbox 3424 1535 3546 1580; x_wconf 79' lang='lat' dir='ltr'><strong>vera</strong></span> 
     </span>
    </p>
   </div>
   <div class='ocr_carea' id='block_1_30' title="bbox 1973 1606 3546 1682">
    <p class='ocr_par' dir='ltr' id='par_1_30' title="bbox 1973 1606 3546 1682">
     <span class='ocr_line' id='line_1_30' title="bbox 1973 1606 3546 1682; baseline 0.006 -23"><span class='ocrx_word' id='word_1_229' title='bbox 1973 1616 2056 1666; x_wconf 85' lang='lat' dir='ltr'><strong>est</strong></span> <span class='ocrx_word' id='word_1_230' title='bbox 2085 1606 2324 1660; x_wconf 89' lang='lat' dir='ltr'><strong>deﬁnite.</strong></span> <span class='ocrx_word' id='word_1_231' title='bbox 2353 1607 2614 1662; x_wconf 83' lang='lat' dir='ltr'><strong>Futurum</strong></span> <span class='ocrx_word' id='word_1_232' title='bbox 2645 1611 2786 1668; x_wconf 88' lang='lat' dir='ltr'><strong>enim</strong></span> <span class='ocrx_word' id='word_1_233' title='bbox 2814 1624 2934 1666; x_wconf 91' lang='lat' dir='ltr'><strong>esse</strong></span> <span class='ocrx_word' id='word_1_234' title='bbox 2962 1625 3082 1674; x_wconf 84' lang='lat' dir='ltr'><strong>cras</strong></span> <span class='ocrx_word' id='word_1_235' title='bbox 3115 1613 3300 1670; x_wconf 81' lang='lat' dir='ltr'><strong>navale</strong></span> <span class='ocrx_word' id='word_1_236' title='bbox 3327 1614 3546 1682; x_wconf 88' lang='lat' dir='ltr'><strong>bellum,</strong></span> 
     </span>
    </p>
   </div>
   <div class='ocr_carea' id='block_1_31' title="bbox 1973 1687 3549 1774">
    <p class='ocr_par' dir='ltr' id='par_1_31' title="bbox 1973 1687 3549 1774">
     <span class='ocr_line' id='line_1_31' title="bbox 1973 1687 3549 1774; baseline 0.006 -22"><span class='ocrx_word' id='word_1_237' title='bbox 1973 1709 2029 1754; x_wconf 84' lang='lat' dir='ltr'><strong>et</strong></span> <span class='ocrx_word' id='word_1_238' title='bbox 2057 1714 2160 1756; x_wconf 88' lang='lat' dir='ltr'><strong>non</strong></span> <span class='ocrx_word' id='word_1_239' title='bbox 2207 1701 2467 1768; x_wconf 88' lang='lat' dir='ltr'><strong>futurum,</strong></span> <span class='ocrx_word' id='word_1_240' title='bbox 2509 1715 2614 1754; x_wconf 90' lang='lat' dir='ltr'><strong>non</strong></span> <span class='ocrx_word' id='word_1_241' title='bbox 2644 1701 2858 1769; x_wconf 87' lang='lat' dir='ltr'><strong>dicitur,</strong></span> <span class='ocrx_word' id='word_1_242' title='bbox 2884 1703 3135 1774; x_wconf 84' lang='lat' dir='ltr'><strong>quoniam</strong></span> <span class='ocrx_word' id='word_1_243' title='bbox 3162 1715 3402 1774; x_wconf 72' lang='lat' dir='ltr'><strong>utrasque</strong></span> <span class='ocrx_word' id='word_1_244' title='bbox 3431 1687 3549 1762; x_wconf 78' lang='lat' dir='ltr'><strong>om-</strong></span> 
     </span>
    </p>
   </div>
   <div class='ocr_carea' id='block_1_32' title="bbox 1977 1792 3550 1868">
    <p class='ocr_par' dir='ltr' id='par_1_32' title="bbox 1977 1792 3550 1868">
     <span class='ocr_line' id='line_1_32' title="bbox 1977 1792 3550 1868; baseline 0.006 -24"><span class='ocrx_word' id='word_1_245' title='bbox 1977 1793 2105 1852; x_wconf 86' lang='lat' dir='ltr'><strong>nino</strong></span> <span class='ocrx_word' id='word_1_246' title='bbox 2134 1792 2279 1846; x_wconf 70' lang='lat' dir='ltr'><strong>falsa!</strong></span> <span class='ocrx_word' id='word_1_247' title='bbox 2308 1794 2434 1854; x_wconf 88' lang='lat' dir='ltr'><strong>sint,</strong></span> <span class='ocrx_word' id='word_1_248' title='bbox 2465 1795 2555 1846; x_wconf 89' lang='lat' dir='ltr'><strong>sed</strong></span> <span class='ocrx_word' id='word_1_249' title='bbox 2583 1795 2830 1862; x_wconf 68' lang='lat' dir='ltr'><strong>quoiiiam</strong></span> <span class='ocrx_word' id='word_1_250' title='bbox 2855 1806 3040 1850; x_wconf 86' lang='lat' dir='ltr'><strong>neutra</strong></span> <span class='ocrx_word' id='word_1_251' title='bbox 3068 1813 3190 1854; x_wconf 87' lang='lat' dir='ltr'><strong>vera</strong></span> <span class='ocrx_word' id='word_1_252' title='bbox 3219 1798 3289 1852; x_wconf 87' lang='lat' dir='ltr'><strong>sit</strong></span> <span class='ocrx_word' id='word_1_253' title='bbox 3313 1798 3550 1868; x_wconf 87' lang='lat' dir='ltr'><strong>deﬁnite,</strong></span> 
     </span>
    </p>
   </div>
   <div class='ocr_carea' id='block_1_33' title="bbox 281 1877 3548 1962">
    <p class='ocr_par' dir='ltr' id='par_1_33' title="bbox 281 1877 3548 1962">
     <span class='ocr_line' id='line_1_33' title="bbox 281 1877 3548 1962; baseline -0.001 -16"><span class='ocrx_word' id='word_1_254' title='bbox 281 1899 375 1952; x_wconf 79' lang='lat' dir='ltr'><strong>ttut</strong></span> <span class='ocrx_word' id='word_1_255' title='bbox 421 1904 604 1954; x_wconf 79' lang='lat' dir='ltr'><strong>rursus</strong></span> <span class='ocrx_word' id='word_1_256' title='bbox 651 1889 904 1962; x_wconf 83' lang='lat' dir='ltr'><strong>quoniam</strong></span> <span class='ocrx_word' id='word_1_257' title='bbox 935 1890 1038 1943; x_wconf 88' lang='lat' dir='ltr'><strong>erit</strong></span> <span class='ocrx_word' id='word_1_258' title='bbox 1067 1897 1156 1946; x_wconf 86' lang='lat' dir='ltr'><strong>aut</strong></span> <span class='ocrx_word' id='word_1_259' title='bbox 1207 1903 1312 1948; x_wconf 83' lang='lat' dir='ltr'><strong>non</strong></span> <span class='ocrx_word' id='word_1_260' title='bbox 1345 1889 1466 1950; x_wconf 80' lang='lat' dir='ltr'><strong>erit,</strong></span> <span class='ocrx_word' id='word_1_261' title='bbox 1503 1888 1740 1956; x_wconf 90' lang='lat' dir='ltr'><strong>utrisque</strong></span> <span class='ocrx_word' id='word_1_262' title='bbox 1785 1900 1870 1946; x_wconf 89' lang='lat' dir='ltr'><strong>se-</strong></span> <span class='ocrx_word' id='word_1_263' title='bbox 1901 1877 1946 1937; x_wconf 85' lang='grc' dir='ltr'><strong><em>Β</em></strong></span> <span class='ocrx_word' id='word_1_264' title='bbox 1975 1892 2067 1943; x_wconf 86' lang='lat' dir='ltr'><strong>aut</strong></span> <span class='ocrx_word' id='word_1_265' title='bbox 2094 1885 2348 1956; x_wconf 85' lang='lat' dir='ltr'><strong>quaelibet</strong></span> <span class='ocrx_word' id='word_1_266' title='bbox 2380 1885 2616 1954; x_wconf 88' lang='lat' dir='ltr'><strong>ipsarum</strong></span> <span class='ocrx_word' id='word_1_267' title='bbox 2648 1887 2869 1942; x_wconf 92' lang='lat' dir='ltr'><strong>deﬁnite</strong></span> <span class='ocrx_word' id='word_1_268' title='bbox 2895 1889 2969 1944; x_wconf 92' lang='lat' dir='ltr'><strong>sit</strong></span> <span class='ocrx_word' id='word_1_269' title='bbox 2991 1887 3144 1956; x_wconf 81' lang='lat' dir='ltr'><strong>falsa,</strong></span> <span class='ocrx_word' id='word_1_270' title='bbox 3171 1891 3268 1952; x_wconf 81' lang='lat' dir='ltr'><strong>sed</strong></span> <span class='ocrx_word' id='word_1_271' title='bbox 3299 1893 3410 1948; x_wconf 66' lang='lat' dir='ltr'><strong>haec</strong></span> <span class='ocrx_word' id='word_1_272' title='bbox 3431 1895 3548 1962; x_wconf 83' lang='lat' dir='ltr'><strong>qni-</strong></span> 
     </span>
    </p>
   </div>
   <div class='ocr_carea' id='block_1_34' title="bbox 281 1979 1870 2052">
    <p class='ocr_par' dir='ltr' id='par_1_34' title="bbox 281 1979 1870 2052">
     <span class='ocr_line' id='line_1_34' title="bbox 281 1979 1870 2052; baseline -0.005 -15"><span class='ocrx_word' id='word_1_273' title='bbox 281 1985 516 2048; x_wconf 80' lang='lat' dir='ltr'><strong>cundum</strong></span> <span class='ocrx_word' id='word_1_274' title='bbox 556 1992 832 2044; x_wconf 67' lang='lat' dir='ltr'><strong>versuumn</strong></span> <span class='ocrx_word' id='word_1_275' title='bbox 865 1991 916 2046; x_wconf 81' lang='lat' dir='ltr'><strong>et</strong></span> <span class='ocrx_word' id='word_1_276' title='bbox 951 1979 1234 2052; x_wconf 75' lang='lat' dir='ltr'><strong>falsitatem</strong></span> <span class='ocrx_word' id='word_1_277' title='bbox 1265 1979 1574 2050; x_wconf 74' lang='lat' dir='ltr'><strong>indeﬁnitis,</strong></span> <span class='ocrx_word' id='word_1_278' title='bbox 1605 1991 1656 2032; x_wconf 88' lang='lat' dir='ltr'><strong>et</strong></span> <span class='ocrx_word' id='word_1_279' title='bbox 1688 1992 1870 2048; x_wconf 59' lang='lat' dir='ltr'><strong>aequa-</strong></span> 
     </span>
    </p>
   </div>
   <div class='ocr_carea' id='block_1_35' title="bbox 281 2069 1871 2144">
    <p class='ocr_par' dir='ltr' id='par_1_35' title="bbox 281 2069 1871 2144">
     <span class='ocr_line' id='line_1_35' title="bbox 281 2069 1871 2144; baseline -0.003 -14"><span class='ocrx_word' id='word_1_280' title='bbox 281 2075 408 2140; x_wconf 76' lang='lat' dir='ltr'><strong>liter</strong></span> <span class='ocrx_word' id='word_1_281' title='bbox 436 2074 506 2136; x_wconf 80' lang='lat' dir='ltr'><strong>ad</strong></span> <span class='ocrx_word' id='word_1_282' title='bbox 537 2075 810 2138; x_wconf 76' lang='lat' dir='ltr'><strong>veritatem</strong></span> <span class='ocrx_word' id='word_1_283' title='bbox 841 2073 1290 2144; x_wconf 65' lang='lat' dir='ltr'><strong>mcndaciumque</strong></span> <span class='ocrx_word' id='word_1_284' title='bbox 1319 2072 1664 2140; x_wconf 80' lang='lat' dir='ltr'><strong>vergentibus</strong></span> <span class='ocrx_word' id='word_1_285' title='bbox 1690 2069 1871 2136; x_wconf 79' lang='lat' dir='ltr'><strong>docuit</strong></span> 
     </span>
    </p>
   </div>
   <div class='ocr_carea' id='block_1_36' title="bbox 283 2164 1870 2238">
    <p class='ocr_par' dir='ltr' id='par_1_36' title="bbox 283 2164 1870 2238">
     <span class='ocr_line' id='line_1_36' title="bbox 283 2164 1870 2238; baseline -0.004 -16"><span class='ocrx_word' id='word_1_286' title='bbox 283 2168 502 2238; x_wconf 54' lang='lat' dir='ltr'><strong>quidem</strong></span> <span class='ocrx_word' id='word_1_287' title='bbox 541 2181 724 2235; x_wconf 86' lang='lat' dir='ltr'><strong>supra,</strong></span> <span class='ocrx_word' id='word_1_288' title='bbox 749 2174 811 2220; x_wconf 81' lang='lat' dir='ltr'><strong>et</strong></span> <span class='ocrx_word' id='word_1_289' title='bbox 849 2180 971 2232; x_wconf 70' lang='lat' dir='ltr'><strong>esse</strong></span> <span class='ocrx_word' id='word_1_290' title='bbox 1005 2175 1057 2228; x_wconf 81' lang='lat' dir='ltr'><strong>et</strong></span> <span class='ocrx_word' id='word_1_291' title='bbox 1089 2180 1191 2220; x_wconf 89' lang='lat' dir='ltr'><strong>non</strong></span> <span class='ocrx_word' id='word_1_292' title='bbox 1217 2179 1337 2226; x_wconf 70' lang='lat' dir='ltr'><strong>esse</strong></span> <span class='ocrx_word' id='word_1_293' title='bbox 1369 2164 1482 2228; x_wconf 84' lang='lat' dir='ltr'><strong>ﬁeri</strong></span> <span class='ocrx_word' id='word_1_294' title='bbox 1539 2179 1642 2218; x_wconf 92' lang='lat' dir='ltr'><strong>non</strong></span> <span class='ocrx_word' id='word_1_295' title='bbox 1695 2177 1870 2236; x_wconf 53' lang='lat' dir='ltr'><strong>l‘iosse,</strong></span> 
     </span>
    </p>
   </div>
   <div class='ocr_carea' id='block_1_37' title="bbox 281 2253 1870 2328">
    <p class='ocr_par' dir='ltr' id='par_1_37' title="bbox 281 2253 1870 2328">
     <span class='ocr_line' id='line_1_37' title="bbox 281 2253 1870 2328; baseline -0.006 -14"><span class='ocrx_word' id='word_1_296' title='bbox 281 2270 404 2322; x_wconf 76' lang='lat' dir='ltr'><strong>cum</strong></span> <span class='ocrx_word' id='word_1_297' title='bbox 429 2258 587 2318; x_wconf 75' lang='lat' dir='ltr'><strong>dixit.</strong></span> <span class='ocrx_word' id='word_1_298' title='bbox 621 2257 870 2328; x_wconf 73' lang='lat' dir='ltr'><strong>Utrteque</strong></span> <span class='ocrx_word' id='word_1_299' title='bbox 892 2257 1034 2320; x_wconf 80' lang='lat' dir='ltr'><strong>enim</strong></span> <span class='ocrx_word' id='word_1_300' title='bbox 1063 2255 1219 2320; x_wconf 84' lang='lat' dir='ltr'><strong>simul</strong></span> <span class='ocrx_word' id='word_1_301' title='bbox 1251 2271 1354 2322; x_wconf 79' lang='lat' dir='ltr'><strong>non</strong></span> <span class='ocrx_word' id='word_1_302' title='bbox 1385 2262 1540 2318; x_wconf 86' lang='lat' dir='ltr'><strong>erunt</strong></span> <span class='ocrx_word' id='word_1_303' title='bbox 1567 2257 1616 2316; x_wconf 82' lang='lat' dir='ltr'><strong>in</strong></span> <span class='ocrx_word' id='word_1_304' title='bbox 1649 2253 1870 2316; x_wconf 79' lang='lat' dir='ltr'><strong>talibus.</strong></span> 
     </span>
    </p>
   </div>
   <div class='ocr_carea' id='block_1_38' title="bbox 284 2344 1875 2419">
    <p class='ocr_par' dir='ltr' id='par_1_38' title="bbox 284 2344 1875 2419">
     <span class='ocr_line' id='line_1_38' title="bbox 284 2344 1875 2419; baseline 0 -17"><span class='ocrx_word' id='word_1_305' title='bbox 284 2349 478 2417; x_wconf 73' lang='lat' dir='ltr'><strong>Docuit</strong></span> <span class='ocrx_word' id='word_1_306' title='bbox 508 2349 668 2417; x_wconf 81' lang='lat' dir='ltr'><strong>etiam</strong></span> <span class='ocrx_word' id='word_1_307' title='bbox 699 2349 1083 2419; x_wconf 75' lang='lat' dir='ltr'><strong>aliquantisper</strong></span> <span class='ocrx_word' id='word_1_308' title='bbox 1110 2358 1202 2410; x_wconf 82' lang='lat' dir='ltr'><strong>aut</strong></span> <span class='ocrx_word' id='word_1_309' title='bbox 1229 2362 1350 2410; x_wconf 79' lang='lat' dir='ltr'><strong>esse</strong></span> <span class='ocrx_word' id='word_1_310' title='bbox 1375 2357 1461 2408; x_wconf 84' lang='lat' dir='ltr'><strong>aut</strong></span> <span class='ocrx_word' id='word_1_311' title='bbox 1489 2362 1593 2410; x_wconf 83' lang='lat' dir='ltr'><strong>non</strong></span> <span class='ocrx_word' id='word_1_312' title='bbox 1625 2360 1745 2398; x_wconf 75' lang='lat' dir='ltr'><strong>esse</strong></span> <span class='ocrx_word' id='word_1_313' title='bbox 1775 2344 1875 2402; x_wconf 83' lang='lat' dir='ltr'><strong>de-</strong></span> 
     </span>
    </p>
   </div>
   <div class='ocr_carea' id='block_1_39' title="bbox 284 2434 1876 2512">
    <p class='ocr_par' dir='ltr' id='par_1_39' title="bbox 284 2434 1876 2512">
     <span class='ocr_line' id='line_1_39' title="bbox 284 2434 1876 2512; baseline -0.004 -18"><span class='ocrx_word' id='word_1_314' title='bbox 284 2441 460 2506; x_wconf 70' lang='lat' dir='ltr'><strong>ﬁnite,</strong></span> <span class='ocrx_word' id='word_1_315' title='bbox 513 2441 568 2504; x_wconf 86' lang='lat' dir='ltr'><strong>iu</strong></span> <span class='ocrx_word' id='word_1_316' title='bbox 609 2437 1044 2508; x_wconf 74' lang='lat' dir='ltr'><strong>contingentibus</strong></span> <span class='ocrx_word' id='word_1_317' title='bbox 1081 2446 1136 2498; x_wconf 91' lang='lat' dir='ltr'><strong>et</strong></span> <span class='ocrx_word' id='word_1_318' title='bbox 1191 2437 1380 2498; x_wconf 81' lang='lat' dir='ltr'><strong>tuturis</strong></span> <span class='ocrx_word' id='word_1_319' title='bbox 1423 2434 1876 2512; x_wconf 75' lang='lat' dir='ltr'><strong>propositionibus</strong></span> 
     </span>
    </p>
   </div>
   <div class='ocr_carea' id='block_1_40' title="bbox 284 2527 1874 2606">
    <p class='ocr_par' dir='ltr' id='par_1_40' title="bbox 284 2527 1874 2606">
     <span class='ocr_line' id='line_1_40' title="bbox 284 2527 1874 2606; baseline -0.004 -22"><span class='ocrx_word' id='word_1_320' title='bbox 284 2544 410 2600; x_wconf 73' lang='lat' dir='ltr'><strong>psse</strong></span> <span class='ocrx_word' id='word_1_321' title='bbox 436 2547 543 2586; x_wconf 93' lang='lat' dir='ltr'><strong>non</strong></span> <span class='ocrx_word' id='word_1_322' title='bbox 573 2545 752 2598; x_wconf 74' lang='lat' dir='ltr'><strong>posse.</strong></span> <span class='ocrx_word' id='word_1_323' title='bbox 791 2535 936 2590; x_wconf 59' lang='grc' dir='ltr'>λιιιιο</span> <span class='ocrx_word' id='word_1_324' title='bbox 965 2528 1095 2600; x_wconf 75' lang='lat' dir='ltr'><strong>illud</strong></span> <span class='ocrx_word' id='word_1_325' title='bbox 1123 2527 1269 2592; x_wconf 79' lang='lat' dir='ltr'><strong>addit</strong></span> <span class='ocrx_word' id='word_1_326' title='bbox 1307 2546 1315 2578; x_wconf 92' lang='lat'>:</span> <span class='ocrx_word' id='word_1_327' title='bbox 1349 2527 1499 2606; x_wconf 76' lang='lat' dir='ltr'><strong>Quod</strong></span> <span class='ocrx_word' id='word_1_328' title='bbox 1536 2541 1704 2594; x_wconf 90' lang='lat' dir='ltr'><strong>neque</strong></span> <span class='ocrx_word' id='word_1_329' title='bbox 1732 2539 1874 2588; x_wconf 84' lang='lat' dir='ltr'><strong>esse,</strong></span> 
     </span>
    </p>
   </div>
   <div class='ocr_carea' id='block_1_41' title="bbox 284 2617 1876 2691">
    <p class='ocr_par' dir='ltr' id='par_1_41' title="bbox 284 2617 1876 2691">
     <span class='ocr_line' id='line_1_41' title="bbox 284 2617 1876 2691; baseline -0.005 -15"><span class='ocrx_word' id='word_1_330' title='bbox 284 2635 462 2690; x_wconf 82' lang='lat' dir='ltr'><strong>neque</strong></span> <span class='ocrx_word' id='word_1_331' title='bbox 499 2637 603 2676; x_wconf 87' lang='lat' dir='ltr'><strong>non</strong></span> <span class='ocrx_word' id='word_1_332' title='bbox 635 2635 776 2688; x_wconf 86' lang='lat' dir='ltr'><strong>esse,</strong></span> <span class='ocrx_word' id='word_1_333' title='bbox 800 2619 853 2675; x_wconf 90' lang='lat' dir='ltr'><strong>id</strong></span> <span class='ocrx_word' id='word_1_334' title='bbox 893 2631 976 2678; x_wconf 88' lang='lat' dir='ltr'><strong>est</strong></span> <span class='ocrx_word' id='word_1_335' title='bbox 1005 2619 1146 2691; x_wconf 92' lang='lat' dir='ltr'><strong>quod</strong></span> <span class='ocrx_word' id='word_1_336' title='bbox 1182 2634 1282 2672; x_wconf 91' lang='lat' dir='ltr'><strong>nec</strong></span> <span class='ocrx_word' id='word_1_337' title='bbox 1313 2617 1444 2672; x_wconf 79' lang='lat' dir='ltr'><strong>illud</strong></span> <span class='ocrx_word' id='word_1_338' title='bbox 1475 2617 1577 2672; x_wconf 89' lang='lat' dir='ltr'><strong>dici</strong></span> <span class='ocrx_word' id='word_1_339' title='bbox 1607 2631 1729 2670; x_wconf 87' lang='lat' dir='ltr'><strong>vere</strong></span> <span class='ocrx_word' id='word_1_340' title='bbox 1761 2631 1876 2682; x_wconf 86' lang='lat' dir='ltr'><strong>pos-</strong></span> 
     </span>
    </p>
   </div>
   <div class='ocr_carea' id='block_1_42' title="bbox 285 2705 1875 2782">
    <p class='ocr_par' dir='ltr' id='par_1_42' title="bbox 285 2705 1875 2782">
     <span class='ocr_line' id='line_1_42' title="bbox 285 2705 1875 2782; baseline -0.006 -12"><span class='ocrx_word' id='word_1_341' title='bbox 285 2716 374 2781; x_wconf 73' lang='lat' dir='ltr'><strong>sit,</strong></span> <span class='ocrx_word' id='word_1_342' title='bbox 429 2727 588 2782; x_wconf 87' lang='lat' dir='ltr'><strong>posse</strong></span> <span class='ocrx_word' id='word_1_343' title='bbox 617 2723 870 2781; x_wconf 80' lang='lat' dir='ltr'><strong>utrasque</strong></span> <span class='ocrx_word' id='word_1_344' title='bbox 901 2711 1125 2774; x_wconf 74' lang='lat' dir='ltr'><strong>inveniri</strong></span> <span class='ocrx_word' id='word_1_345' title='bbox 1158 2709 1342 2774; x_wconf 84' lang='lat' dir='ltr'><strong>falsas,</strong></span> <span class='ocrx_word' id='word_1_346' title='bbox 1389 2723 1510 2781; x_wconf 77' lang='lat' dir='ltr'><strong>quae</strong></span> <span class='ocrx_word' id='word_1_347' title='bbox 1536 2708 1786 2760; x_wconf 89' lang='lat' dir='ltr'><strong>dicuntur</strong></span> <span class='ocrx_word' id='word_1_348' title='bbox 1823 2705 1875 2760; x_wconf 90' lang='lat' dir='ltr'><strong>in</strong></span> 
     </span>
    </p>
   </div>
   <div class='ocr_carea' id='block_1_43' title="bbox 287 2801 1878 2874">
    <p class='ocr_par' dir='ltr' id='par_1_43' title="bbox 287 2801 1878 2874">
     <span class='ocr_line' id='line_1_43' title="bbox 287 2801 1878 2874; baseline -0.006 -14"><span class='ocrx_word' id='word_1_349' title='bbox 287 2806 467 2870; x_wconf 69' lang='lat' dir='ltr'><strong>futuro</strong></span> <span class='ocrx_word' id='word_1_350' title='bbox 510 2803 924 2874; x_wconf 68' lang='lat' dir='ltr'><strong>propositiones.</strong></span> <span class='ocrx_word' id='word_1_351' title='bbox 971 2802 1124 2870; x_wconf 79' lang='lat' dir='ltr'><strong>Quod</strong></span> <span class='ocrx_word' id='word_1_352' title='bbox 1154 2801 1409 2870; x_wconf 81' lang='lat' dir='ltr'><strong>sineque</strong></span> <span class='ocrx_word' id='word_1_353' title='bbox 1460 2811 1699 2870; x_wconf 72' lang='lat' dir='ltr'><strong>utraeque</strong></span> <span class='ocrx_word' id='word_1_354' title='bbox 1741 2813 1878 2852; x_wconf 72' lang='lat' dir='ltr'><strong>verae</strong></span> 
     </span>
    </p>
   </div>
   <div class='ocr_carea' id='block_1_44' title="bbox 286 2893 1876 2967">
    <p class='ocr_par' dir='ltr' id='par_1_44' title="bbox 286 2893 1876 2967">
     <span class='ocr_line' id='line_1_44' title="bbox 286 2893 1876 2967; baseline -0.006 -14"><span class='ocrx_word' id='word_1_355' title='bbox 286 2909 436 2962; x_wconf 81' lang='lat' dir='ltr'><strong>sunt,</strong></span> <span class='ocrx_word' id='word_1_356' title='bbox 468 2911 643 2966; x_wconf 69' lang='lat' dir='ltr'><strong>neque</strong></span> <span class='ocrx_word' id='word_1_357' title='bbox 665 2905 902 2967; x_wconf 69' lang='lat' dir='ltr'><strong>utrmque</strong></span> <span class='ocrx_word' id='word_1_358' title='bbox 935 2896 1104 2964; x_wconf 60' lang='lat' dir='ltr'><strong>falsis,</strong></span> <span class='ocrx_word' id='word_1_359' title='bbox 1136 2910 1309 2964; x_wconf 83' lang='lat' dir='ltr'><strong>neque</strong></span> <span class='ocrx_word' id='word_1_360' title='bbox 1351 2909 1450 2948; x_wconf 86' lang='lat' dir='ltr'><strong>una</strong></span> <span class='ocrx_word' id='word_1_361' title='bbox 1478 2893 1699 2954; x_wconf 66' lang='lat' dir='ltr'><strong>deﬁnite</strong></span> <span class='ocrx_word' id='word_1_362' title='bbox 1732 2907 1876 2960; x_wconf 87' lang='lat' dir='ltr'><strong>vera,</strong></span> 
     </span>
    </p>
   </div>
   <div class='ocr_carea' id='block_1_45' title="bbox 288 2985 1877 3058">
    <p class='ocr_par' dir='ltr' id='par_1_45' title="bbox 288 2985 1877 3058">
     <span class='ocr_line' id='line_1_45' title="bbox 288 2985 1877 3058; baseline -0.007 -12"><span class='ocrx_word' id='word_1_363' title='bbox 288 2993 418 3047; x_wconf 71' lang='lat' dir='ltr'><strong>falsa</strong></span> <span class='ocrx_word' id='word_1_364' title='bbox 450 2993 618 3050; x_wconf 85' lang='lat' dir='ltr'><strong>altera</strong></span> <span class='ocrx_word' id='word_1_365' title='bbox 647 2991 894 3050; x_wconf 70' lang='lat' dir='ltr'><strong>deﬁnite.</strong></span> <span class='ocrx_word' id='word_1_366' title='bbox 929 2991 1117 3048; x_wconf 74' lang='lat' dir='ltr'><strong>Restat</strong></span> <span class='ocrx_word' id='word_1_367' title='bbox 1143 2998 1203 3044; x_wconf 92' lang='lat' dir='ltr'><strong>ut</strong></span> <span class='ocrx_word' id='word_1_368' title='bbox 1235 3001 1340 3058; x_wconf 80' lang='lat' dir='ltr'><strong>una</strong></span> <span class='ocrx_word' id='word_1_369' title='bbox 1375 2985 1590 3056; x_wconf 88' lang='lat' dir='ltr'><strong>quidem</strong></span> <span class='ocrx_word' id='word_1_370' title='bbox 1633 3001 1756 3039; x_wconf 88' lang='lat' dir='ltr'><strong>vera</strong></span> <span class='ocrx_word' id='word_1_371' title='bbox 1787 2985 1877 3052; x_wconf 89' lang='lat' dir='ltr'><strong>sit,</strong></span> 
     </span>
    </p>
   </div>
   <div class='ocr_carea' id='block_1_46' title="bbox 288 3077 1880 3156">
    <p class='ocr_par' dir='ltr' id='par_1_46' title="bbox 288 3077 1880 3156">
     <span class='ocr_line' id='line_1_46' title="bbox 288 3077 1880 3156; baseline -0.003 -18"><span class='ocrx_word' id='word_1_372' title='bbox 288 3086 460 3144; x_wconf 73' lang='lat' dir='ltr'><strong>altera</strong></span> <span class='ocrx_word' id='word_1_373' title='bbox 489 3083 644 3148; x_wconf 82' lang='lat' dir='ltr'><strong>falsa,</strong></span> <span class='ocrx_word' id='word_1_374' title='bbox 668 3098 770 3136; x_wconf 91' lang='lat' dir='ltr'><strong>non</strong></span> <span class='ocrx_word' id='word_1_375' title='bbox 804 3092 980 3142; x_wconf 78' lang='lat' dir='ltr'><strong>tamen</strong></span> <span class='ocrx_word' id='word_1_376' title='bbox 1003 3081 1242 3146; x_wconf 82' lang='lat' dir='ltr'><strong>deﬁnite,</strong></span> <span class='ocrx_word' id='word_1_377' title='bbox 1262 3079 1354 3144; x_wconf 83' lang='lat' dir='ltr'><strong>sed</strong></span> <span class='ocrx_word' id='word_1_378' title='bbox 1383 3077 1695 3156; x_wconf 85' lang='lat' dir='ltr'><strong>utrumlibet</strong></span> <span class='ocrx_word' id='word_1_379' title='bbox 1715 3090 1765 3132; x_wconf 88' lang='lat' dir='ltr'><strong>et</strong></span> <span class='ocrx_word' id='word_1_380' title='bbox 1784 3080 1880 3134; x_wconf 86' lang='lat' dir='ltr'><strong>in-</strong></span> 
     </span>
    </p>
   </div>
   <div class='ocr_carea' id='block_1_47' title="bbox 289 3173 1878 3244">
    <p class='ocr_par' dir='ltr' id='par_1_47' title="bbox 289 3173 1878 3244">
     <span class='ocr_line' id='line_1_47' title="bbox 289 3173 1878 3244; baseline -0.01 -6"><span class='ocrx_word' id='word_1_381' title='bbox 289 3178 468 3238; x_wconf 84' lang='lat' dir='ltr'><strong>stabili</strong></span> <span class='ocrx_word' id='word_1_382' title='bbox 498 3175 678 3240; x_wconf 82' lang='lat' dir='ltr'><strong>modo,</strong></span> <span class='ocrx_word' id='word_1_383' title='bbox 711 3185 767 3230; x_wconf 88' lang='grc' dir='ltr'><strong>ιιι</strong></span> <span class='ocrx_word' id='word_1_384' title='bbox 790 3175 889 3230; x_wconf 83' lang='lat' dir='ltr'><strong>hoc</strong></span> <span class='ocrx_word' id='word_1_385' title='bbox 917 3174 1131 3244; x_wconf 86' lang='lat' dir='ltr'><strong>quidem</strong></span> <span class='ocrx_word' id='word_1_386' title='bbox 1162 3181 1250 3234; x_wconf 85' lang='lat' dir='ltr'><strong>aut</strong></span> <span class='ocrx_word' id='word_1_387' title='bbox 1285 3174 1388 3236; x_wconf 81' lang='lat' dir='ltr'><strong>hoc</strong></span> <span class='ocrx_word' id='word_1_388' title='bbox 1408 3173 1627 3226; x_wconf 83' lang='lat' dir='ltr'><strong>evenire</strong></span> <span class='ocrx_word' id='word_1_389' title='bbox 1658 3185 1878 3230; x_wconf 82' lang='lat' dir='ltr'><strong>necesse</strong></span> 
     </span>
    </p>
   </div>
   <div class='ocr_carea' id='block_1_48' title="bbox 1975 1975 3552 2056">
    <p class='ocr_par' dir='ltr' id='par_1_48' title="bbox 1975 1975 3552 2056">
     <span class='ocr_line' id='line_1_48' title="bbox 1975 1975 3552 2056; baseline 0.006 -28"><span class='ocrx_word' id='word_1_390' title='bbox 1975 1975 2096 2034; x_wconf 87' lang='lat' dir='ltr'><strong>dem</strong></span> <span class='ocrx_word' id='word_1_391' title='bbox 2144 1991 2291 2039; x_wconf 90' lang='lat' dir='ltr'><strong>vera,</strong></span> <span class='ocrx_word' id='word_1_392' title='bbox 2344 1977 2430 2030; x_wconf 89' lang='lat' dir='ltr'><strong>illa</strong></span> <span class='ocrx_word' id='word_1_393' title='bbox 2461 1993 2591 2032; x_wconf 89' lang='lat' dir='ltr'><strong>vero</strong></span> <span class='ocrx_word' id='word_1_394' title='bbox 2627 1978 2780 2044; x_wconf 87' lang='lat' dir='ltr'><strong>falsa,</strong></span> <span class='ocrx_word' id='word_1_395' title='bbox 2815 1995 2920 2038; x_wconf 89' lang='lat' dir='ltr'><strong>non</strong></span> <span class='ocrx_word' id='word_1_396' title='bbox 2960 1990 3138 2038; x_wconf 87' lang='lat' dir='ltr'><strong>tamen</strong></span> <span class='ocrx_word' id='word_1_397' title='bbox 3173 1999 3275 2038; x_wconf 89' lang='lat' dir='ltr'><strong>una</strong></span> <span class='ocrx_word' id='word_1_398' title='bbox 3323 1985 3552 2056; x_wconf 87' lang='lat' dir='ltr'><strong>ipsarum</strong></span> 
     </span>
    </p>
   </div>
   <div class='ocr_carea' id='block_1_49' title="bbox 1979 2067 3552 2144">
    <p class='ocr_par' dir='ltr' id='par_1_49' title="bbox 1979 2067 3552 2144">
     <span class='ocr_line' id='line_1_49' title="bbox 1979 2067 3552 2144; baseline 0.006 -23"><span class='ocrx_word' id='word_1_399' title='bbox 1979 2067 2221 2135; x_wconf 88' lang='lat' dir='ltr'><strong>deﬁnite,</strong></span> <span class='ocrx_word' id='word_1_400' title='bbox 2253 2068 2347 2122; x_wconf 87' lang='lat' dir='ltr'><strong>sed</strong></span> <span class='ocrx_word' id='word_1_401' title='bbox 2381 2068 2630 2140; x_wconf 62' lang='lat' dir='ltr'><strong>quaelibet</strong></span> <span class='ocrx_word' id='word_1_402' title='bbox 2662 2070 2871 2124; x_wconf 89' lang='lat' dir='ltr'><strong>illarum</strong></span> <span class='ocrx_word' id='word_1_403' title='bbox 2903 2073 3291 2144; x_wconf 84' lang='lat' dir='ltr'><strong>contingenter.</strong></span> <span class='ocrx_word' id='word_1_404' title='bbox 3337 2075 3430 2132; x_wconf 83' lang='lat' dir='ltr'><strong>llis</strong></span> <span class='ocrx_word' id='word_1_405' title='bbox 3464 2091 3552 2130; x_wconf 65' lang='lat' dir='ltr'><strong>au~</strong></span> 
     </span>
    </p>
   </div>
   <div class='ocr_carea' id='block_1_50' title="bbox 1978 2163 3553 2243">
    <p class='ocr_par' dir='ltr' id='par_1_50' title="bbox 1978 2163 3553 2243">
     <span class='ocr_line' id='line_1_50' title="bbox 1978 2163 3553 2243; baseline 0.006 -28"><span class='ocrx_word' id='word_1_406' title='bbox 1978 2171 2083 2228; x_wconf 77' lang='lat' dir='ltr'><strong>tem</strong></span> <span class='ocrx_word' id='word_1_407' title='bbox 2111 2163 2311 2243; x_wconf 76' lang='lat' dir='ltr'><strong>adjecit</strong></span> <span class='ocrx_word' id='word_1_408' title='bbox 2340 2163 2482 2218; x_wconf 83' lang='lat' dir='ltr'><strong>aliud</strong></span> <span class='ocrx_word' id='word_1_409' title='bbox 2512 2163 2764 2234; x_wconf 80' lang='lat' dir='ltr'><strong>quiddam</strong></span> <span class='ocrx_word' id='word_1_410' title='bbox 2805 2164 3014 2233; x_wconf 91' lang='lat' dir='ltr'><strong>dicens,</strong></span> <span class='ocrx_word' id='word_1_411' title='bbox 3057 2168 3099 2226; x_wconf 86' lang='lat' dir='ltr'><strong>si</strong></span> <span class='ocrx_word' id='word_1_412' title='bbox 3133 2168 3553 2238; x_wconf 87' lang='lat' dir='ltr'><strong>propositionum</strong></span> 
     </span>
    </p>
   </div>
   <div class='ocr_carea' id='block_1_51' title="bbox 1978 2254 3554 2328">
    <p class='ocr_par' dir='ltr' id='par_1_51' title="bbox 1978 2254 3554 2328">
     <span class='ocr_line' id='line_1_51' title="bbox 1978 2254 3554 2328; baseline 0.002 -19"><span class='ocrx_word' id='word_1_413' title='bbox 1978 2255 2178 2326; x_wconf 75' lang='lat' dir='ltr'><strong>veritas</strong></span> <span class='ocrx_word' id='word_1_414' title='bbox 2205 2269 2274 2314; x_wconf 78' lang='lat' dir='ltr'><strong>ex</strong></span> <span class='ocrx_word' id='word_1_415' title='bbox 2311 2269 2490 2310; x_wconf 90' lang='lat' dir='ltr'><strong>rerum</strong></span> <span class='ocrx_word' id='word_1_416' title='bbox 2520 2254 2819 2322; x_wconf 79' lang='lat' dir='ltr'><strong>substantia</strong></span> <span class='ocrx_word' id='word_1_417' title='bbox 2845 2255 3064 2328; x_wconf 86' lang='lat' dir='ltr'><strong>pendet,</strong></span> <span class='ocrx_word' id='word_1_418' title='bbox 3097 2265 3154 2310; x_wconf 91' lang='lat' dir='ltr'><strong>ut</strong></span> <span class='ocrx_word' id='word_1_419' title='bbox 3180 2257 3434 2327; x_wconf 89' lang='lat' dir='ltr'><strong>quidquid</strong></span> <span class='ocrx_word' id='word_1_420' title='bbox 3465 2274 3554 2314; x_wconf 69' lang='lat' dir='ltr'><strong>ve.</strong></span> 
     </span>
    </p>
   </div>
   <div class='ocr_carea' id='block_1_52' title="bbox 1978 2347 3556 2426">
    <p class='ocr_par' dir='ltr' id='par_1_52' title="bbox 1978 2347 3556 2426">
     <span class='ocr_line' id='line_1_52' title="bbox 1978 2347 3556 2426; baseline 0.004 -25"><span class='ocrx_word' id='word_1_421' title='bbox 1978 2363 2094 2412; x_wconf 74' lang='lat' dir='ltr'><strong>rum</strong></span> <span class='ocrx_word' id='word_1_422' title='bbox 2124 2358 2204 2408; x_wconf 52' lang='lat' dir='ltr'><strong>est</strong></span> <span class='ocrx_word' id='word_1_423' title='bbox 2239 2347 2288 2402; x_wconf 94' lang='lat' dir='ltr'><strong>in</strong></span> <span class='ocrx_word' id='word_1_424' title='bbox 2325 2347 2786 2426; x_wconf 83' lang='lat' dir='ltr'><strong>propositionibus</strong></span> <span class='ocrx_word' id='word_1_425' title='bbox 2821 2349 3022 2416; x_wconf 90' lang='lat' dir='ltr'><strong>dicere,</strong></span> <span class='ocrx_word' id='word_1_426' title='bbox 3051 2349 3153 2404; x_wconf 88' lang='lat' dir='ltr'><strong>hoc</strong></span> <span class='ocrx_word' id='word_1_427' title='bbox 3193 2365 3312 2406; x_wconf 88' lang='lat' dir='ltr'><strong>esse</strong></span> <span class='ocrx_word' id='word_1_428' title='bbox 3343 2366 3556 2422; x_wconf 70' lang='lat' dir='ltr'><strong>necesse</strong></span> 
     </span>
    </p>
   </div>
   <div class='ocr_carea' id='block_1_53' title="bbox 1979 2439 3556 2510">
    <p class='ocr_par' dir='ltr' id='par_1_53' title="bbox 1979 2439 3556 2510">
     <span class='ocr_line' id='line_1_53' title="bbox 1979 2439 3556 2510; baseline 0.003 -17"><span class='ocrx_word' id='word_1_429' title='bbox 1979 2448 2081 2504; x_wconf 82' lang='lat' dir='ltr'><strong>est,</strong></span> <span class='ocrx_word' id='word_1_430' title='bbox 2115 2439 2163 2496; x_wconf 87' lang='lat' dir='ltr'><strong>si</strong></span> <span class='ocrx_word' id='word_1_431' title='bbox 2214 2454 2400 2494; x_wconf 89' lang='lat' dir='ltr'><strong>verum</strong></span> <span class='ocrx_word' id='word_1_432' title='bbox 2446 2449 2527 2492; x_wconf 90' lang='lat' dir='ltr'><strong>est</strong></span> <span class='ocrx_word' id='word_1_433' title='bbox 2576 2439 2775 2508; x_wconf 84' lang='lat' dir='ltr'><strong>dicere,</strong></span> <span class='ocrx_word' id='word_1_434' title='bbox 2809 2441 3057 2510; x_wconf 80' lang='lat' dir='ltr'><strong>quoniam</strong></span> <span class='ocrx_word' id='word_1_435' title='bbox 3097 2441 3200 2495; x_wconf 90' lang='lat' dir='ltr'><strong>erit</strong></span> <span class='ocrx_word' id='word_1_436' title='bbox 3243 2442 3419 2498; x_wconf 88' lang='lat' dir='ltr'><strong>album</strong></span> <span class='ocrx_word' id='word_1_437' title='bbox 3461 2443 3556 2500; x_wconf 81' lang='lat' dir='ltr'><strong>ali-</strong></span> 
     </span>
    </p>
   </div>
   <div class='ocr_carea' id='block_1_54' title="bbox 1979 2531 3557 2602">
    <p class='ocr_par' dir='ltr' id='par_1_54' title="bbox 1979 2531 3557 2602">
     <span class='ocr_line' id='line_1_54' title="bbox 1979 2531 3557 2602; baseline 0.005 -18"><span class='ocrx_word' id='word_1_438' title='bbox 1979 2532 2130 2602; x_wconf 89' lang='lat' dir='ltr'><strong>quid,</strong></span> <span class='ocrx_word' id='word_1_439' title='bbox 2173 2533 2453 2586; x_wconf 83' lang='lat' dir='ltr'><strong>veritatem</strong></span> <span class='ocrx_word' id='word_1_440' title='bbox 2503 2531 2884 2600; x_wconf 74' lang='lat' dir='ltr'><strong>propositionis</strong></span> <span class='ocrx_word' id='word_1_441' title='bbox 2925 2534 3162 2601; x_wconf 90' lang='lat' dir='ltr'><strong>sequitur</strong></span> <span class='ocrx_word' id='word_1_442' title='bbox 3206 2535 3281 2590; x_wconf 91' lang='lat' dir='ltr'><strong>rei</strong></span> <span class='ocrx_word' id='word_1_443' title='bbox 3314 2550 3557 2592; x_wconf 79' lang='lat' dir='ltr'><strong>necessa-</strong></span> 
     </span>
    </p>
   </div>
   <div class='ocr_carea' id='block_1_55' title="bbox 1977 2621 3558 2704">
    <p class='ocr_par' dir='ltr' id='par_1_55' title="bbox 1977 2621 3558 2704">
     <span class='ocr_line' id='line_1_55' title="bbox 1977 2621 3558 2704; baseline 0.004 -30"><span class='ocrx_word' id='word_1_444' title='bbox 1977 2624 2097 2704; x_wconf 49' lang='lat' dir='ltr'><strong>rius</strong></span> <span class='ocrx_word' id='word_1_445' title='bbox 2124 2631 2372 2699; x_wconf 79' lang='lat' dir='ltr'><strong>eventus.</strong></span> <span class='ocrx_word' id='word_1_446' title='bbox 2403 2621 2552 2688; x_wconf 87' lang='lat' dir='ltr'><strong>Quod</strong></span> <span class='ocrx_word' id='word_1_447' title='bbox 2585 2623 2626 2676; x_wconf 92' lang='lat' dir='ltr'><strong>si</strong></span> <span class='ocrx_word' id='word_1_448' title='bbox 2651 2623 2770 2690; x_wconf 86' lang='lat' dir='ltr'><strong>quis</strong></span> <span class='ocrx_word' id='word_1_449' title='bbox 2791 2623 2935 2680; x_wconf 86' lang='lat' dir='ltr'><strong>dicat</strong></span> <span class='ocrx_word' id='word_1_450' title='bbox 2960 2625 3249 2698; x_wconf 84' lang='lat' dir='ltr'><strong>quamlibet</strong></span> <span class='ocrx_word' id='word_1_451' title='bbox 3280 2625 3424 2684; x_wconf 89' lang='lat' dir='ltr'><strong>illam</strong></span> <span class='ocrx_word' id='word_1_452' title='bbox 3450 2641 3558 2696; x_wconf 81' lang='lat' dir='ltr'><strong>rem</strong></span> 
     </span>
    </p>
   </div>
   <div class='ocr_carea' id='block_1_56' title="bbox 1983 2713 3559 2786">
    <p class='ocr_par' dir='ltr' id='par_1_56' title="bbox 1983 2713 3559 2786">
     <span class='ocr_line' id='line_1_56' title="bbox 1983 2713 3559 2786; baseline 0 -16"><span class='ocrx_word' id='word_1_453' title='bbox 1983 2729 2104 2786; x_wconf 77' lang='lat' dir='ltr'><strong>cras</strong></span> <span class='ocrx_word' id='word_1_454' title='bbox 2133 2715 2306 2776; x_wconf 82' lang='lat' dir='ltr'><strong>albam</strong></span> <span class='ocrx_word' id='word_1_455' title='bbox 2344 2713 2596 2776; x_wconf 84' lang='lat' dir='ltr'><strong>futuram,</strong></span> <span class='ocrx_word' id='word_1_456' title='bbox 2629 2713 2674 2767; x_wconf 92' lang='lat' dir='ltr'><strong>si</strong></span> <span class='ocrx_word' id='word_1_457' title='bbox 2697 2713 2798 2768; x_wconf 90' lang='lat' dir='ltr'><strong>hoc</strong></span> <span class='ocrx_word' id='word_1_458' title='bbox 2820 2729 2947 2772; x_wconf 90' lang='lat' dir='ltr'><strong>vere</strong></span> <span class='ocrx_word' id='word_1_459' title='bbox 2977 2715 3192 2786; x_wconf 86' lang='lat' dir='ltr'><strong>dixerit,</strong></span> <span class='ocrx_word' id='word_1_460' title='bbox 3223 2731 3340 2784; x_wconf 79' lang='lat' dir='ltr'><strong>cras</strong></span> <span class='ocrx_word' id='word_1_461' title='bbox 3370 2731 3434 2770; x_wconf 83' lang='lat' dir='ltr'><strong>ex</strong></span> <span class='ocrx_word' id='word_1_462' title='bbox 3466 2731 3559 2770; x_wconf 58' lang='grc' dir='ltr'><strong>ηερ</strong></span> 
     </span>
    </p>
   </div>
   <div class='ocr_carea' id='block_1_57' title="bbox 1983 2806 3561 2884">
    <p class='ocr_par' dir='ltr' id='par_1_57' title="bbox 1983 2806 3561 2884">
     <span class='ocr_line' id='line_1_57' title="bbox 1983 2806 3561 2884; baseline -0.003 -20"><span class='ocrx_word' id='word_1_463' title='bbox 1983 2809 2238 2870; x_wconf 79' lang='lat' dir='ltr'><strong>ceSsitale</strong></span> <span class='ocrx_word' id='word_1_464' title='bbox 2284 2807 2401 2861; x_wconf 88' lang='lat' dir='ltr'><strong>alba</strong></span> <span class='ocrx_word' id='word_1_465' title='bbox 2434 2806 2610 2861; x_wconf 82' lang='lat' dir='ltr'><strong>futura</strong></span> <span class='ocrx_word' id='word_1_466' title='bbox 2650 2814 2753 2864; x_wconf 80' lang='lat' dir='ltr'><strong>est,</strong></span> <span class='ocrx_word' id='word_1_467' title='bbox 2809 2807 2898 2862; x_wconf 87' lang='lat' dir='ltr'><strong>Sic</strong></span> <span class='ocrx_word' id='word_1_468' title='bbox 2937 2807 3098 2874; x_wconf 77' lang='lat' dir='ltr'><strong>igitur</strong></span> <span class='ocrx_word' id='word_1_469' title='bbox 3145 2809 3187 2860; x_wconf 89' lang='lat' dir='ltr'><strong>si</strong></span> <span class='ocrx_word' id='word_1_470' title='bbox 3221 2809 3335 2884; x_wconf 86' lang='lat' dir='ltr'><strong>quis</strong></span> <span class='ocrx_word' id='word_1_471' title='bbox 3379 2821 3561 2866; x_wconf 87' lang='lat' dir='ltr'><strong>verum</strong></span> 
     </span>
    </p>
   </div>
   <div class='ocr_carea' id='block_1_58' title="bbox 1983 2899 3561 2972">
    <p class='ocr_par' dir='ltr' id='par_1_58' title="bbox 1983 2899 3561 2972">
     <span class='ocr_line' id='line_1_58' title="bbox 1983 2899 3561 2972; baseline -0.001 -19"><span class='ocrx_word' id='word_1_472' title='bbox 1983 2900 2124 2964; x_wconf 83' lang='lat' dir='ltr'><strong>dicat</strong></span> <span class='ocrx_word' id='word_1_473' title='bbox 2145 2909 2390 2964; x_wconf 83' lang='lat' dir='ltr'><strong>neutram</strong></span> <span class='ocrx_word' id='word_1_474' title='bbox 2421 2913 2542 2958; x_wconf 86' lang='lat' dir='ltr'><strong>esse</strong></span> <span class='ocrx_word' id='word_1_475' title='bbox 2567 2913 2747 2952; x_wconf 83' lang='lat' dir='ltr'><strong>veram</strong></span> <span class='ocrx_word' id='word_1_476' title='bbox 2782 2899 3203 2972; x_wconf 87' lang='lat' dir='ltr'><strong>propositionum</strong></span> <span class='ocrx_word' id='word_1_477' title='bbox 3233 2914 3414 2956; x_wconf 87' lang='lat' dir='ltr'><strong>carum</strong></span> <span class='ocrx_word' id='word_1_478' title='bbox 3445 2913 3561 2968; x_wconf 69' lang='lat' dir='ltr'><strong>qua]</strong></span> 
     </span>
    </p>
   </div>
   <div class='ocr_carea' id='block_1_59' title="bbox 1983 2981 3562 3070">
    <p class='ocr_par' dir='ltr' id='par_1_59' title="bbox 1983 2981 3562 3070">
     <span class='ocr_line' id='line_1_59' title="bbox 1983 2981 3562 3070; baseline 0.001 -23"><span class='ocrx_word' id='word_1_479' title='bbox 1983 2994 2038 3058; x_wconf 85' lang='lat' dir='ltr'><strong>in</strong></span> <span class='ocrx_word' id='word_1_480' title='bbox 2077 2993 2256 3058; x_wconf 80' lang='lat' dir='ltr'><strong>futuro</strong></span> <span class='ocrx_word' id='word_1_481' title='bbox 2304 2993 2575 3070; x_wconf 81' lang='lat' dir='ltr'><strong>dicuntur,</strong></span> <span class='ocrx_word' id='word_1_482' title='bbox 2625 3005 2850 3050; x_wconf 83' lang='lat' dir='ltr'><strong>necesse</strong></span> <span class='ocrx_word' id='word_1_483' title='bbox 2885 2981 2974 3044; x_wconf 8' lang='lat' dir='ltr'><strong>(est</strong></span> <span class='ocrx_word' id='word_1_484' title='bbox 3005 2991 3053 3043; x_wconf 91' lang='lat' dir='ltr'><strong>id</strong></span> <span class='ocrx_word' id='word_1_485' title='bbox 3085 2992 3224 3062; x_wconf 88' lang='lat' dir='ltr'><strong>quod</strong></span> <span class='ocrx_word' id='word_1_486' title='bbox 3255 2991 3470 3062; x_wconf 81' lang='lat' dir='ltr'><strong>dicitur,</strong></span> <span class='ocrx_word' id='word_1_487' title='bbox 3513 3001 3562 3054; x_wconf 89' lang='lat' dir='ltr'><strong>et</strong></span> 
     </span>
    </p>
   </div>
   <div class='ocr_carea' id='block_1_60' title="bbox 1985 3082 3562 3162">
    <p class='ocr_par' dir='ltr' id='par_1_60' title="bbox 1985 3082 3562 3162">
     <span class='ocr_line' id='line_1_60' title="bbox 1985 3082 3562 3162; baseline -0.003 -22"><span class='ocrx_word' id='word_1_488' title='bbox 1985 3085 2320 3156; x_wconf 74' lang='lat' dir='ltr'><strong>signiﬁcatur</strong></span> <span class='ocrx_word' id='word_1_489' title='bbox 2361 3084 2428 3138; x_wconf 92' lang='lat' dir='ltr'><strong>ab</strong></span> <span class='ocrx_word' id='word_1_490' title='bbox 2474 3084 2578 3144; x_wconf 88' lang='lat' dir='ltr'><strong>illis</strong></span> <span class='ocrx_word' id='word_1_491' title='bbox 2619 3082 3091 3162; x_wconf 77' lang='lat' dir='ltr'><strong>propositionibus,</strong></span> <span class='ocrx_word' id='word_1_492' title='bbox 3146 3096 3242 3136; x_wconf 84' lang='lat' dir='ltr'><strong>iec</strong></span> <span class='ocrx_word' id='word_1_493' title='bbox 3284 3097 3425 3148; x_wconf 74' lang='lat' dir='ltr'><strong>esse,</strong></span> <span class='ocrx_word' id='word_1_494' title='bbox 3467 3095 3562 3140; x_wconf 73' lang='lat' dir='ltr'><strong>nec</strong></span> 
     </span>
    </p>
   </div>
   <div class='ocr_carea' id='block_1_61' title="bbox 1987 3167 3563 3246">
    <p class='ocr_par' dir='ltr' id='par_1_61' title="bbox 1987 3167 3563 3246">
     <span class='ocr_line' id='line_1_61' title="bbox 1987 3167 3563 3246; baseline 0.001 -17"><span class='ocrx_word' id='word_1_495' title='bbox 1987 3192 2094 3244; x_wconf 83' lang='lat' dir='ltr'><strong>non</strong></span> <span class='ocrx_word' id='word_1_496' title='bbox 2124 3191 2268 3246; x_wconf 87' lang='lat' dir='ltr'><strong>esse,</strong></span> <span class='ocrx_word' id='word_1_497' title='bbox 2293 3174 2419 3230; x_wconf 80' lang='lat' dir='ltr'><strong>falsa</strong></span> <span class='ocrx_word' id='word_1_498' title='bbox 2446 3173 2588 3236; x_wconf 79' lang='lat' dir='ltr'><strong>enim</strong></span> <span class='ocrx_word' id='word_1_499' title='bbox 2614 3183 2666 3226; x_wconf 91' lang='lat' dir='ltr'><strong>et</strong></span> <span class='ocrx_word' id='word_1_500' title='bbox 2691 3173 3041 3234; x_wconf 77' lang='lat' dir='ltr'><strong>afﬁrmatione</strong></span> <span class='ocrx_word' id='word_1_501' title='bbox 3065 3183 3112 3228; x_wconf 89' lang='lat' dir='ltr'><strong>et</strong></span> <span class='ocrx_word' id='word_1_502' title='bbox 3139 3173 3438 3242; x_wconf 76' lang='lat' dir='ltr'><strong>negatione,</strong></span> <span class='ocrx_word' id='word_1_503' title='bbox 3468 3167 3563 3230; x_wconf 80' lang='lat' dir='ltr'><strong>nec</strong></span> 
     </span>
    </p>
   </div>
   <div class='ocr_carea' id='block_1_62' title="bbox 290 3261 3564 3340">
    <p class='ocr_par' dir='ltr' id='par_1_62' title="bbox 290 3261 3564 3340">
     <span class='ocr_line' id='line_1_62' title="bbox 290 3261 3564 3340; baseline -0.002 -14"><span class='ocrx_word' id='word_1_504' title='bbox 290 3272 378 3334; x_wconf 83' lang='lat' dir='ltr'><strong>sit,</strong></span> <span class='ocrx_word' id='word_1_505' title='bbox 430 3279 487 3326; x_wconf 87' lang='lat' dir='ltr'><strong>ut</strong></span> <span class='ocrx_word' id='word_1_506' title='bbox 528 3277 704 3328; x_wconf 79' lang='lat' dir='ltr'><strong>tamen</strong></span> <span class='ocrx_word' id='word_1_507' title='bbox 738 3281 839 3329; x_wconf 78' lang='lat' dir='ltr'><strong>una</strong></span> <span class='ocrx_word' id='word_1_508' title='bbox 887 3282 975 3332; x_wconf 80' lang='lat' dir='ltr'><strong>res</strong></span> <span class='ocrx_word' id='word_1_509' title='bbox 1019 3265 1276 3336; x_wconf 64' lang='lat' dir='ltr'><strong>quaelibet</strong></span> <span class='ocrx_word' id='word_1_510' title='bbox 1304 3264 1452 3334; x_wconf 73' lang='grc' dir='ltr'><strong>(111θεὶ</strong></span> <span class='ocrx_word' id='word_1_511' title='bbox 1500 3262 1801 3324; x_wconf 79' lang='lat' dir='ltr'><strong>necessarie</strong></span> <span class='ocrx_word' id='word_1_512' title='bbox 1827 3261 1954 3326; x_wconf 87' lang='lat' dir='ltr'><strong>etC</strong></span> <span class='ocrx_word' id='word_1_513' title='bbox 1986 3269 2126 3339; x_wconf 90' lang='lat' dir='ltr'><strong>quod</strong></span> <span class='ocrx_word' id='word_1_514' title='bbox 2167 3266 2455 3328; x_wconf 85' lang='lat' dir='ltr'><strong>afﬁrmatio</strong></span> <span class='ocrx_word' id='word_1_515' title='bbox 2497 3267 2627 3320; x_wconf 92' lang='lat' dir='ltr'><strong>dicit</strong></span> <span class='ocrx_word' id='word_1_516' title='bbox 2653 3265 2765 3318; x_wconf 80' lang='lat' dir='ltr'><strong>fieri</strong></span> <span class='ocrx_word' id='word_1_517' title='bbox 2799 3273 2993 3340; x_wconf 84' lang='lat' dir='ltr'><strong>potest,</strong></span> <span class='ocrx_word' id='word_1_518' title='bbox 3023 3280 3124 3320; x_wconf 87' lang='lat' dir='ltr'><strong>nec</strong></span> <span class='ocrx_word' id='word_1_519' title='bbox 3165 3264 3303 3334; x_wconf 86' lang='lat' dir='ltr'><strong>quod</strong></span> <span class='ocrx_word' id='word_1_520' title='bbox 3333 3265 3564 3338; x_wconf 84' lang='lat' dir='ltr'><strong>negatio,</strong></span> 
     </span>
    </p>
   </div>
   <div class='ocr_carea' id='block_1_63' title="bbox 292 3354 1872 3428">
    <p class='ocr_par' dir='ltr' id='par_1_63' title="bbox 292 3354 1872 3428">
     <span class='ocr_line' id='line_1_63' title="bbox 292 3354 1872 3428; baseline -0.005 -12"><span class='ocrx_word' id='word_1_521' title='bbox 292 3359 514 3420; x_wconf 77' lang='lat' dir='ltr'><strong>deﬁnite</strong></span> <span class='ocrx_word' id='word_1_522' title='bbox 535 3361 808 3428; x_wconf 85' lang='lat' dir='ltr'><strong>proveniat</strong></span> <span class='ocrx_word' id='word_1_523' title='bbox 839 3369 932 3422; x_wconf 79' lang='lat' dir='ltr'><strong>aut</strong></span> <span class='ocrx_word' id='word_1_524' title='bbox 974 3373 1080 3416; x_wconf 88' lang='lat' dir='ltr'><strong>non</strong></span> <span class='ocrx_word' id='word_1_525' title='bbox 1105 3357 1384 3428; x_wconf 82' lang='lat' dir='ltr'><strong>proveniat</strong></span> <span class='ocrx_word' id='word_1_526' title='bbox 1409 3357 1522 3418; x_wconf 81' lang='lat' dir='ltr'><strong>ﬁeri</strong></span> <span class='ocrx_word' id='word_1_527' title='bbox 1547 3369 1650 3414; x_wconf 88' lang='lat' dir='ltr'><strong>non</strong></span> <span class='ocrx_word' id='word_1_528' title='bbox 1685 3354 1872 3422; x_wconf 82' lang='lat' dir='ltr'><strong>possit.</strong></span> 
     </span>
    </p>
   </div>
   <div class='ocr_carea' id='block_1_64' title="bbox 295 3445 1880 3519">
    <p class='ocr_par' dir='ltr' id='par_1_64' title="bbox 295 3445 1880 3519">
     <span class='ocr_line' id='line_1_64' title="bbox 295 3445 1880 3519; baseline -0.005 -11"><span class='ocrx_word' id='word_1_529' title='bbox 295 3451 752 3518; x_wconf 78' lang='lat' dir='ltr'><strong>Quemadmodum</strong></span> <span class='ocrx_word' id='word_1_530' title='bbox 785 3462 964 3519; x_wconf 82' lang='lat' dir='ltr'><strong>autem</strong></span> <span class='ocrx_word' id='word_1_531' title='bbox 1006 3459 1257 3519; x_wconf 81' lang='lat' dir='ltr'><strong>utrasque</strong></span> <span class='ocrx_word' id='word_1_532' title='bbox 1299 3447 1461 3512; x_wconf 71' lang='lat' dir='ltr'><strong>falsas</strong></span> <span class='ocrx_word' id='word_1_533' title='bbox 1497 3461 1603 3500; x_wconf 91' lang='lat' dir='ltr'><strong>non</strong></span> <span class='ocrx_word' id='word_1_534' title='bbox 1634 3461 1756 3506; x_wconf 84' lang='lat' dir='ltr'><strong>esse</strong></span> <span class='ocrx_word' id='word_1_535' title='bbox 1786 3445 1880 3500; x_wconf 88' lang='lat' dir='ltr'><strong>de-</strong></span> 
     </span>
    </p>
   </div>
   <div class='ocr_carea' id='block_1_65' title="bbox 296 3544 1564 3608">
    <p class='ocr_par' dir='ltr' id='par_1_65' title="bbox 296 3544 1564 3608">
     <span class='ocr_line' id='line_1_65' title="bbox 296 3544 1564 3608; baseline -0.004 -8"><span class='ocrx_word' id='word_1_536' title='bbox 296 3555 643 3608; x_wconf 80' lang='lat' dir='ltr'><strong>monstraret,</strong></span> <span class='ocrx_word' id='word_1_537' title='bbox 677 3544 762 3606; x_wconf 84' lang='lat' dir='ltr'><strong>hie</strong></span> <span class='ocrx_word' id='word_1_538' title='bbox 791 3544 1025 3605; x_wconf 79' lang='lat' dir='ltr'><strong>inclinat.</strong></span> <span class='ocrx_word' id='word_1_539' title='bbox 1561 3597 1564 3600; x_wconf 6' lang='grc' dir='ltr'><strong>ι</strong></span> 
     </span>
    </p>
   </div>
   <div class='ocr_carea' id='block_1_66' title="bbox 368 3629 1883 3705">
    <p class='ocr_par' dir='ltr' id='par_1_66' title="bbox 368 3629 1883 3705">
     <span class='ocr_line' id='line_1_66' title="bbox 368 3629 1883 3705; baseline -0.007 -13"><span class='ocrx_word' id='word_1_540' title='bbox 368 3642 432 3692; x_wconf 72' lang='lat' dir='ltr'><strong>At</strong></span> <span class='ocrx_word' id='word_1_541' title='bbox 455 3653 578 3692; x_wconf 81' lang='lat' dir='ltr'><strong>vero</strong></span> <span class='ocrx_word' id='word_1_542' title='bbox 619 3653 711 3692; x_wconf 84' lang='lat' dir='ltr'><strong>nec</strong></span> <span class='ocrx_word' id='word_1_543' title='bbox 737 3636 982 3705; x_wconf 82' lang='lat' dir='ltr'><strong>quoniam</strong></span> <span class='ocrx_word' id='word_1_544' title='bbox 1008 3633 1184 3692; x_wconf 76' lang='lat' dir='ltr'><strong>verum</strong></span> <span class='ocrx_word' id='word_1_545' title='bbox 1225 3643 1323 3700; x_wconf 80' lang='lat' dir='ltr'><strong>est,</strong></span> <span class='ocrx_word' id='word_1_546' title='bbox 1370 3641 1606 3698; x_wconf 74' lang='lat' dir='ltr'><strong>neutrum</strong></span> <span class='ocrx_word' id='word_1_547' title='bbox 1638 3629 1883 3702; x_wconf 68' lang='lat' dir='ltr'><strong>contingit</strong></span> 
     </span>
    </p>
   </div>
   <div class='ocr_carea' id='block_1_67' title="bbox 299 3722 1881 3799">
    <p class='ocr_par' dir='ltr' id='par_1_67' title="bbox 299 3722 1881 3799">
     <span class='ocr_line' id='line_1_67' title="bbox 299 3722 1881 3799; baseline -0.006 -15"><span class='ocrx_word' id='word_1_548' title='bbox 299 3733 486 3796; x_wconf 70' lang='lat' dir='ltr'><strong>dicere,</strong></span> <span class='ocrx_word' id='word_1_549' title='bbox 516 3740 568 3784; x_wconf 91' lang='grc' dir='ltr'><strong>ιιι</strong></span> <span class='ocrx_word' id='word_1_550' title='bbox 595 3731 836 3799; x_wconf 82' lang='lat' dir='ltr'><strong>quoniam</strong></span> <span class='ocrx_word' id='word_1_551' title='bbox 868 3743 1026 3794; x_wconf 80' lang='lat' dir='ltr'><strong>neque</strong></span> <span class='ocrx_word' id='word_1_552' title='bbox 1047 3728 1164 3793; x_wconf 85' lang='lat' dir='ltr'><strong>erit,</strong></span> <span class='ocrx_word' id='word_1_553' title='bbox 1195 3742 1352 3796; x_wconf 75' lang='lat' dir='ltr'><strong>neque</strong></span> <span class='ocrx_word' id='word_1_554' title='bbox 1380 3742 1480 3786; x_wconf 81' lang='lat' dir='ltr'><strong>non</strong></span> <span class='ocrx_word' id='word_1_555' title='bbox 1503 3727 1617 3780; x_wconf 84' lang='lat' dir='ltr'><strong>erit.</strong></span> <span class='ocrx_word' id='word_1_556' title='bbox 1645 3722 1881 3788; x_wconf 79' lang='lat' dir='ltr'><strong>Primum</strong></span> 
     </span>
    </p>
   </div>
   <div class='ocr_carea' id='block_1_68' title="bbox 299 3816 1911 3889">
    <p class='ocr_par' dir='ltr' id='par_1_68' title="bbox 299 3816 1911 3889">
     <span class='ocr_line' id='line_1_68' title="bbox 299 3816 1911 3889; baseline -0.009 -11"><span class='ocrx_word' id='word_1_557' title='bbox 299 3824 430 3878; x_wconf 68' lang='lat' dir='ltr'><strong>enim</strong></span> <span class='ocrx_word' id='word_1_558' title='bbox 455 3837 572 3876; x_wconf 83' lang='lat' dir='ltr'><strong>cum</strong></span> <span class='ocrx_word' id='word_1_559' title='bbox 599 3823 662 3875; x_wconf 96' lang='lat' dir='ltr'><strong>sit</strong></span> <span class='ocrx_word' id='word_1_560' title='bbox 701 3820 969 3889; x_wconf 69' lang='lat' dir='ltr'><strong>aﬁirmatio</strong></span> <span class='ocrx_word' id='word_1_561' title='bbox 998 3819 1151 3888; x_wconf 76' lang='lat' dir='ltr'><strong>falsa,</strong></span> <span class='ocrx_word' id='word_1_562' title='bbox 1187 3819 1280 3870; x_wconf 84' lang='lat' dir='ltr'><strong>erit</strong></span> <span class='ocrx_word' id='word_1_563' title='bbox 1314 3816 1517 3887; x_wconf 79' lang='lat' dir='ltr'><strong>negatio</strong></span> <span class='ocrx_word' id='word_1_564' title='bbox 1541 3830 1640 3880; x_wconf 73' lang='lat' dir='ltr'><strong>non</strong></span> <span class='ocrx_word' id='word_1_565' title='bbox 1669 3828 1807 3875; x_wconf 84' lang='lat' dir='ltr'><strong>uera,</strong></span> <span class='ocrx_word' id='word_1_566' title='bbox 1838 3822 1911 3873; x_wconf 59' lang='grc' dir='ltr'><strong>αι’</strong></span> 
     </span>
    </p>
   </div>
   <div class='ocr_carea' id='block_1_69' title="bbox 300 3907 1870 3979">
    <p class='ocr_par' dir='ltr' id='par_1_69' title="bbox 300 3907 1870 3979">
     <span class='ocr_line' id='line_1_69' title="bbox 300 3907 1870 3979; baseline -0.007 -13"><span class='ocrx_word' id='word_1_567' title='bbox 300 3928 415 3966; x_wconf 79' lang='lat' dir='ltr'><strong>sunt</strong></span> <span class='ocrx_word' id='word_1_568' title='bbox 437 3913 546 3966; x_wconf 65' lang='lat' dir='ltr'><strong>hac</strong></span> <span class='ocrx_word' id='word_1_569' title='bbox 568 3911 624 3978; x_wconf 73' lang='lat' dir='ltr'><strong>ﬁt</strong></span> <span class='ocrx_word' id='word_1_570' title='bbox 655 3911 810 3979; x_wconf 62' lang='lat' dir='ltr'><strong>falsa,</strong></span> <span class='ocrx_word' id='word_1_571' title='bbox 837 3908 1081 3979; x_wconf 80' lang='lat' dir='ltr'><strong>contingit</strong></span> <span class='ocrx_word' id='word_1_572' title='bbox 1116 3907 1505 3978; x_wconf 69' lang='lat' dir='ltr'><strong>allii-motionem</strong></span> <span class='ocrx_word' id='word_1_573' title='bbox 1543 3920 1649 3966; x_wconf 81' lang='lat' dir='ltr'><strong>esse</strong></span> <span class='ocrx_word' id='word_1_574' title='bbox 1683 3919 1782 3964; x_wconf 85' lang='lat' dir='ltr'><strong>non</strong></span> <span class='ocrx_word' id='word_1_575' title='bbox 1807 3917 1870 3966; x_wconf 67' lang='lat' dir='ltr'><strong>eo</strong></span> 
     </span>
    </p>
   </div>
   <div class='ocr_carea' id='block_1_70' title="bbox 301 3996 1885 4065">
    <p class='ocr_par' dir='ltr' id='par_1_70' title="bbox 301 3996 1885 4065">
     <span class='ocr_line' id='line_1_70' title="bbox 301 3996 1885 4065; baseline -0.007 -7"><span class='ocrx_word' id='word_1_576' title='bbox 301 4020 432 4060; x_wconf 81' lang='lat' dir='ltr'><strong>ram.</strong></span> <span class='ocrx_word' id='word_1_577' title='bbox 465 4005 656 4057; x_wconf 75' lang='lat' dir='ltr'><strong>Adliwc</strong></span> <span class='ocrx_word' id='word_1_578' title='bbox 697 4003 740 4054; x_wconf 86' lang='lat' dir='ltr'><strong>si</strong></span> <span class='ocrx_word' id='word_1_579' title='bbox 786 4017 959 4055; x_wconf 83' lang='lat' dir='ltr'><strong>verum</strong></span> <span class='ocrx_word' id='word_1_580' title='bbox 1007 4010 1079 4058; x_wconf 75' lang='lat' dir='ltr'><strong>est</strong></span> <span class='ocrx_word' id='word_1_581' title='bbox 1108 4001 1294 4063; x_wconf 76' lang='lat' dir='ltr'><strong>dicere,</strong></span> <span class='ocrx_word' id='word_1_582' title='bbox 1326 3999 1566 4065; x_wconf 68' lang='lat' dir='ltr'><strong>quoniam</strong></span> <span class='ocrx_word' id='word_1_583' title='bbox 1612 3996 1785 4058; x_wconf 81' lang='lat' dir='ltr'><strong>album</strong></span> <span class='ocrx_word' id='word_1_584' title='bbox 1812 4001 1885 4048; x_wconf 82' lang='lat' dir='ltr'><strong>est</strong></span> 
     </span>
    </p>
   </div>
   <div class='ocr_carea' id='block_1_71' title="bbox 302 4090 1881 4167">
    <p class='ocr_par' dir='ltr' id='par_1_71' title="bbox 302 4090 1881 4167">
     <span class='ocr_line' id='line_1_71' title="bbox 302 4090 1881 4167; baseline -0.002 -18"><span class='ocrx_word' id='word_1_585' title='bbox 302 4108 346 4149; x_wconf 72' lang='lat' dir='ltr'><strong>et</strong></span> <span class='ocrx_word' id='word_1_586' title='bbox 377 4112 639 4167; x_wconf 72' lang='lat' dir='ltr'><strong>magnum,</strong></span> <span class='ocrx_word' id='word_1_587' title='bbox 685 4102 880 4162; x_wconf 76' lang='lat' dir='ltr'><strong>Oportet</strong></span> <span class='ocrx_word' id='word_1_588' title='bbox 908 4109 1016 4147; x_wconf 80' lang='lat' dir='ltr'><strong>esse</strong></span> <span class='ocrx_word' id='word_1_589' title='bbox 1061 4100 1332 4160; x_wconf 70' lang='lat' dir='ltr'><strong>utrumque</strong></span> <span class='ocrx_word' id='word_1_590' title='bbox 1355 4109 1374 4156; x_wconf 86' lang='lat'><strong><em>;</em></strong></span> <span class='ocrx_word' id='word_1_591' title='bbox 1401 4092 1444 4144; x_wconf 84' lang='lat' dir='ltr'><strong>si</strong></span> <span class='ocrx_word' id='word_1_592' title='bbox 1476 4105 1592 4154; x_wconf 69' lang='lat' dir='ltr'><strong>uero</strong></span> <span class='ocrx_word' id='word_1_593' title='bbox 1621 4090 1714 4154; x_wconf 75' lang='lat' dir='ltr'><strong>erit</strong></span> <span class='ocrx_word' id='word_1_594' title='bbox 1745 4102 1881 4156; x_wconf 70' lang='lat' dir='ltr'><strong>prus.</strong></span> 
     </span>
    </p>
   </div>
   <div class='ocr_carea' id='block_1_72' title="bbox 305 4185 1890 4259">
    <p class='ocr_par' dir='ltr' id='par_1_72' title="bbox 305 4185 1890 4259">
     <span class='ocr_line' id='line_1_72' title="bbox 305 4185 1890 4259; baseline -0.002 -17"><span class='ocrx_word' id='word_1_595' title='bbox 305 4199 500 4259; x_wconf 74' lang='lat' dir='ltr'><strong>opomt</strong></span> <span class='ocrx_word' id='word_1_596' title='bbox 530 4206 633 4243; x_wconf 79' lang='lat' dir='ltr'><strong>esse</strong></span> <span class='ocrx_word' id='word_1_597' title='bbox 660 4205 798 4255; x_wconf 85' lang='lat' dir='ltr'><strong>cras,</strong></span> <span class='ocrx_word' id='word_1_598' title='bbox 835 4189 877 4240; x_wconf 86' lang='lat' dir='ltr'><strong>si</strong></span> <span class='ocrx_word' id='word_1_599' title='bbox 918 4197 1088 4241; x_wconf 79' lang='lat' dir='ltr'><strong>autent</strong></span> <span class='ocrx_word' id='word_1_600' title='bbox 1118 4203 1275 4256; x_wconf 79' lang='lat' dir='ltr'><strong>neque</strong></span> <span class='ocrx_word' id='word_1_601' title='bbox 1304 4187 1397 4244; x_wconf 78' lang='lat' dir='ltr'><strong>erit</strong></span> <span class='ocrx_word' id='word_1_602' title='bbox 1446 4201 1607 4251; x_wconf 70' lang='lat' dir='ltr'><strong>neque</strong></span> <span class='ocrx_word' id='word_1_603' title='bbox 1653 4200 1752 4242; x_wconf 84' lang='lat' dir='ltr'><strong>non</strong></span> <span class='ocrx_word' id='word_1_604' title='bbox 1794 4185 1890 4240; x_wconf 81' lang='lat' dir='ltr'><strong>erit</strong></span> 
     </span>
    </p>
   </div>
   <div class='ocr_carea' id='block_1_73' title="bbox 305 4277 1889 4346">
    <p class='ocr_par' dir='ltr' id='par_1_73' title="bbox 305 4277 1889 4346">
     <span class='ocr_line' id='line_1_73' title="bbox 305 4277 1889 4346; baseline -0.004 -11"><span class='ocrx_word' id='word_1_605' title='bbox 305 4299 441 4343; x_wconf 76' lang='lat' dir='ltr'><strong>cras,</strong></span> <span class='ocrx_word' id='word_1_606' title='bbox 483 4299 586 4334; x_wconf 75' lang='lat' dir='ltr'><strong>non</strong></span> <span class='ocrx_word' id='word_1_607' title='bbox 627 4283 722 4335; x_wconf 86' lang='lat' dir='ltr'><strong>erit</strong></span> <span class='ocrx_word' id='word_1_608' title='bbox 765 4281 1075 4346; x_wconf 74' lang='lat' dir='ltr'><strong>utramlibet,</strong></span> <span class='ocrx_word' id='word_1_609' title='bbox 1124 4290 1178 4333; x_wconf 88' lang='grc' dir='ltr'><strong>ιιι</strong></span> <span class='ocrx_word' id='word_1_610' title='bbox 1216 4279 1396 4334; x_wconf 72' lang='lat' dir='ltr'><strong>navale</strong></span> <span class='ocrx_word' id='word_1_611' title='bbox 1436 4277 1646 4341; x_wconf 69' lang='lat' dir='ltr'><strong>bellum,</strong></span> <span class='ocrx_word' id='word_1_612' title='bbox 1693 4282 1889 4346; x_wconf 76' lang='lat' dir='ltr'><strong>oportet</strong></span> 
     </span>
    </p>
   </div>
   <div class='ocr_carea' id='block_1_74' title="bbox 306 4371 1682 4445">
    <p class='ocr_par' dir='ltr' id='par_1_74' title="bbox 306 4371 1682 4445">
     <span class='ocr_line' id='line_1_74' title="bbox 306 4371 1682 4445; baseline -0.005 -15"><span class='ocrx_word' id='word_1_613' title='bbox 306 4379 442 4430; x_wconf 68' lang='lat' dir='ltr'><strong>enim</strong></span> <span class='ocrx_word' id='word_1_614' title='bbox 467 4393 626 4445; x_wconf 78' lang='lat' dir='ltr'><strong>neque</strong></span> <span class='ocrx_word' id='word_1_615' title='bbox 648 4376 758 4444; x_wconf 74' lang='lat' dir='ltr'><strong>ﬁeri</strong></span> <span class='ocrx_word' id='word_1_616' title='bbox 782 4377 959 4428; x_wconf 76' lang='lat' dir='ltr'><strong>nauale</strong></span> <span class='ocrx_word' id='word_1_617' title='bbox 991 4374 1202 4438; x_wconf 75' lang='lat' dir='ltr'><strong>bellum,</strong></span> <span class='ocrx_word' id='word_1_618' title='bbox 1227 4389 1388 4440; x_wconf 82' lang='lat' dir='ltr'><strong>neque</strong></span> <span class='ocrx_word' id='word_1_619' title='bbox 1414 4387 1513 4428; x_wconf 79' lang='lat' dir='ltr'><strong>non</strong></span> <span class='ocrx_word' id='word_1_620' title='bbox 1549 4371 1682 4440; x_wconf 78' lang='lat' dir='ltr'><strong>ﬁeri.</strong></span> 
     </span>
    </p>
   </div>
   <div class='ocr_carea' id='block_1_75' title="bbox 379 4457 1890 4535">
    <p class='ocr_par' dir='ltr' id='par_1_75' title="bbox 379 4457 1890 4535">
     <span class='ocr_line' id='line_1_75' title="bbox 379 4457 1890 4535; baseline -0.003 -13"><span class='ocrx_word' id='word_1_621' title='bbox 379 4468 582 4522; x_wconf 85' lang='lat' dir='ltr'><strong>Sensus</strong></span> <span class='ocrx_word' id='word_1_622' title='bbox 609 4467 1087 4535; x_wconf 73' lang='lat' dir='ltr'><strong>argumentationis</strong></span> <span class='ocrx_word' id='word_1_623' title='bbox 1117 4463 1419 4534; x_wconf 77' lang='lat' dir='ltr'><strong>huiusmodi</strong></span> <span class='ocrx_word' id='word_1_624' title='bbox 1452 4471 1535 4519; x_wconf 88' lang='lat' dir='ltr'><strong>est</strong></span> <span class='ocrx_word' id='word_1_625' title='bbox 1559 4479 1570 4514; x_wconf 86' lang='lat'>:</span> <span class='ocrx_word' id='word_1_626' title='bbox 1598 4461 1704 4515; x_wconf 82' lang='lat' dir='ltr'><strong>Nec</strong></span> <span class='ocrx_word' id='word_1_627' title='bbox 1734 4457 1890 4524; x_wconf 83' lang='lat' dir='ltr'><strong>illud,</strong></span> 
     </span>
    </p>
   </div>
   <div class='ocr_carea' id='block_1_76' title="bbox 309 4551 1893 4628">
    <p class='ocr_par' dir='ltr' id='par_1_76' title="bbox 309 4551 1893 4628">
     <span class='ocr_line' id='line_1_76' title="bbox 309 4551 1893 4628; baseline -0.008 -14"><span class='ocrx_word' id='word_1_628' title='bbox 309 4560 504 4628; x_wconf 87' lang='lat' dir='ltr'><strong>inquit,</strong></span> <span class='ocrx_word' id='word_1_629' title='bbox 535 4559 892 4628; x_wconf 70' lang='lat' dir='ltr'><strong>dici&#39;poterit,</strong></span> <span class='ocrx_word' id='word_1_630' title='bbox 923 4557 1064 4626; x_wconf 90' lang='lat' dir='ltr'><strong>quod</strong></span> <span class='ocrx_word' id='word_1_631' title='bbox 1109 4554 1531 4624; x_wconf 75' lang='lat' dir='ltr'><strong>contingentium</strong></span> <span class='ocrx_word' id='word_1_632' title='bbox 1571 4551 1893 4622; x_wconf 87' lang='lat' dir='ltr'><strong>propositio-</strong></span> 
     </span>
    </p>
   </div>
   <div class='ocr_carea' id='block_1_77' title="bbox 1981 3357 3566 3432">
    <p class='ocr_par' dir='ltr' id='par_1_77' title="bbox 1981 3357 3566 3432">
     <span class='ocr_line' id='line_1_77' title="bbox 1981 3357 3566 3432; baseline -0.002 -15"><span class='ocrx_word' id='word_1_633' title='bbox 1981 3377 2112 3432; x_wconf 79' lang='lat' dir='ltr'><strong>ergo</strong></span> <span class='ocrx_word' id='word_1_634' title='bbox 2141 3376 2204 3422; x_wconf 75' lang='lat' dir='ltr'><strong>ex</strong></span> <span class='ocrx_word' id='word_1_635' title='bbox 2237 3361 2564 3432; x_wconf 79' lang='lat' dir='ltr'><strong>necessitate</strong></span> <span class='ocrx_word' id='word_1_636' title='bbox 2596 3367 2842 3414; x_wconf 86' lang='lat' dir='ltr'><strong>neutrum</strong></span> <span class='ocrx_word' id='word_1_637' title='bbox 2871 3359 2950 3421; x_wconf 90' lang='lat' dir='ltr'><strong>ﬁt,</strong></span> <span class='ocrx_word' id='word_1_638' title='bbox 2990 3357 3129 3427; x_wconf 91' lang='lat' dir='ltr'><strong>quod</strong></span> <span class='ocrx_word' id='word_1_639' title='bbox 3159 3359 3239 3412; x_wconf 89' lang='lat' dir='ltr'><strong>vel</strong></span> <span class='ocrx_word' id='word_1_640' title='bbox 3281 3357 3566 3428; x_wconf 85' lang='lat' dir='ltr'><strong>afﬁrmatio</strong></span> 
     </span>
    </p>
   </div>
   <div class='ocr_carea' id='block_1_78' title="bbox 1985 3448 3565 3524">
    <p class='ocr_par' dir='ltr' id='par_1_78' title="bbox 1985 3448 3565 3524">
     <span class='ocr_line' id='line_1_78' title="bbox 1985 3448 3565 3524; baseline -0.009 -17"><span class='ocrx_word' id='word_1_641' title='bbox 1985 3453 2136 3518; x_wconf 70' lang='lat' dir='ltr'><strong>dicit,</strong></span> <span class='ocrx_word' id='word_1_642' title='bbox 2171 3451 2256 3506; x_wconf 87' lang='lat' dir='ltr'><strong>vel</strong></span> <span class='ocrx_word' id='word_1_643' title='bbox 2288 3451 2524 3520; x_wconf 80' lang='lat' dir='ltr'><strong>negatio.</strong></span> <span class='ocrx_word' id='word_1_644' title='bbox 2563 3451 2703 3524; x_wconf 75' lang='lat' dir='ltr'><strong>Ergo</strong></span> <span class='ocrx_word' id='word_1_645' title='bbox 2744 3449 2787 3502; x_wconf 89' lang='lat' dir='ltr'><strong>si</strong></span> <span class='ocrx_word' id='word_1_646' title='bbox 2815 3448 2960 3508; x_wconf 83' lang='lat' dir='ltr'><strong>dicat</strong></span> <span class='ocrx_word' id='word_1_647' title='bbox 2989 3449 3276 3506; x_wconf 82' lang='lat' dir='ltr'><strong>afﬁrmatio</strong></span> <span class='ocrx_word' id='word_1_648' title='bbox 3304 3463 3421 3504; x_wconf 83' lang='lat' dir='ltr'><strong>cias</strong></span> <span class='ocrx_word' id='word_1_649' title='bbox 3451 3449 3565 3504; x_wconf 77' lang='lat' dir='ltr'><strong>be].</strong></span> 
     </span>
    </p>
   </div>
   <div class='ocr_carea' id='block_1_79' title="bbox 1985 3539 3566 3614">
    <p class='ocr_par' dir='ltr' id='par_1_79' title="bbox 1985 3539 3566 3614">
     <span class='ocr_line' id='line_1_79' title="bbox 1985 3539 3566 3614; baseline -0.001 -17"><span class='ocrx_word' id='word_1_650' title='bbox 1985 3545 2093 3599; x_wconf 93' lang='lat' dir='ltr'><strong>lum</strong></span> <span class='ocrx_word' id='word_1_651' title='bbox 2126 3544 2320 3600; x_wconf 88' lang='lat' dir='ltr'><strong>navale</strong></span> <span class='ocrx_word' id='word_1_652' title='bbox 2346 3542 2601 3610; x_wconf 84' lang='lat' dir='ltr'><strong>futurum,</strong></span> <span class='ocrx_word' id='word_1_653' title='bbox 2629 3540 2878 3610; x_wconf 85' lang='lat' dir='ltr'><strong>quoniam</strong></span> <span class='ocrx_word' id='word_1_654' title='bbox 2910 3539 3038 3594; x_wconf 82' lang='lat' dir='ltr'><strong>falsa</strong></span> <span class='ocrx_word' id='word_1_655' title='bbox 3065 3551 3169 3604; x_wconf 89' lang='lat' dir='ltr'><strong>est,</strong></span> <span class='ocrx_word' id='word_1_656' title='bbox 3197 3554 3299 3614; x_wconf 86' lang='lat' dir='ltr'><strong>non</strong></span> <span class='ocrx_word' id='word_1_657' title='bbox 3323 3541 3427 3596; x_wconf 89' lang='lat' dir='ltr'><strong>erit</strong></span> <span class='ocrx_word' id='word_1_658' title='bbox 3446 3555 3566 3596; x_wconf 84' lang='lat' dir='ltr'><strong>cras</strong></span> 
     </span>
    </p>
   </div>
   <div class='ocr_carea' id='block_1_80' title="bbox 1987 3630 3564 3704">
    <p class='ocr_par' dir='ltr' id='par_1_80' title="bbox 1987 3630 3564 3704">
     <span class='ocr_line' id='line_1_80' title="bbox 1987 3630 3564 3704; baseline -0.003 -16"><span class='ocrx_word' id='word_1_659' title='bbox 1987 3635 2183 3704; x_wconf 86' lang='lat' dir='ltr'><strong>bellum</strong></span> <span class='ocrx_word' id='word_1_660' title='bbox 2217 3633 2431 3696; x_wconf 86' lang='lat' dir='ltr'><strong>navale.</strong></span> <span class='ocrx_word' id='word_1_661' title='bbox 2461 3633 2667 3694; x_wconf 75' lang='lat' dir='ltr'><strong>Rursus</strong></span> <span class='ocrx_word' id='word_1_662' title='bbox 2696 3633 2738 3684; x_wconf 89' lang='lat' dir='ltr'><strong>si</strong></span> <span class='ocrx_word' id='word_1_663' title='bbox 2764 3631 2901 3684; x_wconf 87' lang='lat' dir='ltr'><strong>idem</strong></span> <span class='ocrx_word' id='word_1_664' title='bbox 2933 3640 3094 3698; x_wconf 76' lang='lat' dir='ltr'><strong>neget</strong></span> <span class='ocrx_word' id='word_1_665' title='bbox 3121 3631 3332 3704; x_wconf 74' lang='lat' dir='ltr'><strong>negatio</strong></span> <span class='ocrx_word' id='word_1_666' title='bbox 3355 3630 3564 3694; x_wconf 85' lang='lat' dir='ltr'><strong>dicens,</strong></span> 
     </span>
    </p>
   </div>
   <div class='ocr_carea' id='block_1_81' title="bbox 1987 3722 3566 3796">
    <p class='ocr_par' dir='ltr' id='par_1_81' title="bbox 1987 3722 3566 3796">
     <span class='ocr_line' id='line_1_81' title="bbox 1987 3722 3566 3796; baseline -0.003 -16"><span class='ocrx_word' id='word_1_667' title='bbox 1987 3742 2092 3788; x_wconf 88' lang='lat' dir='ltr'><strong>non</strong></span> <span class='ocrx_word' id='word_1_668' title='bbox 2125 3727 2229 3794; x_wconf 78' lang='lat' dir='ltr'><strong>erit</strong></span> <span class='ocrx_word' id='word_1_669' title='bbox 2256 3741 2376 3780; x_wconf 88' lang='lat' dir='ltr'><strong>cras</strong></span> <span class='ocrx_word' id='word_1_670' title='bbox 2419 3725 2617 3788; x_wconf 85' lang='lat' dir='ltr'><strong>bellum</strong></span> <span class='ocrx_word' id='word_1_671' title='bbox 2662 3726 2872 3789; x_wconf 86' lang='lat' dir='ltr'><strong>navale,</strong></span> <span class='ocrx_word' id='word_1_672' title='bbox 2918 3723 3167 3792; x_wconf 84' lang='lat' dir='ltr'><strong>quoniam</strong></span> <span class='ocrx_word' id='word_1_673' title='bbox 3217 3722 3329 3782; x_wconf 76' lang='lat' dir='ltr'><strong>inec</strong></span> <span class='ocrx_word' id='word_1_674' title='bbox 3355 3737 3566 3796; x_wconf 78' lang='lat' dir='ltr'><strong>quoque</strong></span> 
     </span>
    </p>
   </div>
   <div class='ocr_carea' id='block_1_82' title="bbox 1987 3816 3567 3890">
    <p class='ocr_par' dir='ltr' id='par_1_82' title="bbox 1987 3816 3567 3890">
     <span class='ocr_line' id='line_1_82' title="bbox 1987 3816 3567 3890; baseline 0.002 -20"><span class='ocrx_word' id='word_1_675' title='bbox 1987 3819 2118 3890; x_wconf 65' lang='lat' dir='ltr'><strong>falsa</strong></span> <span class='ocrx_word' id='word_1_676' title='bbox 2149 3829 2254 3885; x_wconf 88' lang='lat' dir='ltr'><strong>est,</strong></span> <span class='ocrx_word' id='word_1_677' title='bbox 2281 3820 2386 3872; x_wconf 88' lang='lat' dir='ltr'><strong>erit</strong></span> <span class='ocrx_word' id='word_1_678' title='bbox 2426 3831 2546 3872; x_wconf 87' lang='lat' dir='ltr'><strong>cras</strong></span> <span class='ocrx_word' id='word_1_679' title='bbox 2579 3817 2763 3876; x_wconf 84' lang='lat' dir='ltr'><strong>navale</strong></span> <span class='ocrx_word' id='word_1_680' title='bbox 2804 3816 3024 3876; x_wconf 80' lang='lat' dir='ltr'><strong>bellum.</strong></span> <span class='ocrx_word' id='word_1_681' title='bbox 3067 3816 3240 3888; x_wconf 84' lang='lat' dir='ltr'><strong>Quare</strong></span> <span class='ocrx_word' id='word_1_682' title='bbox 3267 3832 3437 3888; x_wconf 82' lang='lat' dir='ltr'><strong>neque</strong></span> <span class='ocrx_word' id='word_1_683' title='bbox 3467 3816 3567 3877; x_wconf 85' lang='lat' dir='ltr'><strong>erit</strong></span> 
     </span>
    </p>
   </div>
   <div class='ocr_carea' id='block_1_83' title="bbox 1990 3909 3568 3982">
    <p class='ocr_par' dir='ltr' id='par_1_83' title="bbox 1990 3909 3568 3982">
     <span class='ocr_line' id='line_1_83' title="bbox 1990 3909 3568 3982; baseline 0.001 -16"><span class='ocrx_word' id='word_1_684' title='bbox 1990 3913 2186 3980; x_wconf 67' lang='lat' dir='ltr'><strong>bellum</strong></span> <span class='ocrx_word' id='word_1_685' title='bbox 2222 3913 2436 3978; x_wconf 85' lang='lat' dir='ltr'><strong>navale,</strong></span> <span class='ocrx_word' id='word_1_686' title='bbox 2461 3911 2581 3979; x_wconf 86' lang='lat' dir='ltr'><strong>quia</strong></span> <span class='ocrx_word' id='word_1_687' title='bbox 2607 3909 2896 3970; x_wconf 77' lang='lat' dir='ltr'><strong>afﬁrmatio</strong></span> <span class='ocrx_word' id='word_1_688' title='bbox 2923 3910 3051 3974; x_wconf 80' lang='lat' dir='ltr'><strong>falsa</strong></span> <span class='ocrx_word' id='word_1_689' title='bbox 3077 3922 3178 3982; x_wconf 82' lang='lat' dir='ltr'><strong>est,</strong></span> <span class='ocrx_word' id='word_1_690' title='bbox 3206 3926 3303 3970; x_wconf 85' lang='lat' dir='ltr'><strong>nec</strong></span> <span class='ocrx_word' id='word_1_691' title='bbox 3331 3927 3436 3970; x_wconf 85' lang='lat' dir='ltr'><strong>non</strong></span> <span class='ocrx_word' id='word_1_692' title='bbox 3467 3912 3568 3972; x_wconf 85' lang='lat' dir='ltr'><strong>erit</strong></span> 
     </span>
    </p>
   </div>
   <div class='ocr_carea' id='block_1_84' title="bbox 1989 4001 3568 4078">
    <p class='ocr_par' dir='ltr' id='par_1_84' title="bbox 1989 4001 3568 4078">
     <span class='ocr_line' id='line_1_84' title="bbox 1989 4001 3568 4078; baseline -0.005 -18"><span class='ocrx_word' id='word_1_693' title='bbox 1989 4006 2190 4074; x_wconf 79' lang='lat' dir='ltr'><strong>bellum</strong></span> <span class='ocrx_word' id='word_1_694' title='bbox 2225 4007 2438 4078; x_wconf 70' lang='lat' dir='ltr'><strong>navale.</strong></span> <span class='ocrx_word' id='word_1_695' title='bbox 2461 4004 2588 4074; x_wconf 84' lang='lat' dir='ltr'><strong>quia</strong></span> <span class='ocrx_word' id='word_1_696' title='bbox 2623 4003 2833 4072; x_wconf 80' lang='lat' dir='ltr'><strong>negatio</strong></span> <span class='ocrx_word' id='word_1_697' title='bbox 2863 4003 2994 4078; x_wconf 78' lang='lat' dir='ltr'><strong>falsa</strong></span> <span class='ocrx_word' id='word_1_698' title='bbox 3017 4011 3117 4064; x_wconf 77' lang='lat' dir='ltr'><strong>est.</strong></span> <span class='ocrx_word' id='word_1_699' title='bbox 3151 4001 3254 4058; x_wconf 85' lang='lat' dir='ltr'><strong>Sed</strong></span> <span class='ocrx_word' id='word_1_700' title='bbox 3289 4003 3423 4060; x_wconf 82' lang='lat' dir='ltr'><strong>hanc</strong></span> <span class='ocrx_word' id='word_1_701' title='bbox 3455 4004 3568 4062; x_wconf 76' lang='lat' dir='ltr'><strong>ine.-</strong></span> 
     </span>
    </p>
   </div>
   <div class='ocr_carea' id='block_1_85' title="bbox 1993 4092 3656 4176">
    <p class='ocr_par' dir='ltr' id='par_1_85' title="bbox 1993 4092 3656 4176">
     <span class='ocr_line' id='line_1_85' title="bbox 1993 4092 3656 4176; baseline -0.005 -22"><span class='ocrx_word' id='word_1_702' title='bbox 1993 4101 2179 4176; x_wconf 77' lang='lat' dir='ltr'><strong>ptiam,</strong></span> <span class='ocrx_word' id='word_1_703' title='bbox 2230 4112 2329 4152; x_wconf 88' lang='lat' dir='ltr'><strong>nec</strong></span> <span class='ocrx_word' id='word_1_704' title='bbox 2378 4099 2590 4160; x_wconf 80' lang='lat' dir='ltr'><strong>animus</strong></span> <span class='ocrx_word' id='word_1_705' title='bbox 2637 4094 2740 4160; x_wconf 83' lang='lat' dir='ltr'><strong>sibi</strong></span> <span class='ocrx_word' id='word_1_706' title='bbox 2781 4093 2905 4168; x_wconf 80' lang='lat' dir='ltr'><strong>ipse</strong></span> <span class='ocrx_word' id='word_1_707' title='bbox 2959 4093 3159 4162; x_wconf 77' lang='lat' dir='ltr'><strong>[ingere</strong></span> <span class='ocrx_word' id='word_1_708' title='bbox 3207 4102 3397 4166; x_wconf 78' lang='lat' dir='ltr'><strong>poteSt.</strong></span> <span class='ocrx_word' id='word_1_709' title='bbox 3441 4092 3570 4161; x_wconf 83' lang='lat' dir='ltr'><strong>Quis</strong></span> <span class='ocrx_word' id='word_1_710' title='bbox 3649 4117 3656 4123; x_wconf 91' lang='lat'><em>-</em></span> 
     </span>
    </p>
   </div>
   <div class='ocr_carea' id='block_1_86' title="bbox 1992 4186 3570 4258">
    <p class='ocr_par' dir='ltr' id='par_1_86' title="bbox 1992 4186 3570 4258">
     <span class='ocr_line' id='line_1_86' title="bbox 1992 4186 3570 4258; baseline -0.002 -17"><span class='ocrx_word' id='word_1_711' title='bbox 1992 4191 2135 4256; x_wconf 71' lang='lat' dir='ltr'><strong>enim</strong></span> <span class='ocrx_word' id='word_1_712' title='bbox 2189 4204 2418 4258; x_wconf 80' lang='lat' dir='ltr'><strong>unquam</strong></span> <span class='ocrx_word' id='word_1_713' title='bbox 2465 4187 2683 4252; x_wconf 78' lang='lat' dir='ltr'><strong>dixerit,</strong></span> <span class='ocrx_word' id='word_1_714' title='bbox 2733 4200 2846 4248; x_wconf 83' lang='lat' dir='ltr'><strong>rem</strong></span> <span class='ocrx_word' id='word_1_715' title='bbox 2877 4186 3109 4256; x_wconf 76' lang='lat' dir='ltr'><strong>aliquam</strong></span> <span class='ocrx_word' id='word_1_716' title='bbox 3153 4199 3217 4246; x_wconf 70' lang='lat' dir='ltr'><strong>ex</strong></span> <span class='ocrx_word' id='word_1_717' title='bbox 3258 4186 3570 4252; x_wconf 77' lang='lat' dir='ltr'><strong>necessitate</strong></span> 
     </span>
    </p>
   </div>
   <div class='ocr_carea' id='block_1_87' title="bbox 1990 4267 3551 4347">
    <p class='ocr_par' dir='ltr' id='par_1_87' title="bbox 1990 4267 3551 4347">
     <span class='ocr_line' id='line_1_87' title="bbox 1990 4267 3551 4347; baseline 0 -17"><span class='ocrx_word' id='word_1_718' title='bbox 1990 4295 2092 4342; x_wconf 71' lang='lat' dir='ltr'><strong>pet:</strong></span> <span class='ocrx_word' id='word_1_719' title='bbox 2129 4294 2270 4346; x_wconf 66' lang='lat' dir='ltr'><strong>esse,</strong></span> <span class='ocrx_word' id='word_1_720' title='bbox 2322 4292 2418 4330; x_wconf 87' lang='lat' dir='ltr'><strong>nec</strong></span> <span class='ocrx_word' id='word_1_721' title='bbox 2447 4291 2550 4330; x_wconf 91' lang='lat' dir='ltr'><strong>non</strong></span> <span class='ocrx_word' id='word_1_722' title='bbox 2593 4267 2749 4338; x_wconf 77' lang='lat' dir='ltr'><strong>esse?</strong></span> <span class='ocrx_word' id='word_1_723' title='bbox 2789 4274 2927 4343; x_wconf 87' lang='lat' dir='ltr'><strong>quod</strong></span> <span class='ocrx_word' id='word_1_724' title='bbox 2959 4275 3050 4340; x_wconf 71' lang='lat' dir='ltr'><strong>iile</strong></span> <span class='ocrx_word' id='word_1_725' title='bbox 3079 4273 3282 4347; x_wconf 73' lang='lat' dir='ltr'><strong>scilicet</strong></span> <span class='ocrx_word' id='word_1_726' title='bbox 3307 4276 3454 4340; x_wconf 87' lang='lat' dir='ltr'><strong>dicit,</strong></span> <span class='ocrx_word' id='word_1_727' title='bbox 3481 4290 3551 4344; x_wconf 92' lang='lat' dir='ltr'><strong>qu</strong></span> 
     </span>
    </p>
   </div>
   <div class='ocr_carea' id='block_1_88' title="bbox 1995 4367 3544 4441">
    <p class='ocr_par' dir='ltr' id='par_1_88' title="bbox 1995 4367 3544 4441">
     <span class='ocr_line' id='line_1_88' title="bbox 1995 4367 3544 4441; baseline 0 -19"><span class='ocrx_word' id='word_1_728' title='bbox 1995 4374 2128 4434; x_wconf 76' lang='lat' dir='ltr'><strong>dicit</strong></span> <span class='ocrx_word' id='word_1_729' title='bbox 2180 4381 2433 4441; x_wconf 84' lang='lat' dir='ltr'><strong>utrasque</strong></span> <span class='ocrx_word' id='word_1_730' title='bbox 2482 4369 2874 4440; x_wconf 78' lang='lat' dir='ltr'><strong>propositiones</strong></span> <span class='ocrx_word' id='word_1_731' title='bbox 2925 4368 2980 4438; x_wconf 72' lang='lat' dir='ltr'><strong>in</strong></span> <span class='ocrx_word' id='word_1_732' title='bbox 3023 4367 3204 4436; x_wconf 72' lang='lat' dir='ltr'><strong>futuro</strong></span> <span class='ocrx_word' id='word_1_733' title='bbox 3253 4367 3412 4432; x_wconf 84' lang='lat' dir='ltr'><strong>falsas</strong></span> <span class='ocrx_word' id='word_1_734' title='bbox 3460 4369 3544 4422; x_wconf 80' lang='lat' dir='ltr'><strong>exi</strong></span> 
     </span>
    </p>
   </div>
   <div class='ocr_carea' id='block_1_89' title="bbox 1993 4463 2428 4530">
    <p class='ocr_par' dir='ltr' id='par_1_89' title="bbox 1993 4463 2428 4530">
     <span class='ocr_line' id='line_1_89' title="bbox 1993 4463 2428 4530; baseline -0.007 -8"><span class='ocrx_word' id='word_1_735' title='bbox 1993 4476 2152 4530; x_wconf 82' lang='lat' dir='ltr'><strong>stere.</strong></span> <span class='ocrx_word' id='word_1_736' title='bbox 2423 4463 2428 4468; x_wconf 82' lang='grc'><em>’</em></span> 
     </span>
    </p>
   </div>
   <div class='ocr_carea' id='block_1_90' title="bbox 2072 4553 3567 4626">
    <p class='ocr_par' dir='ltr' id='par_1_90' title="bbox 2072 4553 3567 4626">
     <span class='ocr_line' id='line_1_90' title="bbox 2072 4553 3567 4626; baseline -0.001 -15"><span class='ocrx_word' id='word_1_737' title='bbox 2072 4559 2200 4624; x_wconf 69' lang='lat' dir='ltr'><strong>Quae</strong></span> <span class='ocrx_word' id='word_1_738' title='bbox 2241 4572 2360 4626; x_wconf 85' lang='lat' dir='ltr'><strong>ergo</strong></span> <span class='ocrx_word' id='word_1_739' title='bbox 2409 4555 2706 4626; x_wconf 77' lang='lat' dir='ltr'><strong>contingunt</strong></span> <span class='ocrx_word' id='word_1_740' title='bbox 2757 4553 3178 4621; x_wconf 72' lang='lat' dir='ltr'><strong>inconvenientia,</strong></span> <span class='ocrx_word' id='word_1_741' title='bbox 3227 4553 3335 4612; x_wconf 53' lang='lat' dir='ltr'><strong>hate</strong></span> <span class='ocrx_word' id='word_1_742' title='bbox 3374 4562 3490 4618; x_wconf 78' lang='lat' dir='ltr'><strong>sunt</strong></span> <span class='ocrx_word' id='word_1_743' title='bbox 3528 4569 3567 4610; x_wconf 81' lang='lat' dir='ltr'><strong>si</strong></span> 
     </span>
    </p>
   </div>
   <div class='ocr_carea' id='block_1_91' title="bbox 308 4633 3575 4720">
    <p class='ocr_par' dir='ltr' id='par_1_91' title="bbox 308 4633 3575 4720">
     <span class='ocr_line' id='line_1_91' title="bbox 308 4633 3575 4720; baseline -0.004 -16"><span class='ocrx_word' id='word_1_744' title='bbox 308 4665 435 4704; x_wconf 90' lang='lat' dir='ltr'><strong>num</strong></span> <span class='ocrx_word' id='word_1_745' title='bbox 472 4663 659 4705; x_wconf 87' lang='lat' dir='ltr'><strong>neutra</strong></span> <span class='ocrx_word' id='word_1_746' title='bbox 689 4664 810 4704; x_wconf 86' lang='lat' dir='ltr'><strong>vera</strong></span> <span class='ocrx_word' id='word_1_747' title='bbox 851 4649 922 4702; x_wconf 88' lang='lat' dir='ltr'><strong>sit</strong></span> <span class='ocrx_word' id='word_1_748' title='bbox 954 4649 1007 4702; x_wconf 90' lang='lat' dir='ltr'><strong>in</strong></span> <span class='ocrx_word' id='word_1_749' title='bbox 1040 4647 1239 4701; x_wconf 85' lang='lat' dir='ltr'><strong>futuro.</strong></span> <span class='ocrx_word' id='word_1_750' title='bbox 1275 4646 1384 4704; x_wconf 86' lang='lat' dir='ltr'><strong>Hoc</strong></span> <span class='ocrx_word' id='word_1_751' title='bbox 1413 4654 1589 4699; x_wconf 83' lang='lat' dir='ltr'><strong>autent</strong></span> <span class='ocrx_word' id='word_1_752' title='bbox 1632 4643 1759 4702; x_wconf 84' lang='lat' dir='ltr'><strong>nihil</strong></span> <span class='ocrx_word' id='word_1_753' title='bbox 1791 4641 1890 4696; x_wconf 86' lang='lat' dir='ltr'><strong>dif-</strong></span> <span class='ocrx_word' id='word_1_754' title='bbox 1917 4633 1972 4693; x_wconf 86' lang='lat' dir='ltr'><strong>D</strong></span> <span class='ocrx_word' id='word_1_755' title='bbox 1997 4649 2102 4716; x_wconf 73' lang='lat' dir='ltr'><strong>qlia</strong></span> <span class='ocrx_word' id='word_1_756' title='bbox 2129 4648 2456 4720; x_wconf 58' lang='lat' dir='ltr'><strong>hujusmodi,</strong></span> <span class='ocrx_word' id='word_1_757' title='bbox 2481 4648 2522 4708; x_wconf 74' lang='lat' dir='ltr'><strong>si</strong></span> <span class='ocrx_word' id='word_1_758' title='bbox 2552 4646 2713 4706; x_wconf 76' lang='lat' dir='ltr'><strong>omnis</strong></span> <span class='ocrx_word' id='word_1_759' title='bbox 2736 4644 3083 4716; x_wconf 69' lang='lat' dir='ltr'><strong>aﬂirmalionis</strong></span> <span class='ocrx_word' id='word_1_760' title='bbox 3110 4653 3154 4708; x_wconf 68' lang='lat' dir='ltr'><strong>et</strong></span> <span class='ocrx_word' id='word_1_761' title='bbox 3177 4645 3475 4716; x_wconf 52' lang='lat' dir='ltr'><strong>negationis,</strong></span> <span class='ocrx_word' id='word_1_762' title='bbox 3499 4644 3575 4702; x_wconf 70' lang='grc' dir='ltr'><strong>νει</strong></span> 
     </span>
    </p>
   </div>
   <div class='ocr_carea' id='block_1_92' title="bbox 309 4735 1889 4812">
    <p class='ocr_par' dir='ltr' id='par_1_92' title="bbox 309 4735 1889 4812">
     <span class='ocr_line' id='line_1_92' title="bbox 309 4735 1889 4812; baseline -0.006 -14"><span class='ocrx_word' id='word_1_763' title='bbox 309 4746 417 4798; x_wconf 88' lang='lat' dir='ltr'><strong>fert</strong></span> <span class='ocrx_word' id='word_1_764' title='bbox 443 4745 628 4798; x_wconf 78' lang='lat' dir='ltr'><strong>dicere</strong></span> <span class='ocrx_word' id='word_1_765' title='bbox 653 4758 811 4812; x_wconf 89' lang='lat' dir='ltr'><strong>quam</strong></span> <span class='ocrx_word' id='word_1_766' title='bbox 853 4742 896 4795; x_wconf 90' lang='lat' dir='ltr'><strong>si</strong></span> <span class='ocrx_word' id='word_1_767' title='bbox 923 4743 1045 4810; x_wconf 89' lang='lat' dir='ltr'><strong>quis</strong></span> <span class='ocrx_word' id='word_1_768' title='bbox 1077 4740 1218 4797; x_wconf 83' lang='lat' dir='ltr'><strong>dicat</strong></span> <span class='ocrx_word' id='word_1_769' title='bbox 1255 4751 1509 4808; x_wconf 84' lang='lat' dir='ltr'><strong>utrasque</strong></span> <span class='ocrx_word' id='word_1_770' title='bbox 1549 4752 1668 4793; x_wconf 86' lang='lat' dir='ltr'><strong>esse</strong></span> <span class='ocrx_word' id='word_1_771' title='bbox 1710 4735 1889 4801; x_wconf 85' lang='lat' dir='ltr'><strong>falsas,</strong></span> 
     </span>
    </p>
   </div>
   <div class='ocr_carea' id='block_1_93' title="bbox 311 4826 1891 4904">
    <p class='ocr_par' dir='ltr' id='par_1_93' title="bbox 311 4826 1891 4904">
     <span class='ocr_line' id='line_1_93' title="bbox 311 4826 1891 4904; baseline -0.008 -12"><span class='ocrx_word' id='word_1_772' title='bbox 311 4841 414 4892; x_wconf 84' lang='lat' dir='ltr'><strong>hoc</strong></span> <span class='ocrx_word' id='word_1_773' title='bbox 439 4837 584 4891; x_wconf 89' lang='lat' dir='ltr'><strong>enim</strong></span> <span class='ocrx_word' id='word_1_774' title='bbox 631 4834 960 4904; x_wconf 84' lang='lat' dir='ltr'><strong>impossibile</strong></span> <span class='ocrx_word' id='word_1_775' title='bbox 991 4841 1074 4888; x_wconf 88' lang='lat' dir='ltr'><strong>est</strong></span> <span class='ocrx_word' id='word_1_776' title='bbox 1102 4835 1151 4886; x_wconf 92' lang='lat' dir='ltr'><strong>in</strong></span> <span class='ocrx_word' id='word_1_777' title='bbox 1193 4829 1729 4886; x_wconf 87' lang='lat' dir='ltr'><strong>contradictionibus.</strong></span> <span class='ocrx_word' id='word_1_778' title='bbox 1761 4826 1891 4882; x_wconf 83' lang='lat' dir='ltr'><strong>Nam</strong></span> 
     </span>
    </p>
   </div>
   <div class='ocr_carea' id='block_1_94' title="bbox 311 4919 1896 5010">
    <p class='ocr_par' dir='ltr' id='par_1_94' title="bbox 311 4919 1896 5010">
     <span class='ocr_line' id='line_1_94' title="bbox 311 4919 1896 5010; baseline -0.006 -30"><span class='ocrx_word' id='word_1_779' title='bbox 311 4937 552 4996; x_wconf 69' lang='lat' dir='ltr'><strong>utraeque</strong></span> <span class='ocrx_word' id='word_1_780' title='bbox 574 4925 731 5000; x_wconf 32' lang='lat' dir='ltr'><strong>&#39;falste</strong></span> <span class='ocrx_word' id='word_1_781' title='bbox 770 4925 995 4980; x_wconf 89' lang='lat' dir='ltr'><strong>inveniri</strong></span> <span class='ocrx_word' id='word_1_782' title='bbox 1045 4937 1150 4977; x_wconf 86' lang='lat' dir='ltr'><strong>non</strong></span> <span class='ocrx_word' id='word_1_783' title='bbox 1183 4932 1424 4990; x_wconf 87' lang='lat' dir='ltr'><strong>possunt,</strong></span> <span class='ocrx_word' id='word_1_784' title='bbox 1451 4921 1566 5010; x_wconf 47' lang='lat' dir='ltr'><strong>“ne</strong></span> <span class='ocrx_word' id='word_1_785' title='bbox 1603 4919 1744 4978; x_wconf 86' lang='lat' dir='ltr'><strong>enim</strong></span> <span class='ocrx_word' id='word_1_786' title='bbox 1775 4932 1896 4986; x_wconf 84' lang='lat' dir='ltr'><strong>pro-</strong></span> 
     </span>
    </p>
   </div>
   <div class='ocr_carea' id='block_1_95' title="bbox 312 5018 1897 5094">
    <p class='ocr_par' dir='ltr' id='par_1_95' title="bbox 312 5018 1897 5094">
     <span class='ocr_line' id='line_1_95' title="bbox 312 5018 1897 5094; baseline -0.006 -16"><span class='ocrx_word' id='word_1_787' title='bbox 312 5028 488 5094; x_wconf 84' lang='lat' dir='ltr'><strong>prium</strong></span> <span class='ocrx_word' id='word_1_788' title='bbox 527 5022 1070 5078; x_wconf 81' lang='lat' dir='ltr'><strong>contrsdictoriarum</strong></span> <span class='ocrx_word' id='word_1_789' title='bbox 1109 5029 1214 5085; x_wconf 84' lang='lat' dir='ltr'><strong>est,</strong></span> <span class='ocrx_word' id='word_1_790' title='bbox 1263 5030 1321 5072; x_wconf 88' lang='lat' dir='ltr'><strong>ut</strong></span> <span class='ocrx_word' id='word_1_791' title='bbox 1355 5018 1737 5087; x_wconf 78' lang='lat' dir='ltr'><strong>proprietatem</strong></span> <span class='ocrx_word' id='word_1_792' title='bbox 1766 5031 1897 5075; x_wconf 83' lang='lat' dir='ltr'><strong>eon—</strong></span> 
     </span>
    </p>
   </div>
   <div class='ocr_carea' id='block_1_96' title="bbox 313 5105 1896 5184">
    <p class='ocr_par' dir='ltr' id='par_1_96' title="bbox 313 5105 1896 5184">
     <span class='ocr_line' id='line_1_96' title="bbox 313 5105 1896 5184; baseline -0.004 -16"><span class='ocrx_word' id='word_1_793' title='bbox 313 5124 602 5169; x_wconf 84' lang='lat' dir='ltr'><strong>trariarum</strong></span> <span class='ocrx_word' id='word_1_794' title='bbox 628 5115 851 5184; x_wconf 77' lang='lat' dir='ltr'><strong>lugiant,</strong></span> <span class='ocrx_word' id='word_1_795' title='bbox 878 5111 1270 5181; x_wconf 82' lang='lat' dir='ltr'><strong>propositiones</strong></span> <span class='ocrx_word' id='word_1_796' title='bbox 1291 5123 1422 5178; x_wconf 72' lang='lat' dir='ltr'><strong>ergo</strong></span> <span class='ocrx_word' id='word_1_797' title='bbox 1443 5105 1896 5170; x_wconf 80' lang='lat' dir='ltr'><strong>eontradictoriae,</strong></span> 
     </span>
    </p>
   </div>
   <div class='ocr_carea' id='block_1_97' title="bbox 312 5197 1896 5274">
    <p class='ocr_par' dir='ltr' id='par_1_97' title="bbox 312 5197 1896 5274">
     <span class='ocr_line' id='line_1_97' title="bbox 312 5197 1896 5274; baseline -0.005 -14"><span class='ocrx_word' id='word_1_798' title='bbox 312 5217 368 5260; x_wconf 88' lang='lat' dir='ltr'><strong>ut</strong></span> <span class='ocrx_word' id='word_1_799' title='bbox 402 5207 784 5274; x_wconf 85' lang='lat' dir='ltr'><strong>proprietatem</strong></span> <span class='ocrx_word' id='word_1_800' title='bbox 813 5204 1307 5258; x_wconf 85' lang='lat' dir='ltr'><strong>subcontrariarum</strong></span> <span class='ocrx_word' id='word_1_801' title='bbox 1341 5201 1549 5270; x_wconf 75' lang='lat' dir='ltr'><strong>fugiunt</strong></span> <span class='ocrx_word' id='word_1_802' title='bbox 1578 5201 1630 5256; x_wconf 93' lang='lat' dir='ltr'><strong>in</strong></span> <span class='ocrx_word' id='word_1_803' title='bbox 1662 5215 1727 5254; x_wconf 87' lang='lat' dir='ltr'><strong>eo</strong></span> <span class='ocrx_word' id='word_1_804' title='bbox 1759 5197 1896 5264; x_wconf 86' lang='lat' dir='ltr'><strong>quod</strong></span> 
     </span>
    </p>
   </div>
   <div class='ocr_carea' id='block_1_98' title="bbox 297 5293 1900 5367">
    <p class='ocr_par' dir='ltr' id='par_1_98' title="bbox 297 5293 1900 5367">
     <span class='ocr_line' id='line_1_98' title="bbox 297 5293 1900 5367; baseline -0.001 -17"><span class='ocrx_word' id='word_1_805' title='bbox 297 5299 472 5367; x_wconf 56' lang='lat' dir='ltr'><strong>)imnl</strong></span> <span class='ocrx_word' id='word_1_806' title='bbox 504 5313 642 5353; x_wconf 71' lang='lat' dir='ltr'><strong>vera!</strong></span> <span class='ocrx_word' id='word_1_807' title='bbox 675 5311 796 5352; x_wconf 83' lang='lat' dir='ltr'><strong>esse</strong></span> <span class='ocrx_word' id='word_1_808' title='bbox 837 5311 942 5350; x_wconf 90' lang='lat' dir='ltr'><strong>non</strong></span> <span class='ocrx_word' id='word_1_809' title='bbox 976 5305 1219 5364; x_wconf 89' lang='lat' dir='ltr'><strong>possunt,</strong></span> <span class='ocrx_word' id='word_1_810' title='bbox 1251 5295 1322 5349; x_wconf 87' lang='lat' dir='ltr'><strong>ita</strong></span> <span class='ocrx_word' id='word_1_811' title='bbox 1349 5306 1562 5362; x_wconf 86' lang='lat' dir='ltr'><strong>quoque</strong></span> <span class='ocrx_word' id='word_1_812' title='bbox 1605 5293 1900 5353; x_wconf 82' lang='lat' dir='ltr'><strong>contraria-</strong></span> 
     </span>
    </p>
   </div>
   <div class='ocr_carea' id='block_1_99' title="bbox 309 5384 1897 5460">
    <p class='ocr_par' dir='ltr' id='par_1_99' title="bbox 309 5384 1897 5460">
     <span class='ocr_line' id='line_1_99' title="bbox 309 5384 1897 5460; baseline -0.006 -13"><span class='ocrx_word' id='word_1_813' title='bbox 309 5408 430 5447; x_wconf 79' lang='lat' dir='ltr'><strong>rum</strong></span> <span class='ocrx_word' id='word_1_814' title='bbox 457 5391 839 5460; x_wconf 87' lang='lat' dir='ltr'><strong>proprietatem</strong></span> <span class='ocrx_word' id='word_1_815' title='bbox 866 5390 1056 5454; x_wconf 86' lang='lat' dir='ltr'><strong>vitant,</strong></span> <span class='ocrx_word' id='word_1_816' title='bbox 1084 5389 1134 5442; x_wconf 92' lang='lat' dir='ltr'><strong>in</strong></span> <span class='ocrx_word' id='word_1_817' title='bbox 1168 5403 1234 5443; x_wconf 90' lang='lat' dir='ltr'><strong>eo</strong></span> <span class='ocrx_word' id='word_1_818' title='bbox 1262 5387 1405 5456; x_wconf 90' lang='lat' dir='ltr'><strong>quod</strong></span> <span class='ocrx_word' id='word_1_819' title='bbox 1435 5386 1596 5442; x_wconf 89' lang='lat' dir='ltr'><strong>simul</strong></span> <span class='ocrx_word' id='word_1_820' title='bbox 1626 5384 1772 5439; x_wconf 67' lang='lat' dir='ltr'><strong>falsa:</strong></span> <span class='ocrx_word' id='word_1_821' title='bbox 1792 5399 1897 5439; x_wconf 89' lang='lat' dir='ltr'><strong>non</strong></span> 
     </span>
    </p>
   </div>
   <div class='ocr_carea' id='block_1_100' title="bbox 311 5478 1896 5552">
    <p class='ocr_par' dir='ltr' id='par_1_100' title="bbox 311 5478 1896 5552">
     <span class='ocr_line' id='line_1_100' title="bbox 311 5478 1896 5552; baseline -0.006 -13"><span class='ocrx_word' id='word_1_822' title='bbox 311 5485 677 5552; x_wconf 75' lang='lat' dir='ltr'><strong>reperiuntur.</strong></span> <span class='ocrx_word' id='word_1_823' title='bbox 711 5482 921 5537; x_wconf 83' lang='lat' dir='ltr'><strong>llabent</strong></span> <span class='ocrx_word' id='word_1_824' title='bbox 948 5495 1079 5550; x_wconf 76' lang='lat' dir='ltr'><strong>ergo</strong></span> <span class='ocrx_word' id='word_1_825' title='bbox 1107 5478 1378 5549; x_wconf 80' lang='lat' dir='ltr'><strong>proprium</strong></span> <span class='ocrx_word' id='word_1_826' title='bbox 1416 5487 1687 5543; x_wconf 88' lang='lat' dir='ltr'><strong>naturam,</strong></span> <span class='ocrx_word' id='word_1_827' title='bbox 1718 5484 1776 5530; x_wconf 89' lang='lat' dir='ltr'><strong>ut</strong></span> <span class='ocrx_word' id='word_1_828' title='bbox 1803 5491 1896 5530; x_wconf 85' lang='lat' dir='ltr'><strong>ne-</strong></span> 
     </span>
    </p>
   </div>
   <div class='ocr_carea' id='block_1_101' title="bbox 314 5568 1895 5646">
    <p class='ocr_par' dir='ltr' id='par_1_101' title="bbox 314 5568 1895 5646">
     <span class='ocr_line' id='line_1_101' title="bbox 314 5568 1895 5646; baseline -0.003 -18"><span class='ocrx_word' id='word_1_829' title='bbox 314 5594 414 5646; x_wconf 87' lang='lat' dir='ltr'><strong>que</strong></span> <span class='ocrx_word' id='word_1_830' title='bbox 458 5571 610 5630; x_wconf 69' lang='lat' dir='ltr'><strong>falsae</strong></span> <span class='ocrx_word' id='word_1_831' title='bbox 653 5574 816 5630; x_wconf 87' lang='lat' dir='ltr'><strong>simul</strong></span> <span class='ocrx_word' id='word_1_832' title='bbox 859 5574 989 5638; x_wconf 85' lang='lat' dir='ltr'><strong>sint,</strong></span> <span class='ocrx_word' id='word_1_833' title='bbox 1020 5588 1195 5640; x_wconf 79' lang='lat' dir='ltr'><strong>neque</strong></span> <span class='ocrx_word' id='word_1_834' title='bbox 1221 5587 1384 5637; x_wconf 67' lang='lat' dir='ltr'><strong>verae,</strong></span> <span class='ocrx_word' id='word_1_835' title='bbox 1413 5585 1578 5639; x_wconf 81' lang='lat' dir='ltr'><strong>quare</strong></span> <span class='ocrx_word' id='word_1_836' title='bbox 1607 5583 1712 5624; x_wconf 83' lang='lat' dir='ltr'><strong>una</strong></span> <span class='ocrx_word' id='word_1_837' title='bbox 1757 5568 1895 5636; x_wconf 81' lang='lat' dir='ltr'><strong>ipsa-</strong></span> 
     </span>
    </p>
   </div>
   <div class='ocr_carea' id='block_1_102' title="bbox 313 5660 1896 5735">
    <p class='ocr_par' dir='ltr' id='par_1_102' title="bbox 313 5660 1896 5735">
     <span class='ocr_line' id='line_1_102' title="bbox 313 5660 1896 5735; baseline -0.007 -10"><span class='ocrx_word' id='word_1_838' title='bbox 313 5685 430 5725; x_wconf 86' lang='lat' dir='ltr'><strong>rum</strong></span> <span class='ocrx_word' id='word_1_839' title='bbox 463 5685 680 5735; x_wconf 79' lang='lat' dir='ltr'><strong>semper</strong></span> <span class='ocrx_word' id='word_1_840' title='bbox 721 5683 872 5732; x_wconf 84' lang='lat' dir='ltr'><strong>vera,</strong></span> <span class='ocrx_word' id='word_1_841' title='bbox 919 5679 1134 5734; x_wconf 84' lang='lat' dir='ltr'><strong>semper</strong></span> <span class='ocrx_word' id='word_1_842' title='bbox 1177 5663 1343 5718; x_wconf 81' lang='lat' dir='ltr'><strong>altera</strong></span> <span class='ocrx_word' id='word_1_843' title='bbox 1375 5663 1530 5717; x_wconf 81' lang='lat' dir='ltr'><strong>falsa.</strong></span> <span class='ocrx_word' id='word_1_844' title='bbox 1564 5660 1896 5729; x_wconf 80' lang='lat' dir='ltr'><strong>lmpossihile</strong></span> 
     </span>
    </p>
   </div>
   <div class='ocr_carea' id='block_1_103' title="bbox 313 5741 1893 5829">
    <p class='ocr_par' dir='ltr' id='par_1_103' title="bbox 313 5741 1893 5829">
     <span class='ocr_line' id='line_1_103' title="bbox 313 5741 1893 5829; baseline -0.006 -14"><span class='ocrx_word' id='word_1_845' title='bbox 313 5772 396 5816; x_wconf 82' lang='lat' dir='ltr'><strong>est</strong></span> <span class='ocrx_word' id='word_1_846' title='bbox 425 5762 587 5829; x_wconf 67' lang='lat' dir='ltr'><strong>igitur</strong></span> <span class='ocrx_word' id='word_1_847' title='bbox 613 5774 734 5814; x_wconf 86' lang='lat' dir='ltr'><strong>eum</strong></span> <span class='ocrx_word' id='word_1_848' title='bbox 761 5741 832 5814; x_wconf 74' lang='lat' dir='ltr'><strong>sit</strong></span> <span class='ocrx_word' id='word_1_849' title='bbox 851 5756 984 5812; x_wconf 84' lang='lat' dir='ltr'><strong>falsa</strong></span> <span class='ocrx_word' id='word_1_850' title='bbox 1020 5754 1254 5824; x_wconf 75' lang='lat' dir='ltr'><strong>negatie,</strong></span> <span class='ocrx_word' id='word_1_851' title='bbox 1294 5769 1400 5816; x_wconf 85' lang='lat' dir='ltr'><strong>non</strong></span> <span class='ocrx_word' id='word_1_852' title='bbox 1435 5766 1616 5807; x_wconf 82' lang='lat' dir='ltr'><strong>veram</strong></span> <span class='ocrx_word' id='word_1_853' title='bbox 1656 5765 1780 5806; x_wconf 86' lang='lat' dir='ltr'><strong>esse</strong></span> <span class='ocrx_word' id='word_1_854' title='bbox 1811 5749 1893 5806; x_wconf 77' lang='lat' dir='ltr'><strong>al-</strong></span> 
     </span>
    </p>
   </div>
   <div class='ocr_carea' id='block_1_104' title="bbox 315 5841 1892 5910">
    <p class='ocr_par' dir='ltr' id='par_1_104' title="bbox 315 5841 1892 5910">
     <span class='ocr_line' id='line_1_104' title="bbox 315 5841 1892 5910; baseline -0.01 -1"><span class='ocrx_word' id='word_1_855' title='bbox 315 5852 696 5910; x_wconf 69' lang='lat' dir='ltr'><strong>Ilrmationem.</strong></span> <span class='ocrx_word' id='word_1_856' title='bbox 724 5859 780 5906; x_wconf 79' lang='lat' dir='ltr'><strong>et</strong></span> <span class='ocrx_word' id='word_1_857' title='bbox 809 5861 996 5904; x_wconf 78' lang='lat' dir='ltr'><strong>rursus</strong></span> <span class='ocrx_word' id='word_1_858' title='bbox 1019 5861 1140 5901; x_wconf 91' lang='lat' dir='ltr'><strong>cum</strong></span> <span class='ocrx_word' id='word_1_859' title='bbox 1181 5845 1251 5899; x_wconf 82' lang='lat' dir='ltr'><strong>sit</strong></span> <span class='ocrx_word' id='word_1_860' title='bbox 1276 5843 1407 5898; x_wconf 85' lang='lat' dir='ltr'><strong>falsa</strong></span> <span class='ocrx_word' id='word_1_861' title='bbox 1452 5841 1764 5904; x_wconf 79' lang='lat' dir='ltr'><strong>afﬁrmatio,</strong></span> <span class='ocrx_word' id='word_1_862' title='bbox 1794 5857 1892 5895; x_wconf 84' lang='lat' dir='ltr'><strong>ne-</strong></span> 
     </span>
    </p>
   </div>
   <div class='ocr_carea' id='block_1_105' title="bbox 1997 4735 3576 4808">
    <p class='ocr_par' dir='ltr' id='par_1_105' title="bbox 1997 4735 3576 4808">
     <span class='ocr_line' id='line_1_105' title="bbox 1997 4735 3576 4808; baseline -0.006 -10"><span class='ocrx_word' id='word_1_863' title='bbox 1997 4741 2050 4798; x_wconf 82' lang='lat' dir='ltr'><strong>in</strong></span> <span class='ocrx_word' id='word_1_864' title='bbox 2081 4741 2158 4796; x_wconf 83' lang='lat' dir='ltr'><strong>liis</strong></span> <span class='ocrx_word' id='word_1_865' title='bbox 2181 4755 2294 4808; x_wconf 51' lang='lat' dir='ltr'><strong>qua,</strong></span> <span class='ocrx_word' id='word_1_866' title='bbox 2335 4737 2398 4790; x_wconf 81' lang='lat' dir='ltr'><strong>de</strong></span> <span class='ocrx_word' id='word_1_867' title='bbox 2436 4735 2809 4800; x_wconf 74' lang='lat' dir='ltr'><strong>uriirersalibiis</strong></span> <span class='ocrx_word' id='word_1_868' title='bbox 2838 4735 3078 4800; x_wconf 74' lang='lat' dir='ltr'><strong>dicuntur</strong></span> <span class='ocrx_word' id='word_1_869' title='bbox 3098 4735 3469 4806; x_wconf 80' lang='lat' dir='ltr'><strong>universaliter,</strong></span> <span class='ocrx_word' id='word_1_870' title='bbox 3498 4737 3576 4800; x_wconf 62' lang='lat' dir='ltr'><strong>uel</strong></span> 
     </span>
    </p>
   </div>
   <div class='ocr_carea' id='block_1_106' title="bbox 1997 4827 3580 4902">
    <p class='ocr_par' dir='ltr' id='par_1_106' title="bbox 1997 4827 3580 4902">
     <span class='ocr_line' id='line_1_106' title="bbox 1997 4827 3580 4902; baseline -0.003 -14"><span class='ocrx_word' id='word_1_871' title='bbox 1997 4835 2050 4888; x_wconf 90' lang='lat' dir='ltr'><strong>in</strong></span> <span class='ocrx_word' id='word_1_872' title='bbox 2087 4833 2168 4896; x_wconf 74' lang='lat' dir='ltr'><strong>Itis</strong></span> <span class='ocrx_word' id='word_1_873' title='bbox 2195 4848 2309 4900; x_wconf 77' lang='lat' dir='ltr'><strong>qua:</strong></span> <span class='ocrx_word' id='word_1_874' title='bbox 2346 4840 2463 4888; x_wconf 85' lang='lat' dir='ltr'><strong>sunt</strong></span> <span class='ocrx_word' id='word_1_875' title='bbox 2507 4827 2810 4899; x_wconf 74' lang='lat' dir='ltr'><strong>singularia,</strong></span> <span class='ocrx_word' id='word_1_876' title='bbox 2859 4842 3056 4890; x_wconf 75' lang='lat' dir='ltr'><strong>necesse</strong></span> <span class='ocrx_word' id='word_1_877' title='bbox 3094 4837 3188 4898; x_wconf 73' lang='lat' dir='ltr'><strong>est,</strong></span> <span class='ocrx_word' id='word_1_878' title='bbox 3230 4827 3580 4902; x_wconf 68' lang='lat' dir='ltr'><strong>appositurum</strong></span> 
     </span>
    </p>
   </div>
   <div class='ocr_carea' id='block_1_107' title="bbox 2001 4917 3577 4992">
    <p class='ocr_par' dir='ltr' id='par_1_107' title="bbox 2001 4917 3577 4992">
     <span class='ocr_line' id='line_1_107' title="bbox 2001 4917 3577 4992; baseline -0.003 -16"><span class='ocrx_word' id='word_1_879' title='bbox 2001 4925 2133 4982; x_wconf 76' lang='lat' dir='ltr'><strong>liam;</strong></span> <span class='ocrx_word' id='word_1_880' title='bbox 2163 4921 2366 4992; x_wconf 81' lang='lat' dir='ltr'><strong>quidem</strong></span> <span class='ocrx_word' id='word_1_881' title='bbox 2396 4935 2566 4984; x_wconf 74' lang='lat' dir='ltr'><strong>perant</strong></span> <span class='ocrx_word' id='word_1_882' title='bbox 2599 4935 2728 4981; x_wconf 76' lang='lat' dir='ltr'><strong>esse.</strong></span> <span class='ocrx_word' id='word_1_883' title='bbox 2758 4918 2900 4972; x_wconf 81' lang='lat' dir='ltr'><strong>illam</strong></span> <span class='ocrx_word' id='word_1_884' title='bbox 2927 4933 3042 4978; x_wconf 74' lang='lat' dir='ltr'><strong>tero</strong></span> <span class='ocrx_word' id='word_1_885' title='bbox 3065 4917 3273 4990; x_wconf 79' lang='lat' dir='ltr'><strong>falsam.</strong></span> <span class='ocrx_word' id='word_1_886' title='bbox 3311 4917 3462 4978; x_wconf 82' lang='lat' dir='ltr'><strong>Nihil</strong></span> <span class='ocrx_word' id='word_1_887' title='bbox 3485 4933 3577 4980; x_wconf 83' lang='lat' dir='ltr'><strong>att-</strong></span> 
     </span>
    </p>
   </div>
   <div class='ocr_carea' id='block_1_108' title="bbox 2002 5011 3580 5082">
    <p class='ocr_par' dir='ltr' id='par_1_108' title="bbox 2002 5011 3580 5082">
     <span class='ocr_line' id='line_1_108' title="bbox 2002 5011 3580 5082; baseline -0.006 -12"><span class='ocrx_word' id='word_1_888' title='bbox 2002 5028 2101 5079; x_wconf 68' lang='grc' dir='ltr'><strong>(ειη</strong></span> <span class='ocrx_word' id='word_1_889' title='bbox 2135 5015 2428 5068; x_wconf 78' lang='lat' dir='ltr'><strong>utrumlibet</strong></span> <span class='ocrx_word' id='word_1_890' title='bbox 2456 5027 2562 5068; x_wconf 79' lang='lat' dir='ltr'><strong>esse</strong></span> <span class='ocrx_word' id='word_1_891' title='bbox 2593 5012 2644 5076; x_wconf 84' lang='lat' dir='ltr'><strong>in</strong></span> <span class='ocrx_word' id='word_1_892' title='bbox 2675 5011 2754 5066; x_wconf 77' lang='lat' dir='ltr'><strong>liis</strong></span> <span class='ocrx_word' id='word_1_893' title='bbox 2783 5026 2898 5082; x_wconf 73' lang='lat' dir='ltr'><strong>quae</strong></span> <span class='ocrx_word' id='word_1_894' title='bbox 2925 5011 3074 5080; x_wconf 81' lang='lat' dir='ltr'><strong>ﬁunt,</strong></span> <span class='ocrx_word' id='word_1_895' title='bbox 3103 5011 3191 5070; x_wconf 79' lang='lat' dir='ltr'><strong>sed</strong></span> <span class='ocrx_word' id='word_1_896' title='bbox 3213 5011 3384 5076; x_wconf 75' lang='lat' dir='ltr'><strong>omnia</strong></span> <span class='ocrx_word' id='word_1_897' title='bbox 3404 5024 3511 5072; x_wconf 75' lang='lat' dir='ltr'><strong>esse</strong></span> <span class='ocrx_word' id='word_1_898' title='bbox 3531 5020 3580 5068; x_wconf 77' lang='lat' dir='ltr'><strong>at</strong></span> 
     </span>
    </p>
   </div>
   <div class='ocr_carea' id='block_1_109' title="bbox 2003 5101 3573 5175">
    <p class='ocr_par' dir='ltr' id='par_1_109' title="bbox 2003 5101 3573 5175">
     <span class='ocr_line' id='line_1_109' title="bbox 2003 5101 3573 5175; baseline -0.006 -15"><span class='ocrx_word' id='word_1_899' title='bbox 2003 5107 2116 5175; x_wconf 76' lang='lat' dir='ltr'><strong>ﬁeri</strong></span> <span class='ocrx_word' id='word_1_900' title='bbox 2148 5121 2211 5160; x_wconf 78' lang='lat' dir='ltr'><strong>ea:</strong></span> <span class='ocrx_word' id='word_1_901' title='bbox 2236 5104 2544 5160; x_wconf 74' lang='lat' dir='ltr'><strong>necessitate.</strong></span> <span class='ocrx_word' id='word_1_902' title='bbox 2582 5102 2751 5170; x_wconf 80' lang='lat' dir='ltr'><strong>Quare</strong></span> <span class='ocrx_word' id='word_1_903' title='bbox 2793 5117 2895 5162; x_wconf 72' lang='lat' dir='ltr'><strong>non</strong></span> <span class='ocrx_word' id='word_1_904' title='bbox 2929 5101 3175 5171; x_wconf 80' lang='lat' dir='ltr'><strong>oportsbit</strong></span> <span class='ocrx_word' id='word_1_905' title='bbox 3203 5116 3362 5170; x_wconf 73' lang='lat' dir='ltr'><strong>neque</strong></span> <span class='ocrx_word' id='word_1_906' title='bbox 3384 5102 3573 5170; x_wconf 60' lang='lat' dir='ltr'><strong>causul-</strong></span> 
     </span>
    </p>
   </div>
   <div class='ocr_carea' id='block_1_110' title="bbox 2005 5191 3584 5268">
    <p class='ocr_par' dir='ltr' id='par_1_110' title="bbox 2005 5191 3584 5268">
     <span class='ocr_line' id='line_1_110' title="bbox 2005 5191 3584 5268; baseline -0.008 -14"><span class='ocrx_word' id='word_1_907' title='bbox 2005 5207 2134 5261; x_wconf 73' lang='lat' dir='ltr'><strong>tsre,</strong></span> <span class='ocrx_word' id='word_1_908' title='bbox 2182 5212 2341 5268; x_wconf 75' lang='lat' dir='ltr'><strong>neque</strong></span> <span class='ocrx_word' id='word_1_909' title='bbox 2368 5195 2635 5266; x_wconf 80' lang='lat' dir='ltr'><strong>negotiari,</strong></span> <span class='ocrx_word' id='word_1_910' title='bbox 2676 5205 2729 5248; x_wconf 88' lang='grc' dir='ltr'><strong>ιιι</strong></span> <span class='ocrx_word' id='word_1_911' title='bbox 2767 5195 2810 5250; x_wconf 85' lang='lat' dir='ltr'><strong>si</strong></span> <span class='ocrx_word' id='word_1_912' title='bbox 2851 5194 2946 5246; x_wconf 79' lang='lat' dir='ltr'><strong>hoc</strong></span> <span class='ocrx_word' id='word_1_913' title='bbox 2975 5193 3212 5262; x_wconf 77' lang='lat' dir='ltr'><strong>facimus,</strong></span> <span class='ocrx_word' id='word_1_914' title='bbox 3265 5192 3359 5260; x_wconf 72' lang='lat' dir='ltr'><strong>erit</strong></span> <span class='ocrx_word' id='word_1_915' title='bbox 3397 5191 3512 5264; x_wconf 66' lang='lat' dir='ltr'><strong>hac,</strong></span> <span class='ocrx_word' id='word_1_916' title='bbox 3541 5198 3584 5246; x_wconf 86' lang='lat' dir='ltr'><strong>sl</strong></span> 
     </span>
    </p>
   </div>
   <div class='ocr_carea' id='block_1_111' title="bbox 2006 5282 3581 5353">
    <p class='ocr_par' dir='ltr' id='par_1_111' title="bbox 2006 5282 3581 5353">
     <span class='ocr_line' id='line_1_111' title="bbox 2006 5282 3581 5353; baseline -0.006 -7"><span class='ocrx_word' id='word_1_917' title='bbox 2006 5307 2126 5346; x_wconf 69' lang='lat' dir='ltr'><strong>vero</strong></span> <span class='ocrx_word' id='word_1_918' title='bbox 2147 5305 2246 5350; x_wconf 81' lang='lat' dir='ltr'><strong>non</strong></span> <span class='ocrx_word' id='word_1_919' title='bbox 2274 5288 2390 5353; x_wconf 77' lang='lat' dir='ltr'><strong>hoc,</strong></span> <span class='ocrx_word' id='word_1_920' title='bbox 2421 5304 2522 5342; x_wconf 86' lang='lat' dir='ltr'><strong>non</strong></span> <span class='ocrx_word' id='word_1_921' title='bbox 2543 5287 2636 5346; x_wconf 83' lang='lat' dir='ltr'><strong>erit</strong></span> <span class='ocrx_word' id='word_1_922' title='bbox 2661 5287 2775 5340; x_wconf 79' lang='lat' dir='ltr'><strong>hoc.</strong></span> <span class='ocrx_word' id='word_1_923' title='bbox 2805 5284 2956 5350; x_wconf 70' lang='grc' dir='ltr'>Νιιιιι</span> <span class='ocrx_word' id='word_1_924' title='bbox 2976 5287 3109 5351; x_wconf 81' lang='lat' dir='ltr'><strong>enim</strong></span> <span class='ocrx_word' id='word_1_925' title='bbox 3140 5282 3367 5352; x_wconf 73' lang='lat' dir='ltr'><strong>prohibet</strong></span> <span class='ocrx_word' id='word_1_926' title='bbox 3387 5284 3438 5344; x_wconf 81' lang='lat' dir='ltr'><strong>in</strong></span> <span class='ocrx_word' id='word_1_927' title='bbox 3465 5283 3581 5342; x_wconf 81' lang='lat' dir='ltr'><strong>mil-</strong></span> 
     </span>
    </p>
   </div>
   <div class='ocr_carea' id='block_1_112' title="bbox 2008 5375 3587 5448">
    <p class='ocr_par' dir='ltr' id='par_1_112' title="bbox 2008 5375 3587 5448">
     <span class='ocr_line' id='line_1_112' title="bbox 2008 5375 3587 5448; baseline -0.006 -10"><span class='ocrx_word' id='word_1_928' title='bbox 2008 5385 2243 5444; x_wconf 75' lang='lat' dir='ltr'><strong>lesimum</strong></span> <span class='ocrx_word' id='word_1_929' title='bbox 2269 5397 2457 5440; x_wconf 84' lang='lat' dir='ltr'><strong>annum</strong></span> <span class='ocrx_word' id='word_1_930' title='bbox 2485 5379 2620 5440; x_wconf 76' lang='lat' dir='ltr'><strong>hunc</strong></span> <span class='ocrx_word' id='word_1_931' title='bbox 2639 5379 2841 5448; x_wconf 83' lang='lat' dir='ltr'><strong>quidem</strong></span> <span class='ocrx_word' id='word_1_932' title='bbox 2871 5379 3039 5440; x_wconf 73' lang='lat' dir='ltr'><strong>dicere</strong></span> <span class='ocrx_word' id='word_1_933' title='bbox 3060 5377 3157 5438; x_wconf 69' lang='lat' dir='ltr'><strong>hoc</strong></span> <span class='ocrx_word' id='word_1_934' title='bbox 3195 5375 3425 5445; x_wconf 71' lang='lat' dir='ltr'><strong>futurum</strong></span> <span class='ocrx_word' id='word_1_935' title='bbox 3455 5390 3587 5446; x_wconf 54' lang='lat' dir='ltr'><strong>esse,</strong></span> 
     </span>
    </p>
   </div>
   <div class='ocr_carea' id='block_1_113' title="bbox 2004 5464 3587 5546">
    <p class='ocr_par' dir='ltr' id='par_1_113' title="bbox 2004 5464 3587 5546">
     <span class='ocr_line' id='line_1_113' title="bbox 2004 5464 3587 5546; baseline -0.01 -18"><span class='ocrx_word' id='word_1_936' title='bbox 2004 5475 2152 5530; x_wconf 71' lang='lat' dir='ltr'><strong>illam:</strong></span> <span class='ocrx_word' id='word_1_937' title='bbox 2181 5488 2295 5528; x_wconf 76' lang='lat' dir='ltr'><strong>vero</strong></span> <span class='ocrx_word' id='word_1_938' title='bbox 2315 5488 2414 5526; x_wconf 86' lang='lat' dir='ltr'><strong>non</strong></span> <span class='ocrx_word' id='word_1_939' title='bbox 2443 5471 2630 5530; x_wconf 73' lang='lat' dir='ltr'><strong>dicere.</strong></span> <span class='ocrx_word' id='word_1_940' title='bbox 2663 5469 2834 5535; x_wconf 78' lang='lat' dir='ltr'><strong>Quare</strong></span> <span class='ocrx_word' id='word_1_941' title='bbox 2863 5483 2926 5536; x_wconf 65' lang='lat' dir='ltr'><strong>ea:</strong></span> <span class='ocrx_word' id='word_1_942' title='bbox 2965 5465 3262 5535; x_wconf 64' lang='lat' dir='ltr'><strong>necessitate</strong></span> <span class='ocrx_word' id='word_1_943' title='bbox 3287 5465 3406 5538; x_wconf 61' lang='lat' dir='ltr'><strong>erit,</strong></span> <span class='ocrx_word' id='word_1_944' title='bbox 3431 5464 3587 5546; x_wconf 65' lang='lat' dir='ltr'><strong>quod.</strong></span> 
     </span>
    </p>
   </div>
   <div class='ocr_carea' id='block_1_114' title="bbox 2008 5558 3360 5633">
    <p class='ocr_par' dir='ltr' id='par_1_114' title="bbox 2008 5558 3360 5633">
     <span class='ocr_line' id='line_1_114' title="bbox 2008 5558 3360 5633; baseline -0.009 -9"><span class='ocrx_word' id='word_1_945' title='bbox 2008 5567 2124 5626; x_wconf 83' lang='lat' dir='ltr'><strong>libet</strong></span> <span class='ocrx_word' id='word_1_946' title='bbox 2148 5582 2346 5632; x_wconf 82' lang='lat' dir='ltr'><strong>eorum,</strong></span> <span class='ocrx_word' id='word_1_947' title='bbox 2381 5566 2514 5633; x_wconf 82' lang='lat' dir='ltr'><strong>quod</strong></span> <span class='ocrx_word' id='word_1_948' title='bbox 2543 5573 2651 5628; x_wconf 78' lang='lat' dir='ltr'><strong>tum</strong></span> <span class='ocrx_word' id='word_1_949' title='bbox 2677 5563 2740 5626; x_wconf 73' lang='lat' dir='ltr'><strong>ab</strong></span> <span class='ocrx_word' id='word_1_950' title='bbox 2767 5579 2823 5626; x_wconf 78' lang='lat' dir='ltr'><strong>eo</strong></span> <span class='ocrx_word' id='word_1_951' title='bbox 2849 5577 3020 5628; x_wconf 72' lang='lat' dir='ltr'><strong>parum</strong></span> <span class='ocrx_word' id='word_1_952' title='bbox 3042 5566 3149 5624; x_wconf 74' lang='lat' dir='ltr'><strong>eral</strong></span> <span class='ocrx_word' id='word_1_953' title='bbox 3172 5558 3360 5630; x_wconf 59' lang='lat' dir='ltr'><strong>dicere.</strong></span> 
     </span>
    </p>
   </div>
   <div class='ocr_carea' id='block_1_115' title="bbox 2075 5649 3582 5720">
    <p class='ocr_par' dir='ltr' id='par_1_115' title="bbox 2075 5649 3582 5720">
     <span class='ocr_line' id='line_1_115' title="bbox 2075 5649 3582 5720; baseline -0.008 -6"><span class='ocrx_word' id='word_1_954' title='bbox 2075 5659 2262 5716; x_wconf 87' lang='lat' dir='ltr'><strong>Omnia</strong></span> <span class='ocrx_word' id='word_1_955' title='bbox 2295 5659 2346 5716; x_wconf 92' lang='lat' dir='ltr'><strong>in</strong></span> <span class='ocrx_word' id='word_1_956' title='bbox 2380 5657 2560 5720; x_wconf 81' lang='lat' dir='ltr'><strong>futuro</strong></span> <span class='ocrx_word' id='word_1_957' title='bbox 2589 5655 2672 5716; x_wconf 77' lang='lat' dir='ltr'><strong>vel</strong></span> <span class='ocrx_word' id='word_1_958' title='bbox 2704 5668 2832 5720; x_wconf 70' lang='lat' dir='ltr'><strong>vera</strong></span> <span class='ocrx_word' id='word_1_959' title='bbox 2856 5653 2936 5718; x_wconf 70' lang='lat' dir='ltr'><strong>se!</strong></span> <span class='ocrx_word' id='word_1_960' title='bbox 2967 5650 3100 5716; x_wconf 72' lang='lat' dir='ltr'><strong>falsa</strong></span> <span class='ocrx_word' id='word_1_961' title='bbox 3129 5663 3252 5713; x_wconf 71' lang='lat' dir='ltr'><strong>esse</strong></span> <span class='ocrx_word' id='word_1_962' title='bbox 3279 5649 3502 5720; x_wconf 76' lang='lat' dir='ltr'><strong>deﬁnite</strong></span> <span class='ocrx_word' id='word_1_963' title='bbox 3527 5651 3582 5720; x_wconf 68' lang='lat' dir='ltr'><strong>in</strong></span> 
     </span>
    </p>
   </div>
   <div class='ocr_carea' id='block_1_116' title="bbox 2003 5740 3581 5820">
    <p class='ocr_par' dir='ltr' id='par_1_116' title="bbox 2003 5740 3581 5820">
     <span class='ocr_line' id='line_1_116' title="bbox 2003 5740 3581 5820; baseline -0.01 -10"><span class='ocrx_word' id='word_1_964' title='bbox 2003 5749 2461 5820; x_wconf 78' lang='lat' dir='ltr'><strong>propositionibus</strong></span> <span class='ocrx_word' id='word_1_965' title='bbox 2491 5747 2838 5814; x_wconf 74' lang='lat' dir='ltr'><strong>arbitrantes,</strong></span> <span class='ocrx_word' id='word_1_966' title='bbox 2873 5740 3278 5814; x_wconf 77' lang='lat' dir='ltr'><strong>impossibilitas</strong></span> <span class='ocrx_word' id='word_1_967' title='bbox 3317 5741 3416 5808; x_wconf 82' lang='lat' dir='ltr'><strong>ista</strong></span> <span class='ocrx_word' id='word_1_968' title='bbox 3451 5757 3581 5812; x_wconf 75' lang='lat' dir='ltr'><strong>cop-</strong></span> 
     </span>
    </p>
   </div>
   <div class='ocr_carea' id='block_1_117' title="bbox 2002 5834 3579 5904">
    <p class='ocr_par' dir='ltr' id='par_1_117' title="bbox 2002 5834 3579 5904">
     <span class='ocr_line' id='line_1_117' title="bbox 2002 5834 3579 5904; baseline -0.008 -6"><span class='ocrx_word' id='word_1_969' title='bbox 2002 5845 2264 5904; x_wconf 82' lang='lat' dir='ltr'><strong>sequitur.</strong></span> <span class='ocrx_word' id='word_1_970' title='bbox 2299 5843 2440 5896; x_wconf 81' lang='lat' dir='ltr'><strong>Nihil</strong></span> <span class='ocrx_word' id='word_1_971' title='bbox 2469 5841 2616 5896; x_wconf 85' lang='lat' dir='ltr'><strong>enim</strong></span> <span class='ocrx_word' id='word_1_972' title='bbox 2638 5851 2812 5900; x_wconf 82' lang='lat' dir='ltr'><strong>neque</strong></span> <span class='ocrx_word' id='word_1_973' title='bbox 2839 5851 2902 5892; x_wconf 78' lang='lat' dir='ltr'><strong>ex</strong></span> <span class='ocrx_word' id='word_1_974' title='bbox 2936 5835 3106 5892; x_wconf 81' lang='lat' dir='ltr'><strong>libero</strong></span> <span class='ocrx_word' id='word_1_975' title='bbox 3130 5834 3420 5892; x_wconf 86' lang='lat' dir='ltr'><strong>voluntatis</strong></span> <span class='ocrx_word' id='word_1_976' title='bbox 3444 5835 3579 5890; x_wconf 75' lang='lat' dir='ltr'><strong>orbi.</strong></span> 
     </span>
    </p>
   </div>
  </div>
