4090 6342
1188 202 1247 232 In?

549 332 593 383 ἵζε.
606 334 656 389 :3
1645 359 1650 364 ’
1768 338 1875 389 ΛΠ.
1922 335 2100 389 ΜΑΝι

2208 334 2314 388 εν.
2356 330 2580 390 ΒΟΕἸἸΙ
3082 394 3083 397 η
3692 337 3795 394 5M

548 448 673 512 trio,
724 460 895 516 neque
924 460 985 499 ex
1032 443 1207 513 aliqua
1241 452 1613 512 pussttuutate,
1665 460 1837 513 neque
1871 461 1937 498 ex
1987 458 2114 497 casu
2143 446 2194 504 Α
2222 443 2305 495 vel
2332 443 2519 497 falsam
2548 457 2669 498 csse
2685 442 2977 510 conlingat.
3001 439 3107 495 Sed
3136 453 3233 494 nos
3253 443 3421 494 secuti
3442 441 3796 514 Porphyrium

546 538 827 609 quidquam
860 537 968 590 fieri
994 545 1186 604 potest,
1217 534 1311 591 sed
1339 538 1518 590 omnia
1540 535 1845 589 necessitati
1873 534 2116 603 subjecta

543 640 687 693 sunt,
726 646 1023 697 quanquam
1072 629 1287 698 quidam
1334 644 1439 682 non
1489 609 1866 681 dubit'averunt
1913 628 2117 695 dicere,

542 724 716 774 omnia
750 736 811 773 ex
846 721 1163 775 necessitate
1192 737 1333 785 esse,
1365 730 1417 774 et
1443 720 1756 789 quibusdam
1794 718 1997 771 artibus
2026 731 2118 772 σοι

540 813 648 863 nati
670 821 795 864 sunt
824 810 873 863 id
904 812 1043 879 quod
1080 811 1131 864 in
1156 812 1306 864 nobis
1336 820 1414 864 est
1441 825 1563 862 cum
1595 824 1771 863 rerum
1802 808 2119 862 necessitate

536 905 884 973 conjungere.
913 904 1106 958 Dicunt
1135 906 1273 959 enim
1298 904 1511 973 quidam
1533 919 1759 973 quorum
1784 913 1907 956 sunt
1936 903 2114 968 stoici,

505 992 718 1047 ’oinnia
762 1009 1093 1062 quaecunque
1132 995 1281 1057 fiunt,
1321 994 1413 1046 fati
1454 996 1773 1047 necessitate
1811 995 2115 1060 provenire,

535 1083 713 1137 omnia
745 1099 862 1151 qum
894 1083 1069 1136 fatalis
1099 1083 1205 1152 agit
1237 1084 1539 1148 ratio,.sine
1569 1083 1732 1138 dubio
1776 1100 1838 1137 ex
1882 1080 2111 1137 necessi-

535 1185 642 1229 tate
670 1176 1000 1244 contingere.
1029 1176 1134 1230 Sed
1184 1178 1270 1230 illa
1327 1191 1445 1231 esse
1483 1177 1594 1230 sola
1639 1177 1689 1230 in
1740 1176 1914 1239 nobis,
1961 1185 2015 1230 et
2041 1191 2111 1228 ex

534 1269 814 1322 voluntate
861 1281 1065 1340 nostra,
1121 1284 1449 1338 quaacunque
1498 1285 1591 1337 per
1643 1269 1967 1323 voluntatem
2027 1283 2116 1321 no-

532 1372 722 1428 stram,
756 1372 809 1415 et
848 1376 942 1429 per
972 1375 1071 1415 nos
1105 1361 1248 1430 ipsos
1287 1364 1365 1415 vis
1397 1362 1487 1415 fati
1518 1362 1752 1430 complet
1789 1376 1851 1415 ac
1883 1362 2109 1430 perlicit,

531 1470 708 1523 neque
740 1457 905 1521 enim,
942 1456 1210 1524 inquiunt,
1243 1456 1488 1509 Voluntas
1529 1463 1709 1508 nostra
1744 1455 1793 1507 in
1826 1454 1977 1506 nobis
2005 1463 2107 1520 est,

531 1548 627 1601 sed
660 1547 798 1600 idem
847 1546 1091 1599 volumus
1121 1546 1370 1616 idemque
1421 1546 1694 1610 nolttmus,
1729 1542 1981 1617 quidquid
2016 1542 2108 1596 fati

530 1639 825 1691 necessitas
854 1636 1158 1704 imperavit,
1194 1645 1253 1690 ut
1284 1636 1529 1701 voluntas
1577 1644 1756 1688 nostra
1799 1648 2011 1702 quinque
2041 1647 2107 1686 ex

531 1733 639 1784 fato
682 1731 917 1799 pendere
945 1730 1209 1796 videatur,
1255 1730 1325 1783 ita
1367 1729 1619 1798 quoniam
1656 1743 1746 1794 per
1777 1726 2106 1779 voluntatem

2220 551 2342 587 cum
2386 538 2542 603 hujus
2591 533 2965 599 disputationis
3007 535 3394 609 expositionem
3438 537 3698 606 cepimus,
3740 540 3799 596 id

2220 626 2359 695 qttod
2378 628 2522 692 prius
2543 626 2677 680 dixit
2693 627 2744 677 in
2759 624 3118 690 singularibus
3131 636 3184 678 et
3198 626 3383 680 futuris
3399 626 3469 681 ob
3485 630 3585 683 hoc
3597 629 3798 687 dixisse

2222 718 2595 786 prmdiximus,
2615 716 2755 786 (μιυά
2775 716 2980 770 facilior
2994 718 3063 771 sit
3079 718 3381 772 intellectus
3398 720 3792 789 diSputationis,

2219 812 2265 865 si
2290 812 2404 864 hare
2424 811 2569 879 prius
2590 811 2643 865 in
2666 810 3021 879 singularibus
3047 813 3495 879 perspicerentur,
3512 813 3580 868 de
3602 817 3797 883 quibus

2218 903 2578 972 singularibus
2607 902 3020 972 diligentissime
3041 904 3382 971 przelocutus,
3416 921 3555 959 nunc
3575 906 3642 960 de
3671 909 3794 960 uni-

2218 996 2518 1050 versalibus
2546 994 2920 1049 universaliter
2949 994 3273 1063 praedicatis,
3304 1005 3358 1049 et
3382 995 3448 1050 de
3480 996 3560 1049 his
3591 1013 3710 1065 qua:
3742 999 3795 1051 in

2219 1087 2299 1139 eis
2330 1085 2466 1139 ﬁunt
2494 1085 2953 1141 contradictiones
2984 1086 3235 1154 loquitur.
3270 1087 3341 1139 Ita
3371 1087 3511 1139 enim
3538 1087 3668 1141 dicit
3697 1105 3710 1139 :
3740 1088 3797 1142 Si

2215 1176 2390 1229 omnis
2444 1174 2818 1229 afﬁrmatiOuis
2871 1185 2923 1229 et
2967 1176 3261 1246 negationis
3314 1177 3396 1229 vel
3444 1177 3495 1229 in
3550 1178 3634 1231 bis
3675 1193 3797 1248 quae

2218 1266 2269 1317 in
2311 1264 2704 1319 universalibus
2750 1264 2997 1319 dicuntur
3036 1266 3432 1329 universaliter,
3473 1267 3554 1320 vel
3603 1269 3654 1321 in
3712 1269 3800 1323 his

2215 1369 2335 1424 quae
2362 1364 2488 1409 sunt
2530 1355 2838 1424 singularia,
2872 1370 3093 1411 necesse
3130 1365 3213 1410 est
3250 1358 3611 1425 oppositarum
3656 1359 3798 1412 hanc

2212 1447 2428 1516 quidem
2467 1463 2589 1503 esse
2631 1463 2831 1512 veram,
2878 1449 3021 1503 illam
3061 1463 3191 1503 vero
3234 1448 3444 1503 falsam.
3490 1451 3798 1505 Alexander

2214 1548 2392 1594 autem
2431 1540 2484 1593 in
2530 1540 2893 1610 singularibus
2938 1549 2992 1596 et
3028 1539 3218 1594 futuris
3248 1539 3449 1593 dixisse
3491 1555 3613 1593 eum
3650 1540 3795 1595 arbi-

2213 1646 2404 1703 tratur,
2424 1645 2673 1707 tanquam
2703 1641 2745 1691 si
2773 1638 3063 1706 diceretur,
3085 1640 3140 1693 in
3170 1636 3254 1692 his
3273 1638 3462 1693 futuris
3483 1652 3603 1706 qua:
3626 1638 3680 1691 in
3707 1653 3795 1707 ge-

2214 1730 2492 1783 neratione
2512 1740 2566 1783 et
2602 1731 2947 1797 corruptione
2976 1728 3117 1783 sunt.
3176 1729 3312 1785 Sunt
3358 1732 3498 1784 enim
3544 1729 3795 1799 quzedam

528 1834 765 1878 nostram
797 1824 1039 1892 quaedam
1072 1838 1135 1876 ex
1166 1822 1320 1876 nobis
1366 1822 1518 1885 ﬁunt,
1550 1830 1603 1874 et
1641 1834 1703 1873 ea
1735 1833 1851 1888 qum
1891 1818 2020 1869 ίίυηι
2052 1817 2102 1869 in
2136 1807 2183 1867 Β
2214 1823 2388 1877 futura
2418 1837 2539 1891 quae
2576 1824 2624 1875 in
2650 1822 2997 1892 generatione
3040 1830 3095 1876 et
3121 1822 3462 1890 corruptione
3502 1837 3607 1874 non
3643 1829 3795 1887 sunt,

526 1915 683 1970 nobis
714 1916 869 1981 fiunt,
892 1916 1249 1984 quoniamque
1277 1916 1521 1969 voluntas
1553 1915 1665 1982 ipsa
1695 1927 1762 1964 ex
1787 1909 2105 1964 necessitate

527 2006 621 2061 fati
666 2017 763 2072 est,
798 2016 852 2061 et
878 2023 995 2075 quae
1028 2020 1124 2060 nos
1154 2016 1334 2061 nostra
1387 2006 1613 2058 facimus
1655 2005 1950 2064 voluntate,
1980 2003 2106 2071 quia

526 2099 820 2153 necessitas
849 2100 1149 2165 imperavit,
1178 2110 1241 2151 ea
1272 2099 1383 2166 ipsa
1427 2095 1637 2163 impulsi
1671 2094 1892 2147 facimus
1920 2106 2105 2145 neces-

526 2191 701 2244 sitate.
746 2190 921 2257 Quare
963 2190 1065 2245 hoc
1093 2192 1253 2243 modo
1291 2187 1739 2257 significationem
1772 2184 1928 2238 liberi
1960 2183 2104 2236 arbi-

526 2284 613 2337 trii
657 2293 1044 2353 permutantes,
1096 2282 1469 2337 necessitatem
1511 2289 1565 2333 et
1605 2279 1655 2332 id
1687 2276 1829 2346 quod
1862 2276 1915 2330 in
1949 2274 2105 2329 nobis

524 2384 606 2428 est
648 2375 975 2443 conjungere
1025 2373 1428 2444 impossibiliter
1478 2381 1531 2424 et
1578 2369 1831 2437 copulare
1873 2376 2103 2422 conten-

524 2462 676 2518 dunt.
729 2465 859 2519 Illud
901 2466 1044 2519 enim
1096 2467 1148 2519 in
1204 2465 1357 2519 nobis
1400 2474 1481 2517 est
1522 2462 1748 2516 liberum
1798 2460 2100 2525 arbitrium,

524 2557 666 2628 quod
695 2559 763 2611 sit
792 2558 937 2611 omni
983 2558 1302 2612 necessitate
1330 2571 1574 2619 vacuum,
1623 2564 1678 2609 et
1707 2555 2018 2623 ingenuum,
2050 2561 2106 2607 et

522 2660 634 2701 sua“:
684 2649 993 2718 petestatis,
1037 2663 1265 2718 quorum
1318 2663 1413 2702 nos
1453 2647 1658 2701 domini
1707 2645 2104 2717 quodammodo

523 2754 706 2795 sumus
731 2742 811 2795 vel
843 2742 1091 2807 faciendi,
1124 2743 1202 2796 vel
1231 2756 1336 2795 non
1374 2742 1635 2806 faciendi;
1666 2741 1809 2809 quod
1834 2741 1876 2794 si
1908 2741 2102 2795 volun-

540 2842 659 2886 ates
684 2848 897 2902 quoque
928 2833 1094 2887 nostri
1121 2832 1213 2887 fati
1251 2834 1404 2887 nobis
1436 2833 1730 2887 necessitas
1758 2833 2011 2901 imperet,
2045 2833 2099 2886 in

520 2923 673 2978 nobis
714 2927 957 2981 voluntas
1003 2928 1117 2996 ipsa
1162 2940 1269 2980 non
1315 2926 1439 2989 erit,
1472 2926 1568 2979 sed
1612 2928 1668 2978 in
1701 2926 1831 2990 fato,
1872 2940 1969 2979 nec
1998 2926 2103 2978 erit

520 3017 746 3072 liberum
779 3020 1081 3083 arbitrium,
1130 3019 1223 3072 sed
1264 3019 1439 3086 potius
1481 3017 1721 3070 serviens
1767 3018 2096 3071 necessitati.

519 3107 673 3163 Unde
705 3109 762 3161 ﬁt
807 3120 863 3163 ut
894 3110 980 3178 qui
1013 3123 1201 3163 omnes
1250 3118 1399 3161 actus
1447 3117 1735 3162 eventuum
1779 3107 2101 3162 necessitate

520 3297 667 3341 ctere
697 3288 797 3341 nisi
839 3286 1017 3341 fatalis
1065 3289 1617 3357 necessitasjnsserit.
1670 3289 1841 3357 Caput
1885 3304 2099 3357 quoque

519 3394 624 3431 non
656 3379 919 3447 scalpere,
964 3394 1127 3448 quare
1166 3395 1265 3435 nec
1315 3384 1512 3447 lavare,
1548 3395 1645 3435 nec
1682 3395 1841 3449 agerc
1873 3381 2095 3450 aliquid.

515 3468 612 3526 His
640 3472 801 3526 etiam
845 3471 1087 3541 adjiciam
1133 3473 1216 3527 vel
1259 3474 1458 3543 aliquid
1499 3473 1749 3538 feliciter,
1781 3474 1863 3527 vel
1894 3473 2096 3542 aliquid

514 3561 805 3619 infeliciter
836 3565 1038 3631 facere,
1071 3567 1154 3621 vel
1188 3569 1317 3636 pati,
1350 3569 1491 3622 unde
1518 3568 1576 3621 ﬁt
1598 3577 1654 3623 ut
1678 3584 1854 3637 neque
1884 3584 2094 3636 casum,

516 3670 689 3725 neque
720 3656 944 3711 liberum
987 3657 1291 3723 arbitrium,
1325 3674 1422 3713 nec
1450 3659 1707 3727 possibile
1738 3658 1791 3711 in
1824 3659 1986 3713 rebus
2018 3660 2101 3712 ul-

516 3746 623 3799 lum
673 3760 792 3800 esse
841 3747 1203 3812 contendant,
1253 3750 1496 3818 quamvis
1550 3749 1774 3803 liberum
1822 3749 2102 3805 destruere

517 3846 817 3890 metuentes
860 3838 1163 3903 arbitrium,
1207 3840 1379 3894 aliam
1416 3843 1463 3893 ei
1500 3839 1702 3909 ﬁngant
1756 3842 2102 3910 signiﬁcatio-

517 3939 659 3991 nem,
691 3940 783 3992 per
806 3941 964 3995 quam
992 3919 1341 3981 nihilominus
1383 3928 1547 3982 libera
1592 3930 1824 3983 hominis
1852 3931 2098 3987 voluntas

517 4018 795 4072 evertitur.
836 4016 1178 4072 Aristotelica
1229 4032 1359 4072 vero
1400 4020 1715 4083 auctoritas,
1762 4020 1836 4074 ita
1887 4022 2005 4076 haec
2044 4023 2099 4079 in

510 4108 672 4161 rebus
717 4108 911 4174 posita,
957 4116 1012 4163 et
1054 4108 1343 4164 constituta
1374 4124 1493 4165 esse
1538 4092 1840 4178 confirmat,
1886 4121 1946 4167 ut
1988 4128 2095 4170 non

516 4207 743 4266 exponat
763 4214 902 4253 nunc
924 4199 1050 4268 quid
1073 4200 1142 4254 sit
1168 4215 1345 4266 casus,
1375 4201 1569 4270 quidve
1599 4203 1872 4270 possibile,
1897 4203 2097 4273 quidve

514 4286 569 4341 in
601 4288 777 4352 nobis,
811 4303 909 4343 nec
936 4304 998 4344 ea
1039 4304 1159 4346 esse
1188 4292 1244 4345 in
1267 4292 1425 4347 rebus
1458 4295 1647 4361 probat
1673 4304 1831 4362 atque
1871 4295 2099 4351 demon-

514 4386 670 4442 strat,
704 4376 796 4431 sed
845 4378 898 4431 in
927 4387 1132 4433 tantum
1176 4380 1315 4450 apud
1347 4383 1495 4435 illum
1535 4383 1650 4435 hzec
1680 4382 1741 4436 in’
1766 4384 1927 4438 rebus
1973 4400 2097 4441 esse

442 4506 443 4511 η
512 4468 854 4525 manifestum
892 4479 996 4538 est,
1038 4479 1097 4525 ut
1136 4472 1442 4541 opinionem
1487 4489 1587 4542 qua
1635 4476 1753 4543 quis
1782 4476 2093 4542 arbitratur,

514 4561 906 4616 enuntiationes
937 4564 990 4618 in
1037 4564 1215 4619 futuro
1255 4581 1441 4619 omnes
1479 4580 1633 4619 veras
1681 4582 1821 4633 esse,
1865 4583 1960 4635 per
1988 4571 2093 4624 hoc

513 4651 898 4720 impossibilem
942 4670 1062 4710 esse
1087 4656 1251 4722 dicat,
1286 4657 1430 4726 quod
1460 4671 1640 4711 casum
1686 4667 1738 4712 et
1769 4660 2091 4727 possibilita-

513 4752 646 4809 tem,
677 4748 1007 4815 liberumque
1036 4757 1241 4801 evertat
1265 4749 1566 4809 arbitrium.
1597 4749 1721 4804 llmc
1744 4752 1885 4805 enim
1917 4752 1968 4804 iu
2002 4767 2092 4807 re-

498 4833 614 4889 bus
642 4836 712 4890 ita
752 4838 1038 4892 constituta
1071 4846 1234 4905 putat,
1270 4847 1327 4891 ut
1366 4853 1469 4892 non
1507 4839 1573 4893 de
1604 4839 1691 4892 bis
1714 4840 1820 4894 ulla
1861 4856 1994 4909 opus
2023 4843 2093 4895 sit

514 4927 1008 4994 demonstratione,
1066 4929 1161 4983 sed
1206 4930 1550 4998 impossibilia
1613 4932 1748 4985 ratio
1791 4931 2088 5001 judicetur,

513 5033 845 5089 qumcunqiic
875 5021 960 5075 vel
999 5019 1272 5089 possibile,
1298 5020 1385 5073 vel
1415 5036 1617 5087 casum,
1652 5023 1736 5075 vel
1767 5021 1817 5075 id
1857 5021 1997 5091 quod
2035 5022 2086 5075 in

512 5110 667 5163 nobis
697 5121 778 5164 est
807 5121 1033 5181 conatur
1054 5121 1319 5166 evertere.
1348 5114 1413 5164 Et
1441 5116 1623 5165 casum
1654 5112 1866 5180 quidem
1897 5126 2088 5180 quem-

512 5200 802 5255 admodum
819 5201 1036 5255 delinita
1061 5202 1112 5254 in
1138 5203 1589 5270 prepositionibus
1611 5204 1803 5256 futuris
1824 5202 2085 5267 destruat,

512 5297 711 5347 \‘xritas
760 5307 923 5362 supra
964 5294 1297 5347 monstravit.
1341 5292 1492 5348 Nunc
1537 5302 1714 5346 autem
1743 5292 2089 5359 quemadmo-

510 5383 640 5440 dum
686 5385 873 5439 eadem
908 5385 1022 5453 ipsa
1050 5384 1251 5439 veritas
1297 5384 1513 5438 deﬁnita
1547 5387 1836 5435 futurarum
1870 5393 1922 5437 et
1957 5399 2088 5439 con-

512 5476 829 5545 tingentium
860 5476 1279 5547 propositionum
1320 5477 1472 5529 tollat
1502 5475 1651 5528 liberi
1683 5474 1888 5528 arbitrii
1925 5476 2087 5531 facul-

440 5556 452 5586 ²
513 5574 716 5633 tatem,
765 5568 992 5621 maxima
1037 5570 1087 5621 vi
1132 5565 1609 5635 argumentationis
1651 5566 1959 5633 exsequitur
2006 5567 2088 5621 di-

513 5669 658 5712 cens.
693 5676 705 5709 :
755 5658 1070 5727 llujusmodi
1110 5665 1302 5713 cuncta
1346 5655 1657 5724 contingere
1698 5656 2083 5727 impossibilia,

516 5750 565 5809 si
598 5755 717 5823 quis
770 5769 928 5809 unam
974 5753 1353 5813 enuntiationis
1393 5763 1605 5819 partem
1644 5752 1863 5809 deﬁnite
1902 5766 2085 5809 veram

2207 1926 2267 1971 ut
2294 1915 2435 1985 quod
2467 1915 2534 1968 de
2558 1914 2670 1969 sole
2692 1924 2744 1968 et
2768 1914 2891 1967 luna
2921 1922 2975 1966 et
3001 1914 3069 1967 de
3092 1916 3301 1968 ca-teris
3326 1912 3797 1980 celestibuspro-

2208 2008 2503 2067 nuntiatur,
2540 2007 2653 2057 haec
2678 2017 2806 2057 vero
2854 2018 2975 2071 qua?
3001 2012 3126 2056 sunt
3161 2002 3211 2055 in
3246 2002 3403 2056 rebus
3436 2001 3519 2054 bis
3562 2014 3795 2069 quarum

2207 2108 2310 2160 est,
2346 2105 2401 2151 et
2430 2097 2575 2150 nasci
2609 2104 2662 2148 et
2689 2095 2961 2163 corrumpi
2992 2103 3201 2157 natura,
3233 2108 3391 2146 unam
3441 2107 3655 2160 semper
3685 2107 3796 2146 non

2207 2203 2432 2244 necesse
2452 2200 2532 2241 est
2561 2201 2740 2240 veram
2761 2200 2903 2249 esse,
2934 2185 3156 2239 alteram
3183 2184 3388 2237 falsam.
3413 2182 3519 2237 Sed
3542 2190 3795 2235 neutram

2206 2296 2307 2350 ego
2338 2278 2585 2348 improbo
2616 2278 3027 2347 expositionem.
3054 2275 3307 2343 Ulrteque
3330 2274 3471 2328 enim
3507 2274 3796 2327 verissima

2208 2373 2414 2427 ratione
2472 2369 2772 2423 firmantur.
2837 2367 3024 2422 Omnis
3080 2376 3260 2422 autem
3306 2379 3497 2419 sensus
3542 2365 3670 2417 talis
3710 2372 3795 2418 est

2206 2464 2347 2533 quod
2379 2460 2755 2515 necessitatem
2795 2459 2965 2513 solam
2992 2461 3046 2510 in
3074 2468 3235 2511 renus
3259 2456 3522 2525 imperare
3558 2454 3795 2509 destruit

2206 2556 2548 2619 Aristoteles,
2578 2569 2737 2609 omne
2765 2553 3067 2622 enimquod
3101 2560 3289 2605 natura
3319 2559 3417 2606 est.
3454 2567 3557 2603 non
3592 2550 3795 2603 frustra

2207 2645 2617 2701 est.Consiliari
2666 2652 2840 2697 autem
2899 2642 3143 2695 homines
3201 2640 3515 2693 naturaliter
3561 2637 3790 2691 habent.

2205 2738 2355 2804 Quod
2389 2739 2431 2792 si
2464 2736 2761 2790 necessitas
2808 2734 2863 2788 in
2890 2734 3054 2788 rebus
3082 2732 3195 2787 sola
3238 2731 3620 2791 dominabitur,
3670 2732 3794 2783 sinu

2206 2843 2364 2883 causa
2415 2837 2498 2882 est
2556 2825 2886 2881 consiliatio.
2945 2823 3054 2877 Sed
3094 2823 3394 2877 consiliatio
3437 2820 3632 2874 frustra
3681 2836 3790 2875 non

2206 2931 2308 2974 est.
2335 2919 2532 2973 Natura
2554 2919 2695 2971 enim
2727 2926 2828 2968 P..~‘l.
2856 2914 2971 2969 Non
3005 2915 3164 2983 igitur
3187 2913 3241 2966 in
3279 2914 3439 2967 rebus
3461 2921 3637 2980 potest
3656 2927 3791 2965 cun-

2206 3024 2290 3068 cta
2324 3011 2636 3067 necessitas.
2668 3009 2812 3063 Ordo
2853 3017 3026 3061 autem
3056 3022 3114 3060 se
3148 3008 3221 3059 sic
3246 3005 3405 3059 habet
3430 3023 3440 3057 :
3470 3005 3602 3071 Quae
3631 3021 3787 3074 ergo,

2206 3103 2413 3172 inquit,
2462 3102 2787 3169 contingunt
2851 3098 3309 3161 inconvenientia,
3369 3096 3481 3149 htec
3548 3105 3677 3149 sunt
3738 3105 3792 3151 et

450 3183 455 3189 ’
520 3176 921 3265 constringunt,
948 3198 1130 3252 dicant
1170 3199 1427 3266 poplitem
1474 3213 1685 3267 quoque
1727 3214 1825 3252 nos
1857 3214 1963 3252 non
2004 3198 2101 3253 fie-
2129 3176 2175 3241 ρ
2207 3194 2509 3264 bujusmodi
2542 3194 2666 3255 alia,
2724 3191 2931 3245 scilicet
2984 3188 3232 3257 quoniam
3280 3188 3368 3253 qui
3408 3194 3493 3241 est
3539 3185 3592 3239 in
3628 3185 3792 3241 rebus

2206 3301 2363 3342 casus
2418 3286 2695 3337 evertitur.
2753 3280 2866 3334 Alia
2919 3294 3041 3333 vero
3078 3278 3326 3346 quoniam
3377 3275 3706 3343 possibilitas
3737 3284 3791 3330 et

2206 3376 2358 3431 liberi
2387 3373 2591 3427 arbitrii
2628 3373 2875 3426 voluntas
2912 3371 3187 3423 amittitur.
3237 3368 3299 3421 Et
3347 3368 3460 3420 haec
3513 3368 3791 3433 quomodo

2206 3469 2545 3535 contingunt,
2574 3464 2688 3533 ipse
2736 3470 2949 3516 secutus
2981 3470 3063 3513 est
3103 3461 3313 3513 dicens:
3346 3459 3400 3513 Si
3433 3459 3608 3511 omnis
3636 3458 3790 3512 affir-

2208 3558 2461 3614 mationis
2486 3566 2537 3611 et
2568 3554 2870 3623 negationis
2909 3553 2993 3607 vel
3025 3554 3075 3606 in
3104 3553 3184 3605 his
3226 3568 3342 3619 quze
3379 3553 3429 3605 iu
3468 3552 3789 3607 universali-

2206 3650 2306 3705 bus
2331 3648 2581 3703 dicuntur
2614 3646 3005 3709 universaliter,
3046 3644 3126 3697 vel
3160 3657 3212 3697 tu
3258 3643 3338 3696 his
3370 3658 3486 3708 quae
3514 3654 3640 3696 sunt
3665 3644 3790 3697 sin-

2206 3740 2428 3809 gularia,
2453 3751 2673 3791 necesse
2695 3745 2776 3790 est
2805 3735 3163 3803 oppositarum
3195 3733 3326 3784 han.‘
3357 3732 3569 3800 quidem
3597 3747 3788 3787 veram

2206 3846 2347 3896 esse,
2374 3830 2516 3883 illam
2557 3842 2683 3881 vero
2723 3826 2930 3878 falsam.
2977 3823 3115 3878 Nihil
3142 3824 3790 3881 autemutrumlibetesso

2208 3923 2261 3976 in
2293 3920 2374 3974 his
2394 3934 2511 3988 qua:
2539 3920 2691 3978 fiunt,
2725 3916 2821 3969 sed
2862 3915 3040 3968 omnia
3069 3929 3189 3969 esse
3212 3922 3267 3968 et
3297 3914 3415 3967 fieri
3451 3930 3516 3968 ex
3545 3918 3788 3968 necessi-

2206 4019 2334 4065 tate.
2384 4010 2536 4063 Tunc
2584 4007 2727 4061 enim
2761 4004 3192 4059 inconvenientia
3232 4005 3316 4057 illa
3361 4006 3697 4073 contingunt,
3741 4007 3787 4061 si

2205 4101 2383 4157 omnis
2411 4098 2695 4153 affirmatio
2739 4106 2794 4151 et
2836 4098 3048 4165 negatio
3085 4096 3302 4149 definite
3341 4111 3461 4149 vera
3516 4096 3598 4149 vel
3645 4097 3786 4152 falsa

2204 4203 2307 4258 est,
2341 4201 2433 4246 aut
2476 4190 2529 4245 in
2560 4190 2643 4243 his
2683 4185 3191 4243 contradictionibus
3234 4202 3352 4253 quze
3378 4186 3428 4238 in
3462 4186 3786 4240 universali.

2204 4286 2303 4340 bus
2328 4282 2655 4353 angulariter
2679 4280 2832 4345 ﬁunt,
2851 4280 3029 4333 sivein
3055 4278 3434 4347 singularibus.
3458 4276 3605 4329 Tune
3630 4276 3783 4331 enim

2204 4375 2335 4431 nihil
2367 4385 2448 4430 est
2479 4372 2811 4435 utrumlibet,
2842 4371 2937 4425 sed
2974 4385 3038 4424 ex
3062 4369 3380 4423 necessitate
3415 4368 3613 4431 omnia,
3646 4384 3785 4437 quo-

2204 4471 2343 4522 niam
2373 4467 2649 4520 veritatem
2702 4471 2757 4516 et
2798 4461 3082 4514 falsitatem
3134 4458 3554 4528 propositionum
3587 4473 3780 4513 rerum

2120 4547 2173 4607 Β
2200 4569 2423 4613 eventus
2457 4571 2520 4609 ex
2578 4552 2896 4607 necessitate
2934 4549 3298 4618 consequitur.
3324 4550 3499 4616 Quare
3544 4552 3623 4617 (ut
3660 4550 3781 4619 ipse

2200 4650 2299 4716 ait)
2322 4662 2429 4700 non
2461 4643 2731 4713 Oportebit
2756 4658 2927 4712 neque
2961 4641 3229 4695 consiliari
3265 4656 3436 4708 neque
3486 4641 3780 4711 negotiari,

2200 4738 2453 4808 quoniam
2480 4738 2523 4790 si
2556 4735 2658 4789 hoc
2685 4736 2930 4802 facimus,
2969 4734 3070 4788 erit
3100 4733 3220 4795 hoc,
3261 4735 3305 4786 si
3336 4747 3459 4785 vero
3510 4748 3639 4798 non,
3678 4734 3779 4789 hoc

2200 4848 2307 4886 nun
2337 4833 2439 4884 erit
2468 4830 2590 4883 hinc.
2634 4830 2901 4883 Evertitur
2924 4828 3066 4881 enim
3110 4826 3435 4894 consiliatio,’
3480 4827 3523 4880 si
3580 4826 3779 4880 frustra

2200 4932 2303 4986 est,
2336 4922 2532 4975 frustra
2556 4931 2731 5001 vtem
2760 4935 2878 4973 eam
2906 4920 3037 4972 dicit
3072 4933 3215 4985 esse,
3264 4918 3502 4987 quisquis
3532 4918 3582 4970 in
3614 4921 3779 4976 rebus

2202 5014 2370 5068 solam
2401 5012 2550 5083 ponit
2575 5011 2666 5065 fati
2694 5010 3089 5065 necessitatem.
3116 5009 3225 5063 Cur
3258 5010 3401 5063 enim
3429 5010 3547 5077 quis
3589 5013 3747 5063 consi

2201 5103 2329 5158 lium
2371 5102 2569 5157 habeat
2586 5102 2631 5156 si
2658 5100 2875 5155 nihilex
2904 5115 2969 5154 eo
2995 5100 3137 5168 quod
3193 5086 3504 5154 consiliator
3549 5098 3776 5169 efﬁciet,

2199 5213 2319 5254 cum
2352 5197 2690 5253 administret
2714 5205 2902 5250 cuncta
2926 5194 3260 5249 necessitas?
3281 5194 3457 5259 Quare
3481 5209 3584 5246 non
3614 5208 3770 5260 oper.

2200 5292 2337 5347 tebit
2353 5291 2645 5359 consiliari,
2680 5292 2765 5345 vel
2797 5293 2840 5345 si
2877 5294 2999 5360 quis
3024 5290 3356 5353 consiliator,
3385 5290 3642 5358 negotiari
3669 5304 3775 5344 non

2198 5383 2379 5437 debet.
2407 5381 2677 5450 Negotiari
2706 5389 2881 5435 autem
2927 5391 3027 5443 est,
3057 5390 3177 5435 actu
3229 5379 3425 5449 aliquid
3467 5390 3520 5433 et
3554 5382 3774 5447 negotio

2197 5491 2377 5546 agere,
2409 5492 2514 5532 non
2543 5475 2771 5538 lucrum,
2803 5476 2896 5529 sed
2929 5474 3161 5543 aliquam
3192 5488 3408 5528 causam
3450 5474 3533 5527 vel
3568 5483 3771 5526 actum.

2198 5566 2337 5621 Nihil
2367 5566 2514 5621 enim
2545 5567 2660 5634 ipse
2690 5580 2784 5633 per
2806 5575 2982 5619 actum
3014 5581 3168 5618 suum
3198 5566 3585 5634 consiliumque
3606 5580 3769 5632 expe-

2193 5657 2353 5723 diret,
2386 5656 2487 5711 nisi
2509 5656 2600 5710 fati
2628 5656 2920 5711 necessitas
2945 5656 3149 5724 iubeat.
3194 5657 3380 5710 Docuit
3422 5663 3600 5710 autem
3639 5656 3768 5723 quid

2194 5758 2340 5807 esset
2367 5746 2671 5803 cousiliatio
2692 5762 2792 5814 per
2828 5746 2880 5803 id
2907 5747 3049 5813 quod
3079 5748 3174 5813 ait,
3205 5748 3457 5816 quoniam
3491 5749 3535 5803 si
3559 5748 3661 5801 hoc
3694 5748 3765 5802 fa-
