3982 6334
261 384 369 441 505

984 372 1045 425 1N
1087 367 1341 426 LIBRUM
1379 369 1467 425 DE
1508 368 2150 428 INTERPRETATIONE
2193 374 2419 429 EDITIO
2456 368 2790 429 SECUNDA.

3423 363 3529 420 506

262 508 457 565 cimus,
490 497 591 551 erit
626 495 753 559 hoc,
776 492 817 545 si
854 504 982 543 vero
1013 504 1117 541 non
1159 486 1281 551 hoc,
1312 499 1417 538 non
1447 485 1549 538 erit
1596 483 1717 535 hoc.
1767 481 1846 535 lta
1874 533 1876 541 γ

1984 502 2082 539 ana
2116 488 2371 556 opinione
2392 494 2661 549 tenentur,
2685 496 2860 553 neque
2890 480 3031 534 enim
3066 479 3245 534 omnia
3268 494 3332 533 ex
3356 478 3530 534 libero

194 594 195 601 “
262 593 405 646 enim
434 603 645 656 semper
673 585 731 639 lit
760 583 1083 641 censiliatio,
1116 588 1171 632 ut
1204 580 1247 631 si
1295 578 1363 630 sit
1393 566 1593 645 Scipio,
1616 575 1687 628 ita
1716 589 1850 629 con-

262 683 553 737 siliabitur.
599 677 655 733 Si
697 678 747 730 in
781 674 1011 729 Africam
1050 672 1342 726 exercitum
1382 670 1593 734 ducam,
1638 669 1845 722 cladem

267 772 582 829 Hannibalis
607 769 674 823 ab
698 768 846 821 italia
876 766 1208 828 removeho;
1243 764 1287 814 si
1314 777 1442 814 vero
1483 776 1588 814 non
1629 760 1845 820 ducam,

263 884 370 922 non
424 865 684 933 eripietur
733 860 898 914 ltalia.
949 858 1059 911 Hoc
1106 867 1185 910 est
1233 838 1374 908 enim
1405 852 1627 907 dicere:
1661 852 1713 905 Si
1748 851 1850 904 hoc

264 960 482 1023 faciam,
518 958 639 1010 utsi
666 955 720 1008 in
753 953 986 1007 Africam
1018 948 1312 1003 exercitum
1354 947 1569 1011 ducam,
1601 944 1705 996 erit
1724 941 1847 1006 hoc,

265 1053 318 1106 id
338 1059 421 1106 est
450 1048 711 1117 eripietur
742 1044 892 1099 Italia
922 1060 936 1108 ;
965 1044 1009 1096 si
1039 1056 1168 1095 vero
1197 1056 1302 1093 non
1343 1038 1465 1102 hoc,
1498 1035 1549 1089 id
1584 1044 1666 1087 est
1693 1036 1736 1087 si
1767 1034 1853 1086 hic

264 1158 538 1205 mansero,
567 1156 672 1193 non
696 1139 797 1192 erit
830 1138 949 1201 hoc,
983 1135 1032 1188 id
1058 1144 1138 1187 est
1165 1147 1269 1185 non
1301 1130 1560 1197 eripietur
1588 1126 1759 1180 italia.
1786 1125 1853 1179 Et

266 1235 319 1288 in
344 1232 463 1287 aliis
502 1231 754 1285 omnibus
786 1229 947 1281 rebus
993 1225 1182 1278 eodem
1232 1221 1413 1275 modo.
1466 1218 1633 1273 Simul
1674 1207 1852 1269 autem

268 1324 591 1379 monstravit
641 1324 692 1373 in
739 1319 978 1371 consiliis
1034 1331 1140 1369 non
1185 1328 1306 1367 esse
1348 1312 1745 1365 necessitatem.
1798 1307 1854 1361 Si

266 1418 412 1472 enim
459 1414 581 1477 hoc,
636 1412 826 1478 inquit,
878 1408 1087 1469 faciam,
1124 1406 1226 1459 hoc
1253 1405 1379 1469 erit,
1410 1411 1463 1456 et
1495 1405 1537 1453 si
1584 1417 1713 1464 non,
1756 1401 1858 1451 hoc

267 1523 375 1563 non
402 1507 504 1561 erit
529 1522 543 1569 ;
578 1503 719 1572 quod
754 1501 797 1553 si
826 1501 1119 1553 necessitas
1145 1504 1289 1550 esset
1315 1495 1368 1548 in
1401 1494 1582 1555 rebus,
1606 1495 1719 1544 sive
1752 1490 1856 1543 hoc

268 1600 391 1669 quis
421 1596 639 1658 faceret,
672 1596 785 1647 sive
833 1607 938 1645 non
989 1590 1213 1652 faceret,
1263 1586 1403 1655 quod
1447 1597 1670 1637 necesse
1714 1590 1859 1636 esset

270 1689 536 1745 eveniret.
565 1687 741 1754 Quare
762 1684 902 1753 quod
930 1681 1139 1747 consilii
1175 1680 1383 1733 ratione
1414 1678 1489 1739 fit,
1515 1691 1621 1729 non
1656 1675 1712 1727 fit
1736 1674 1857 1727 vio-

271 1781 439 1837 lentia
470 1779 821 1834 necessitatis.
870 1773 1133 1843 Adjunxit
1161 1781 1336 1826 autem
1368 1773 1415 1824 ei
1442 1771 1579 1838 quod
1610 1780 1693 1822 est
1731 1783 1860 1821 eon-

1952 595 2074 634 esse
2098 581 2322 633 arbitrio
2358 579 2692 631 manifestum
2720 584 2823 638 est,
2851 576 2943 629 sed
2977 575 3163 627 horum
3189 574 3445 634 omnium,
3474 583 3530 627 et

1960 688 2139 729 causa:
2184 673 2355 727 mista:
2384 683 2529 735 sunt,
2562 680 2613 725 et
2656 680 2896 723 eventus.
2944 667 3078 721 Sunt
3108 668 3248 719 enim
3288 666 3529 734 quietiam

1955 780 2020 819 ex
2057 779 2207 828 casu,
2236 772 2361 815 sunt
2394 762 2568 828 aliqua
2599 776 2663 813 ex
2712 759 3050 821 necessitate,
3098 758 3338 824 quietiam
3369 744 3531 809 etiam

1954 857 2202 910 videmus
2231 854 2402 908 libero
2432 852 2603 908 teneri
2625 851 2849 921 judicio,
2876 862 2929 903 et
2955 859 3164 903 actuum
3196 848 3406 921 quidem
3440 862 3533 898 no~

1956 958 2192 1021 strui-um
2224 947 2470 1017 voluntas
2501 944 2555 996 in
2581 944 2736 997 nobis
2772 951 2871 995 est.
2908 942 3095 995 NOStra
3119 942 3259 993 enim
3292 940 3534 991 voluntas

1958 1040 2173 1096 domina
2205 1037 2601 1109 quodammodo
2623 1046 2703 1089 est
2721 1043 3021 1088 nostrorum
3046 1042 3275 1096 actuum,
3300 1042 3357 1085 et
3377 1031 3535 1083 totius

1958 1137 2084 1188 vitae
2115 1132 2362 1198 rationis,
2399 1131 2493 1185 sed
2523 1145 2628 1183 non
2671 1129 2860 1183 eodem
2892 1127 3050 1180 modo
3077 1136 3299 1179 eventus
3328 1138 3538 1192 quoque

1959 1229 2014 1283 in
2045 1236 2227 1282 nostra
2258 1236 2342 1281 est
2389 1233 2674 1293 potestate.
2708 1223 2812 1275 Pro
2841 1221 2949 1274 alia
2991 1212 3222 1288 namque
3251 1233 3310 1272 re
3341 1215 3538 1284 aliquid

1960 1337 2025 1376 ex
2078 1321 2249 1373 libero
2308 1318 2531 1372 arbitrio
2587 1314 2909 1369 facientibus
2964 1326 3030 1365 ex
3079 1311 3276 1364 eisdem
3323 1308 3539 1361 veniens

1961 1413 2136 1466 causis
2167 1424 2324 1465 casus
2365 1406 2723 1474 interstrepit,
2748 1413 2805 1458 ut
2832 1418 2951 1458 cum
2992 1401 3234 1455 scrobem
3257 1400 3541 1452 tlemittens

1962 1503 2104 1571 quis,
2142 1509 2199 1554 ut
2222 1498 2447 1553 infodiat
2473 1499 2661 1559 vitem,
2694 1496 2739 1549 si
2769 1495 3078 1548 thesaurum
3108 1490 3362 1555 inveniat,
3390 1500 3543 1541 scro-

1962 1591 2084 1645 hem
2126 1590 2343 1658 quidem
2364 1587 2649 1642 demittere
2679 1601 2743 1639 ex
2769 1584 2940 1638 libero
2968 1579 3371 1641 vemtarbitrio,
3400 1578 3543 1628 inve-

1964 1684 2087 1738 nire
2116 1692 2294 1736 autem
2318 1682 2629 1734 thesaurum
2656 1678 2806 1730 solus
2831 1673 3007 1728 attulit
3029 1685 3205 1733 casus,
3229 1684 3346 1723 eam
3371 1679 3545 1723 tamen

1964 1787 2184 1827 causam
2228 1772 2432 1824 habens
2473 1784 2661 1834 casus,
2713 1780 2870 1834 quam
2915 1764 3165 1816 voluntas
3193 1759 3388 1812 attulit.
3437 1756 3547 1813 Nisi

270 1872 441 1929 siliari
470 1870 749 1941 negotiari,
776 1877 829 1923 et
857 1874 941 1920 est
976 1866 1110 1919 ordo
1157 1865 1256 1917 hoc
1299 1863 1480 1918 modo.
1533 1862 1712 1928 Quare
1754 1874 1859 1912 non

1981 1865 2111 1919 enim
2138 1863 2351 1917 foderet
2372 1861 2644 1922 scrobem,
2677 1859 2960 1911 thesaurus
2979 1869 3083 1908 non
3114 1860 3257 1905 esset
3281 1850 3548 1904 inventus.

271 1965 564 2033 oportebit,
600 1976 771 2031 neque
799 1958 1095 2025 consiliari,
1128 1957 1379 2025 quoniam
1413 1957 1456 2009 si
1484 1958 1583 2007 hoc
1616 1955 1860 2018 facimus,

274 2060 380 2113 erit
410 2058 530 2111 hoc.
566 2055 624 2111 Si
646 2070 774 2108 vero
798 2068 903 2107 non
947 2052 1068 2117 hoc,
1106 2066 1214 2104 non
1246 2051 1347 2105 erit
1380 2050 1511 2111 hoc,
1545 2047 1678 2101 nihil
1718 2046 1861 2099 enim

274 2148 528 2218 prohibet
558 2148 612 2199 in
650 2145 995 2199 millesimum
1026 2158 1223 2197 annum
1250 2142 1390 2195 lumc
1418 2141 1631 2210 quidem
1658 2139 1861 2202 dicere,

276 2238 383 2293 hoc
423 2240 663 2319 futurum
690 2250 836 2300 esse,
878 2236 1018 2289 hunc
1039 2249 1171 2289 vero
1211 2249 1315 2288 non
1348 2233 1546 2287 dicere.
1592 2232 1769 2297 Quare
1796 2246 1861 2285 ex

276 2330 601 2385 necessitate
630 2330 757 2392 erit,
780 2327 1057 2397 quodlibet
1096 2342 1281 2381 eorum
1310 2342 1494 2381 verum
1522 2335 1637 2378 erat
1683 2324 1867 2377 dicere

276 2430 430 2478 tunc.
469 2420 656 2488 Neque
695 2418 982 2487 negotiari,
1010 2418 1061 2471 id
1090 2427 1174 2471 est
1215 2429 1389 2471 actum
1424 2417 1663 2484 incipere
1708 2422 1868 2482 atque

278 2514 553 2583 negotium
590 2526 802 2581 gerere,
833 2511 977 2576 prior
1021 2521 1100 2563 est
1139 2512 1282 2564 enim
1329 2509 1655 2571 consiliatio,
1688 2519 1871 2574 postc-

280 2610 400 2662 rius
456 2605 760 2675 negotium,
812 2606 904 2659 sed
947 2605 1218 2672 negotium
1276 2613 1396 2673 post
1438 2604 1869 2658 consiliationem

282 2696 488 2769 posuit,
517 2707 573 2751 et
592 2707 782 2752 cuncta
813 2713 931 2767 qua:
958 2696 1024 2750 ad
1051 2696 1439 2750 consiliationis
1469 2704 1717 2749 naturam
1746 2696 1870 2749 addi

281 2789 590 2858 oportebat,
626 2799 750 2857 post
800 2788 1183 2857 negotiationis
1231 2785 1465 2840 subdidit
1510 2785 1873 2853 interpositio-

283 2896 432 2937 nem.
467 2881 564 2934 Est
594 2891 769 2934 autem
800 2879 935 2933 ordo
967 2878 1070 2932 hoc
1118 2877 1314 2935 modo:
1350 2876 1405 2931 Si
1435 2877 1635 2939 omnia,
1682 2876 1872 2945 inquit,

283 2971 577 3027 necessitas
598 2971 725 3041 agit,
752 2987 857 3024 non
871 2979 1081 3036 oportet
1102 2970 1398 3033 consiliari,
1424 2969 1676 3037 quoniam
1703 2967 1747 3019 si
1774 2967 1876 3021 hoc

289 3064 523 3117 facimus
574 3064 853 3131 proveniet
895 3062 996 3115 hoc
1027 3061 1198 3125 nobis,
1236 3061 1281 3113 si
1328 3073 1457 3113 vero
1506 3060 1605 3112 hoc
1645 3073 1750 3111 non
1796 3054 1878 3110 fa-

288 3156 488 3217 cimus,
534 3169 638 3209 non
684 3154 986 3223 proveniet.
1038 3152 1177 3207 Nihil
1219 3153 1364 3207 enim
1394 3152 1645 3221 prohibet
1678 3152 1875 3225 frustra

1968 1956 2199 2022 Quidam
2233 1962 2416 2007 autem
2462 1961 2694 2005 eventus
2733 1947 2931 2001 nostris
2964 1942 3326 1998 voluntatibus
3357 1953 3550 2007 suppe-

1973 2045 2359 2112 tit.Qnosdam
2393 2043 2611 2111 impedit
2657 2039 2899 2110 quaedam
2957 2037 3189 2090 violenta
3244 2032 3550 2087 necessitas.

1973 2140 2248 2194 Prandere
2279 2137 2424 2190 enim
2467 2144 2521 2189 et
2554 2135 2752 2201 legere,
2787 2139 2840 2185 et
2866 2130 2970 2183 alia
3001 2125 3301 2195 hujusmodi
3327 2126 3461 2176 sicut
3490 2134 3553 2176 ex

1973 2240 2162 2287 nostra
2199 2230 2478 2283 voluntate
2524 2235 2669 2287 sunt,
2710 2226 2781 2276 ita
2810 2236 3024 2291 quoque
3064 2232 3269 2282 eorum,
3318 2229 3459 2283 smpe
3486 2216 3555 2268 e‘x
3636 2242 3639 2243 ν

1977 2321 2473 2378 nostra'volunlate
2515 2315 2712 2384 pendet
2758 2322 2999 2367 eventus.
3030 2308 3180 2374 Quod
3211 2306 3254 2375 si
3285 2320 3425 2359 nunc
3461 2305 3557 2357 im.

1980 2430 2175 2485 perare
2204 2413 2385 2467 Persis
2420 2410 2548 2463 velit
2579 2408 2874 2471 Romanus,
2921 2402 3197 2456 arbitrium
3230 2399 3440 2468 quidem
3469 2405 3558 2449 Vo-

1918 2567 1930 2578 ,
1979 2506 2207 2561 luntatis
2237 2505 2291 2558 in
2324 2503 2444 2573 ipso
2466 2511 2570 2564 est,
2610 2501 2701 2553 sed
2730 2500 2869 2550 hunc
2895 2504 3140 2548 eventum
3174 2491 3353 2573 durior
3373 2501 3559 2541 neces-

1975 2601 2110 2655 sitas
2140 2598 2359 2659 retinet,
2384 2602 2441 2648 et
2468 2593 2533 2647 ad
2556 2590 2937 2660 perfectionem
2968 2595 3115 2640 vetat
3142 2566 3352 2637 adduci.
3386 2582 3561 2648 Itaque

1973 2692 2215 2748 omnium
2264 2703 2445 2744 rerum
2486 2697 2540 2740 et
2589 2698 2770 2748 casus,
2804 2688 2859 2736 et
2891 2664 3159 2740 volu'ntas,
3192 2685 3243 2729 et
3273 2671 3562 2727 necessitas

1976 2785 2345 2841 dominantur.
2370 2780 2478 2834 Nec
2499 2793 2603 2832 una
2634 2777 2825 2830 harum
2852 2787 2940 2828 res
2967 2772 3020 2825 in
3050 2768 3297 2822 omnibus
3320 2761 3562 2834 ponenda

1977 2889 2081 2942 est,
2134 2877 2228 2931 sed
2276 2876 2440 2929 trium
2472 2871 2629 2926 ntista
2676 2867 2942 2938 potentia,
2995 2863 3135 2917 unde
3164 2862 3223 2914 fit
3253 2870 3308 2913 ut
3343 2869 3562 2926 peccan-

1978 2972 2110 3025 tium
2142 2967 2353 3022 animus
2381 2966 2547 3033 magis
2586 2959 2960 3015 consideretur
3013 2955 3193 3024 potius
3216 2966 3373 3019 quam
3401 2962 3563 3021 even-

1980 3071 2088 3129 tus,
2121 3069 2177 3117 et
2205 3060 2455 3130 puniatur
2474 3057 2684 3111 animus
2709 3068 2815 3107 non
2868 3050 3146 3119 perfectio,
3192 3046 3394 3100 idcirco
3425 3040 3564 3112 quod

1982 3155 2234 3208 voluntas
2291 3152 2514 3221 quidem
2583 3146 2739 3201 nobis
2791 3142 2957 3197 libera
2998 3150 3103 3204 est,
3146 3139 3240 3192 sed
3290 3134 3566 3203 aliquoties

289 3259 455 3299 unum
485 3244 688 3309 dicere,
711 3243 939 3298 alterum
974 3259 1171 3312 negare
1198 3244 1503 3297 dicentem:
1531 3242 1586 3296 Si
1617 3242 1717 3295 hoc
1744 3239 1876 3293 faci-
1901 3226 1960 3319 Ο.
1984 3243 2331 3317 perfectionis
2362 3242 2495 3296 ordo
2538 3239 2823 3295 retinetur.
2853 3234 3004 3301 Quod
3035 3233 3079 3286 εἰ
3107 3230 3283 3285 omnia
3311 3228 3395 3282 vel
3442 3238 3565 3279 casu

294 3352 449 3403 mus,
478 3338 577 3390 hoc
605 3337 710 3391 erit
739 3346 832 3391 aut
858 3351 961 3389 non
985 3337 1108 3401 erit,
1142 3336 1282 3405 quod
1308 3336 1450 3389 enim
1479 3344 1763 3388 venturum
1797 3340 1880 3386 est

291 3429 409 3495 ﬁet,
444 3430 556 3482 sive
583 3429 672 3482 ille
701 3444 793 3496 per
815 3430 1097 3482 consilium
1122 3426 1389 3497 conjectet
1421 3426 1523 3481 hoc
1550 3440 1709 3495 posse
1737 3424 1873 3490 fieri,

292 3523 453 3576 etiam
485 3521 529 3575 si
556 3521 683 3590 quid
734 3520 877 3573 aliud
918 3521 1138 3585 fecerit,
1172 3521 1287 3573 sive
1331 3519 1419 3574 ille
1450 3534 1544 3587 per
1595 3517 1877 3571 consilium

295 3623 455 3683 neget
482 3616 583 3667 hoc
611 3627 772 3681 posse
803 3613 938 3674 ﬁeri,
973 3613 1137 3667 etiam
1156 3614 1198 3665 si
1224 3611 1326 3665 hoc
1350 3611 1491 3679 quod
1523 3610 1666 3664 dixit
1698 3608 1873 3661 faciat.

295 3706 373 3760 Ex
404 3705 725 3761 necessitate
779 3706 925 3758 enim
983 3702 1217 3757 futurum
1273 3698 1682 3769 est,'quidquid
1743 3713 1881 3753 unus

296 3798 540 3867 ipsorum
573 3811 759 3850 verum
789 3795 1004 3849 dixerit.
1041 3793 1193 3858 Quod
1238 3794 1280 3846 si
1332 3792 1603 3846 consiliari
1659 3790 1882 3843 omnino

296 3904 405 3944 non
435 3896 669 3957 oportet,
705 3902 802 3941 nec
851 3886 1111 3955 negotiari
1157 3884 1446 3953 oportebit,
1485 3883 1534 3935 id
1567 3891 1649 3935 est
1676 3880 1881 3933 nullum

297 3981 535 4047 incipere
567 3983 857 4048 negotium.
892 3979 1016 4032 Sive
1046 3977 1186 4031 enim
1215 3977 1334 4043 quis
1362 3975 1601 4042 incipiat,
1636 3973 1748 4025 sive
1775 3986 1882 4023 non

301 4074 541 4139 incipiat,
574 4071 827 4140 quidquid
851 4086 917 4124 ex
944 4047 1277 4123 necessitate.
1301 4076 1402 4134 est,
1447 4066 1565 4119 sine
1597 4066 1701 4117 ulla
1733 4062 1886 4116 dubi-

305 4165 513 4219 tatione
541 4165 830 4231 proveniet.
866 4162 1045 4228 Quare
1074 4160 1205 4213 nihil
1236 4160 1374 4212 alter
1391 4157 1550 4211 homo
1582 4155 1886 4208 distabitab

303 4257 479 4310 altero
501 4254 732 4308 homine.
761 4255 837 4307 Eo
860 4256 1002 4308 enim
1028 4252 1281 4306 meliores
1307 4250 1547 4301 homines
1566 4246 1884 4314 judicamus,

232 4364 235 4369 ·
304 4349 450 4417 quod
484 4347 735 4401 meliores
765 4359 891 4399 sunt
930 4348 983 4400 in
1016 4344 1265 4407 oonsilio,
1314 4341 1407 4395 sed
1457 4341 1544 4394 ubi
1585 4336 1888 4392 consiliatio

306 4442 507 4496 frustra
537 4436 620 4496 est
650 4454 843 4496 cuncta
873 4441 1193 4495 necessitate
1219 4437 1467 4501 faciente,
1495 4435 1738 4487 homines
1758 4448 1893 4500 quo-

306 4535 582 4605 queinter
626 4549 686 4588 se
738 4534 865 4587 nihil
897 4532 1171 4587 differunt.
1236 4532 1348 4597 Ipsa
1392 4530 1533 4582 enim
1591 4527 1891 4581 consiliatio

306 4629 440 4684 nihil
467 4628 667 4689 differt,
692 4640 868 4682 utrum
902 4628 1040 4680 bona
1067 4641 1131 4678 an
1160 4626 1299 4678 mala
1336 4625 1423 4688 sit,
1453 4637 1573 4675 cum
1601 4631 1895 4689 proventus

308 4722 601 4775 necessitas
628 4721 678 4773 in
705 4720 792 4772 fati
824 4717 1288 4771 administratione
1328 4718 1606 4768 consistat.
1642 4713 1819 4779 Quare
1851 4712 1895 4764 si

309 4813 435 4867 boni
466 4813 674 4865 consilii
706 4812 949 4865 homines
985 4808 1137 4863 laude
1181 4809 1324 4875 digni
1354 4816 1500 4872 sunt,
1531 4805 1654 4859 mali
1685 4803 1896 4857 consilii

310 4906 724 4973 vituperatione.
760 4903 874 4957 Non
905 4902 1063 4957 aliter
1088 4903 1189 4956 hoc
1215 4903 1320 4955 erit
1356 4901 1522 4969 juste,
1549 4898 1653 4952 nisi
1681 4898 1761 4952 vel
1793 4911 1899 4950 ina-

312 4998 397 5053 lus
430 5009 581 5052 actus
610 4998 918 5065 malumque
940 4996 1246 5057 consilium,
1276 5003 1327 5046 et
1366 4992 1670 5047 econtra‘rio
1699 4992 1895 5045 bonum

313 5090 366 5143 in
401 5098 581 5141 nostra
605 5090 675 5142 sit
697 5097 960 5154 potestate
979 5070 1031 5139 et
1055 5101 1160 5138 non
1189 5086 1242 5151 in
1273 5084 1398 5138 fato.
1429 5084 1560 5136 Cum
1589 5084 1730 5135 enim
1755 5082 1898 5135 nulla

313 5196 380 5234 ex
414 5179 740 5253 necessitate
769 5180 1168 5245 constringatur
1212 5186 1434 5229 eventus
1463 5176 1564 5237 rei,
1600 5185 1723 5227 tunc
1754 5185 1809 5229 et
1839 5176 1902 5229 li-

316 5272 505 5325 berum
538 5271 828 5323 voluntatis
854 5270 1135 5322 arbitrium
1169 5279 1271 5333 est,
1298 5276 1354 5319 ut
1386 5281 1490 5318 non
1518 5267 1585 5317 sit
1617 5265 1757 5317 fatali
1789 5280 1904 5318 ser-

314 5367 466 5421 viens
495 5366 829 5419 necessitati.
856 5365 996 5433 Ergo
1025 5378 1195 5430 neque
1220 5363 1305 5426 qui
1332 5362 1383 5414 in
1411 5361 1513 5413 hoc
1544 5358 1743 5413 mundo
1773 5359 1904 5411 sim—

318 5459 491 5530 plices
522 5475 700 5514 rerum
735 5459 956 5512 ordines
989 5470 1238 5524 posuere,
1270 5450 1569 5519 recipiendi
1594 5460 1737 5514 sunt,
1772 5461 1824 5503 et
1853 5450 1903 5502 hi

317 5551 411 5622 qui
439 5551 770 5620 impermista
813 5552 911 5604 hac
952 5547 1217 5603 mundana
1269 5545 1428 5607 mole,
1474 5558 1577 5597 non
1628 5544 1908 5612 permistas

1985 3341 2065 3395 vel
2096 3338 2421 3394 necessitate
2454 3334 2665 3401 fierent,
2701 3346 2802 3386 nec
2850 3331 2965 3382 laus
3009 3327 3168 3393 digna
3203 3323 3339 3376 bene
3366 3318 3566 3372 facien-

1985 3431 2152 3494 tibus,
2177 3442 2276 3481 nec
2306 3425 2443 3479 ultio
2466 3420 2925 3490 delinquentibus,
2960 3432 3055 3470 nec
3077 3416 3219 3483 leges
3238 3412 3362 3466 ulla:
3391 3416 3567 3465 essent

1980 3522 2166 3593 iustae,
2198 3535 2321 3589 qua:
2343 3528 2435 3571 aut
2464 3516 2621 3570 bonis
2661 3512 2903 3581 praemia,
2932 3519 3023 3561 aut
3045 3506 3200 3561 malis
3230 3504 3568 3576 restituerent

1990 3592 2194 3681 pmnas.
2257 3609 2426 3665 Venio
2473 3608 2615 3660 nunc
2645 3605 2711 3657 ad
2758 3603 2887 3655 illud
2936 3599 3077 3668 quod
3111 3596 3291 3650 multis
3314 3592 3568 3663 quaeritur

1987 3706 2185 3768 modis,
2208 3718 2279 3757 an
2305 3701 2561 3756 divinatio
2575 3707 2810 3762 maneat,
2839 3697 2883 3750 si
2916 3709 3020 3747 non
3047 3690 3224 3746 omnia
3250 3690 3301 3743 in
3326 3686 3486 3742 rebus
3504 3700 3569 3740 ex

1988 3796 2309 3852 necessitate
2324 3793 2657 3861 contingant.
2676 3788 2807 3844 Nam
2827 3785 2967 3856 quod
2990 3786 3042 3838 in
3059 3797 3181 3836 vera
3202 3779 3571 3849 prtedicatione

1986 3895 2091 3963 est.
2106 3886 2249 3939 idem
2266 3884 2414 3939 estin
2437 3882 2681 3936 scientia.
2708 3880 2776 3933 Et
2802 3881 2941 3933 sicut
2963 3892 3082 3931 cum
3098 3876 3215 3944 quis
3233 3887 3415 3926 verum
3441 3885 3573 3937 pra!-

1989 3978 2143 4043 dicit,
2172 3976 2313 4046 quod
2343 3991 2467 4031 vere
2493 3974 2803 4046 prtedicitur
2831 3986 2951 4028 esse
2975 3983 3195 4025 necesse
3217 3977 3316 4022 est.
3341 3966 3413 4020 ita
3434 3964 3573 4032 quod

1989 4075 2110 4143 quis
2126 4076 2359 4126 futurum
2373 4071 2544 4128 novit.
2564 4068 2693 4121 illud
2714 4068 2947 4120 futurum
2962 4080 3082 4118 esse
3104 4074 3323 4115 necesse
3334 4068 3436 4113 est.
3467 4056 3573 4112 Sed

1991 4163 2251 4218 divmatio
2267 4176 2372 4215 non
2391 4162 2541 4214 novit
2570 4160 2649 4212 sic
2674 4157 2853 4209 omnia
2886 4166 2936 4207 ut
2969 4169 3031 4205 ex
3068 4154 3382 4204 necessitate
3405 4148 3576 4201 futura

1993 4254 2328 4324 pronuntiet.
2378 4254 2554 4319 Atque
2609 4248 2811 4301 idcirco
2844 4245 3147 4311 frequenter
3191 4241 3260 4292 ita
3293 4239 3576 4299 divinatur,

1995 4345 2136 4417 quod
2163 4341 2415 4397 facillime
2439 4341 2492 4393 in
2518 4348 2761 4393 veterum
2787 4336 2941 4389 libris
2968 4333 3294 4400 agnoscitur.
3324 4328 3433 4381 lloc
3456 4327 3577 4393 qui-

1959 4416 2119 4493 dem
2168 4445 2484 4489 eventurum
2534 4439 2639 4483 est.
2692 4427 2796 4481 Sed
2854 4424 2899 4478 si
2936 4426 3035 4476 hoc
3094 4424 3170 4484 fit,
3215 4437 3316 4488 non
3349 4416 3558 4471 eveniet

1997 4531 2155 4595 Quasi
2183 4524 2429 4579 interdici
2464 4520 2655 4590 possit,
2684 4526 2740 4571 et
2770 4517 2875 4570 alio
2903 4514 3063 4568 modo
3092 4512 3329 4567 evenire.
3363 4507 3514 4575 Quod
3535 4504 3581 4560 si

1922 4606 2073 4674 l)ita
2123 4628 2227 4679 est,
2282 4612 2608 4669 necessitate
2659 4623 2768 4662 non
2811 4606 3011 4663 evenit.
3068 4604 3251 4659 Utrum
3316 4611 3491 4655 autem
3538 4598 3582 4652 si

2002 4713 2179 4768 omnia
2223 4711 2398 4764 ftttura
2429 4707 2563 4761 sciat
2596 4704 2757 4765 Deus,
2791 4699 2967 4753 omnia
2996 4713 3114 4751 esse
3137 4710 3360 4752 necesse
3385 4702 3486 4756 est,
3512 4690 3581 4744 ita

2003 4816 2326 4873 qutcramus.
2381 4797 2438 4852 Si
2473 4795 2592 4865 quis
2622 4794 2762 4847 dicat
2810 4792 2906 4871 Dei
2957 4791 3233 4844 scientiam
3286 4788 3352 4841 de
3392 4782 3583 4838 futuris

2006 4906 2295 4949 eventuum
2355 4887 2607 4956 subsequi
2647 4866 3044 4947 necessitatem,
3091 4882 3135 4934 is
3191 4880 3430 4948 profecto
3457 4889 3584 4929 con-

2007 4998 2262 5038 versurus
2290 4990 2392 5045 est,
2416 4981 2459 5032 si
2491 4975 2671 5030 omnia
2693 4990 2760 5031 ex
2783 4973 3104 5028 necessitate
3124 4984 3231 5025 non
3251 4967 3583 5035 contingunt,

2006 5076 2186 5130 omnia
2215 5074 2381 5127 Deum
2410 5072 2547 5125 scire
2582 5084 2685 5123 non
2718 5082 2895 5136 posse.
2923 5064 3055 5118 Nam
3082 5062 3358 5117 scientiam
3385 5058 3477 5112 Dei
3504 5070 3586 5109 se’

2008 5172 2186 5239 quitur
2210 5174 2497 5221 eventuum
2541 5163 2855 5224 necessitas,
2884 5160 2931 5213 si
2971 5158 3265 5212 necessitas
3294 5163 3587 5206 eventuum

2011 5279 2116 5317 non
2144 5262 2233 5325 sil,
2261 5259 2439 5312 divina
2463 5254 2686 5309 scientia
2720 5252 3018 5322 perimitur.
3043 5250 3109 5303 Et
3136 5248 3254 5316 quis
3282 5254 3385 5297 tam
3428 5243 3611 5311 impia'

2010 5356 2219 5409 ratione
2250 5351 2427 5404 animo
2456 5360 2787 5409 torqueatur,
2836 5356 2893 5398 ut
2920 5345 3020 5397 hoc
3047 5342 3115 5395 de
3144 5340 3255 5393 Deo
3279 5337 3459 5391 dicere
3497 5349 3593 5387 au-

2011 5446 2177 5501 deat?
2228 5445 2332 5498 Scil
2366 5444 2596 5494 fortasse
2621 5441 2739 5506 quis
2770 5438 2937 5497 dicat,
2964 5432 3213 5504 quoniam
3238 5430 3454 5483 evenire
3484 5439 3589 5479 non

2015 5548 2187 5611 potest
2221 5549 2274 5591 ut
2329 5537 2469 5590 Deus
2499 5534 2676 5586 omnia
2718 5533 2893 5584 futura
2924 5543 3029 5582 non
3060 5523 3290 5588 noverit,
3318 5521 3443 5574 hinc
3470 5532 3585 5572 eve

321 5664 538 5722 quoque
565 5659 803 5704 actorum
834 5658 1025 5701 causas
1057 5640 1349 5709 accipiunt,
1384 5636 1723 5705 repudiandi.
1776 5633 1905 5687 Nam

323 5758 501 5813 neque
528 5742 615 5813 qui
632 5756 758 5798 casu
790 5739 968 5792 omnia
994 5733 1210 5791 evenire
1235 5732 1441 5796 dicunt,
1468 5739 1614 5783 recte
1645 5726 1910 5780 arbitran-

326 5846 438 5901 tur,
473 5849 644 5903 neque
671 5835 760 5902 qui
809 5831 988 5887 omnia
1016 5826 1351 5883 necessitatis
1395 5821 1647 5878 violentia
1677 5819 1907 5889 ﬁngunt,

2015 5635 2129 5689 nire
2171 5641 2229 5685 ut
2256 5630 2434 5683 omnia
2464 5643 2527 5680 ex
2561 5626 2878 5678 necessitate
2907 5622 3035 5681 sint,
3075 5614 3326 5683 quoaiam
3358 5613 3468 5665 Deo
3498 5627 3593 5664 no—
3625 5667 3647 5691 Χ

2015 5726 2183 5781 titiam
2208 5737 2386 5777 rerum
2420 5720 2711 5771 futurarum
2743 5714 2930 5767 tollere
2961 5708 3109 5763 nefas
3128 5712 3228 5757 est.
3258 5702 3364 5757 Sed
3401 5702 3446 5757 si
3474 5702 3595 5771 quis
3624 5696 3641 5726 ‘

2016 5818 2118 5873 hoc
2138 5816 2304 5878 dicat,
2336 5812 2415 5871 illi
2442 5806 2727 5876 videndum
2749 5814 2853 5871 est,
2897 5800 3039 5873 quod
3061 5799 3233 5854 Deum
3252 5794 3384 5851 dum
3409 5794 3600 5852 omnia
