  <div class='ocr_page' id='page_1' title='image "/cluster/home/n/w/nwhite01/storage/ocr_20150623/64/hvd.32044024222309/262.png"; bbox 0 0 3982 6334; ppageno 0'>
   <div class='ocr_carea' id='block_1_1' title="bbox 203 347 314 408">
    <p class='ocr_par' dir='ltr' id='par_1_1' title="bbox 203 347 314 408">
     <span class='ocr_line' id='line_1_1' title="bbox 203 347 314 408; baseline 0 0"><span class='ocrx_word' id='word_1_1' title='bbox 203 347 314 408; x_wconf 72' lang='lat'><strong>509</strong></span> 
     </span>
    </p>
   </div>
   <div class='ocr_carea' id='block_1_2' title="bbox 940 335 2748 400">
    <p class='ocr_par' dir='ltr' id='par_1_2' title="bbox 940 335 2748 400">
     <span class='ocr_line' id='line_1_2' title="bbox 940 335 2748 400; baseline -0.001 -3"><span class='ocrx_word' id='word_1_2' title='bbox 940 341 1004 397; x_wconf 82' lang='lat' dir='ltr'><strong>IN</strong></span> <span class='ocrx_word' id='word_1_3' title='bbox 1047 338 1302 400; x_wconf 79' lang='lat' dir='ltr'><strong>LIBRUM</strong></span> <span class='ocrx_word' id='word_1_4' title='bbox 1341 337 1430 397; x_wconf 80' lang='lat' dir='ltr'><strong>DE</strong></span> <span class='ocrx_word' id='word_1_5' title='bbox 1468 335 2112 396; x_wconf 64' lang='lat' dir='ltr'><strong>MERPRETA&#39;HGNE</strong></span> <span class='ocrx_word' id='word_1_6' title='bbox 2151 336 2373 396; x_wconf 82' lang='lat' dir='ltr'><strong>EDITIO</strong></span> <span class='ocrx_word' id='word_1_7' title='bbox 2411 337 2748 400; x_wconf 80' lang='lat' dir='ltr'><strong>SECUNDA.</strong></span> 
     </span>
    </p>
   </div>
   <div class='ocr_carea' id='block_1_3' title="bbox 3357 342 3468 396">
    <p class='ocr_par' dir='ltr' id='par_1_3' title="bbox 3357 342 3468 396">
     <span class='ocr_line' id='line_1_3' title="bbox 3357 342 3468 396; baseline 0.027 -3"><span class='ocrx_word' id='word_1_8' title='bbox 3357 342 3468 396; x_wconf 63' lang='lat'><strong>510</strong></span> 
     </span>
    </p>
   </div>
   <div class='ocr_carea' id='block_1_4' title="bbox 201 453 3468 534">
    <p class='ocr_par' dir='ltr' id='par_1_4' title="bbox 201 453 3468 534">
     <span class='ocr_line' id='line_1_4' title="bbox 201 453 3468 534; baseline -0.001 -26"><span class='ocrx_word' id='word_1_9' title='bbox 201 464 541 534; x_wconf 57' lang='lat' dir='ltr'><strong>{mm-.sibile</strong></span> <span class='ocrx_word' id='word_1_10' title='bbox 565 470 652 518; x_wconf 83' lang='lat' dir='ltr'><strong>est</strong></span> <span class='ocrx_word' id='word_1_11' title='bbox 679 453 957 530; x_wconf 64' lang='lat' dir='ltr'><strong>(videmus</strong></span> <span class='ocrx_word' id='word_1_12' title='bbox 987 459 1128 512; x_wconf 85' lang='lat' dir='ltr'><strong>enim</strong></span> <span class='ocrx_word' id='word_1_13' title='bbox 1151 457 1406 528; x_wconf 84' lang='lat' dir='ltr'><strong>quasdam</strong></span> <span class='ocrx_word' id='word_1_14' title='bbox 1433 471 1519 510; x_wconf 82' lang='lat' dir='ltr'><strong>res</strong></span> <span class='ocrx_word' id='word_1_15' title='bbox 1545 471 1613 510; x_wconf 82' lang='lat' dir='ltr'><strong>es</strong></span> <span class='ocrx_word' id='word_1_16' title='bbox 1642 457 1787 525; x_wconf 88' lang='lat' dir='ltr'><strong>prin-</strong></span> <span class='ocrx_word' id='word_1_17' title='bbox 1818 458 1867 515; x_wconf 87' lang='grc' dir='ltr'><strong>Λ</strong></span> <span class='ocrx_word' id='word_1_18' title='bbox 1897 471 2017 510; x_wconf 88' lang='lat' dir='ltr'><strong>mus</strong></span> <span class='ocrx_word' id='word_1_19' title='bbox 2043 455 2207 527; x_wconf 82' lang='lat' dir='ltr'><strong>igitur</strong></span> <span class='ocrx_word' id='word_1_20' title='bbox 2231 473 2328 511; x_wconf 91' lang='lat' dir='ltr'><strong>nos</strong></span> <span class='ocrx_word' id='word_1_21' title='bbox 2359 475 2570 528; x_wconf 89' lang='lat' dir='ltr'><strong>quoque</strong></span> <span class='ocrx_word' id='word_1_22' title='bbox 2600 476 2773 514; x_wconf 82' lang='lat' dir='ltr'><strong>rerum</strong></span> <span class='ocrx_word' id='word_1_23' title='bbox 2801 459 3073 528; x_wconf 74' lang='lat' dir='ltr'><strong>principia,</strong></span> <span class='ocrx_word' id='word_1_24' title='bbox 3105 468 3157 514; x_wconf 77' lang='lat' dir='ltr'><strong>ct</strong></span> <span class='ocrx_word' id='word_1_25' title='bbox 3183 477 3244 514; x_wconf 67' lang='lat' dir='ltr'><strong>ex</strong></span> <span class='ocrx_word' id='word_1_26' title='bbox 3269 462 3468 516; x_wconf 66' lang='lat' dir='ltr'><strong>nostris</strong></span> 
     </span>
    </p>
   </div>
   <div class='ocr_carea' id='block_1_5' title="bbox 203 552 1794 636">
    <p class='ocr_par' dir='ltr' id='par_1_5' title="bbox 203 552 1794 636">
     <span class='ocr_line' id='line_1_5' title="bbox 203 552 1794 636; baseline -0.005 -22"><span class='ocrx_word' id='word_1_27' title='bbox 203 561 347 630; x_wconf 64' lang='lat' dir='ltr'><strong>cipio</strong></span> <span class='ocrx_word' id='word_1_28' title='bbox 396 557 545 613; x_wconf 78' lang='lat' dir='ltr'><strong>liberi</strong></span> <span class='ocrx_word' id='word_1_29' title='bbox 594 554 800 636; x_wconf 73' lang='lat' dir='ltr'><strong>arbitrii</strong></span> <span class='ocrx_word' id='word_1_30' title='bbox 835 561 890 608; x_wconf 81' lang='lat' dir='ltr'><strong>et</strong></span> <span class='ocrx_word' id='word_1_31' title='bbox 929 567 994 608; x_wconf 79' lang='lat' dir='ltr'><strong>ex</strong></span> <span class='ocrx_word' id='word_1_32' title='bbox 1045 564 1348 607; x_wconf 87' lang='lat' dir='ltr'><strong>nostrorum</strong></span> <span class='ocrx_word' id='word_1_33' title='bbox 1395 562 1606 606; x_wconf 83' lang='lat' dir='ltr'><strong>actuum</strong></span> <span class='ocrx_word' id='word_1_34' title='bbox 1649 552 1794 606; x_wconf 87' lang='lat' dir='ltr'><strong>fonte</strong></span> 
     </span>
    </p>
   </div>
   <div class='ocr_carea' id='block_1_6' title="bbox 205 646 1795 721">
    <p class='ocr_par' dir='ltr' id='par_1_6' title="bbox 205 646 1795 721">
     <span class='ocr_line' id='line_1_6' title="bbox 205 646 1795 721; baseline -0.009 -11"><span class='ocrx_word' id='word_1_35' title='bbox 205 652 608 721; x_wconf 86' lang='lat' dir='ltr'><strong>descendere),</strong></span> <span class='ocrx_word' id='word_1_36' title='bbox 641 647 768 719; x_wconf 89' lang='lat' dir='ltr'><strong>quid</strong></span> <span class='ocrx_word' id='word_1_37' title='bbox 799 648 1103 702; x_wconf 71' lang='lat' dir='ltr'><strong>dubitamus</strong></span> <span class='ocrx_word' id='word_1_38' title='bbox 1127 646 1367 720; x_wconf 79' lang='lat' dir='ltr'><strong>frivolam</strong></span> <span class='ocrx_word' id='word_1_39' title='bbox 1390 647 1650 699; x_wconf 89' lang='lat' dir='ltr'><strong>rationem</strong></span> <span class='ocrx_word' id='word_1_40' title='bbox 1678 659 1795 698; x_wconf 91' lang='lat' dir='ltr'><strong>om-</strong></span> 
     </span>
    </p>
   </div>
   <div class='ocr_carea' id='block_1_7' title="bbox 207 735 1789 798">
    <p class='ocr_par' dir='ltr' id='par_1_7' title="bbox 207 735 1789 798">
     <span class='ocr_line' id='line_1_7' title="bbox 207 735 1789 798; baseline -0.006 0"><span class='ocrx_word' id='word_1_41' title='bbox 207 745 354 798; x_wconf 89' lang='lat' dir='ltr'><strong>nium</strong></span> <span class='ocrx_word' id='word_1_42' title='bbox 395 759 574 796; x_wconf 88' lang='lat' dir='ltr'><strong>rerum</strong></span> <span class='ocrx_word' id='word_1_43' title='bbox 609 738 944 795; x_wconf 85' lang='lat' dir='ltr'><strong>necessitatis</strong></span> <span class='ocrx_word' id='word_1_44' title='bbox 971 737 1297 792; x_wconf 80' lang='lat' dir='ltr'><strong>excludere?</strong></span> <span class='ocrx_word' id='word_1_45' title='bbox 1319 744 1372 790; x_wconf 89' lang='lat' dir='ltr'><strong>et</strong></span> <span class='ocrx_word' id='word_1_46' title='bbox 1402 735 1667 790; x_wconf 79' lang='lat' dir='ltr'><strong>deiectum</strong></span> <span class='ocrx_word' id='word_1_47' title='bbox 1697 735 1789 789; x_wconf 89' lang='lat' dir='ltr'><strong>hu-</strong></span> 
     </span>
    </p>
   </div>
   <div class='ocr_carea' id='block_1_8' title="bbox 209 825 1793 898">
    <p class='ocr_par' dir='ltr' id='par_1_8' title="bbox 209 825 1793 898">
     <span class='ocr_line' id='line_1_8' title="bbox 209 825 1793 898; baseline -0.006 -9"><span class='ocrx_word' id='word_1_48' title='bbox 209 849 381 889; x_wconf 67' lang='lat' dir='ltr'><strong>tuante</strong></span> <span class='ocrx_word' id='word_1_49' title='bbox 410 832 531 887; x_wconf 74' lang='lat' dir='ltr'><strong>vita:</strong></span> <span class='ocrx_word' id='word_1_50' title='bbox 557 829 960 898; x_wconf 58' lang='lat' dir='ltr'><strong>interpositione</strong></span> <span class='ocrx_word' id='word_1_51' title='bbox 986 827 1318 890; x_wconf 84' lang='lat' dir='ltr'><strong>necessitatis</strong></span> <span class='ocrx_word' id='word_1_52' title='bbox 1344 841 1448 879; x_wconf 90' lang='lat' dir='ltr'><strong>non</strong></span> <span class='ocrx_word' id='word_1_53' title='bbox 1475 825 1793 880; x_wconf 82' lang='lat' dir='ltr'><strong>absumere?</strong></span> 
     </span>
    </p>
   </div>
   <div class='ocr_carea' id='block_1_9' title="bbox 203 915 1794 996">
    <p class='ocr_par' dir='ltr' id='par_1_9' title="bbox 203 915 1794 996">
     <span class='ocr_line' id='line_1_9' title="bbox 203 915 1794 996; baseline -0.006 -18"><span class='ocrx_word' id='word_1_54' title='bbox 203 941 326 996; x_wconf 74' lang='lat' dir='ltr'><strong>qum</strong></span> <span class='ocrx_word' id='word_1_55' title='bbox 355 925 498 979; x_wconf 88' lang='lat' dir='ltr'><strong>enim</strong></span> <span class='ocrx_word' id='word_1_56' title='bbox 531 924 633 978; x_wconf 86' lang='lat' dir='ltr'><strong>erit</strong></span> <span class='ocrx_word' id='word_1_57' title='bbox 663 923 770 975; x_wconf 87' lang='lat' dir='ltr'><strong>ulla</strong></span> <span class='ocrx_word' id='word_1_58' title='bbox 800 920 1052 974; x_wconf 76' lang='lat' dir='ltr'><strong>discretio</strong></span> <span class='ocrx_word' id='word_1_59' title='bbox 1081 919 1218 972; x_wconf 84' lang='lat' dir='ltr'><strong>inter</strong></span> <span class='ocrx_word' id='word_1_60' title='bbox 1242 917 1488 970; x_wconf 85' lang='lat' dir='ltr'><strong>homines</strong></span> <span class='ocrx_word' id='word_1_61' title='bbox 1507 957 1521 979; x_wconf 94' lang='lat'><strong>,</strong></span> <span class='ocrx_word' id='word_1_62' title='bbox 1560 916 1603 968; x_wconf 86' lang='lat' dir='ltr'><strong>si</strong></span> <span class='ocrx_word' id='word_1_63' title='bbox 1639 915 1794 970; x_wconf 87' lang='lat' dir='ltr'><strong>liberi</strong></span> 
     </span>
    </p>
   </div>
   <div class='ocr_carea' id='block_1_10' title="bbox 205 1005 1793 1083">
    <p class='ocr_par' dir='ltr' id='par_1_10' title="bbox 205 1005 1793 1083">
     <span class='ocr_line' id='line_1_10' title="bbox 205 1005 1793 1083; baseline -0.006 -14"><span class='ocrx_word' id='word_1_64' title='bbox 205 1017 412 1070; x_wconf 67' lang='grc' dir='ltr'><strong>ιιι-ωιτῙί</strong></span> <span class='ocrx_word' id='word_1_65' title='bbox 445 1015 704 1083; x_wconf 76' lang='lat' dir='ltr'><strong>judicium</strong></span> <span class='ocrx_word' id='word_1_66' title='bbox 749 1011 926 1081; x_wconf 84' lang='lat' dir='ltr'><strong>perit?</strong></span> <span class='ocrx_word' id='word_1_67' title='bbox 963 1009 1072 1062; x_wconf 82' lang='lat' dir='ltr'><strong>Cur</strong></span> <span class='ocrx_word' id='word_1_68' title='bbox 1113 1016 1442 1078; x_wconf 81' lang='lat' dir='ltr'><strong>postremum</strong></span> <span class='ocrx_word' id='word_1_69' title='bbox 1482 1005 1631 1074; x_wconf 84' lang='lat' dir='ltr'><strong>leges</strong></span> <span class='ocrx_word' id='word_1_70' title='bbox 1666 1020 1793 1060; x_wconf 84' lang='lat' dir='ltr'><strong>ron-</strong></span> 
     </span>
    </p>
   </div>
   <div class='ocr_carea' id='block_1_11' title="bbox 208 1104 1798 1179">
    <p class='ocr_par' dir='ltr' id='par_1_11' title="bbox 208 1104 1798 1179">
     <span class='ocr_line' id='line_1_11' title="bbox 208 1104 1798 1179; baseline -0.001 -17"><span class='ocrx_word' id='word_1_71' title='bbox 208 1111 369 1164; x_wconf 81' lang='lat' dir='ltr'><strong>diue?</strong></span> <span class='ocrx_word' id='word_1_72' title='bbox 398 1113 504 1163; x_wconf 70' lang='lat' dir='ltr'><strong>(fur</strong></span> <span class='ocrx_word' id='word_1_73' title='bbox 533 1110 842 1179; x_wconf 64' lang='lat' dir='ltr'><strong>reipublicaz</strong></span> <span class='ocrx_word' id='word_1_74' title='bbox 866 1107 1027 1177; x_wconf 80' lang='lat' dir='ltr'><strong>jura?</strong></span> <span class='ocrx_word' id='word_1_75' title='bbox 1051 1106 1162 1160; x_wconf 86' lang='lat' dir='ltr'><strong>Cur</strong></span> <span class='ocrx_word' id='word_1_76' title='bbox 1203 1119 1458 1175; x_wconf 76' lang='lat' dir='ltr'><strong>responsa</strong></span> <span class='ocrx_word' id='word_1_77' title='bbox 1497 1107 1659 1158; x_wconf 80' lang='lat' dir='ltr'><strong>sunt?</strong></span> <span class='ocrx_word' id='word_1_78' title='bbox 1683 1104 1798 1160; x_wconf 86' lang='lat' dir='ltr'><strong>Cur</strong></span> 
     </span>
    </p>
   </div>
   <div class='ocr_carea' id='block_1_12' title="bbox 209 1199 1793 1272">
    <p class='ocr_par' dir='ltr' id='par_1_12' title="bbox 209 1199 1793 1272">
     <span class='ocr_line' id='line_1_12' title="bbox 209 1199 1793 1272; baseline -0.006 -11"><span class='ocrx_word' id='word_1_79' title='bbox 209 1207 494 1261; x_wconf 85' lang='lat' dir='ltr'><strong>instituta?</strong></span> <span class='ocrx_word' id='word_1_80' title='bbox 521 1204 628 1260; x_wconf 85' lang='lat' dir='ltr'><strong>Cur</strong></span> <span class='ocrx_word' id='word_1_81' title='bbox 655 1217 833 1258; x_wconf 88' lang='lat' dir='ltr'><strong>mores</strong></span> <span class='ocrx_word' id='word_1_82' title='bbox 861 1201 1054 1272; x_wconf 78' lang='lat' dir='ltr'><strong>publici</strong></span> <span class='ocrx_word' id='word_1_83' title='bbox 1094 1208 1146 1254; x_wconf 90' lang='lat' dir='ltr'><strong>et</strong></span> <span class='ocrx_word' id='word_1_84' title='bbox 1177 1199 1373 1269; x_wconf 84' lang='lat' dir='ltr'><strong>privati</strong></span> <span class='ocrx_word' id='word_1_85' title='bbox 1415 1211 1563 1254; x_wconf 83' lang='lat' dir='ltr'><strong>aetns</strong></span> <span class='ocrx_word' id='word_1_86' title='bbox 1596 1201 1793 1255; x_wconf 86' lang='lat' dir='ltr'><strong>consti—</strong></span> 
     </span>
    </p>
   </div>
   <div class='ocr_carea' id='block_1_13' title="bbox 209 1291 1796 1365">
    <p class='ocr_par' dir='ltr' id='par_1_13' title="bbox 209 1291 1796 1365">
     <span class='ocr_line' id='line_1_13' title="bbox 209 1291 1796 1365; baseline -0.002 -17"><span class='ocrx_word' id='word_1_87' title='bbox 209 1297 502 1350; x_wconf 78' lang='lat' dir='ltr'><strong>tutionibus</strong></span> <span class='ocrx_word' id='word_1_88' title='bbox 542 1297 843 1365; x_wconf 75' lang='lat' dir='ltr'><strong>principum</strong></span> <span class='ocrx_word' id='word_1_89' title='bbox 891 1302 945 1346; x_wconf 77' lang='lat' dir='ltr'><strong>ct</strong></span> <span class='ocrx_word' id='word_1_90' title='bbox 985 1292 1305 1362; x_wconf 74' lang='lat' dir='ltr'><strong>iudiciorum</strong></span> <span class='ocrx_word' id='word_1_91' title='bbox 1354 1291 1576 1346; x_wconf 81' lang='lat' dir='ltr'><strong>nexibus</strong></span> <span class='ocrx_word' id='word_1_92' title='bbox 1627 1292 1796 1345; x_wconf 86' lang='lat' dir='ltr'><strong>conti-</strong></span> 
     </span>
    </p>
   </div>
   <div class='ocr_carea' id='block_1_14' title="bbox 209 1383 1794 1458">
    <p class='ocr_par' dir='ltr' id='par_1_14' title="bbox 209 1383 1794 1458">
     <span class='ocr_line' id='line_1_14' title="bbox 209 1383 1794 1458; baseline 0.001 -20"><span class='ocrx_word' id='word_1_93' title='bbox 209 1397 404 1439; x_wconf 90' lang='lat' dir='ltr'><strong>nentur</strong></span> <span class='ocrx_word' id='word_1_94' title='bbox 422 1429 434 1452; x_wconf 91' lang='lat'><strong>,</strong></span> <span class='ocrx_word' id='word_1_95' title='bbox 460 1388 501 1440; x_wconf 98' lang='lat' dir='ltr'><strong>si</strong></span> <span class='ocrx_word' id='word_1_96' title='bbox 532 1397 738 1440; x_wconf 68' lang='lat' dir='ltr'><strong>certum</strong></span> <span class='ocrx_word' id='word_1_97' title='bbox 767 1395 848 1438; x_wconf 76' lang='lat' dir='ltr'><strong>est</strong></span> <span class='ocrx_word' id='word_1_98' title='bbox 873 1384 1003 1439; x_wconf 84' lang='lat' dir='ltr'><strong>nihil</strong></span> <span class='ocrx_word' id='word_1_99' title='bbox 1029 1385 1277 1438; x_wconf 78' lang='lat' dir='ltr'><strong>humanis</strong></span> <span class='ocrx_word' id='word_1_100' title='bbox 1295 1383 1454 1438; x_wconf 86' lang='lat' dir='ltr'><strong>licere</strong></span> <span class='ocrx_word' id='word_1_101' title='bbox 1472 1384 1794 1458; x_wconf 73' lang='lat' dir='ltr'><strong>propositis,</strong></span> 
     </span>
    </p>
   </div>
   <div class='ocr_carea' id='block_1_15' title="bbox 209 1473 1794 1541">
    <p class='ocr_par' dir='ltr' id='par_1_15' title="bbox 209 1473 1794 1541">
     <span class='ocr_line' id='line_1_15' title="bbox 209 1473 1794 1541; baseline 0.001 -12"><span class='ocrx_word' id='word_1_102' title='bbox 209 1475 410 1530; x_wconf 80' lang='lat' dir='ltr'><strong>frustra</strong></span> <span class='ocrx_word' id='word_1_103' title='bbox 456 1477 599 1531; x_wconf 90' lang='lat' dir='ltr'><strong>enim</strong></span> <span class='ocrx_word' id='word_1_104' title='bbox 627 1483 813 1530; x_wconf 88' lang='lat' dir='ltr'><strong>cuncta</strong></span> <span class='ocrx_word' id='word_1_105' title='bbox 845 1485 989 1541; x_wconf 90' lang='lat' dir='ltr'><strong>sunt,</strong></span> <span class='ocrx_word' id='word_1_106' title='bbox 1034 1475 1079 1530; x_wconf 88' lang='lat' dir='ltr'><strong>si</strong></span> <span class='ocrx_word' id='word_1_107' title='bbox 1123 1475 1349 1529; x_wconf 89' lang='lat' dir='ltr'><strong>liberum</strong></span> <span class='ocrx_word' id='word_1_108' title='bbox 1379 1473 1656 1526; x_wconf 86' lang='lat' dir='ltr'><strong>arbitrium</strong></span> <span class='ocrx_word' id='word_1_109' title='bbox 1689 1490 1794 1530; x_wconf 92' lang='lat' dir='ltr'><strong>non</strong></span> 
     </span>
    </p>
   </div>
   <div class='ocr_carea' id='block_1_16' title="bbox 209 1565 1799 1634">
    <p class='ocr_par' dir='ltr' id='par_1_16' title="bbox 209 1565 1799 1634">
     <span class='ocr_line' id='line_1_16' title="bbox 209 1565 1799 1634; baseline 0.003 -16"><span class='ocrx_word' id='word_1_110' title='bbox 209 1573 315 1629; x_wconf 83' lang='lat' dir='ltr'><strong>est,</strong></span> <span class='ocrx_word' id='word_1_111' title='bbox 360 1567 504 1634; x_wconf 80' lang='lat' dir='ltr'><strong>leges</strong></span> <span class='ocrx_word' id='word_1_112' title='bbox 551 1567 692 1618; x_wconf 87' lang='lat' dir='ltr'><strong>enim</strong></span> <span class='ocrx_word' id='word_1_113' title='bbox 738 1575 792 1620; x_wconf 90' lang='lat' dir='ltr'><strong>et</strong></span> <span class='ocrx_word' id='word_1_114' title='bbox 839 1577 1033 1620; x_wconf 63' lang='lat' dir='ltr'><strong>cietera</strong></span> <span class='ocrx_word' id='word_1_115' title='bbox 1075 1568 1137 1618; x_wconf 85' lang='lat' dir='ltr'><strong>ad</strong></span> <span class='ocrx_word' id='word_1_116' title='bbox 1186 1565 1544 1620; x_wconf 88' lang='lat' dir='ltr'><strong>continendos</strong></span> <span class='ocrx_word' id='word_1_117' title='bbox 1589 1566 1799 1622; x_wconf 88' lang='lat' dir='ltr'><strong>animos</strong></span> 
     </span>
    </p>
   </div>
   <div class='ocr_carea' id='block_1_17' title="bbox 211 1651 1796 1723">
    <p class='ocr_par' dir='ltr' id='par_1_17' title="bbox 211 1651 1796 1723">
     <span class='ocr_line' id='line_1_17' title="bbox 211 1651 1796 1723; baseline 0.003 -18"><span class='ocrx_word' id='word_1_118' title='bbox 211 1651 491 1707; x_wconf 76' lang='lat' dir='ltr'><strong>hominum</strong></span> <span class='ocrx_word' id='word_1_119' title='bbox 521 1655 762 1708; x_wconf 89' lang='lat' dir='ltr'><strong>conditas</strong></span> <span class='ocrx_word' id='word_1_120' title='bbox 791 1660 1010 1709; x_wconf 88' lang='lat' dir='ltr'><strong>scimus.</strong></span> <span class='ocrx_word' id='word_1_121' title='bbox 1043 1655 1193 1720; x_wconf 86' lang='lat' dir='ltr'><strong>Quod</strong></span> <span class='ocrx_word' id='word_1_122' title='bbox 1233 1655 1280 1709; x_wconf 89' lang='lat' dir='ltr'><strong>si</strong></span> <span class='ocrx_word' id='word_1_123' title='bbox 1314 1655 1474 1723; x_wconf 90' lang='lat' dir='ltr'><strong>seipsi</strong></span> <span class='ocrx_word' id='word_1_124' title='bbox 1503 1654 1663 1708; x_wconf 88' lang='lat' dir='ltr'><strong>animi</strong></span> <span class='ocrx_word' id='word_1_125' title='bbox 1693 1669 1796 1710; x_wconf 92' lang='lat' dir='ltr'><strong>non</strong></span> 
     </span>
    </p>
   </div>
   <div class='ocr_carea' id='block_1_18' title="bbox 209 1747 1797 1816">
    <p class='ocr_par' dir='ltr' id='par_1_18' title="bbox 209 1747 1797 1816">
     <span class='ocr_line' id='line_1_18' title="bbox 209 1747 1797 1816; baseline 0.003 -16"><span class='ocrx_word' id='word_1_126' title='bbox 209 1756 426 1814; x_wconf 81' lang='lat' dir='ltr'><strong>regunt,</strong></span> <span class='ocrx_word' id='word_1_127' title='bbox 459 1757 513 1802; x_wconf 89' lang='lat' dir='ltr'><strong>et</strong></span> <span class='ocrx_word' id='word_1_128' title='bbox 542 1763 633 1801; x_wconf 77' lang='lat' dir='ltr'><strong>eos</strong></span> <span class='ocrx_word' id='word_1_129' title='bbox 657 1749 829 1816; x_wconf 87' lang='lat' dir='ltr'><strong>aliqua</strong></span> <span class='ocrx_word' id='word_1_130' title='bbox 876 1747 1117 1815; x_wconf 65' lang='lat' dir='ltr'><strong>quaedam</strong></span> <span class='ocrx_word' id='word_1_131' title='bbox 1162 1747 1414 1802; x_wconf 80' lang='lat' dir='ltr'><strong>violentia</strong></span> <span class='ocrx_word' id='word_1_132' title='bbox 1465 1748 1797 1804; x_wconf 79' lang='lat' dir='ltr'><strong>necessitatis</strong></span> 
     </span>
    </p>
   </div>
   <div class='ocr_carea' id='block_1_19' title="bbox 1895 549 3464 624">
    <p class='ocr_par' dir='ltr' id='par_1_19' title="bbox 1895 549 3464 624">
     <span class='ocr_line' id='line_1_19' title="bbox 1895 549 3464 624; baseline 0.003 -22"><span class='ocrx_word' id='word_1_133' title='bbox 1895 549 2136 624; x_wconf 80' lang='lat' dir='ltr'><strong>consiliis</strong></span> <span class='ocrx_word' id='word_1_134' title='bbox 2157 559 2315 618; x_wconf 86' lang='lat' dir='ltr'><strong>atque</strong></span> <span class='ocrx_word' id='word_1_135' title='bbox 2332 552 2536 605; x_wconf 84' lang='lat' dir='ltr'><strong>actibus</strong></span> <span class='ocrx_word' id='word_1_136' title='bbox 2558 553 2609 606; x_wconf 91' lang='lat' dir='ltr'><strong>in</strong></span> <span class='ocrx_word' id='word_1_137' title='bbox 2637 552 2795 606; x_wconf 90' lang='lat' dir='ltr'><strong>rebus</strong></span> <span class='ocrx_word' id='word_1_138' title='bbox 2819 551 2964 619; x_wconf 83' lang='lat' dir='ltr'><strong>plura</strong></span> <span class='ocrx_word' id='word_1_139' title='bbox 2981 552 3298 608; x_wconf 79' lang='lat' dir='ltr'><strong>consistunt.</strong></span> <span class='ocrx_word' id='word_1_140' title='bbox 3315 551 3464 621; x_wconf 82' lang='lat' dir='ltr'><strong>Quod</strong></span> 
     </span>
    </p>
   </div>
   <div class='ocr_carea' id='block_1_20' title="bbox 1897 644 3465 716">
    <p class='ocr_par' dir='ltr' id='par_1_20' title="bbox 1897 644 3465 716">
     <span class='ocr_line' id='line_1_20' title="bbox 1897 644 3465 716; baseline 0.003 -18"><span class='ocrx_word' id='word_1_141' title='bbox 1897 644 1942 698; x_wconf 87' lang='lat' dir='ltr'><strong>si</strong></span> <span class='ocrx_word' id='word_1_142' title='bbox 1969 658 2029 697; x_wconf 86' lang='lat' dir='ltr'><strong>ea</strong></span> <span class='ocrx_word' id='word_1_143' title='bbox 2060 659 2180 713; x_wconf 68' lang='lat' dir='ltr'><strong>quae</strong></span> <span class='ocrx_word' id='word_1_144' title='bbox 2208 658 2302 710; x_wconf 87' lang='lat' dir='ltr'><strong>per</strong></span> <span class='ocrx_word' id='word_1_145' title='bbox 2339 645 2476 698; x_wconf 87' lang='lat' dir='ltr'><strong>hanc</strong></span> <span class='ocrx_word' id='word_1_146' title='bbox 2524 648 2784 702; x_wconf 89' lang='lat' dir='ltr'><strong>rationem</strong></span> <span class='ocrx_word' id='word_1_147' title='bbox 2833 646 3144 714; x_wconf 81' lang='lat' dir='ltr'><strong>afferuntur,</strong></span> <span class='ocrx_word' id='word_1_148' title='bbox 3190 653 3465 716; x_wconf 71' lang='lat' dir='ltr'><strong>perspicua</strong></span> 
     </span>
    </p>
   </div>
   <div class='ocr_carea' id='block_1_21' title="bbox 1899 737 3465 814">
    <p class='ocr_par' dir='ltr' id='par_1_21' title="bbox 1899 737 3465 814">
     <span class='ocr_line' id='line_1_21' title="bbox 1899 737 3465 814; baseline 0.002 -23"><span class='ocrx_word' id='word_1_149' title='bbox 1899 745 2046 800; x_wconf 85' lang='lat' dir='ltr'><strong>sunt,</strong></span> <span class='ocrx_word' id='word_1_150' title='bbox 2072 737 2212 805; x_wconf 90' lang='lat' dir='ltr'><strong>quod</strong></span> <span class='ocrx_word' id='word_1_151' title='bbox 2241 753 2368 791; x_wconf 82' lang='lat' dir='ltr'><strong>vero</strong></span> <span class='ocrx_word' id='word_1_152' title='bbox 2395 739 2710 814; x_wconf 82' lang='lat' dir='ltr'><strong>ponitur,id</strong></span> <span class='ocrx_word' id='word_1_153' title='bbox 2739 751 2840 807; x_wconf 80' lang='lat' dir='ltr'><strong>est,</strong></span> <span class='ocrx_word' id='word_1_154' title='bbox 2867 740 3275 804; x_wconf 84' lang='lat' dir='ltr'><strong>allirtnationem</strong></span> <span class='ocrx_word' id='word_1_155' title='bbox 3299 755 3351 794; x_wconf 88' lang='lat' dir='ltr'><strong>et</strong></span> <span class='ocrx_word' id='word_1_156' title='bbox 3376 757 3465 795; x_wconf 84' lang='lat' dir='ltr'><strong>ne-</strong></span> 
     </span>
    </p>
   </div>
   <div class='ocr_carea' id='block_1_22' title="bbox 1899 828 3546 904">
    <p class='ocr_par' dir='ltr' id='par_1_22' title="bbox 1899 828 3546 904">
     <span class='ocr_line' id='line_1_22' title="bbox 1899 828 3546 904; baseline 0.002 -22"><span class='ocrx_word' id='word_1_157' title='bbox 1899 828 2167 898; x_wconf 71' lang='lat' dir='ltr'><strong>gationem</strong></span> <span class='ocrx_word' id='word_1_158' title='bbox 2219 844 2430 884; x_wconf 80' lang='lat' dir='ltr'><strong>onmem</strong></span> <span class='ocrx_word' id='word_1_159' title='bbox 2469 830 2524 882; x_wconf 85' lang='lat' dir='ltr'><strong>in</strong></span> <span class='ocrx_word' id='word_1_160' title='bbox 2557 832 2732 884; x_wconf 88' lang='lat' dir='ltr'><strong>futuro</strong></span> <span class='ocrx_word' id='word_1_161' title='bbox 2775 847 2956 886; x_wconf 86' lang='lat' dir='ltr'><strong>veram</strong></span> <span class='ocrx_word' id='word_1_162' title='bbox 3008 845 3146 895; x_wconf 85' lang='lat' dir='ltr'><strong>esse,</strong></span> <span class='ocrx_word' id='word_1_163' title='bbox 3186 847 3289 884; x_wconf 87' lang='lat' dir='ltr'><strong>non</strong></span> <span class='ocrx_word' id='word_1_164' title='bbox 3319 848 3468 898; x_wconf 60' lang='lat' dir='ltr'><strong>asque</strong></span> <span class='ocrx_word' id='word_1_165' title='bbox 3533 899 3546 904; x_wconf 88' lang='lat'><em>_</em></span> 
     </span>
    </p>
   </div>
   <div class='ocr_carea' id='block_1_23' title="bbox 1898 922 3467 991">
    <p class='ocr_par' dir='ltr' id='par_1_23' title="bbox 1898 922 3467 991">
     <span class='ocr_line' id='line_1_23' title="bbox 1898 922 3467 991; baseline 0 -15"><span class='ocrx_word' id='word_1_166' title='bbox 1898 922 2240 991; x_wconf 85' lang='lat' dir='ltr'><strong>perspicuum</strong></span> <span class='ocrx_word' id='word_1_167' title='bbox 2272 931 2374 987; x_wconf 79' lang='lat' dir='ltr'><strong>est,</strong></span> <span class='ocrx_word' id='word_1_168' title='bbox 2398 936 2493 976; x_wconf 93' lang='lat' dir='ltr'><strong>cur</strong></span> <span class='ocrx_word' id='word_1_169' title='bbox 2515 923 2818 977; x_wconf 85' lang='lat' dir='ltr'><strong>dubitamus</strong></span> <span class='ocrx_word' id='word_1_170' title='bbox 2867 925 3177 977; x_wconf 86' lang='lat' dir='ltr'><strong>mendacem</strong></span> <span class='ocrx_word' id='word_1_171' title='bbox 3207 923 3467 977; x_wconf 59' lang='lat' dir='ltr'><strong>subterfu-</strong></span> 
     </span>
    </p>
   </div>
   <div class='ocr_carea' id='block_1_24' title="bbox 1897 1015 3467 1085">
    <p class='ocr_par' dir='ltr' id='par_1_24' title="bbox 1897 1015 3467 1085">
     <span class='ocr_line' id='line_1_24' title="bbox 1897 1015 3467 1085; baseline -0.001 -16"><span class='ocrx_word' id='word_1_172' title='bbox 1897 1029 2024 1085; x_wconf 77' lang='lat' dir='ltr'><strong>gere</strong></span> <span class='ocrx_word' id='word_1_173' title='bbox 2051 1015 2272 1070; x_wconf 82' lang='lat' dir='ltr'><strong>rationis</strong></span> <span class='ocrx_word' id='word_1_174' title='bbox 2299 1016 2462 1080; x_wconf 87' lang='lat' dir='ltr'><strong>viam,</strong></span> <span class='ocrx_word' id='word_1_175' title='bbox 2497 1026 2548 1070; x_wconf 90' lang='lat' dir='ltr'><strong>et</strong></span> <span class='ocrx_word' id='word_1_176' title='bbox 2583 1026 2763 1070; x_wconf 88' lang='lat' dir='ltr'><strong>tenere</strong></span> <span class='ocrx_word' id='word_1_177' title='bbox 2791 1023 2996 1085; x_wconf 72' lang='lat' dir='ltr'><strong>eaquae</strong></span> <span class='ocrx_word' id='word_1_178' title='bbox 3020 1031 3139 1070; x_wconf 92' lang='lat' dir='ltr'><strong>cum</strong></span> <span class='ocrx_word' id='word_1_179' title='bbox 3181 1032 3326 1081; x_wconf 88' lang='lat' dir='ltr'><strong>vera,</strong></span> <span class='ocrx_word' id='word_1_180' title='bbox 3362 1027 3467 1069; x_wconf 90' lang='lat' dir='ltr'><strong>tum</strong></span> 
     </span>
    </p>
   </div>
   <div class='ocr_carea' id='block_1_25' title="bbox 1899 1108 3467 1178">
    <p class='ocr_par' dir='ltr' id='par_1_25' title="bbox 1899 1108 3467 1178">
     <span class='ocr_line' id='line_1_25' title="bbox 1899 1108 3467 1178; baseline -0.003 -13"><span class='ocrx_word' id='word_1_181' title='bbox 1899 1108 2178 1165; x_wconf 83' lang='lat' dir='ltr'><strong>manifesta</strong></span> <span class='ocrx_word' id='word_1_182' title='bbox 2213 1119 2355 1174; x_wconf 76' lang='lat' dir='ltr'><strong>sunt,</strong></span> <span class='ocrx_word' id='word_1_183' title='bbox 2385 1110 2674 1178; x_wconf 82' lang='lat' dir='ltr'><strong>repudiatis</strong></span> <span class='ocrx_word' id='word_1_184' title='bbox 2713 1108 2796 1163; x_wconf 91' lang='lat' dir='ltr'><strong>his</strong></span> <span class='ocrx_word' id='word_1_185' title='bbox 2824 1122 2941 1178; x_wconf 65' lang='lat' dir='ltr'><strong>quae</strong></span> <span class='ocrx_word' id='word_1_186' title='bbox 2982 1123 3079 1163; x_wconf 90' lang='lat' dir='ltr'><strong>nec</strong></span> <span class='ocrx_word' id='word_1_187' title='bbox 3106 1109 3325 1164; x_wconf 76' lang='lat' dir='ltr'><strong>veritate</strong></span> <span class='ocrx_word' id='word_1_188' title='bbox 3365 1109 3467 1161; x_wconf 88' lang='lat' dir='ltr'><strong>ulla</strong></span> 
     </span>
    </p>
   </div>
   <div class='ocr_carea' id='block_1_26' title="bbox 1899 1201 3467 1271">
    <p class='ocr_par' dir='ltr' id='par_1_26' title="bbox 1899 1201 3467 1271">
     <span class='ocr_line' id='line_1_26' title="bbox 1899 1201 3467 1271; baseline -0.004 -13"><span class='ocrx_word' id='word_1_189' title='bbox 1899 1203 2052 1258; x_wconf 80' lang='lat' dir='ltr'><strong>ﬁrma</strong></span> <span class='ocrx_word' id='word_1_190' title='bbox 2103 1212 2247 1264; x_wconf 83' lang='lat' dir='ltr'><strong>sunt.</strong></span> <span class='ocrx_word' id='word_1_191' title='bbox 2290 1219 2388 1257; x_wconf 90' lang='lat' dir='ltr'><strong>nec</strong></span> <span class='ocrx_word' id='word_1_192' title='bbox 2431 1205 2710 1271; x_wconf 69' lang='lat' dir='ltr'><strong>perspicue</strong></span> <span class='ocrx_word' id='word_1_193' title='bbox 2753 1203 3095 1256; x_wconf 81' lang='lat' dir='ltr'><strong>clarescunt?</strong></span> <span class='ocrx_word' id='word_1_194' title='bbox 3127 1202 3190 1255; x_wconf 90' lang='lat' dir='ltr'><strong>Et</strong></span> <span class='ocrx_word' id='word_1_195' title='bbox 3221 1201 3467 1270; x_wconf 83' lang='lat' dir='ltr'><strong>quoniam</strong></span> 
     </span>
    </p>
   </div>
   <div class='ocr_carea' id='block_1_27' title="bbox 1895 1292 3466 1366">
    <p class='ocr_par' dir='ltr' id='par_1_27' title="bbox 1895 1292 3466 1366">
     <span class='ocr_line' id='line_1_27' title="bbox 1895 1292 3466 1366; baseline -0.004 -16"><span class='ocrx_word' id='word_1_196' title='bbox 1895 1297 2005 1366; x_wconf 89' lang='lat' dir='ltr'><strong>jam</strong></span> <span class='ocrx_word' id='word_1_197' title='bbox 2031 1311 2188 1365; x_wconf 84' lang='lat' dir='ltr'><strong>supra</strong></span> <span class='ocrx_word' id='word_1_198' title='bbox 2215 1296 2442 1364; x_wconf 75' lang='lat' dir='ltr'><strong>dixerat,</strong></span> <span class='ocrx_word' id='word_1_199' title='bbox 2471 1311 2635 1366; x_wconf 90' lang='lat' dir='ltr'><strong>quare</strong></span> <span class='ocrx_word' id='word_1_200' title='bbox 2666 1309 2768 1348; x_wconf 91' lang='lat' dir='ltr'><strong>non</strong></span> <span class='ocrx_word' id='word_1_201' title='bbox 2801 1293 3064 1362; x_wconf 86' lang='lat' dir='ltr'><strong>oportebit</strong></span> <span class='ocrx_word' id='word_1_202' title='bbox 3094 1308 3262 1360; x_wconf 81' lang='lat' dir='ltr'><strong>nequc</strong></span> <span class='ocrx_word' id='word_1_203' title='bbox 3293 1292 3466 1345; x_wconf 81' lang='lat' dir='ltr'><strong>consi-</strong></span> 
     </span>
    </p>
   </div>
   <div class='ocr_carea' id='block_1_28' title="bbox 1897 1381 3468 1458">
    <p class='ocr_par' dir='ltr' id='par_1_28' title="bbox 1897 1381 3468 1458">
     <span class='ocr_line' id='line_1_28' title="bbox 1897 1381 3468 1458; baseline -0.005 -17"><span class='ocrx_word' id='word_1_204' title='bbox 1897 1388 2037 1455; x_wconf 85' lang='lat' dir='ltr'><strong>liari,</strong></span> <span class='ocrx_word' id='word_1_205' title='bbox 2066 1404 2238 1457; x_wconf 89' lang='lat' dir='ltr'><strong>neque</strong></span> <span class='ocrx_word' id='word_1_206' title='bbox 2266 1387 2544 1458; x_wconf 84' lang='lat' dir='ltr'><strong>negotiari,</strong></span> <span class='ocrx_word' id='word_1_207' title='bbox 2577 1401 2716 1440; x_wconf 91' lang='lat' dir='ltr'><strong>nunc</strong></span> <span class='ocrx_word' id='word_1_208' title='bbox 2741 1386 2837 1439; x_wconf 91' lang='lat' dir='ltr'><strong>hoc</strong></span> <span class='ocrx_word' id='word_1_209' title='bbox 2885 1382 3111 1438; x_wconf 82' lang='lat' dir='ltr'><strong>reddidit</strong></span> <span class='ocrx_word' id='word_1_210' title='bbox 3151 1384 3214 1434; x_wconf 88' lang='lat' dir='ltr'><strong>ad</strong></span> <span class='ocrx_word' id='word_1_211' title='bbox 3254 1381 3305 1435; x_wconf 89' lang='lat' dir='ltr'><strong>id</strong></span> <span class='ocrx_word' id='word_1_212' title='bbox 3332 1381 3468 1444; x_wconf 76' lang='lat' dir='ltr'><strong>quod</strong></span> 
     </span>
    </p>
   </div>
   <div class='ocr_carea' id='block_1_29' title="bbox 1903 1475 3472 1551">
    <p class='ocr_par' dir='ltr' id='par_1_29' title="bbox 1903 1475 3472 1551">
     <span class='ocr_line' id='line_1_29' title="bbox 1903 1475 3472 1551; baseline -0.005 -16"><span class='ocrx_word' id='word_1_213' title='bbox 1903 1483 1973 1535; x_wconf 89' lang='lat' dir='ltr'><strong>ait</strong></span> <span class='ocrx_word' id='word_1_214' title='bbox 2005 1497 2173 1551; x_wconf 87' lang='lat' dir='ltr'><strong>neque</strong></span> <span class='ocrx_word' id='word_1_215' title='bbox 2195 1481 2489 1546; x_wconf 70' lang='lat' dir='ltr'><strong>consiliari,</strong></span> <span class='ocrx_word' id='word_1_216' title='bbox 2520 1481 2702 1534; x_wconf 86' lang='lat' dir='ltr'><strong>dicens</strong></span> <span class='ocrx_word' id='word_1_217' title='bbox 2733 1495 2826 1533; x_wconf 90' lang='lat' dir='ltr'><strong>nos</strong></span> <span class='ocrx_word' id='word_1_218' title='bbox 2848 1493 2965 1533; x_wconf 82' lang='lat' dir='ltr'><strong>esse</strong></span> <span class='ocrx_word' id='word_1_219' title='bbox 2991 1477 3174 1545; x_wconf 61' lang='lat' dir='ltr'><strong>princi.</strong></span> <span class='ocrx_word' id='word_1_220' title='bbox 3198 1477 3304 1530; x_wconf 92' lang='lat' dir='ltr'><strong>inm</strong></span> <span class='ocrx_word' id='word_1_221' title='bbox 3335 1475 3472 1528; x_wconf 88' lang='lat' dir='ltr'><strong>futu-</strong></span> 
     </span>
    </p>
   </div>
   <div class='ocr_carea' id='block_1_30' title="bbox 1903 1567 3473 1641">
    <p class='ocr_par' dir='ltr' id='par_1_30' title="bbox 1903 1567 3473 1641">
     <span class='ocr_line' id='line_1_30' title="bbox 1903 1567 3473 1641; baseline -0.003 -16"><span class='ocrx_word' id='word_1_222' title='bbox 1903 1586 2105 1636; x_wconf 86' lang='lat' dir='ltr'><strong>rorum,</strong></span> <span class='ocrx_word' id='word_1_223' title='bbox 2132 1580 2185 1627; x_wconf 90' lang='lat' dir='ltr'><strong>et</strong></span> <span class='ocrx_word' id='word_1_224' title='bbox 2207 1573 2359 1626; x_wconf 90' lang='lat' dir='ltr'><strong>abeo</strong></span> <span class='ocrx_word' id='word_1_225' title='bbox 2380 1573 2519 1641; x_wconf 89' lang='lat' dir='ltr'><strong>quod</strong></span> <span class='ocrx_word' id='word_1_226' title='bbox 2542 1572 2906 1632; x_wconf 71' lang='lat' dir='ltr'><strong>consilirmur,</strong></span> <span class='ocrx_word' id='word_1_227' title='bbox 2936 1568 2998 1622; x_wconf 90' lang='lat' dir='ltr'><strong>ad</strong></span> <span class='ocrx_word' id='word_1_228' title='bbox 3023 1569 3071 1621; x_wconf 90' lang='lat' dir='ltr'><strong>id</strong></span> <span class='ocrx_word' id='word_1_229' title='bbox 3100 1567 3238 1638; x_wconf 90' lang='lat' dir='ltr'><strong>quod</strong></span> <span class='ocrx_word' id='word_1_230' title='bbox 3265 1567 3360 1630; x_wconf 89' lang='lat' dir='ltr'><strong>ait,</strong></span> <span class='ocrx_word' id='word_1_231' title='bbox 3383 1583 3473 1620; x_wconf 88' lang='lat' dir='ltr'><strong>nc-</strong></span> 
     </span>
    </p>
   </div>
   <div class='ocr_carea' id='block_1_31' title="bbox 1902 1658 3474 1734">
    <p class='ocr_par' dir='ltr' id='par_1_31' title="bbox 1902 1658 3474 1734">
     <span class='ocr_line' id='line_1_31' title="bbox 1902 1658 3474 1734; baseline -0.002 -20"><span class='ocrx_word' id='word_1_232' title='bbox 1902 1678 2008 1732; x_wconf 89' lang='lat' dir='ltr'><strong>qne</strong></span> <span class='ocrx_word' id='word_1_233' title='bbox 2035 1664 2294 1734; x_wconf 74' lang='lat' dir='ltr'><strong>negotiari</strong></span> <span class='ocrx_word' id='word_1_234' title='bbox 2327 1665 2555 1719; x_wconf 82' lang='lat' dir='ltr'><strong>reddidit</strong></span> <span class='ocrx_word' id='word_1_235' title='bbox 2585 1664 2635 1717; x_wconf 89' lang='lat' dir='ltr'><strong>id</strong></span> <span class='ocrx_word' id='word_1_236' title='bbox 2666 1662 2802 1732; x_wconf 85' lang='lat' dir='ltr'><strong>quod</strong></span> <span class='ocrx_word' id='word_1_237' title='bbox 2827 1661 3076 1732; x_wconf 80' lang='lat' dir='ltr'><strong>subjecit,</strong></span> <span class='ocrx_word' id='word_1_238' title='bbox 3094 1669 3248 1730; x_wconf 85' lang='lat' dir='ltr'><strong>atque</strong></span> <span class='ocrx_word' id='word_1_239' title='bbox 3274 1658 3474 1727; x_wconf 80' lang='lat' dir='ltr'><strong>agimus</strong></span> 
     </span>
    </p>
   </div>
   <div class='ocr_carea' id='block_1_32' title="bbox 1905 1753 3472 1824">
    <p class='ocr_par' dir='ltr' id='par_1_32' title="bbox 1905 1753 3472 1824">
     <span class='ocr_line' id='line_1_32' title="bbox 1905 1753 3472 1824; baseline -0.005 -14"><span class='ocrx_word' id='word_1_240' title='bbox 1905 1764 1960 1810; x_wconf 88' lang='lat' dir='ltr'><strong>ttt</strong></span> <span class='ocrx_word' id='word_1_241' title='bbox 1988 1755 2209 1824; x_wconf 90' lang='lat' dir='ltr'><strong>aliquid.</strong></span> <span class='ocrx_word' id='word_1_242' title='bbox 2227 1760 2400 1824; x_wconf 85' lang='lat' dir='ltr'><strong>Quare</strong></span> <span class='ocrx_word' id='word_1_243' title='bbox 2425 1765 2566 1811; x_wconf 88' lang='lat' dir='ltr'><strong>tanta</strong></span> <span class='ocrx_word' id='word_1_244' title='bbox 2594 1759 2852 1812; x_wconf 86' lang='lat' dir='ltr'><strong>brevitate</strong></span> <span class='ocrx_word' id='word_1_245' title='bbox 2875 1758 3044 1811; x_wconf 88' lang='lat' dir='ltr'><strong>oratio</strong></span> <span class='ocrx_word' id='word_1_246' title='bbox 3065 1753 3351 1809; x_wconf 83' lang='lat' dir='ltr'><strong>con-lricta</strong></span> <span class='ocrx_word' id='word_1_247' title='bbox 3373 1761 3472 1814; x_wconf 89' lang='lat' dir='ltr'><strong>est,</strong></span> 
     </span>
    </p>
   </div>
   <div class='ocr_carea' id='block_1_33' title="bbox 210 1835 1808 1918">
    <p class='ocr_par' dir='ltr' id='par_1_33' title="bbox 210 1835 1796 1909">
     <span class='ocr_line' id='line_1_33' title="bbox 210 1835 1796 1909; baseline 0.001 -20"><span class='ocrx_word' id='word_1_248' title='bbox 210 1835 462 1902; x_wconf 83' lang='lat' dir='ltr'><strong>impellit,</strong></span> <span class='ocrx_word' id='word_1_249' title='bbox 495 1836 712 1891; x_wconf 89' lang='lat' dir='ltr'><strong>dubium</strong></span> <span class='ocrx_word' id='word_1_250' title='bbox 747 1852 850 1890; x_wconf 90' lang='lat' dir='ltr'><strong>non</strong></span> <span class='ocrx_word' id='word_1_251' title='bbox 875 1847 958 1891; x_wconf 90' lang='lat' dir='ltr'><strong>est</strong></span> <span class='ocrx_word' id='word_1_252' title='bbox 983 1839 1107 1905; x_wconf 89' lang='lat' dir='ltr'><strong>quin</strong></span> <span class='ocrx_word' id='word_1_253' title='bbox 1129 1851 1312 1891; x_wconf 87' lang='lat' dir='ltr'><strong>vacuae</strong></span> <span class='ocrx_word' id='word_1_254' title='bbox 1338 1838 1453 1890; x_wconf 74' lang='lat' dir='ltr'><strong>i~t:e</strong></span> <span class='ocrx_word' id='word_1_255' title='bbox 1476 1838 1624 1909; x_wconf 81' lang='lat' dir='ltr'><strong>leges</strong></span> <span class='ocrx_word' id='word_1_256' title='bbox 1653 1848 1796 1904; x_wconf 88' lang='lat' dir='ltr'><strong>sunt,</strong></span> 
     </span>
    </p>
   </div>
   <div class='ocr_carea' id='block_1_34' title="bbox 1914 1835 3332 1918">
    <p class='ocr_par' dir='ltr' id='par_1_34' title="bbox 1914 1846 3332 1918">
     <span class='ocr_line' id='line_1_34' title="bbox 1914 1846 3332 1918; baseline -0.002 -16"><span class='ocrx_word' id='word_1_257' title='bbox 1914 1856 1962 1902; x_wconf 88' lang='lat' dir='ltr'><strong>ut</strong></span> <span class='ocrx_word' id='word_1_258' title='bbox 1995 1849 2047 1901; x_wconf 92' lang='lat' dir='ltr'><strong>in</strong></span> <span class='ocrx_word' id='word_1_259' title='bbox 2077 1863 2137 1904; x_wconf 89' lang='lat' dir='ltr'><strong>ea</strong></span> <span class='ocrx_word' id='word_1_260' title='bbox 2171 1859 2414 1904; x_wconf 89' lang='lat' dir='ltr'><strong>teneatur</strong></span> <span class='ocrx_word' id='word_1_261' title='bbox 2435 1851 2657 1905; x_wconf 82' lang='lat' dir='ltr'><strong>rationis</strong></span> <span class='ocrx_word' id='word_1_262' title='bbox 2683 1851 2986 1918; x_wconf 86' lang='lat' dir='ltr'><strong>ordinisque</strong></span> <span class='ocrx_word' id='word_1_263' title='bbox 3025 1846 3332 1902; x_wconf 85' lang='lat' dir='ltr'><strong>necessitas.</strong></span> 
     </span>
    </p>
   </div>
   <div class='ocr_carea' id='block_1_35' title="bbox 210 1920 1800 2000">
    <p class='ocr_par' dir='ltr' id='par_1_35' title="bbox 210 1920 1800 2000">
     <span class='ocr_line' id='line_1_35' title="bbox 210 1920 1800 2000; baseline 0.003 -18"><span class='ocrx_word' id='word_1_264' title='bbox 210 1920 331 2000; x_wconf 63' lang='lat' dir='ltr'><strong>quae</strong></span> <span class='ocrx_word' id='word_1_265' title='bbox 361 1932 490 1985; x_wconf 85' lang='lat' dir='ltr'><strong>nihil</strong></span> <span class='ocrx_word' id='word_1_266' title='bbox 535 1943 725 2000; x_wconf 91' lang='lat' dir='ltr'><strong>sponte</strong></span> <span class='ocrx_word' id='word_1_267' title='bbox 779 1932 1094 1986; x_wconf 79' lang='lat' dir='ltr'><strong>facientibus</strong></span> <span class='ocrx_word' id='word_1_268' title='bbox 1129 1941 1519 2000; x_wconf 86' lang='lat' dir='ltr'><strong>proponuntur.</strong></span> <span class='ocrx_word' id='word_1_269' title='bbox 1548 1933 1652 1986; x_wconf 88' lang='lat' dir='ltr'><strong>Sed</strong></span> <span class='ocrx_word' id='word_1_270' title='bbox 1687 1933 1800 1987; x_wconf 83' lang='lat' dir='ltr'><strong>haec</strong></span> 
     </span>
    </p>
   </div>
   <div class='ocr_carea' id='block_1_36' title="bbox 211 2022 1800 2092">
    <p class='ocr_par' dir='ltr' id='par_1_36' title="bbox 211 2022 1800 2092">
     <span class='ocr_line' id='line_1_36' title="bbox 211 2022 1800 2092; baseline 0.003 -20"><span class='ocrx_word' id='word_1_271' title='bbox 211 2036 372 2090; x_wconf 85' lang='lat' dir='ltr'><strong>quam</strong></span> <span class='ocrx_word' id='word_1_272' title='bbox 411 2023 516 2075; x_wconf 89' lang='lat' dir='ltr'><strong>sint</strong></span> <span class='ocrx_word' id='word_1_273' title='bbox 555 2023 906 2092; x_wconf 86' lang='lat' dir='ltr'><strong>impossibilia</strong></span> <span class='ocrx_word' id='word_1_274' title='bbox 933 2023 1048 2091; x_wconf 89' lang='lat' dir='ltr'><strong>ipse</strong></span> <span class='ocrx_word' id='word_1_275' title='bbox 1075 2022 1391 2077; x_wconf 83' lang='lat' dir='ltr'><strong>Aristoteles</strong></span> <span class='ocrx_word' id='word_1_276' title='bbox 1413 2023 1619 2092; x_wconf 86' lang='lat' dir='ltr'><strong>prohat,</strong></span> <span class='ocrx_word' id='word_1_277' title='bbox 1651 2023 1800 2092; x_wconf 84' lang='lat' dir='ltr'><strong>cujus</strong></span> 
     </span>
    </p>
   </div>
   <div class='ocr_carea' id='block_1_37' title="bbox 211 2115 1792 2184">
    <p class='ocr_par' dir='ltr' id='par_1_37' title="bbox 211 2115 1792 2184">
     <span class='ocr_line' id='line_1_37' title="bbox 211 2115 1792 2184; baseline 0.002 -19"><span class='ocrx_word' id='word_1_278' title='bbox 211 2122 354 2167; x_wconf 88' lang='lat' dir='ltr'><strong>recta</strong></span> <span class='ocrx_word' id='word_1_279' title='bbox 385 2115 648 2168; x_wconf 82' lang='lat' dir='ltr'><strong>sententia</strong></span> <span class='ocrx_word' id='word_1_280' title='bbox 679 2130 851 2184; x_wconf 87' lang='lat' dir='ltr'><strong>neque</strong></span> <span class='ocrx_word' id='word_1_281' title='bbox 905 2129 1107 2179; x_wconf 86' lang='lat' dir='ltr'><strong>casum,</strong></span> <span class='ocrx_word' id='word_1_282' title='bbox 1160 2127 1331 2184; x_wconf 84' lang='lat' dir='ltr'><strong>neque</strong></span> <span class='ocrx_word' id='word_1_283' title='bbox 1396 2115 1792 2177; x_wconf 88' lang='lat' dir='ltr'><strong>necessitatem,</strong></span> 
     </span>
    </p>
   </div>
   <div class='ocr_carea' id='block_1_38' title="bbox 209 2206 1802 2276">
    <p class='ocr_par' dir='ltr' id='par_1_38' title="bbox 209 2206 1802 2276">
     <span class='ocr_line' id='line_1_38' title="bbox 209 2206 1802 2276; baseline 0.002 -19"><span class='ocrx_word' id='word_1_284' title='bbox 209 2216 390 2272; x_wconf 83' lang='lat' dir='ltr'><strong>neque</strong></span> <span class='ocrx_word' id='word_1_285' title='bbox 419 2206 829 2273; x_wconf 84' lang='lat' dir='ltr'><strong>possibilitatem</strong></span> <span class='ocrx_word' id='word_1_286' title='bbox 859 2207 908 2258; x_wconf 91' lang='lat' dir='ltr'><strong>in</strong></span> <span class='ocrx_word' id='word_1_287' title='bbox 933 2217 1156 2276; x_wconf 88' lang='lat' dir='ltr'><strong>utraque</strong></span> <span class='ocrx_word' id='word_1_288' title='bbox 1189 2213 1342 2275; x_wconf 84' lang='lat' dir='ltr'><strong>parte</strong></span> <span class='ocrx_word' id='word_1_289' title='bbox 1366 2215 1591 2271; x_wconf 65' lang='lat' dir='ltr'><strong>naturae,</strong></span> <span class='ocrx_word' id='word_1_290' title='bbox 1627 2222 1802 2274; x_wconf 86' lang='lat' dir='ltr'><strong>neque</strong></span> 
     </span>
    </p>
   </div>
   <div class='ocr_carea' id='block_1_39' title="bbox 209 2293 1802 2364">
    <p class='ocr_par' dir='ltr' id='par_1_39' title="bbox 209 2293 1802 2364">
     <span class='ocr_line' id='line_1_39' title="bbox 209 2293 1802 2364; baseline 0.002 -17"><span class='ocrx_word' id='word_1_291' title='bbox 209 2293 442 2349; x_wconf 87' lang='lat' dir='ltr'><strong>liberum</strong></span> <span class='ocrx_word' id='word_1_292' title='bbox 467 2295 601 2349; x_wconf 89' lang='lat' dir='ltr'><strong>tollit</strong></span> <span class='ocrx_word' id='word_1_293' title='bbox 628 2296 925 2361; x_wconf 79' lang='lat' dir='ltr'><strong>arbitrium,</strong></span> <span class='ocrx_word' id='word_1_294' title='bbox 944 2296 1036 2350; x_wconf 57' lang='lat' dir='ltr'><strong>sed</strong></span> <span class='ocrx_word' id='word_1_295' title='bbox 1057 2305 1245 2350; x_wconf 84' lang='lat' dir='ltr'><strong>cuncta</strong></span> <span class='ocrx_word' id='word_1_296' title='bbox 1269 2296 1617 2364; x_wconf 85' lang='lat' dir='ltr'><strong>permiscens,</strong></span> <span class='ocrx_word' id='word_1_297' title='bbox 1645 2296 1802 2364; x_wconf 76' lang='lat' dir='ltr'><strong>rebus</strong></span> 
     </span>
    </p>
   </div>
   <div class='ocr_carea' id='block_1_40' title="bbox 203 2386 1804 2456">
    <p class='ocr_par' dir='ltr' id='par_1_40' title="bbox 203 2386 1804 2456">
     <span class='ocr_line' id='line_1_40' title="bbox 203 2386 1804 2456; baseline 0.003 -18"><span class='ocrx_word' id='word_1_298' title='bbox 203 2386 456 2456; x_wconf 75' lang='lat' dir='ltr'><strong>pluribus</strong></span> <span class='ocrx_word' id='word_1_299' title='bbox 483 2387 774 2440; x_wconf 82' lang='lat' dir='ltr'><strong>arbitratur</strong></span> <span class='ocrx_word' id='word_1_300' title='bbox 799 2388 1053 2441; x_wconf 89' lang='lat' dir='ltr'><strong>mundum</strong></span> <span class='ocrx_word' id='word_1_301' title='bbox 1083 2388 1434 2456; x_wconf 89' lang='lat' dir='ltr'><strong>compositum</strong></span> <span class='ocrx_word' id='word_1_302' title='bbox 1465 2403 1568 2444; x_wconf 91' lang='lat' dir='ltr'><strong>non</strong></span> <span class='ocrx_word' id='word_1_303' title='bbox 1595 2389 1804 2455; x_wconf 83' lang='lat' dir='ltr'><strong>simpli-</strong></span> 
     </span>
    </p>
   </div>
   <div class='ocr_carea' id='block_1_41' title="bbox 217 2479 1805 2550">
    <p class='ocr_par' dir='ltr' id='par_1_41' title="bbox 217 2479 1805 2550">
     <span class='ocr_line' id='line_1_41' title="bbox 217 2479 1805 2550; baseline -0.001 -18"><span class='ocrx_word' id='word_1_304' title='bbox 217 2479 268 2532; x_wconf 79' lang='lat' dir='ltr'><strong>ci</strong></span> <span class='ocrx_word' id='word_1_305' title='bbox 293 2481 375 2533; x_wconf 83' lang='lat' dir='ltr'><strong>vel</strong></span> <span class='ocrx_word' id='word_1_306' title='bbox 417 2495 566 2542; x_wconf 87' lang='lat' dir='ltr'><strong>casu,</strong></span> <span class='ocrx_word' id='word_1_307' title='bbox 599 2482 678 2533; x_wconf 91' lang='lat' dir='ltr'><strong>vel</strong></span> <span class='ocrx_word' id='word_1_308' title='bbox 707 2479 1049 2544; x_wconf 76' lang='lat' dir='ltr'><strong>necessitate,</strong></span> <span class='ocrx_word' id='word_1_309' title='bbox 1077 2480 1161 2534; x_wconf 91' lang='lat' dir='ltr'><strong>vel</strong></span> <span class='ocrx_word' id='word_1_310' title='bbox 1187 2480 1370 2534; x_wconf 72' lang='lat' dir='ltr'><strong>liberm</strong></span> <span class='ocrx_word' id='word_1_311' title='bbox 1397 2481 1683 2535; x_wconf 81' lang='lat' dir='ltr'><strong>voluntatis</strong></span> <span class='ocrx_word' id='word_1_312' title='bbox 1713 2481 1805 2550; x_wconf 84' lang='lat' dir='ltr'><strong>ju-</strong></span> 
     </span>
    </p>
   </div>
   <div class='ocr_carea' id='block_1_42' title="bbox 215 2568 1805 2637">
    <p class='ocr_par' dir='ltr' id='par_1_42' title="bbox 215 2568 1805 2637">
     <span class='ocr_line' id='line_1_42' title="bbox 215 2568 1805 2637; baseline 0.001 -15"><span class='ocrx_word' id='word_1_313' title='bbox 215 2568 359 2622; x_wconf 82' lang='lat' dir='ltr'><strong>dicio</strong></span> <span class='ocrx_word' id='word_1_314' title='bbox 387 2570 667 2623; x_wconf 76' lang='lat' dir='ltr'><strong>contineri.</strong></span> <span class='ocrx_word' id='word_1_315' title='bbox 703 2569 854 2634; x_wconf 84' lang='lat' dir='ltr'><strong>Quod</strong></span> <span class='ocrx_word' id='word_1_316' title='bbox 884 2570 927 2623; x_wconf 90' lang='lat' dir='ltr'><strong>si</strong></span> <span class='ocrx_word' id='word_1_317' title='bbox 950 2570 1064 2622; x_wconf 69' lang='lat' dir='ltr'><strong>htec</strong></span> <span class='ocrx_word' id='word_1_318' title='bbox 1095 2583 1200 2623; x_wconf 91' lang='lat' dir='ltr'><strong>non</strong></span> <span class='ocrx_word' id='word_1_319' title='bbox 1223 2577 1347 2622; x_wconf 90' lang='lat' dir='ltr'><strong>sunt</strong></span> <span class='ocrx_word' id='word_1_320' title='bbox 1397 2569 1696 2637; x_wconf 72' lang='lat' dir='ltr'><strong>possibilia,</strong></span> <span class='ocrx_word' id='word_1_321' title='bbox 1729 2570 1805 2623; x_wconf 82' lang='lat' dir='ltr'><strong>vi-</strong></span> 
     </span>
    </p>
   </div>
   <div class='ocr_carea' id='block_1_43' title="bbox 213 2663 1805 2734">
    <p class='ocr_par' dir='ltr' id='par_1_43' title="bbox 213 2663 1805 2734">
     <span class='ocr_line' id='line_1_43' title="bbox 213 2663 1805 2734; baseline -0.003 -13"><span class='ocrx_word' id='word_1_322' title='bbox 213 2667 408 2721; x_wconf 85' lang='lat' dir='ltr'><strong>demus</strong></span> <span class='ocrx_word' id='word_1_323' title='bbox 450 2667 590 2720; x_wconf 88' lang='lat' dir='ltr'><strong>enim</strong></span> <span class='ocrx_word' id='word_1_324' title='bbox 640 2680 761 2720; x_wconf 63' lang='lat' dir='ltr'><strong>eSse</strong></span> <span class='ocrx_word' id='word_1_325' title='bbox 803 2665 1122 2734; x_wconf 79' lang='lat' dir='ltr'><strong>principium</strong></span> <span class='ocrx_word' id='word_1_326' title='bbox 1182 2665 1478 2718; x_wconf 89' lang='lat' dir='ltr'><strong>futurorum</strong></span> <span class='ocrx_word' id='word_1_327' title='bbox 1530 2675 1583 2718; x_wconf 89' lang='lat' dir='ltr'><strong>et</strong></span> <span class='ocrx_word' id='word_1_328' title='bbox 1633 2663 1700 2717; x_wconf 91' lang='lat' dir='ltr'><strong>ab</strong></span> <span class='ocrx_word' id='word_1_329' title='bbox 1739 2679 1805 2717; x_wconf 88' lang='lat' dir='ltr'><strong>eo</strong></span> 
     </span>
    </p>
   </div>
   <div class='ocr_carea' id='block_1_44' title="bbox 218 2755 1801 2828">
    <p class='ocr_par' dir='ltr' id='par_1_44' title="bbox 218 2755 1801 2828">
     <span class='ocr_line' id='line_1_44' title="bbox 218 2755 1801 2828; baseline -0.003 -16"><span class='ocrx_word' id='word_1_330' title='bbox 218 2759 362 2828; x_wconf 86' lang='lat' dir='ltr'><strong>quod</strong></span> <span class='ocrx_word' id='word_1_331' title='bbox 386 2758 734 2812; x_wconf 87' lang='lat' dir='ltr'><strong>consiliamur</strong></span> <span class='ocrx_word' id='word_1_332' title='bbox 760 2767 920 2827; x_wconf 88' lang='lat' dir='ltr'><strong>atque</strong></span> <span class='ocrx_word' id='word_1_333' title='bbox 947 2759 1151 2825; x_wconf 81' lang='lat' dir='ltr'><strong>agimus</strong></span> <span class='ocrx_word' id='word_1_334' title='bbox 1172 2756 1394 2824; x_wconf 89' lang='lat' dir='ltr'><strong>aliquid.</strong></span> <span class='ocrx_word' id='word_1_335' title='bbox 1428 2755 1801 2824; x_wconf 89' lang='lat' dir='ltr'><strong>lmpossibilia,</strong></span> 
     </span>
    </p>
   </div>
   <div class='ocr_carea' id='block_1_45' title="bbox 219 2846 1802 2918">
    <p class='ocr_par' dir='ltr' id='par_1_45' title="bbox 219 2846 1802 2918">
     <span class='ocr_line' id='line_1_45' title="bbox 219 2846 1802 2918; baseline -0.003 -13"><span class='ocrx_word' id='word_1_336' title='bbox 219 2852 416 2918; x_wconf 83' lang='lat' dir='ltr'><strong>inquit,</strong></span> <span class='ocrx_word' id='word_1_337' title='bbox 445 2852 543 2903; x_wconf 83' lang='lat' dir='ltr'><strong>ista</strong></span> <span class='ocrx_word' id='word_1_338' title='bbox 573 2857 696 2903; x_wconf 86' lang='lat' dir='ltr'><strong>sunt</strong></span> <span class='ocrx_word' id='word_1_339' title='bbox 718 2858 776 2902; x_wconf 87' lang='lat' dir='ltr'><strong>ut</strong></span> <span class='ocrx_word' id='word_1_340' title='bbox 802 2851 982 2902; x_wconf 84' lang='lat' dir='ltr'><strong>omnia</strong></span> <span class='ocrx_word' id='word_1_341' title='bbox 1013 2865 1076 2902; x_wconf 80' lang='lat' dir='ltr'><strong>t-x</strong></span> <span class='ocrx_word' id='word_1_342' title='bbox 1106 2850 1426 2903; x_wconf 86' lang='lat' dir='ltr'><strong>necessitate</strong></span> <span class='ocrx_word' id='word_1_343' title='bbox 1467 2846 1802 2916; x_wconf 81' lang='lat' dir='ltr'><strong>proveniant.</strong></span> 
     </span>
    </p>
   </div>
   <div class='ocr_carea' id='block_1_46' title="bbox 217 2940 1804 3011">
    <p class='ocr_par' dir='ltr' id='par_1_46' title="bbox 217 2940 1804 3011">
     <span class='ocr_line' id='line_1_46' title="bbox 217 2940 1804 3011; baseline -0.006 -12"><span class='ocrx_word' id='word_1_344' title='bbox 217 2944 417 2999; x_wconf 86' lang='lat' dir='ltr'><strong>Sumus</strong></span> <span class='ocrx_word' id='word_1_345' title='bbox 448 2944 588 2997; x_wconf 89' lang='lat' dir='ltr'><strong>enim</strong></span> <span class='ocrx_word' id='word_1_346' title='bbox 613 2943 966 3011; x_wconf 86' lang='lat' dir='ltr'><strong>quorumdam</strong></span> <span class='ocrx_word' id='word_1_347' title='bbox 998 2955 1094 2995; x_wconf 90' lang='lat' dir='ltr'><strong>nos</strong></span> <span class='ocrx_word' id='word_1_348' title='bbox 1133 2941 1235 3010; x_wconf 86' lang='lat' dir='ltr'><strong>ipsi</strong></span> <span class='ocrx_word' id='word_1_349' title='bbox 1267 2956 1478 3011; x_wconf 84' lang='lat' dir='ltr'><strong>quoque</strong></span> <span class='ocrx_word' id='word_1_350' title='bbox 1522 2940 1804 3010; x_wconf 89' lang='lat' dir='ltr'><strong>principia,</strong></span> 
     </span>
    </p>
   </div>
   <div class='ocr_carea' id='block_1_47' title="bbox 218 3033 1806 3101">
    <p class='ocr_par' dir='ltr' id='par_1_47' title="bbox 218 3033 1806 3101">
     <span class='ocr_line' id='line_1_47' title="bbox 218 3033 1806 3101; baseline -0.005 -9"><span class='ocrx_word' id='word_1_351' title='bbox 218 3046 276 3092; x_wconf 83' lang='lat' dir='ltr'><strong>et</strong></span> <span class='ocrx_word' id='word_1_352' title='bbox 301 3035 511 3089; x_wconf 78' lang='lat' dir='ltr'><strong>animus</strong></span> <span class='ocrx_word' id='word_1_353' title='bbox 550 3045 729 3089; x_wconf 90' lang='lat' dir='ltr'><strong>noster</strong></span> <span class='ocrx_word' id='word_1_354' title='bbox 757 3036 968 3088; x_wconf 88' lang='lat' dir='ltr'><strong>ratione</strong></span> <span class='ocrx_word' id='word_1_355' title='bbox 1013 3034 1293 3100; x_wconf 79' lang='lat' dir='ltr'><strong>formatus,</strong></span> <span class='ocrx_word' id='word_1_356' title='bbox 1324 3033 1670 3101; x_wconf 85' lang='lat' dir='ltr'><strong>actionesque</strong></span> <span class='ocrx_word' id='word_1_357' title='bbox 1710 3046 1806 3084; x_wconf 92' lang='lat' dir='ltr'><strong>no-</strong></span> 
     </span>
    </p>
   </div>
   <div class='ocr_carea' id='block_1_48' title="bbox 220 3122 1807 3194">
    <p class='ocr_par' dir='ltr' id='par_1_48' title="bbox 220 3122 1807 3194">
     <span class='ocr_line' id='line_1_48' title="bbox 220 3122 1807 3194; baseline -0.006 -11"><span class='ocrx_word' id='word_1_358' title='bbox 220 3139 352 3184; x_wconf 76' lang='lat' dir='ltr'><strong>stra:</strong></span> <span class='ocrx_word' id='word_1_359' title='bbox 393 3144 453 3183; x_wconf 88' lang='lat' dir='ltr'><strong>ea</strong></span> <span class='ocrx_word' id='word_1_360' title='bbox 487 3128 688 3182; x_wconf 87' lang='lat' dir='ltr'><strong>ratione</strong></span> <span class='ocrx_word' id='word_1_361' title='bbox 714 3127 933 3181; x_wconf 67' lang='lat' dir='ltr'><strong>directa)</strong></span> <span class='ocrx_word' id='word_1_362' title='bbox 963 3124 1312 3194; x_wconf 87' lang='lat' dir='ltr'><strong>quarumdam</strong></span> <span class='ocrx_word' id='word_1_363' title='bbox 1373 3137 1550 3176; x_wconf 86' lang='lat' dir='ltr'><strong>rerum</strong></span> <span class='ocrx_word' id='word_1_364' title='bbox 1609 3122 1807 3192; x_wconf 90' lang='lat' dir='ltr'><strong>princi-</strong></span> 
     </span>
    </p>
   </div>
   <div class='ocr_carea' id='block_1_49' title="bbox 1977 1940 3477 2024">
    <p class='ocr_par' dir='ltr' id='par_1_49' title="bbox 1977 1940 3477 2024">
     <span class='ocr_line' id='line_1_49' title="bbox 1977 1940 3477 2024; baseline -0.002 -31"><span class='ocrx_word' id='word_1_365' title='bbox 1977 1940 2043 1994; x_wconf 84' lang='lat' dir='ltr'><strong>Et</strong></span> <span class='ocrx_word' id='word_1_366' title='bbox 2075 1943 2317 2013; x_wconf 83' lang='lat' dir='ltr'><strong>quoniam</strong></span> <span class='ocrx_word' id='word_1_367' title='bbox 2347 1952 2418 1996; x_wconf 86' lang='lat' dir='ltr'><strong>est</strong></span> <span class='ocrx_word' id='word_1_368' title='bbox 2449 1942 2652 1995; x_wconf 84' lang='lat' dir='ltr'><strong>omnino</strong></span> <span class='ocrx_word' id='word_1_369' title='bbox 2673 1942 2725 1995; x_wconf 86' lang='lat' dir='ltr'><strong>in</strong></span> <span class='ocrx_word' id='word_1_370' title='bbox 2757 1941 2834 1994; x_wconf 81' lang='lat' dir='ltr'><strong>his</strong></span> <span class='ocrx_word' id='word_1_371' title='bbox 2863 1957 2975 2008; x_wconf 67' lang='lat' dir='ltr'><strong>quae</strong></span> <span class='ocrx_word' id='word_1_372' title='bbox 2998 1957 3097 1993; x_wconf 84' lang='lat' dir='ltr'><strong>non</strong></span> <span class='ocrx_word' id='word_1_373' title='bbox 3146 1956 3340 2024; x_wconf 83' lang='lat' dir='ltr'><strong>semper</strong></span> <span class='ocrx_word' id='word_1_374' title='bbox 3361 1949 3477 1990; x_wconf 78' lang='lat' dir='ltr'><strong>actu</strong></span> 
     </span>
    </p>
   </div>
   <div class='ocr_carea' id='block_1_50' title="bbox 1903 2029 3478 2104">
    <p class='ocr_par' dir='ltr' id='par_1_50' title="bbox 1903 2029 3478 2104">
     <span class='ocr_line' id='line_1_50' title="bbox 1903 2029 3478 2104; baseline -0.004 -17"><span class='ocrx_word' id='word_1_375' title='bbox 1903 2043 2048 2097; x_wconf 83' lang='lat' dir='ltr'><strong>sunt,</strong></span> <span class='ocrx_word' id='word_1_376' title='bbox 2097 2031 2337 2104; x_wconf 77' lang='lat' dir='ltr'><strong>possibile</strong></span> <span class='ocrx_word' id='word_1_377' title='bbox 2380 2049 2485 2086; x_wconf 83' lang='lat' dir='ltr'><strong>esse</strong></span> <span class='ocrx_word' id='word_1_378' title='bbox 2531 2042 2580 2086; x_wconf 86' lang='lat' dir='ltr'><strong>et</strong></span> <span class='ocrx_word' id='word_1_379' title='bbox 2618 2048 2718 2086; x_wconf 87' lang='lat' dir='ltr'><strong>non</strong></span> <span class='ocrx_word' id='word_1_380' title='bbox 2765 2049 2870 2086; x_wconf 81' lang='lat' dir='ltr'><strong>esse</strong></span> <span class='ocrx_word' id='word_1_381' title='bbox 2920 2030 3180 2098; x_wconf 65' lang='lat' dir='ltr'><strong>similiter,</strong></span> <span class='ocrx_word' id='word_1_382' title='bbox 3215 2029 3478 2098; x_wconf 82' lang='lat' dir='ltr'><strong>inquibus</strong></span> 
     </span>
    </p>
   </div>
   <div class='ocr_carea' id='block_1_51' title="bbox 1905 2121 3478 2192">
    <p class='ocr_par' dir='ltr' id='par_1_51' title="bbox 1905 2121 3478 2192">
     <span class='ocr_line' id='line_1_51' title="bbox 1905 2121 3478 2192; baseline -0.003 -16"><span class='ocrx_word' id='word_1_383' title='bbox 1905 2133 2175 2191; x_wconf 86' lang='lat' dir='ltr'><strong>utrumque</strong></span> <span class='ocrx_word' id='word_1_384' title='bbox 2200 2125 2474 2192; x_wconf 85' lang='lat' dir='ltr'><strong>contingit,</strong></span> <span class='ocrx_word' id='word_1_385' title='bbox 2513 2133 2562 2178; x_wconf 85' lang='lat' dir='ltr'><strong>et</strong></span> <span class='ocrx_word' id='word_1_386' title='bbox 2601 2139 2708 2178; x_wconf 75' lang='lat' dir='ltr'><strong>esse</strong></span> <span class='ocrx_word' id='word_1_387' title='bbox 2745 2135 2789 2177; x_wconf 88' lang='lat' dir='ltr'><strong>et</strong></span> <span class='ocrx_word' id='word_1_388' title='bbox 2812 2139 2910 2176; x_wconf 86' lang='lat' dir='ltr'><strong>non</strong></span> <span class='ocrx_word' id='word_1_389' title='bbox 2933 2139 3057 2176; x_wconf 82' lang='lat' dir='ltr'><strong>esse.</strong></span> <span class='ocrx_word' id='word_1_390' title='bbox 3087 2122 3256 2186; x_wconf 80' lang='lat' dir='ltr'><strong>Quare</strong></span> <span class='ocrx_word' id='word_1_391' title='bbox 3293 2121 3403 2190; x_wconf 79' lang='lat' dir='ltr'><strong>fieri</strong></span> <span class='ocrx_word' id='word_1_392' title='bbox 3432 2127 3478 2172; x_wconf 87' lang='lat' dir='ltr'><strong>et</strong></span> 
     </span>
    </p>
   </div>
   <div class='ocr_carea' id='block_1_52' title="bbox 1905 2212 3578 2298">
    <p class='ocr_par' dir='ltr' id='par_1_52' title="bbox 1905 2212 3578 2298">
     <span class='ocr_line' id='line_1_52' title="bbox 1905 2212 3578 2298; baseline -0.004 -29"><span class='ocrx_word' id='word_1_393' title='bbox 1905 2233 2005 2270; x_wconf 84' lang='lat' dir='ltr'><strong>non</strong></span> <span class='ocrx_word' id='word_1_394' title='bbox 2191 2216 2264 2268; x_wconf 82' lang='lat' dir='ltr'><strong>Ac</strong></span> <span class='ocrx_word' id='word_1_395' title='bbox 2304 2216 2465 2268; x_wconf 86' lang='lat' dir='ltr'><strong>multa</strong></span> <span class='ocrx_word' id='word_1_396' title='bbox 2492 2216 2636 2269; x_wconf 86' lang='lat' dir='ltr'><strong>nobis</strong></span> <span class='ocrx_word' id='word_1_397' title='bbox 2664 2217 2937 2284; x_wconf 70' lang='lat' dir='ltr'><strong>manifesta</strong></span> <span class='ocrx_word' id='word_1_398' title='bbox 2966 2223 3082 2268; x_wconf 71' lang='lat' dir='ltr'><strong>sunt</strong></span> <span class='ocrx_word' id='word_1_399' title='bbox 3111 2214 3184 2266; x_wconf 83' lang='lat' dir='ltr'><strong>sic</strong></span> <span class='ocrx_word' id='word_1_400' title='bbox 3213 2227 3264 2266; x_wconf 83' lang='lat' dir='ltr'><strong>se</strong></span> <span class='ocrx_word' id='word_1_401' title='bbox 3290 2212 3480 2264; x_wconf 78' lang='lat' dir='ltr'><strong>haben-</strong></span> <span class='ocrx_word' id='word_1_402' title='bbox 3563 2218 3578 2230; x_wconf 91' lang='lat'><strong><em>&#39;</em></strong></span> 
     </span>
    </p>
   </div>
   <div class='ocr_carea' id='block_1_53' title="bbox 1905 2304 3480 2378">
    <p class='ocr_par' dir='ltr' id='par_1_53' title="bbox 1905 2304 3480 2378">
     <span class='ocr_line' id='line_1_53' title="bbox 1905 2304 3480 2378; baseline -0.006 -14"><span class='ocrx_word' id='word_1_403' title='bbox 1905 2311 1995 2376; x_wconf 87' lang='lat' dir='ltr'><strong>tia,</strong></span> <span class='ocrx_word' id='word_1_404' title='bbox 2023 2319 2077 2363; x_wconf 86' lang='lat' dir='ltr'><strong>ut</strong></span> <span class='ocrx_word' id='word_1_405' title='bbox 2102 2310 2238 2378; x_wconf 85' lang='lat' dir='ltr'><strong>quod</strong></span> <span class='ocrx_word' id='word_1_406' title='bbox 2263 2308 2400 2362; x_wconf 82' lang='lat' dir='ltr'><strong>hanc</strong></span> <span class='ocrx_word' id='word_1_407' title='bbox 2423 2320 2604 2364; x_wconf 76' lang='lat' dir='ltr'><strong>restem</strong></span> <span class='ocrx_word' id='word_1_408' title='bbox 2634 2309 2870 2378; x_wconf 76' lang='lat' dir='ltr'><strong>possibile</strong></span> <span class='ocrx_word' id='word_1_409' title='bbox 2894 2319 2965 2362; x_wconf 81' lang='lat' dir='ltr'><strong>est</strong></span> <span class='ocrx_word' id='word_1_410' title='bbox 3008 2307 3164 2360; x_wconf 83' lang='lat' dir='ltr'><strong>incidi</strong></span> <span class='ocrx_word' id='word_1_411' title='bbox 3188 2317 3231 2358; x_wconf 89' lang='lat' dir='ltr'><strong>et</strong></span> <span class='ocrx_word' id='word_1_412' title='bbox 3264 2321 3376 2370; x_wconf 74' lang='lat' dir='ltr'><strong>non</strong></span> <span class='ocrx_word' id='word_1_413' title='bbox 3395 2304 3480 2355; x_wconf 86' lang='lat' dir='ltr'><strong>in-</strong></span> 
     </span>
    </p>
   </div>
   <div class='ocr_carea' id='block_1_54' title="bbox 1905 2396 3520 2472">
    <p class='ocr_par' dir='ltr' id='par_1_54' title="bbox 1905 2396 3520 2472">
     <span class='ocr_line' id='line_1_54' title="bbox 1905 2396 3520 2472; baseline -0.006 -16"><span class='ocrx_word' id='word_1_414' title='bbox 1905 2402 2122 2465; x_wconf 85' lang='lat' dir='ltr'><strong>cidetur,</strong></span> <span class='ocrx_word' id='word_1_415' title='bbox 2145 2402 2234 2454; x_wconf 81' lang='lat' dir='ltr'><strong>sed</strong></span> <span class='ocrx_word' id='word_1_416' title='bbox 2259 2403 2402 2472; x_wconf 81' lang='lat' dir='ltr'><strong>prius</strong></span> <span class='ocrx_word' id='word_1_417' title='bbox 2432 2409 2706 2466; x_wconf 75' lang='lat' dir='ltr'><strong>exteretur,</strong></span> <span class='ocrx_word' id='word_1_418' title='bbox 2731 2401 2964 2456; x_wconf 80' lang='lat' dir='ltr'><strong>similiter</strong></span> <span class='ocrx_word' id='word_1_419' title='bbox 2992 2408 3160 2450; x_wconf 86' lang='lat' dir='ltr'><strong>autem</strong></span> <span class='ocrx_word' id='word_1_420' title='bbox 3195 2406 3242 2448; x_wconf 87' lang='lat' dir='ltr'><strong>et</strong></span> <span class='ocrx_word' id='word_1_421' title='bbox 3273 2411 3369 2447; x_wconf 88' lang='lat' dir='ltr'><strong>non</strong></span> <span class='ocrx_word' id='word_1_422' title='bbox 3397 2396 3480 2447; x_wconf 86' lang='lat' dir='ltr'><strong>in-</strong></span> <span class='ocrx_word' id='word_1_423' title='bbox 3517 2399 3520 2402; x_wconf 86' lang='grc'><em>’</em></span> 
     </span>
    </p>
   </div>
   <div class='ocr_carea' id='block_1_55' title="bbox 1905 2483 3482 2563">
    <p class='ocr_par' dir='ltr' id='par_1_55' title="bbox 1905 2483 3482 2563">
     <span class='ocr_line' id='line_1_55' title="bbox 1905 2483 3482 2563; baseline -0.006 -17"><span class='ocrx_word' id='word_1_424' title='bbox 1905 2493 2007 2547; x_wconf 84' lang='lat' dir='ltr'><strong>cidi</strong></span> <span class='ocrx_word' id='word_1_425' title='bbox 2046 2493 2282 2563; x_wconf 73' lang='lat' dir='ltr'><strong>possibile</strong></span> <span class='ocrx_word' id='word_1_426' title='bbox 2311 2501 2403 2545; x_wconf 81' lang='lat' dir='ltr'><strong>est.</strong></span> <span class='ocrx_word' id='word_1_427' title='bbox 2440 2489 2558 2544; x_wconf 82' lang='lat' dir='ltr'><strong>Non</strong></span> <span class='ocrx_word' id='word_1_428' title='bbox 2583 2491 2716 2544; x_wconf 81' lang='lat' dir='ltr'><strong>enim</strong></span> <span class='ocrx_word' id='word_1_429' title='bbox 2761 2500 2886 2542; x_wconf 79' lang='lat' dir='ltr'><strong>esset</strong></span> <span class='ocrx_word' id='word_1_430' title='bbox 2933 2488 3173 2556; x_wconf 74' lang='lat' dir='ltr'><strong>possibile</strong></span> <span class='ocrx_word' id='word_1_431' title='bbox 3202 2501 3311 2537; x_wconf 87' lang='lat' dir='ltr'><strong>eam</strong></span> <span class='ocrx_word' id='word_1_432' title='bbox 3341 2483 3482 2552; x_wconf 87' lang='lat' dir='ltr'><strong>prius</strong></span> 
     </span>
    </p>
   </div>
   <div class='ocr_carea' id='block_1_56' title="bbox 1907 2575 3483 2662">
    <p class='ocr_par' dir='ltr' id='par_1_56' title="bbox 1907 2575 3483 2662">
     <span class='ocr_line' id='line_1_56' title="bbox 1907 2575 3483 2662; baseline -0.008 -23"><span class='ocrx_word' id='word_1_433' title='bbox 1907 2586 2086 2651; x_wconf 71' lang='lat' dir='ltr'><strong>exteri,</strong></span> <span class='ocrx_word' id='word_1_434' title='bbox 2119 2587 2221 2638; x_wconf 86' lang='lat' dir='ltr'><strong>nisi</strong></span> <span class='ocrx_word' id='word_1_435' title='bbox 2248 2583 2487 2662; x_wconf 79' lang='lat' dir='ltr'><strong>possibile</strong></span> <span class='ocrx_word' id='word_1_436' title='bbox 2520 2594 2643 2637; x_wconf 80' lang='lat' dir='ltr'><strong>esset</strong></span> <span class='ocrx_word' id='word_1_437' title='bbox 2673 2599 2772 2636; x_wconf 87' lang='lat' dir='ltr'><strong>non</strong></span> <span class='ocrx_word' id='word_1_438' title='bbox 2803 2581 2978 2646; x_wconf 78' lang='lat' dir='ltr'><strong>incidi.</strong></span> <span class='ocrx_word' id='word_1_439' title='bbox 3015 2580 3182 2646; x_wconf 80' lang='lat' dir='ltr'><strong>Quare</strong></span> <span class='ocrx_word' id='word_1_440' title='bbox 3211 2588 3254 2631; x_wconf 90' lang='lat' dir='ltr'><strong>et</strong></span> <span class='ocrx_word' id='word_1_441' title='bbox 3285 2578 3335 2640; x_wconf 78' lang='lat' dir='ltr'><strong>in</strong></span> <span class='ocrx_word' id='word_1_442' title='bbox 3367 2575 3483 2628; x_wconf 87' lang='lat' dir='ltr'><strong>aliis</strong></span> 
     </span>
    </p>
   </div>
   <div class='ocr_carea' id='block_1_57' title="bbox 1913 2669 3481 2748">
    <p class='ocr_par' dir='ltr' id='par_1_57' title="bbox 1913 2669 3481 2748">
     <span class='ocr_line' id='line_1_57' title="bbox 1913 2669 3481 2748; baseline -0.007 -19"><span class='ocrx_word' id='word_1_443' title='bbox 1913 2677 2095 2744; x_wconf 83' lang='lat' dir='ltr'><strong>[iendis</strong></span> <span class='ocrx_word' id='word_1_444' title='bbox 2121 2693 2236 2748; x_wconf 77' lang='lat' dir='ltr'><strong>qua-</strong></span> <span class='ocrx_word' id='word_1_445' title='bbox 2265 2677 2545 2728; x_wconf 81' lang='lat' dir='ltr'><strong>serundum</strong></span> <span class='ocrx_word' id='word_1_446' title='bbox 2591 2675 2864 2741; x_wconf 73' lang='lat' dir='ltr'><strong>potentiam</strong></span> <span class='ocrx_word' id='word_1_447' title='bbox 2895 2669 3185 2738; x_wconf 84' lang='lat' dir='ltr'><strong>hujusmodi</strong></span> <span class='ocrx_word' id='word_1_448' title='bbox 3221 2669 3481 2720; x_wconf 74' lang='lat' dir='ltr'><strong>dicuntur.</strong></span> 
     </span>
    </p>
   </div>
   <div class='ocr_carea' id='block_1_58' title="bbox 1910 2761 3484 2838">
    <p class='ocr_par' dir='ltr' id='par_1_58' title="bbox 1910 2761 3484 2838">
     <span class='ocr_line' id='line_1_58' title="bbox 1910 2761 3484 2838; baseline -0.009 -16"><span class='ocrx_word' id='word_1_449' title='bbox 1910 2767 2240 2838; x_wconf 77' lang='lat' dir='ltr'><strong>Manifestum</strong></span> <span class='ocrx_word' id='word_1_450' title='bbox 2272 2768 2429 2836; x_wconf 79' lang='lat' dir='ltr'><strong>igitur</strong></span> <span class='ocrx_word' id='word_1_451' title='bbox 2457 2775 2559 2829; x_wconf 85' lang='lat' dir='ltr'><strong>est,</strong></span> <span class='ocrx_word' id='word_1_452' title='bbox 2605 2766 2842 2832; x_wconf 82' lang='lat' dir='ltr'><strong>qumtiam</strong></span> <span class='ocrx_word' id='word_1_453' title='bbox 2886 2778 2987 2815; x_wconf 84' lang='lat' dir='ltr'><strong>non</strong></span> <span class='ocrx_word' id='word_1_454' title='bbox 3017 2761 3186 2813; x_wconf 84' lang='lat' dir='ltr'><strong>omnia</strong></span> <span class='ocrx_word' id='word_1_455' title='bbox 3224 2775 3287 2812; x_wconf 84' lang='lat' dir='ltr'><strong>ea:</strong></span> <span class='ocrx_word' id='word_1_456' title='bbox 3315 2772 3484 2809; x_wconf 85' lang='lat' dir='ltr'><strong>neces-</strong></span> 
     </span>
    </p>
   </div>
   <div class='ocr_carea' id='block_1_59' title="bbox 1908 2849 3483 2924">
    <p class='ocr_par' dir='ltr' id='par_1_59' title="bbox 1908 2849 3483 2924">
     <span class='ocr_line' id='line_1_59' title="bbox 1908 2849 3483 2924; baseline -0.009 -11"><span class='ocrx_word' id='word_1_457' title='bbox 1908 2860 2057 2913; x_wconf 85' lang='lat' dir='ltr'><strong>sitate</strong></span> <span class='ocrx_word' id='word_1_458' title='bbox 2084 2860 2163 2912; x_wconf 81' lang='lat' dir='ltr'><strong>vel</strong></span> <span class='ocrx_word' id='word_1_459' title='bbox 2193 2866 2311 2910; x_wconf 85' lang='lat' dir='ltr'><strong>sunt</strong></span> <span class='ocrx_word' id='word_1_460' title='bbox 2338 2859 2413 2910; x_wconf 58' lang='lat' dir='ltr'><strong>vel</strong></span> <span class='ocrx_word' id='word_1_461' title='bbox 2439 2856 2590 2924; x_wconf 86' lang='lat' dir='ltr'><strong>ﬁunt,</strong></span> <span class='ocrx_word' id='word_1_462' title='bbox 2619 2857 2707 2909; x_wconf 80' lang='lat' dir='ltr'><strong>sed</strong></span> <span class='ocrx_word' id='word_1_463' title='bbox 2728 2857 2833 2909; x_wconf 85' lang='lat' dir='ltr'><strong>alia</strong></span> <span class='ocrx_word' id='word_1_464' title='bbox 2857 2855 3059 2922; x_wconf 80' lang='lat' dir='ltr'><strong>quidem</strong></span> <span class='ocrx_word' id='word_1_465' title='bbox 3083 2849 3372 2904; x_wconf 87' lang='lat' dir='ltr'><strong>utrumlibet</strong></span> <span class='ocrx_word' id='word_1_466' title='bbox 3397 2887 3412 2911; x_wconf 94' lang='lat'><strong>,</strong></span> <span class='ocrx_word' id='word_1_467' title='bbox 3437 2859 3483 2900; x_wconf 86' lang='lat' dir='ltr'><strong>et</strong></span> 
     </span>
    </p>
   </div>
   <div class='ocr_carea' id='block_1_60' title="bbox 1909 2942 3486 3020">
    <p class='ocr_par' dir='ltr' id='par_1_60' title="bbox 1909 2942 3486 3020">
     <span class='ocr_line' id='line_1_60' title="bbox 1909 2942 3486 3020; baseline -0.006 -18"><span class='ocrx_word' id='word_1_468' title='bbox 1909 2966 2008 3002; x_wconf 86' lang='lat' dir='ltr'><strong>non</strong></span> <span class='ocrx_word' id='word_1_469' title='bbox 2041 2949 2204 3020; x_wconf 82' lang='lat' dir='ltr'><strong>magis</strong></span> <span class='ocrx_word' id='word_1_470' title='bbox 2235 2948 2311 3000; x_wconf 82' lang='lat' dir='ltr'><strong>vel</strong></span> <span class='ocrx_word' id='word_1_471' title='bbox 2351 2947 2618 3017; x_wconf 71' lang='lat' dir='ltr'><strong>afﬁrmatio</strong></span> <span class='ocrx_word' id='word_1_472' title='bbox 2647 2945 2721 3000; x_wconf 81' lang='lat' dir='ltr'><strong>rel</strong></span> <span class='ocrx_word' id='word_1_473' title='bbox 2742 2948 2942 3016; x_wconf 80' lang='lat' dir='ltr'><strong>negatio</strong></span> <span class='ocrx_word' id='word_1_474' title='bbox 2980 2960 3095 2997; x_wconf 82' lang='lat' dir='ltr'><strong>uera</strong></span> <span class='ocrx_word' id='word_1_475' title='bbox 3122 2952 3214 3008; x_wconf 82' lang='lat' dir='ltr'><strong>est,</strong></span> <span class='ocrx_word' id='word_1_476' title='bbox 3245 2942 3348 2994; x_wconf 87' lang='lat' dir='ltr'><strong>alia</strong></span> <span class='ocrx_word' id='word_1_477' title='bbox 3369 2954 3486 2992; x_wconf 84' lang='lat' dir='ltr'><strong>vero</strong></span> 
     </span>
    </p>
   </div>
   <div class='ocr_carea' id='block_1_61' title="bbox 1911 3034 3486 3111">
    <p class='ocr_par' dir='ltr' id='par_1_61' title="bbox 1911 3034 3486 3111">
     <span class='ocr_line' id='line_1_61' title="bbox 1911 3034 3486 3111; baseline -0.006 -17"><span class='ocrx_word' id='word_1_478' title='bbox 1911 3041 2074 3111; x_wconf 82' lang='lat' dir='ltr'><strong>magis</strong></span> <span class='ocrx_word' id='word_1_479' title='bbox 2113 3041 2318 3110; x_wconf 81' lang='lat' dir='ltr'><strong>quidem</strong></span> <span class='ocrx_word' id='word_1_480' title='bbox 2358 3049 2403 3092; x_wconf 72' lang='lat' dir='ltr'><strong>et</strong></span> <span class='ocrx_word' id='word_1_481' title='bbox 2431 3041 2483 3092; x_wconf 84' lang='lat' dir='ltr'><strong>in</strong></span> <span class='ocrx_word' id='word_1_482' title='bbox 2512 3038 2742 3110; x_wconf 85' lang='lat' dir='ltr'><strong>pluribus</strong></span> <span class='ocrx_word' id='word_1_483' title='bbox 2774 3039 2987 3091; x_wconf 84' lang='lat' dir='ltr'><strong>alterum</strong></span> <span class='ocrx_word' id='word_1_484' title='bbox 3007 3076 3022 3101; x_wconf 97' lang='lat'><strong>,</strong></span> <span class='ocrx_word' id='word_1_485' title='bbox 3044 3034 3134 3088; x_wconf 84' lang='lat' dir='ltr'><strong>sed</strong></span> <span class='ocrx_word' id='word_1_486' title='bbox 3173 3044 3339 3087; x_wconf 86' lang='lat' dir='ltr'><strong>tamen</strong></span> <span class='ocrx_word' id='word_1_487' title='bbox 3369 3049 3486 3085; x_wconf 84' lang='lat' dir='ltr'><strong>con-</strong></span> 
     </span>
    </p>
   </div>
   <div class='ocr_carea' id='block_1_62' title="bbox 1913 3128 3168 3206">
    <p class='ocr_par' dir='ltr' id='par_1_62' title="bbox 1913 3128 3168 3206">
     <span class='ocr_line' id='line_1_62' title="bbox 1913 3128 3168 3206; baseline -0.004 -20"><span class='ocrx_word' id='word_1_488' title='bbox 1913 3134 2061 3206; x_wconf 82' lang='lat' dir='ltr'><strong>tingit</strong></span> <span class='ocrx_word' id='word_1_489' title='bbox 2087 3133 2264 3203; x_wconf 78' lang='lat' dir='ltr'><strong>ﬁerict</strong></span> <span class='ocrx_word' id='word_1_490' title='bbox 2293 3134 2528 3197; x_wconf 84' lang='lat' dir='ltr'><strong>alterum,</strong></span> <span class='ocrx_word' id='word_1_491' title='bbox 2560 3131 2774 3185; x_wconf 86' lang='lat' dir='ltr'><strong>alterum</strong></span> <span class='ocrx_word' id='word_1_492' title='bbox 2803 3145 2918 3184; x_wconf 77' lang='lat' dir='ltr'><strong>vero</strong></span> <span class='ocrx_word' id='word_1_493' title='bbox 2947 3128 3168 3200; x_wconf 72' lang='lat' dir='ltr'><strong>minime.</strong></span> 
     </span>
    </p>
   </div>
   <div class='ocr_carea' id='block_1_63' title="bbox 222 3203 3488 3295">
    <p class='ocr_par' dir='ltr' id='par_1_63' title="bbox 222 3203 3488 3295">
     <span class='ocr_line' id='line_1_63' title="bbox 222 3203 3488 3295; baseline -0.005 -19"><span class='ocrx_word' id='word_1_494' title='bbox 222 3222 369 3295; x_wconf 89' lang='lat' dir='ltr'><strong>pium</strong></span> <span class='ocrx_word' id='word_1_495' title='bbox 396 3231 596 3276; x_wconf 90' lang='lat' dir='ltr'><strong>tenent.</strong></span> <span class='ocrx_word' id='word_1_496' title='bbox 629 3220 718 3274; x_wconf 91' lang='lat' dir='ltr'><strong>Sic</strong></span> <span class='ocrx_word' id='word_1_497' title='bbox 740 3219 884 3275; x_wconf 91' lang='lat' dir='ltr'><strong>enim</strong></span> <span class='ocrx_word' id='word_1_498' title='bbox 917 3217 967 3272; x_wconf 92' lang='lat' dir='ltr'><strong>id</strong></span> <span class='ocrx_word' id='word_1_499' title='bbox 991 3216 1131 3286; x_wconf 88' lang='lat' dir='ltr'><strong>quod</strong></span> <span class='ocrx_word' id='word_1_500' title='bbox 1179 3215 1232 3268; x_wconf 91' lang='lat' dir='ltr'><strong>in</strong></span> <span class='ocrx_word' id='word_1_501' title='bbox 1263 3213 1419 3268; x_wconf 87' lang='lat' dir='ltr'><strong>nobis</strong></span> <span class='ocrx_word' id='word_1_502' title='bbox 1453 3221 1534 3268; x_wconf 86' lang='lat' dir='ltr'><strong>est</strong></span> <span class='ocrx_word' id='word_1_503' title='bbox 1559 3228 1618 3266; x_wconf 87' lang='lat' dir='ltr'><strong>se</strong></span> <span class='ocrx_word' id='word_1_504' title='bbox 1647 3213 1807 3266; x_wconf 87' lang='lat' dir='ltr'><strong>habc—</strong></span> <span class='ocrx_word' id='word_1_505' title='bbox 1833 3203 1881 3268; x_wconf 85' lang='lat' dir='ltr'><strong><em>C</em></strong></span> <span class='ocrx_word' id='word_1_506' title='bbox 1985 3203 2282 3282; x_wconf 59' lang='lat' dir='ltr'><strong>Continuus</strong></span> <span class='ocrx_word' id='word_1_507' title='bbox 2335 3225 2552 3294; x_wconf 68' lang='lat' dir='ltr'><strong>quidem</strong></span> <span class='ocrx_word' id='word_1_508' title='bbox 2611 3236 2802 3278; x_wconf 67' lang='lat' dir='ltr'><strong>sensus</strong></span> <span class='ocrx_word' id='word_1_509' title='bbox 2849 3235 2916 3276; x_wconf 67' lang='lat' dir='ltr'><strong>ex</strong></span> <span class='ocrx_word' id='word_1_510' title='bbox 2967 3216 3332 3289; x_wconf 69' lang='lat' dir='ltr'><strong>superioribus</strong></span> <span class='ocrx_word' id='word_1_511' title='bbox 3387 3213 3488 3269; x_wconf 79' lang='lat' dir='ltr'><strong>hoc</strong></span> 
     </span>
    </p>
   </div>
   <div class='ocr_carea' id='block_1_64' title="bbox 223 3301 1804 3382">
    <p class='ocr_par' dir='ltr' id='par_1_64' title="bbox 223 3301 1804 3382">
     <span class='ocr_line' id='line_1_64' title="bbox 223 3301 1804 3382; baseline -0.011 -9"><span class='ocrx_word' id='word_1_512' title='bbox 223 3309 283 3373; x_wconf 73' lang='lat' dir='ltr'><strong>re</strong></span> <span class='ocrx_word' id='word_1_513' title='bbox 306 3317 530 3380; x_wconf 79' lang='lat' dir='ltr'><strong>dicitur,</strong></span> <span class='ocrx_word' id='word_1_514' title='bbox 563 3314 814 3382; x_wconf 83' lang='lat' dir='ltr'><strong>nulloque</strong></span> <span class='ocrx_word' id='word_1_515' title='bbox 853 3320 1002 3366; x_wconf 82' lang='lat' dir='ltr'><strong>extra</strong></span> <span class='ocrx_word' id='word_1_516' title='bbox 1029 3301 1352 3376; x_wconf 84' lang='lat' dir='ltr'><strong>impediente</strong></span> <span class='ocrx_word' id='word_1_517' title='bbox 1375 3304 1454 3358; x_wconf 89' lang='lat' dir='ltr'><strong>vel</strong></span> <span class='ocrx_word' id='word_1_518' title='bbox 1487 3313 1710 3372; x_wconf 78' lang='lat' dir='ltr'><strong>cogente</strong></span> <span class='ocrx_word' id='word_1_519' title='bbox 1739 3303 1804 3356; x_wconf 91' lang='lat' dir='ltr'><strong>ad</strong></span> 
     </span>
    </p>
   </div>
   <div class='ocr_carea' id='block_1_65' title="bbox 224 3398 1804 3480">
    <p class='ocr_par' dir='ltr' id='par_1_65' title="bbox 224 3398 1804 3480">
     <span class='ocr_line' id='line_1_65' title="bbox 224 3398 1804 3480; baseline -0.008 -15"><span class='ocrx_word' id='word_1_520' title='bbox 224 3409 364 3480; x_wconf 89' lang='lat' dir='ltr'><strong>quod</strong></span> <span class='ocrx_word' id='word_1_521' title='bbox 397 3408 550 3462; x_wconf 87' lang='lat' dir='ltr'><strong>nobis</strong></span> <span class='ocrx_word' id='word_1_522' title='bbox 571 3405 783 3460; x_wconf 62' lang='lat' dir='ltr'><strong>videtur</strong></span> <span class='ocrx_word' id='word_1_523' title='bbox 805 3406 1010 3459; x_wconf 88' lang='lat' dir='ltr'><strong>ratione</strong></span> <span class='ocrx_word' id='word_1_524' title='bbox 1038 3401 1312 3470; x_wconf 75' lang='lat' dir='ltr'><strong>iudicante</strong></span> <span class='ocrx_word' id='word_1_525' title='bbox 1335 3399 1666 3469; x_wconf 78' lang='lat' dir='ltr'><strong>prosilimus.</strong></span> <span class='ocrx_word' id='word_1_526' title='bbox 1694 3398 1804 3452; x_wconf 83' lang='lat' dir='ltr'><strong>Nec</strong></span> 
     </span>
    </p>
   </div>
   <div class='ocr_carea' id='block_1_66' title="bbox 222 3496 1809 3570">
    <p class='ocr_par' dir='ltr' id='par_1_66' title="bbox 222 3496 1809 3570">
     <span class='ocr_line' id='line_1_66' title="bbox 222 3496 1809 3570; baseline -0.009 -11"><span class='ocrx_word' id='word_1_527' title='bbox 222 3505 400 3559; x_wconf 86' lang='lat' dir='ltr'><strong>omnia</strong></span> <span class='ocrx_word' id='word_1_528' title='bbox 425 3501 832 3557; x_wconf 74' lang='lat' dir='ltr'><strong>necessitatibus</strong></span> <span class='ocrx_word' id='word_1_529' title='bbox 854 3497 1192 3570; x_wconf 86' lang='lat' dir='ltr'><strong>surripienda</strong></span> <span class='ocrx_word' id='word_1_530' title='bbox 1210 3503 1350 3551; x_wconf 90' lang='lat' dir='ltr'><strong>sunt.</strong></span> <span class='ocrx_word' id='word_1_531' title='bbox 1378 3496 1809 3552; x_wconf 84' lang='lat' dir='ltr'><strong>Omniumnam-</strong></span> 
     </span>
    </p>
   </div>
   <div class='ocr_carea' id='block_1_67' title="bbox 225 3584 1811 3672">
    <p class='ocr_par' dir='ltr' id='par_1_67' title="bbox 225 3584 1811 3672">
     <span class='ocr_line' id='line_1_67' title="bbox 225 3584 1811 3672; baseline -0.009 -19"><span class='ocrx_word' id='word_1_532' title='bbox 225 3615 330 3672; x_wconf 87' lang='lat' dir='ltr'><strong>que</strong></span> <span class='ocrx_word' id='word_1_533' title='bbox 361 3598 671 3652; x_wconf 87' lang='lat' dir='ltr'><strong>animalium</strong></span> <span class='ocrx_word' id='word_1_534' title='bbox 699 3609 870 3664; x_wconf 79' lang='lat' dir='ltr'><strong>genus</strong></span> <span class='ocrx_word' id='word_1_535' title='bbox 915 3593 966 3646; x_wconf 92' lang='lat' dir='ltr'><strong>in</strong></span> <span class='ocrx_word' id='word_1_536' title='bbox 989 3607 1055 3646; x_wconf 90' lang='lat' dir='ltr'><strong>eo</strong></span> <span class='ocrx_word' id='word_1_537' title='bbox 1092 3589 1230 3659; x_wconf 87' lang='lat' dir='ltr'><strong>quod</strong></span> <span class='ocrx_word' id='word_1_538' title='bbox 1264 3587 1511 3643; x_wconf 83' lang='lat' dir='ltr'><strong>animalia</strong></span> <span class='ocrx_word' id='word_1_539' title='bbox 1541 3597 1663 3640; x_wconf 90' lang='lat' dir='ltr'><strong>sunt</strong></span> <span class='ocrx_word' id='word_1_540' title='bbox 1686 3584 1811 3639; x_wconf 89' lang='lat' dir='ltr'><strong>sub-</strong></span> 
     </span>
    </p>
   </div>
   <div class='ocr_carea' id='block_1_68' title="bbox 226 3677 1810 3764">
    <p class='ocr_par' dir='ltr' id='par_1_68' title="bbox 226 3677 1810 3764">
     <span class='ocr_line' id='line_1_68' title="bbox 226 3677 1810 3764; baseline -0.009 -16"><span class='ocrx_word' id='word_1_541' title='bbox 226 3677 425 3764; x_wconf 73' lang='lat' dir='ltr'><strong>jectum</strong></span> <span class='ocrx_word' id='word_1_542' title='bbox 457 3699 539 3745; x_wconf 88' lang='lat' dir='ltr'><strong>est</strong></span> <span class='ocrx_word' id='word_1_543' title='bbox 575 3689 714 3744; x_wconf 81' lang='lat' dir='ltr'><strong>aliud</strong></span> <span class='ocrx_word' id='word_1_544' title='bbox 747 3697 973 3752; x_wconf 79' lang='lat' dir='ltr'><strong>naturae,</strong></span> <span class='ocrx_word' id='word_1_545' title='bbox 1029 3685 1172 3738; x_wconf 88' lang='lat' dir='ltr'><strong>aliud</strong></span> <span class='ocrx_word' id='word_1_546' title='bbox 1219 3680 1531 3738; x_wconf 72' lang='lat' dir='ltr'><strong>cmlestibus</strong></span> <span class='ocrx_word' id='word_1_547' title='bbox 1573 3679 1810 3734; x_wconf 87' lang='lat' dir='ltr'><strong>siderum</strong></span> 
     </span>
    </p>
   </div>
   <div class='ocr_carea' id='block_1_69' title="bbox 225 3768 1808 3849">
    <p class='ocr_par' dir='ltr' id='par_1_69' title="bbox 225 3768 1808 3849">
     <span class='ocr_line' id='line_1_69' title="bbox 225 3768 1808 3849; baseline -0.011 -9"><span class='ocrx_word' id='word_1_548' title='bbox 225 3783 494 3846; x_wconf 88' lang='lat' dir='ltr'><strong>cursibus,</strong></span> <span class='ocrx_word' id='word_1_549' title='bbox 520 3781 660 3834; x_wconf 85' lang='lat' dir='ltr'><strong>aliud</strong></span> <span class='ocrx_word' id='word_1_550' title='bbox 693 3779 882 3832; x_wconf 79' lang='lat' dir='ltr'><strong>rationi</strong></span> <span class='ocrx_word' id='word_1_551' title='bbox 917 3791 1127 3849; x_wconf 88' lang='lat' dir='ltr'><strong>quoque</strong></span> <span class='ocrx_word' id='word_1_552' title='bbox 1155 3773 1350 3828; x_wconf 74' lang='lat' dir='ltr'><strong>Mentis</strong></span> <span class='ocrx_word' id='word_1_553' title='bbox 1377 3782 1432 3825; x_wconf 92' lang='lat' dir='ltr'><strong>ct</strong></span> <span class='ocrx_word' id='word_1_554' title='bbox 1471 3770 1631 3824; x_wconf 91' lang='lat' dir='ltr'><strong>animi</strong></span> <span class='ocrx_word' id='word_1_555' title='bbox 1660 3768 1808 3840; x_wconf 78' lang='lat' dir='ltr'><strong>cogi-</strong></span> 
     </span>
    </p>
   </div>
   <div class='ocr_carea' id='block_1_70' title="bbox 229 3863 1812 3938">
    <p class='ocr_par' dir='ltr' id='par_1_70' title="bbox 229 3863 1812 3938">
     <span class='ocr_line' id='line_1_70' title="bbox 229 3863 1812 3938; baseline -0.009 -10"><span class='ocrx_word' id='word_1_556' title='bbox 229 3874 438 3928; x_wconf 87' lang='lat' dir='ltr'><strong>tationi.</strong></span> <span class='ocrx_word' id='word_1_557' title='bbox 462 3872 696 3926; x_wconf 78' lang='lat' dir='ltr'><strong>Arbores</strong></span> <span class='ocrx_word' id='word_1_558' title='bbox 719 3886 944 3938; x_wconf 79' lang='lat' dir='ltr'><strong>namque</strong></span> <span class='ocrx_word' id='word_1_559' title='bbox 973 3881 1025 3924; x_wconf 91' lang='lat' dir='ltr'><strong>et</strong></span> <span class='ocrx_word' id='word_1_560' title='bbox 1056 3868 1296 3938; x_wconf 70' lang='lat' dir='ltr'><strong>quaedam</strong></span> <span class='ocrx_word' id='word_1_561' title='bbox 1319 3864 1564 3918; x_wconf 74' lang='lat' dir='ltr'><strong>animalia</strong></span> <span class='ocrx_word' id='word_1_562' title='bbox 1593 3863 1812 3916; x_wconf 81' lang='lat' dir='ltr'><strong>irratio-</strong></span> 
     </span>
    </p>
   </div>
   <div class='ocr_carea' id='block_1_71' title="bbox 230 3955 1807 4032">
    <p class='ocr_par' dir='ltr' id='par_1_71' title="bbox 230 3955 1807 4032">
     <span class='ocr_line' id='line_1_71' title="bbox 230 3955 1807 4032; baseline -0.007 -13"><span class='ocrx_word' id='word_1_563' title='bbox 230 3961 450 4020; x_wconf 74' lang='lat' dir='ltr'><strong>nabilia.</strong></span> <span class='ocrx_word' id='word_1_564' title='bbox 496 3964 590 4018; x_wconf 86' lang='lat' dir='ltr'><strong>Illa</strong></span> <span class='ocrx_word' id='word_1_565' title='bbox 637 3962 850 4032; x_wconf 82' lang='lat' dir='ltr'><strong>quidem</strong></span> <span class='ocrx_word' id='word_1_566' title='bbox 899 3971 1102 4013; x_wconf 88' lang='lat' dir='ltr'><strong>tantum</strong></span> <span class='ocrx_word' id='word_1_567' title='bbox 1136 3970 1341 4013; x_wconf 69' lang='lat' dir='ltr'><strong>natura:</strong></span> <span class='ocrx_word' id='word_1_568' title='bbox 1393 3955 1633 4024; x_wconf 68' lang='lat' dir='ltr'><strong>subjecta</strong></span> <span class='ocrx_word' id='word_1_569' title='bbox 1662 3963 1807 4008; x_wconf 89' lang='lat' dir='ltr'><strong>sunt.</strong></span> 
     </span>
    </p>
   </div>
   <div class='ocr_carea' id='block_1_72' title="bbox 229 4047 1810 4120">
    <p class='ocr_par' dir='ltr' id='par_1_72' title="bbox 229 4047 1810 4120">
     <span class='ocr_line' id='line_1_72' title="bbox 229 4047 1810 4120; baseline -0.007 -9"><span class='ocrx_word' id='word_1_570' title='bbox 229 4057 475 4111; x_wconf 84' lang='lat' dir='ltr'><strong>Pecudes</strong></span> <span class='ocrx_word' id='word_1_571' title='bbox 503 4069 631 4108; x_wconf 84' lang='lat' dir='ltr'><strong>vero</strong></span> <span class='ocrx_word' id='word_1_572' title='bbox 682 4053 801 4120; x_wconf 66' lang='lat' dir='ltr'><strong>quia</strong></span> <span class='ocrx_word' id='word_1_573' title='bbox 850 4053 1074 4106; x_wconf 90' lang='lat' dir='ltr'><strong>liberum</strong></span> <span class='ocrx_word' id='word_1_574' title='bbox 1131 4066 1234 4103; x_wconf 91' lang='lat' dir='ltr'><strong>non</strong></span> <span class='ocrx_word' id='word_1_575' title='bbox 1285 4049 1484 4103; x_wconf 90' lang='lat' dir='ltr'><strong>habent</strong></span> <span class='ocrx_word' id='word_1_576' title='bbox 1534 4047 1810 4114; x_wconf 82' lang='lat' dir='ltr'><strong>arbitrium</strong></span> 
     </span>
    </p>
   </div>
   <div class='ocr_carea' id='block_1_73' title="bbox 231 4123 1812 4202">
    <p class='ocr_par' dir='ltr' id='par_1_73' title="bbox 231 4123 1812 4202">
     <span class='ocr_line' id='line_1_73' title="bbox 231 4123 1812 4202; baseline -0.005 0"><span class='ocrx_word' id='word_1_577' title='bbox 231 4146 533 4202; x_wconf 62' lang='lat' dir='ltr'><strong>cales-tium</strong></span> <span class='ocrx_word' id='word_1_578' title='bbox 565 4145 720 4198; x_wconf 87' lang='lat' dir='ltr'><strong>etiam</strong></span> <span class='ocrx_word' id='word_1_579' title='bbox 744 4144 995 4198; x_wconf 87' lang='lat' dir='ltr'><strong>decretis.</strong></span> <span class='ocrx_word' id='word_1_580' title='bbox 1025 4142 1278 4197; x_wconf 86' lang='lat' dir='ltr'><strong>llomiues</strong></span> <span class='ocrx_word' id='word_1_581' title='bbox 1314 4151 1492 4194; x_wconf 89' lang='lat' dir='ltr'><strong>autem</strong></span> <span class='ocrx_word' id='word_1_582' title='bbox 1526 4151 1578 4195; x_wconf 90' lang='lat' dir='ltr'><strong>et</strong></span> <span class='ocrx_word' id='word_1_583' title='bbox 1607 4123 1812 4196; x_wconf 69' lang='lat' dir='ltr'><strong>natura:</strong></span> 
     </span>
    </p>
   </div>
   <div class='ocr_carea' id='block_1_74' title="bbox 229 4236 1815 4306">
    <p class='ocr_par' dir='ltr' id='par_1_74' title="bbox 229 4236 1815 4306">
     <span class='ocr_line' id='line_1_74' title="bbox 229 4236 1815 4306; baseline -0.001 -14"><span class='ocrx_word' id='word_1_584' title='bbox 229 4249 280 4305; x_wconf 81' lang='lat' dir='ltr'><strong>et</strong></span> <span class='ocrx_word' id='word_1_585' title='bbox 311 4238 580 4292; x_wconf 87' lang='lat' dir='ltr'><strong>sideribus</strong></span> <span class='ocrx_word' id='word_1_586' title='bbox 605 4248 657 4290; x_wconf 90' lang='lat' dir='ltr'><strong>et.</strong></span> <span class='ocrx_word' id='word_1_587' title='bbox 681 4239 906 4306; x_wconf 67' lang='lat' dir='ltr'><strong>promise</strong></span> <span class='ocrx_word' id='word_1_588' title='bbox 936 4237 1190 4290; x_wconf 69' lang='lat' dir='ltr'><strong>voluntati</strong></span> <span class='ocrx_word' id='word_1_589' title='bbox 1223 4236 1449 4304; x_wconf 80' lang='lat' dir='ltr'><strong>subjecti</strong></span> <span class='ocrx_word' id='word_1_590' title='bbox 1473 4247 1618 4290; x_wconf 81' lang='lat' dir='ltr'><strong>sunt.</strong></span> <span class='ocrx_word' id='word_1_591' title='bbox 1652 4237 1815 4292; x_wconf 82' lang='lat' dir='ltr'><strong>Multa</strong></span> 
     </span>
    </p>
   </div>
   <div class='ocr_carea' id='block_1_75' title="bbox 232 4317 1816 4398">
    <p class='ocr_par' dir='ltr' id='par_1_75' title="bbox 232 4317 1816 4398">
     <span class='ocr_line' id='line_1_75' title="bbox 232 4317 1816 4398; baseline -0.001 -14"><span class='ocrx_word' id='word_1_592' title='bbox 232 4331 374 4384; x_wconf 90' lang='lat' dir='ltr'><strong>enim</strong></span> <span class='ocrx_word' id='word_1_593' title='bbox 408 4339 591 4382; x_wconf 88' lang='lat' dir='ltr'><strong>natura</strong></span> <span class='ocrx_word' id='word_1_594' title='bbox 620 4317 924 4383; x_wconf 78' lang='lat' dir='ltr'><strong>dominante</strong></span> <span class='ocrx_word' id='word_1_595' title='bbox 953 4330 1032 4382; x_wconf 89' lang='lat' dir='ltr'><strong>vel</strong></span> <span class='ocrx_word' id='word_1_596' title='bbox 1072 4329 1315 4393; x_wconf 83' lang='lat' dir='ltr'><strong>facimus,</strong></span> <span class='ocrx_word' id='word_1_597' title='bbox 1368 4329 1449 4383; x_wconf 78' lang='lat' dir='ltr'><strong>vel</strong></span> <span class='ocrx_word' id='word_1_598' title='bbox 1475 4328 1724 4398; x_wconf 83' lang='lat' dir='ltr'><strong>patimur,</strong></span> <span class='ocrx_word' id='word_1_599' title='bbox 1760 4338 1816 4383; x_wconf 91' lang='lat' dir='ltr'><strong>ut</strong></span> 
     </span>
    </p>
   </div>
   <div class='ocr_carea' id='block_1_76' title="bbox 235 4421 1818 4491">
    <p class='ocr_par' dir='ltr' id='par_1_76' title="bbox 235 4421 1818 4491">
     <span class='ocr_line' id='line_1_76' title="bbox 235 4421 1818 4491; baseline -0.003 -13"><span class='ocrx_word' id='word_1_600' title='bbox 235 4435 460 4478; x_wconf 87' lang='lat' dir='ltr'><strong>mortem</strong></span> <span class='ocrx_word' id='word_1_601' title='bbox 495 4423 575 4476; x_wconf 81' lang='lat' dir='ltr'><strong>vel</strong></span> <span class='ocrx_word' id='word_1_602' title='bbox 603 4421 902 4491; x_wconf 83' lang='lat' dir='ltr'><strong>hujusmodi</strong></span> <span class='ocrx_word' id='word_1_603' title='bbox 939 4421 1299 4475; x_wconf 77' lang='lat' dir='ltr'><strong>habitudinem</strong></span> <span class='ocrx_word' id='word_1_604' title='bbox 1339 4423 1600 4491; x_wconf 81' lang='lat' dir='ltr'><strong>corporis.</strong></span> <span class='ocrx_word' id='word_1_605' title='bbox 1656 4423 1818 4479; x_wconf 83' lang='lat' dir='ltr'><strong>Multa</strong></span> 
     </span>
    </p>
   </div>
   <div class='ocr_carea' id='block_1_77' title="bbox 233 4515 1817 4583">
    <p class='ocr_par' dir='ltr' id='par_1_77' title="bbox 233 4515 1817 4583">
     <span class='ocr_line' id='line_1_77' title="bbox 233 4515 1817 4583; baseline -0.001 -12"><span class='ocrx_word' id='word_1_606' title='bbox 233 4517 393 4571; x_wconf 86' lang='lat' dir='ltr'><strong>etiam</strong></span> <span class='ocrx_word' id='word_1_607' title='bbox 424 4530 604 4569; x_wconf 85' lang='lat' dir='ltr'><strong>secum</strong></span> <span class='ocrx_word' id='word_1_608' title='bbox 636 4531 813 4569; x_wconf 82' lang='lat' dir='ltr'><strong>rerum</strong></span> <span class='ocrx_word' id='word_1_609' title='bbox 857 4515 1089 4583; x_wconf 88' lang='lat' dir='ltr'><strong>ipsarum</strong></span> <span class='ocrx_word' id='word_1_610' title='bbox 1125 4517 1416 4569; x_wconf 80' lang='lat' dir='ltr'><strong>necessitas</strong></span> <span class='ocrx_word' id='word_1_611' title='bbox 1466 4515 1644 4582; x_wconf 89' lang='lat' dir='ltr'><strong>trahit,</strong></span> <span class='ocrx_word' id='word_1_612' title='bbox 1671 4524 1728 4570; x_wconf 90' lang='lat' dir='ltr'><strong>ut</strong></span> <span class='ocrx_word' id='word_1_613' title='bbox 1755 4531 1817 4583; x_wconf 81' lang='lat' dir='ltr'><strong>ea</strong></span> 
     </span>
    </p>
   </div>
   <div class='ocr_carea' id='block_1_78' title="bbox 1913 3305 3486 3386">
    <p class='ocr_par' dir='ltr' id='par_1_78' title="bbox 1913 3305 3486 3386">
     <span class='ocr_line' id='line_1_78' title="bbox 1913 3305 3486 3386; baseline -0.008 -14"><span class='ocrx_word' id='word_1_614' title='bbox 1913 3318 2096 3372; x_wconf 85' lang='lat' dir='ltr'><strong>modo.</strong></span> <span class='ocrx_word' id='word_1_615' title='bbox 2131 3317 2299 3386; x_wconf 90' lang='lat' dir='ltr'><strong>Supra</strong></span> <span class='ocrx_word' id='word_1_616' title='bbox 2346 3316 2489 3370; x_wconf 91' lang='lat' dir='ltr'><strong>enim</strong></span> <span class='ocrx_word' id='word_1_617' title='bbox 2523 3315 2594 3367; x_wconf 90' lang='lat' dir='ltr'><strong>ait</strong></span> <span class='ocrx_word' id='word_1_618' title='bbox 2623 3314 2764 3383; x_wconf 88' lang='lat' dir='ltr'><strong>quod</strong></span> <span class='ocrx_word' id='word_1_619' title='bbox 2794 3313 2836 3366; x_wconf 91' lang='lat' dir='ltr'><strong>si</strong></span> <span class='ocrx_word' id='word_1_620' title='bbox 2883 3312 2996 3364; x_wconf 64' lang='lat' dir='ltr'><strong>haec</strong></span> <span class='ocrx_word' id='word_1_621' title='bbox 3023 3325 3128 3364; x_wconf 92' lang='lat' dir='ltr'><strong>non</strong></span> <span class='ocrx_word' id='word_1_622' title='bbox 3159 3318 3282 3362; x_wconf 82' lang='lat' dir='ltr'><strong>sunt</strong></span> <span class='ocrx_word' id='word_1_623' title='bbox 3314 3305 3486 3376; x_wconf 91' lang='lat' dir='ltr'><strong>possi-</strong></span> 
     </span>
    </p>
   </div>
   <div class='ocr_carea' id='block_1_79' title="bbox 1913 3398 3488 3474">
    <p class='ocr_par' dir='ltr' id='par_1_79' title="bbox 1913 3398 3488 3474">
     <span class='ocr_line' id='line_1_79' title="bbox 1913 3398 3488 3474; baseline -0.008 -11"><span class='ocrx_word' id='word_1_624' title='bbox 1913 3409 2065 3474; x_wconf 88' lang='lat' dir='ltr'><strong>bilia,</strong></span> <span class='ocrx_word' id='word_1_625' title='bbox 2099 3409 2148 3462; x_wconf 90' lang='lat' dir='ltr'><strong>id</strong></span> <span class='ocrx_word' id='word_1_626' title='bbox 2181 3417 2262 3462; x_wconf 79' lang='lat' dir='ltr'><strong>est</strong></span> <span class='ocrx_word' id='word_1_627' title='bbox 2292 3415 2350 3461; x_wconf 92' lang='lat' dir='ltr'><strong>ut</strong></span> <span class='ocrx_word' id='word_1_628' title='bbox 2374 3407 2551 3461; x_wconf 90' lang='lat' dir='ltr'><strong>omnia</strong></span> <span class='ocrx_word' id='word_1_629' title='bbox 2601 3405 2894 3459; x_wconf 84' lang='lat' dir='ltr'><strong>necessitas</strong></span> <span class='ocrx_word' id='word_1_630' title='bbox 2935 3402 3294 3455; x_wconf 85' lang='lat' dir='ltr'><strong>administret.</strong></span> <span class='ocrx_word' id='word_1_631' title='bbox 3335 3398 3488 3451; x_wconf 72' lang='lat' dir='ltr'><strong>Vide-</strong></span> 
     </span>
    </p>
   </div>
   <div class='ocr_carea' id='block_1_80' title="bbox 1916 3489 3489 3568">
    <p class='ocr_par' dir='ltr' id='par_1_80' title="bbox 1916 3489 3489 3568">
     <span class='ocr_line' id='line_1_80' title="bbox 1916 3489 3489 3568; baseline -0.011 -12"><span class='ocrx_word' id='word_1_632' title='bbox 1916 3517 2036 3556; x_wconf 88' lang='lat' dir='ltr'><strong>mus</strong></span> <span class='ocrx_word' id='word_1_633' title='bbox 2062 3503 2204 3556; x_wconf 87' lang='lat' dir='ltr'><strong>enim</strong></span> <span class='ocrx_word' id='word_1_634' title='bbox 2235 3514 2262 3568; x_wconf 87' lang='lat' dir='ltr'><strong>a</strong></span> <span class='ocrx_word' id='word_1_635' title='bbox 2289 3498 2445 3553; x_wconf 88' lang='lat' dir='ltr'><strong>nobis</strong></span> <span class='ocrx_word' id='word_1_636' title='bbox 2483 3496 2750 3566; x_wconf 84' lang='lat' dir='ltr'><strong>quoddam</strong></span> <span class='ocrx_word' id='word_1_637' title='bbox 2775 3508 2894 3548; x_wconf 90' lang='lat' dir='ltr'><strong>esse</strong></span> <span class='ocrx_word' id='word_1_638' title='bbox 2925 3492 3239 3562; x_wconf 86' lang='lat' dir='ltr'><strong>principium</strong></span> <span class='ocrx_word' id='word_1_639' title='bbox 3286 3489 3489 3542; x_wconf 81' lang='lat' dir='ltr'><strong>futuro-</strong></span> 
     </span>
    </p>
   </div>
   <div class='ocr_carea' id='block_1_81' title="bbox 1915 3571 3488 3654">
    <p class='ocr_par' dir='ltr' id='par_1_81' title="bbox 1915 3571 3488 3654">
     <span class='ocr_line' id='line_1_81' title="bbox 1915 3571 3488 3654; baseline -0.01 -6"><span class='ocrx_word' id='word_1_640' title='bbox 1915 3609 2030 3648; x_wconf 88' lang='lat' dir='ltr'><strong>rum</strong></span> <span class='ocrx_word' id='word_1_641' title='bbox 2075 3602 2130 3646; x_wconf 90' lang='lat' dir='ltr'><strong>et</strong></span> <span class='ocrx_word' id='word_1_642' title='bbox 2155 3607 2183 3645; x_wconf 89' lang='lat' dir='ltr'><strong>a</strong></span> <span class='ocrx_word' id='word_1_643' title='bbox 2219 3592 2416 3645; x_wconf 74' lang='lat' dir='ltr'><strong>nostris</strong></span> <span class='ocrx_word' id='word_1_644' title='bbox 2445 3588 2683 3652; x_wconf 87' lang='lat' dir='ltr'><strong>actibus,</strong></span> <span class='ocrx_word' id='word_1_645' title='bbox 2715 3597 2874 3654; x_wconf 89' lang='lat' dir='ltr'><strong>atque</strong></span> <span class='ocrx_word' id='word_1_646' title='bbox 2917 3571 3190 3646; x_wconf 74' lang='lat' dir='ltr'><strong>Consiliis,</strong></span> <span class='ocrx_word' id='word_1_647' title='bbox 3238 3581 3320 3633; x_wconf 90' lang='lat' dir='ltr'><strong>his</strong></span> <span class='ocrx_word' id='word_1_648' title='bbox 3360 3579 3488 3632; x_wconf 90' lang='lat' dir='ltr'><strong>illud</strong></span> 
     </span>
    </p>
   </div>
   <div class='ocr_carea' id='block_1_82' title="bbox 1913 3674 3490 3753">
    <p class='ocr_par' dir='ltr' id='par_1_82' title="bbox 1913 3674 3490 3753">
     <span class='ocr_line' id='line_1_82' title="bbox 1913 3674 3490 3753; baseline -0.01 -14"><span class='ocrx_word' id='word_1_649' title='bbox 1913 3684 2080 3752; x_wconf 84' lang='lat' dir='ltr'><strong>addit,</strong></span> <span class='ocrx_word' id='word_1_650' title='bbox 2108 3685 2358 3753; x_wconf 88' lang='lat' dir='ltr'><strong>quoniam</strong></span> <span class='ocrx_word' id='word_1_651' title='bbox 2391 3691 2516 3735; x_wconf 90' lang='lat' dir='ltr'><strong>sunt</strong></span> <span class='ocrx_word' id='word_1_652' title='bbox 2541 3680 2714 3749; x_wconf 82' lang='lat' dir='ltr'><strong>aliqua</strong></span> <span class='ocrx_word' id='word_1_653' title='bbox 2761 3692 2879 3746; x_wconf 72' lang='lat' dir='ltr'><strong>qum</strong></span> <span class='ocrx_word' id='word_1_654' title='bbox 2910 3674 3182 3746; x_wconf 56' lang='lat' dir='ltr'><strong>possibilia</strong></span> <span class='ocrx_word' id='word_1_655' title='bbox 3213 3681 3334 3725; x_wconf 90' lang='lat' dir='ltr'><strong>sunt</strong></span> <span class='ocrx_word' id='word_1_656' title='bbox 3367 3683 3490 3724; x_wconf 87' lang='lat' dir='ltr'><strong>esse</strong></span> 
     </span>
    </p>
   </div>
   <div class='ocr_carea' id='block_1_83' title="bbox 1915 3766 3491 3845">
    <p class='ocr_par' dir='ltr' id='par_1_83' title="bbox 1915 3766 3491 3845">
     <span class='ocr_line' id='line_1_83' title="bbox 1915 3766 3491 3845; baseline -0.011 -9"><span class='ocrx_word' id='word_1_657' title='bbox 1915 3797 2035 3837; x_wconf 90' lang='lat' dir='ltr'><strong>cum</strong></span> <span class='ocrx_word' id='word_1_658' title='bbox 2063 3795 2166 3834; x_wconf 90' lang='lat' dir='ltr'><strong>non</strong></span> <span class='ocrx_word' id='word_1_659' title='bbox 2194 3781 2320 3845; x_wconf 88' lang='lat' dir='ltr'><strong>sint,</strong></span> <span class='ocrx_word' id='word_1_660' title='bbox 2353 3787 2407 3833; x_wconf 90' lang='lat' dir='ltr'><strong>ct</strong></span> <span class='ocrx_word' id='word_1_661' title='bbox 2438 3793 2544 3831; x_wconf 89' lang='lat' dir='ltr'><strong>non</strong></span> <span class='ocrx_word' id='word_1_662' title='bbox 2587 3790 2705 3831; x_wconf 73' lang='lat' dir='ltr'><strong>esse</strong></span> <span class='ocrx_word' id='word_1_663' title='bbox 2736 3791 2854 3840; x_wconf 82' lang='lat' dir='ltr'><strong>cum</strong></span> <span class='ocrx_word' id='word_1_664' title='bbox 2888 3773 3014 3838; x_wconf 82' lang='lat' dir='ltr'><strong>sint,</strong></span> <span class='ocrx_word' id='word_1_665' title='bbox 3047 3773 3157 3826; x_wconf 66' lang='lat' dir='ltr'><strong>haec</strong></span> <span class='ocrx_word' id='word_1_666' title='bbox 3180 3771 3287 3839; x_wconf 75' lang='lat' dir='ltr'><strong>jnllt</strong></span> <span class='ocrx_word' id='word_1_667' title='bbox 3333 3766 3491 3820; x_wconf 81' lang='lat' dir='ltr'><strong>Simili</strong></span> 
     </span>
    </p>
   </div>
   <div class='ocr_carea' id='block_1_84' title="bbox 1917 3867 3492 3939">
    <p class='ocr_par' dir='ltr' id='par_1_84' title="bbox 1917 3867 3492 3939">
     <span class='ocr_line' id='line_1_84' title="bbox 1917 3867 3492 3939; baseline -0.01 -8"><span class='ocrx_word' id='word_1_668' title='bbox 1917 3875 2233 3939; x_wconf 81' lang='lat' dir='ltr'><strong>auferentur</strong></span> <span class='ocrx_word' id='word_1_669' title='bbox 2260 3875 2303 3928; x_wconf 91' lang='lat' dir='ltr'><strong>si</strong></span> <span class='ocrx_word' id='word_1_670' title='bbox 2354 3871 2648 3926; x_wconf 87' lang='lat' dir='ltr'><strong>necessitas</strong></span> <span class='ocrx_word' id='word_1_671' title='bbox 2687 3871 2738 3926; x_wconf 90' lang='lat' dir='ltr'><strong>in</strong></span> <span class='ocrx_word' id='word_1_672' title='bbox 2786 3869 3035 3922; x_wconf 87' lang='lat' dir='ltr'><strong>omnibus</strong></span> <span class='ocrx_word' id='word_1_673' title='bbox 3079 3867 3400 3927; x_wconf 88' lang='lat' dir='ltr'><strong>dominetur,</strong></span> <span class='ocrx_word' id='word_1_674' title='bbox 3441 3871 3492 3915; x_wconf 89' lang='lat' dir='ltr'><strong>ct</strong></span> 
     </span>
    </p>
   </div>
   <div class='ocr_carea' id='block_1_85' title="bbox 1916 3960 3490 4036">
    <p class='ocr_par' dir='ltr' id='par_1_85' title="bbox 1916 3960 3490 4036">
     <span class='ocr_line' id='line_1_85' title="bbox 1916 3960 3490 4036; baseline -0.01 -14"><span class='ocrx_word' id='word_1_675' title='bbox 1916 3982 2108 4022; x_wconf 89' lang='lat' dir='ltr'><strong>sensus</strong></span> <span class='ocrx_word' id='word_1_676' title='bbox 2136 3965 2351 4036; x_wconf 89' lang='lat' dir='ltr'><strong>quidem</strong></span> <span class='ocrx_word' id='word_1_677' title='bbox 2401 3979 2522 4018; x_wconf 86' lang='lat' dir='ltr'><strong>cum</strong></span> <span class='ocrx_word' id='word_1_678' title='bbox 2553 3964 2921 4032; x_wconf 84' lang='lat' dir='ltr'><strong>superioribus</strong></span> <span class='ocrx_word' id='word_1_679' title='bbox 2949 3962 3016 4014; x_wconf 91' lang='lat' dir='ltr'><strong>ita</strong></span> <span class='ocrx_word' id='word_1_680' title='bbox 3049 3960 3366 4026; x_wconf 68' lang='lat' dir='ltr'><strong>conjunctus</strong></span> <span class='ocrx_word' id='word_1_681' title='bbox 3389 3961 3490 4007; x_wconf 87' lang='lat' dir='ltr'><strong>est.</strong></span> 
     </span>
    </p>
   </div>
   <div class='ocr_carea' id='block_1_86' title="bbox 1922 4046 3491 4126">
    <p class='ocr_par' dir='ltr' id='par_1_86' title="bbox 1922 4046 3491 4126">
     <span class='ocr_line' id='line_1_86' title="bbox 1922 4046 3491 4126; baseline -0.008 -15"><span class='ocrx_word' id='word_1_682' title='bbox 1922 4058 2057 4126; x_wconf 83' lang='lat' dir='ltr'><strong>Quid</strong></span> <span class='ocrx_word' id='word_1_683' title='bbox 2090 4066 2267 4110; x_wconf 90' lang='lat' dir='ltr'><strong>autem</strong></span> <span class='ocrx_word' id='word_1_684' title='bbox 2314 4055 2500 4109; x_wconf 82' lang='lat' dir='ltr'><strong>habeat</strong></span> <span class='ocrx_word' id='word_1_685' title='bbox 2534 4053 3008 4126; x_wconf 76' lang='lat' dir='ltr'><strong>argumentationis</strong></span> <span class='ocrx_word' id='word_1_686' title='bbox 3054 4059 3158 4102; x_wconf 88' lang='lat' dir='ltr'><strong>tota</strong></span> <span class='ocrx_word' id='word_1_687' title='bbox 3191 4046 3454 4102; x_wconf 83' lang='lat' dir='ltr'><strong>sententia</strong></span> <span class='ocrx_word' id='word_1_688' title='bbox 3476 4087 3491 4112; x_wconf 94' lang='lat'><strong>,</strong></span> 
     </span>
    </p>
   </div>
   <div class='ocr_carea' id='block_1_87' title="bbox 1920 4139 3496 4218">
    <p class='ocr_par' dir='ltr' id='par_1_87' title="bbox 1920 4139 3496 4218">
     <span class='ocr_line' id='line_1_87' title="bbox 1920 4139 3496 4218; baseline -0.008 -14"><span class='ocrx_word' id='word_1_689' title='bbox 1920 4151 2021 4205; x_wconf 88' lang='lat' dir='ltr'><strong>hoc</strong></span> <span class='ocrx_word' id='word_1_690' title='bbox 2048 4149 2210 4218; x_wconf 88' lang='lat' dir='ltr'><strong>modo</strong></span> <span class='ocrx_word' id='word_1_691' title='bbox 2239 4147 2669 4218; x_wconf 86' lang='lat' dir='ltr'><strong>perspiciendum</strong></span> <span class='ocrx_word' id='word_1_692' title='bbox 2701 4154 2801 4200; x_wconf 69' lang='lat' dir='ltr'><strong>est.</strong></span> <span class='ocrx_word' id='word_1_693' title='bbox 2832 4143 3090 4198; x_wconf 85' lang='lat' dir='ltr'><strong>Possihile</strong></span> <span class='ocrx_word' id='word_1_694' title='bbox 3133 4155 3254 4194; x_wconf 90' lang='lat' dir='ltr'><strong>esse</strong></span> <span class='ocrx_word' id='word_1_695' title='bbox 3299 4139 3496 4192; x_wconf 90' lang='lat' dir='ltr'><strong>dicitur</strong></span> 
     </span>
    </p>
   </div>
   <div class='ocr_carea' id='block_1_88' title="bbox 1919 4229 3494 4312">
    <p class='ocr_par' dir='ltr' id='par_1_88' title="bbox 1919 4229 3494 4312">
     <span class='ocr_line' id='line_1_88' title="bbox 1919 4229 3494 4312; baseline -0.008 -17"><span class='ocrx_word' id='word_1_696' title='bbox 1919 4241 2062 4312; x_wconf 79' lang='lat' dir='ltr'><strong>quod</strong></span> <span class='ocrx_word' id='word_1_697' title='bbox 2103 4240 2154 4293; x_wconf 91' lang='lat' dir='ltr'><strong>in</strong></span> <span class='ocrx_word' id='word_1_698' title='bbox 2182 4248 2462 4308; x_wconf 89' lang='lat' dir='ltr'><strong>utramque</strong></span> <span class='ocrx_word' id='word_1_699' title='bbox 2487 4245 2690 4304; x_wconf 90' lang='lat' dir='ltr'><strong>partem</strong></span> <span class='ocrx_word' id='word_1_700' title='bbox 2735 4235 2884 4288; x_wconf 81' lang='lat' dir='ltr'><strong>facile</strong></span> <span class='ocrx_word' id='word_1_701' title='bbox 2907 4243 3106 4285; x_wconf 66' lang='lat' dir='ltr'><strong>natura:</strong></span> <span class='ocrx_word' id='word_1_702' title='bbox 3147 4243 3256 4284; x_wconf 73' lang='lat' dir='ltr'><strong>sua:</strong></span> <span class='ocrx_word' id='word_1_703' title='bbox 3288 4229 3494 4283; x_wconf 88' lang='lat' dir='ltr'><strong>ratione</strong></span> 
     </span>
    </p>
   </div>
   <div class='ocr_carea' id='block_1_89' title="bbox 1921 4317 3495 4398">
    <p class='ocr_par' dir='ltr' id='par_1_89' title="bbox 1921 4317 3495 4398">
     <span class='ocr_line' id='line_1_89' title="bbox 1921 4317 3495 4398; baseline -0.01 -10"><span class='ocrx_word' id='word_1_704' title='bbox 1921 4317 2182 4398; x_wconf 84' lang='lat' dir='ltr'><strong>vertatur,</strong></span> <span class='ocrx_word' id='word_1_705' title='bbox 2215 4342 2266 4384; x_wconf 93' lang='lat' dir='ltr'><strong>ut</strong></span> <span class='ocrx_word' id='word_1_706' title='bbox 2294 4346 2413 4384; x_wconf 92' lang='lat' dir='ltr'><strong>cum</strong></span> <span class='ocrx_word' id='word_1_707' title='bbox 2448 4345 2551 4382; x_wconf 87' lang='lat' dir='ltr'><strong>non</strong></span> <span class='ocrx_word' id='word_1_708' title='bbox 2581 4328 2672 4395; x_wconf 85' lang='lat' dir='ltr'><strong>sit,</strong></span> <span class='ocrx_word' id='word_1_709' title='bbox 2701 4326 2956 4396; x_wconf 89' lang='lat' dir='ltr'><strong>possibile</strong></span> <span class='ocrx_word' id='word_1_710' title='bbox 2978 4325 3045 4376; x_wconf 65' lang='lat' dir='ltr'><strong>sit</strong></span> <span class='ocrx_word' id='word_1_711' title='bbox 3070 4337 3210 4392; x_wconf 83' lang='lat' dir='ltr'><strong>esse,</strong></span> <span class='ocrx_word' id='word_1_712' title='bbox 3245 4335 3343 4383; x_wconf 88' lang='lat' dir='ltr'><strong>nec</strong></span> <span class='ocrx_word' id='word_1_713' title='bbox 3372 4334 3495 4374; x_wconf 91' lang='lat' dir='ltr'><strong>cum</strong></span> 
     </span>
    </p>
   </div>
   <div class='ocr_carea' id='block_1_90' title="bbox 1921 4413 3495 4498">
    <p class='ocr_par' dir='ltr' id='par_1_90' title="bbox 1921 4413 3495 4498">
     <span class='ocr_line' id='line_1_90' title="bbox 1921 4413 3495 4498; baseline -0.01 -16"><span class='ocrx_word' id='word_1_714' title='bbox 1921 4428 2026 4496; x_wconf 86' lang='lat' dir='ltr'><strong>sit,</strong></span> <span class='ocrx_word' id='word_1_715' title='bbox 2056 4439 2113 4494; x_wconf 78' lang='lat' dir='ltr'><strong>ut</strong></span> <span class='ocrx_word' id='word_1_716' title='bbox 2144 4439 2247 4498; x_wconf 83' lang='lat' dir='ltr'><strong>non</strong></span> <span class='ocrx_word' id='word_1_717' title='bbox 2283 4426 2350 4478; x_wconf 89' lang='lat' dir='ltr'><strong>sit</strong></span> <span class='ocrx_word' id='word_1_718' title='bbox 2402 4439 2486 4478; x_wconf 86' lang='lat' dir='ltr'><strong>res</strong></span> <span class='ocrx_word' id='word_1_719' title='bbox 2517 4423 2617 4476; x_wconf 92' lang='lat' dir='ltr'><strong>ulla</strong></span> <span class='ocrx_word' id='word_1_720' title='bbox 2650 4420 2958 4492; x_wconf 79' lang='lat' dir='ltr'><strong>prohibeat,</strong></span> <span class='ocrx_word' id='word_1_721' title='bbox 2992 4419 3062 4470; x_wconf 90' lang='lat' dir='ltr'><strong>ita</strong></span> <span class='ocrx_word' id='word_1_722' title='bbox 3103 4432 3228 4485; x_wconf 83' lang='lat' dir='ltr'><strong>ergo</strong></span> <span class='ocrx_word' id='word_1_723' title='bbox 3259 4423 3311 4469; x_wconf 90' lang='lat' dir='ltr'><strong>et</strong></span> <span class='ocrx_word' id='word_1_724' title='bbox 3353 4413 3495 4484; x_wconf 87' lang='lat' dir='ltr'><strong>quod</strong></span> 
     </span>
    </p>
   </div>
   <div class='ocr_carea' id='block_1_91' title="bbox 1928 4507 3498 4588">
    <p class='ocr_par' dir='ltr' id='par_1_91' title="bbox 1928 4507 3498 4588">
     <span class='ocr_line' id='line_1_91' title="bbox 1928 4507 3498 4588; baseline -0.009 -17"><span class='ocrx_word' id='word_1_725' title='bbox 1928 4517 2183 4588; x_wconf 83' lang='lat' dir='ltr'><strong>possibile</strong></span> <span class='ocrx_word' id='word_1_726' title='bbox 2223 4516 2445 4570; x_wconf 88' lang='lat' dir='ltr'><strong>dicimus</strong></span> <span class='ocrx_word' id='word_1_727' title='bbox 2487 4533 2513 4568; x_wconf 90' lang='lat' dir='ltr'><strong>a</strong></span> <span class='ocrx_word' id='word_1_728' title='bbox 2558 4514 2878 4570; x_wconf 82' lang='lat' dir='ltr'><strong>necessitate</strong></span> <span class='ocrx_word' id='word_1_729' title='bbox 2926 4511 3275 4578; x_wconf 77' lang='lat' dir='ltr'><strong>sejungimus.</strong></span> <span class='ocrx_word' id='word_1_730' title='bbox 3327 4507 3498 4561; x_wconf 75' lang='lat' dir='ltr'><strong>Aliter</strong></span> 
     </span>
    </p>
   </div>
   <div class='ocr_carea' id='block_1_92' title="bbox 236 4586 3500 4678">
    <p class='ocr_par' dir='ltr' id='par_1_92' title="bbox 236 4586 3500 4678">
     <span class='ocr_line' id='line_1_92' title="bbox 236 4586 3500 4678; baseline -0.002 -20"><span class='ocrx_word' id='word_1_731' title='bbox 236 4622 496 4678; x_wconf 75' lang='lat' dir='ltr'><strong>quaecum</strong></span> <span class='ocrx_word' id='word_1_732' title='bbox 554 4606 730 4661; x_wconf 85' lang='lat' dir='ltr'><strong>facere</strong></span> <span class='ocrx_word' id='word_1_733' title='bbox 758 4609 1025 4678; x_wconf 86' lang='lat' dir='ltr'><strong>volumus,</strong></span> <span class='ocrx_word' id='word_1_734' title='bbox 1057 4622 1162 4660; x_wconf 90' lang='lat' dir='ltr'><strong>non</strong></span> <span class='ocrx_word' id='word_1_735' title='bbox 1213 4617 1388 4662; x_wconf 86' lang='lat' dir='ltr'><strong>tamen</strong></span> <span class='ocrx_word' id='word_1_736' title='bbox 1442 4606 1617 4661; x_wconf 87' lang='lat' dir='ltr'><strong>facere</strong></span> <span class='ocrx_word' id='word_1_737' title='bbox 1646 4607 1823 4661; x_wconf 86' lang='lat' dir='ltr'><strong>valea-</strong></span> <span class='ocrx_word' id='word_1_738' title='bbox 1849 4586 2071 4664; x_wconf 75' lang='lat' dir='ltr'><strong>Denim</strong></span> <span class='ocrx_word' id='word_1_739' title='bbox 2121 4607 2316 4662; x_wconf 89' lang='lat' dir='ltr'><strong>dicitur</strong></span> <span class='ocrx_word' id='word_1_740' title='bbox 2347 4605 2597 4677; x_wconf 83' lang='lat' dir='ltr'><strong>possibile</strong></span> <span class='ocrx_word' id='word_1_741' title='bbox 2640 4621 2723 4660; x_wconf 90' lang='lat' dir='ltr'><strong>me</strong></span> <span class='ocrx_word' id='word_1_742' title='bbox 2771 4619 2890 4658; x_wconf 85' lang='lat' dir='ltr'><strong>esse</strong></span> <span class='ocrx_word' id='word_1_743' title='bbox 2931 4602 3200 4655; x_wconf 87' lang='lat' dir='ltr'><strong>ambulare</strong></span> <span class='ocrx_word' id='word_1_744' title='bbox 3243 4614 3360 4660; x_wconf 84' lang='lat' dir='ltr'><strong>cum</strong></span> <span class='ocrx_word' id='word_1_745' title='bbox 3413 4612 3500 4651; x_wconf 88' lang='lat' dir='ltr'><strong>se-</strong></span> 
     </span>
    </p>
   </div>
   <div class='ocr_carea' id='block_1_93' title="bbox 237 4697 1822 4772">
    <p class='ocr_par' dir='ltr' id='par_1_93' title="bbox 237 4697 1822 4772">
     <span class='ocr_line' id='line_1_93' title="bbox 237 4697 1822 4772; baseline 0.001 -19"><span class='ocrx_word' id='word_1_746' title='bbox 237 4699 542 4753; x_wconf 78' lang='lat' dir='ltr'><strong>mtts.!lltilta</strong></span> <span class='ocrx_word' id='word_1_747' title='bbox 560 4709 733 4750; x_wconf 81' lang='lat' dir='ltr'><strong>autem</strong></span> <span class='ocrx_word' id='word_1_748' title='bbox 751 4699 840 4750; x_wconf 87' lang='lat' dir='ltr'><strong>dat</strong></span> <span class='ocrx_word' id='word_1_749' title='bbox 855 4698 1143 4751; x_wconf 83' lang='lat' dir='ltr'><strong>voluntatis</strong></span> <span class='ocrx_word' id='word_1_750' title='bbox 1158 4699 1378 4753; x_wconf 81' lang='lat' dir='ltr'><strong>liberum</strong></span> <span class='ocrx_word' id='word_1_751' title='bbox 1393 4697 1822 4772; x_wconf 80' lang='lat' dir='ltr'><strong>arbitrium,qu:.e</strong></span> 
     </span>
    </p>
   </div>
   <div class='ocr_carea' id='block_1_94' title="bbox 237 4787 1823 4857">
    <p class='ocr_par' dir='ltr' id='par_1_94' title="bbox 237 4787 1823 4857">
     <span class='ocr_line' id='line_1_94' title="bbox 237 4787 1823 4857; baseline -0.001 -13"><span class='ocrx_word' id='word_1_752' title='bbox 237 4789 392 4844; x_wconf 87' lang='lat' dir='ltr'><strong>nobis</strong></span> <span class='ocrx_word' id='word_1_753' title='bbox 412 4789 712 4842; x_wconf 73' lang='lat' dir='ltr'><strong>Volentihm</strong></span> <span class='ocrx_word' id='word_1_754' title='bbox 734 4787 884 4855; x_wconf 77' lang='lat' dir='ltr'><strong>ﬁunt,</strong></span> <span class='ocrx_word' id='word_1_755' title='bbox 918 4804 1036 4857; x_wconf 65' lang='lat' dir='ltr'><strong>quas</strong></span> <span class='ocrx_word' id='word_1_756' title='bbox 1062 4804 1164 4843; x_wconf 91' lang='lat' dir='ltr'><strong>non</strong></span> <span class='ocrx_word' id='word_1_757' title='bbox 1192 4788 1382 4843; x_wconf 85' lang='lat' dir='ltr'><strong>ﬁerent</strong></span> <span class='ocrx_word' id='word_1_758' title='bbox 1413 4789 1512 4842; x_wconf 79' lang='lat' dir='ltr'><strong>nisi</strong></span> <span class='ocrx_word' id='word_1_759' title='bbox 1543 4790 1823 4856; x_wconf 78' lang='lat' dir='ltr'><strong>vellemus,</strong></span> 
     </span>
    </p>
   </div>
   <div class='ocr_carea' id='block_1_95' title="bbox 238 4887 1820 4960">
    <p class='ocr_par' dir='ltr' id='par_1_95' title="bbox 238 4887 1820 4960">
     <span class='ocr_line' id='line_1_95' title="bbox 238 4887 1820 4960; baseline 0.001 -20"><span class='ocrx_word' id='word_1_760' title='bbox 238 4887 380 4941; x_wconf 84' lang='lat' dir='ltr'><strong>unde</strong></span> <span class='ocrx_word' id='word_1_761' title='bbox 415 4887 469 4940; x_wconf 89' lang='lat' dir='ltr'><strong>lit</strong></span> <span class='ocrx_word' id='word_1_762' title='bbox 499 4897 554 4939; x_wconf 94' lang='lat' dir='ltr'><strong>ut</strong></span> <span class='ocrx_word' id='word_1_763' title='bbox 595 4899 781 4940; x_wconf 87' lang='lat' dir='ltr'><strong>natura</strong></span> <span class='ocrx_word' id='word_1_764' title='bbox 805 4903 920 4954; x_wconf 70' lang='lat' dir='ltr'><strong>qur.</strong></span> <span class='ocrx_word' id='word_1_765' title='bbox 945 4899 1122 4940; x_wconf 87' lang='lat' dir='ltr'><strong>motus</strong></span> <span class='ocrx_word' id='word_1_766' title='bbox 1143 4896 1227 4940; x_wconf 87' lang='lat' dir='ltr'><strong>est</strong></span> <span class='ocrx_word' id='word_1_767' title='bbox 1251 4887 1565 4960; x_wconf 79' lang='lat' dir='ltr'><strong>principium</strong></span> <span class='ocrx_word' id='word_1_768' title='bbox 1590 4896 1642 4942; x_wconf 90' lang='lat' dir='ltr'><strong>et</strong></span> <span class='ocrx_word' id='word_1_769' title='bbox 1667 4888 1820 4942; x_wconf 81' lang='lat' dir='ltr'><strong>liberi</strong></span> 
     </span>
    </p>
   </div>
   <div class='ocr_carea' id='block_1_96' title="bbox 236 4976 1822 5051">
    <p class='ocr_par' dir='ltr' id='par_1_96' title="bbox 236 4976 1822 5051">
     <span class='ocr_line' id='line_1_96' title="bbox 236 4976 1822 5051; baseline 0.001 -19"><span class='ocrx_word' id='word_1_770' title='bbox 236 4979 443 5033; x_wconf 85' lang='lat' dir='ltr'><strong>arb&#39;trii</strong></span> <span class='ocrx_word' id='word_1_771' title='bbox 476 4978 767 5046; x_wconf 74' lang='lat' dir='ltr'><strong>falcultate,</strong></span> <span class='ocrx_word' id='word_1_772' title='bbox 793 4988 845 5032; x_wconf 91' lang='lat' dir='ltr'><strong>et</strong></span> <span class='ocrx_word' id='word_1_773' title='bbox 871 4976 1032 5036; x_wconf 89' lang='lat' dir='ltr'><strong>animi</strong></span> <span class='ocrx_word' id='word_1_774' title='bbox 1055 4994 1265 5050; x_wconf 87' lang='lat' dir='ltr'><strong>quoque</strong></span> <span class='ocrx_word' id='word_1_775' title='bbox 1286 4981 1492 5033; x_wconf 87' lang='lat' dir='ltr'><strong>ratione</strong></span> <span class='ocrx_word' id='word_1_776' title='bbox 1521 4981 1822 5051; x_wconf 87' lang='lat' dir='ltr'><strong>participet.</strong></span> 
     </span>
    </p>
   </div>
   <div class='ocr_carea' id='block_1_97' title="bbox 240 5070 1826 5142">
    <p class='ocr_par' dir='ltr' id='par_1_97' title="bbox 240 5070 1826 5142">
     <span class='ocr_line' id='line_1_97' title="bbox 240 5070 1826 5142; baseline 0.002 -18"><span class='ocrx_word' id='word_1_777' title='bbox 240 5072 430 5126; x_wconf 87' lang='lat' dir='ltr'><strong>Anima</strong></span> <span class='ocrx_word' id='word_1_778' title='bbox 459 5087 586 5124; x_wconf 78' lang='lat' dir='ltr'><strong>vero</strong></span> <span class='ocrx_word' id='word_1_779' title='bbox 618 5071 761 5123; x_wconf 79' lang='lat' dir='ltr'><strong>velut</strong></span> <span class='ocrx_word' id='word_1_780' title='bbox 797 5071 1010 5140; x_wconf 82' lang='lat' dir='ltr'><strong>alligata</strong></span> <span class='ocrx_word' id='word_1_781' title='bbox 1051 5070 1385 5140; x_wconf 89' lang='lat' dir='ltr'><strong>corporibus,</strong></span> <span class='ocrx_word' id='word_1_782' title='bbox 1413 5071 1606 5142; x_wconf 83' lang='lat' dir='ltr'><strong>quibus</strong></span> <span class='ocrx_word' id='word_1_783' title='bbox 1638 5082 1826 5127; x_wconf 89' lang='lat' dir='ltr'><strong>natura</strong></span> 
     </span>
    </p>
   </div>
   <div class='ocr_carea' id='block_1_98' title="bbox 239 5149 1825 5234">
    <p class='ocr_par' dir='ltr' id='par_1_98' title="bbox 239 5149 1825 5234">
     <span class='ocr_line' id='line_1_98' title="bbox 239 5149 1825 5234; baseline 0.001 -18"><span class='ocrx_word' id='word_1_784' title='bbox 239 5164 565 5234; x_wconf 82' lang='lat' dir='ltr'><strong>dominatur,</strong></span> <span class='ocrx_word' id='word_1_785' title='bbox 612 5165 1080 5232; x_wconf 81' lang='lat' dir='ltr'><strong>imaginatiOuihus</strong></span> <span class='ocrx_word' id='word_1_786' title='bbox 1132 5149 1184 5216; x_wconf 86' lang='lat' dir='ltr'><strong>ct</strong></span> <span class='ocrx_word' id='word_1_787' title='bbox 1214 5163 1596 5234; x_wconf 80' lang='lat' dir='ltr'><strong>cupiditatibus</strong></span> <span class='ocrx_word' id='word_1_788' title='bbox 1638 5174 1690 5218; x_wconf 92' lang='lat' dir='ltr'><strong>et</strong></span> <span class='ocrx_word' id='word_1_789' title='bbox 1720 5165 1825 5218; x_wconf 89' lang='lat' dir='ltr'><strong>ira-</strong></span> 
     </span>
    </p>
   </div>
   <div class='ocr_carea' id='block_1_99' title="bbox 238 5255 1822 5326">
    <p class='ocr_par' dir='ltr' id='par_1_99' title="bbox 238 5255 1822 5326">
     <span class='ocr_line' id='line_1_99' title="bbox 238 5255 1822 5326; baseline -0.001 -17"><span class='ocrx_word' id='word_1_790' title='bbox 238 5255 448 5310; x_wconf 68' lang='lat' dir='ltr'><strong>cundia.-</strong></span> <span class='ocrx_word' id='word_1_791' title='bbox 473 5256 754 5309; x_wconf 84' lang='lat' dir='ltr'><strong>ardoribus</strong></span> <span class='ocrx_word' id='word_1_792' title='bbox 785 5270 813 5308; x_wconf 93' lang='lat' dir='ltr'><strong>c</strong></span> <span class='ocrx_word' id='word_1_793' title='bbox 833 5255 1032 5326; x_wconf 80' lang='lat' dir='ltr'><strong>rterisq</strong></span> <span class='ocrx_word' id='word_1_794' title='bbox 1074 5270 1132 5324; x_wconf 89' lang='lat' dir='ltr'><strong>e,</strong></span> <span class='ocrx_word' id='word_1_795' title='bbox 1159 5271 1278 5322; x_wconf 73' lang='lat' dir='ltr'><strong>qua:</strong></span> <span class='ocrx_word' id='word_1_796' title='bbox 1313 5255 1544 5322; x_wconf 71' lang='lat' dir='ltr'><strong>alierunt</strong></span> <span class='ocrx_word' id='word_1_797' title='bbox 1575 5269 1822 5324; x_wconf 88' lang='lat' dir='ltr'><strong>corpora,</strong></span> 
     </span>
    </p>
   </div>
   <div class='ocr_carea' id='block_1_100' title="bbox 239 5347 1826 5432">
    <p class='ocr_par' dir='ltr' id='par_1_100' title="bbox 239 5347 1826 5432">
     <span class='ocr_line' id='line_1_100' title="bbox 239 5347 1826 5432; baseline 0.004 -31"><span class='ocrx_word' id='word_1_798' title='bbox 239 5363 309 5401; x_wconf 72' lang='lat' dir='ltr'><strong>ex</strong></span> <span class='ocrx_word' id='word_1_799' title='bbox 342 5349 450 5416; x_wconf 89' lang='lat' dir='ltr'><strong>ipsa</strong></span> <span class='ocrx_word' id='word_1_800' title='bbox 475 5347 555 5400; x_wconf 92' lang='lat' dir='ltr'><strong>cui</strong></span> <span class='ocrx_word' id='word_1_801' title='bbox 587 5347 782 5424; x_wconf 75' lang='lat' dir='ltr'><strong>i&#39;ligata</strong></span> <span class='ocrx_word' id='word_1_802' title='bbox 811 5358 893 5416; x_wconf 75' lang='lat' dir='ltr'><strong>cst</strong></span> <span class='ocrx_word' id='word_1_803' title='bbox 916 5357 1099 5400; x_wconf 87' lang='lat' dir='ltr'><strong>natura</strong></span> <span class='ocrx_word' id='word_1_804' title='bbox 1124 5348 1421 5432; x_wconf 85' lang='lat' dir='ltr'><strong>participat.</strong></span> <span class='ocrx_word' id='word_1_805' title='bbox 1443 5349 1826 5406; x_wconf 86' lang='lat' dir='ltr'><strong>Cunctiautem</strong></span> 
     </span>
    </p>
   </div>
   <div class='ocr_carea' id='block_1_101' title="bbox 240 5439 1828 5514">
    <p class='ocr_par' dir='ltr' id='par_1_101' title="bbox 240 5439 1828 5514">
     <span class='ocr_line' id='line_1_101' title="bbox 240 5439 1828 5514; baseline 0.005 -22"><span class='ocrx_word' id='word_1_806' title='bbox 240 5439 437 5492; x_wconf 63' lang='lat' dir='ltr'><strong>divina!</strong></span> <span class='ocrx_word' id='word_1_807' title='bbox 461 5441 807 5514; x_wconf 59' lang='lat' dir='ltr'><strong>providentia:</strong></span> <span class='ocrx_word' id='word_1_808' title='bbox 829 5439 1077 5510; x_wconf 86' lang='lat' dir='ltr'><strong>subjecti,</strong></span> <span class='ocrx_word' id='word_1_809' title='bbox 1097 5457 1158 5494; x_wconf 81' lang='lat' dir='ltr'><strong>ex</strong></span> <span class='ocrx_word' id='word_1_810' title='bbox 1188 5441 1274 5494; x_wconf 90' lang='lat' dir='ltr'><strong>illa</strong></span> <span class='ocrx_word' id='word_1_811' title='bbox 1297 5457 1504 5511; x_wconf 62' lang='lat' dir='ltr'><strong>qunque</strong></span> <span class='ocrx_word' id='word_1_812' title='bbox 1527 5441 1828 5500; x_wconf 85' lang='lat' dir='ltr'><strong>divinorum</strong></span> 
     </span>
    </p>
   </div>
   <div class='ocr_carea' id='block_1_102' title="bbox 241 5517 1829 5606">
    <p class='ocr_par' dir='ltr' id='par_1_102' title="bbox 241 5517 1829 5606">
     <span class='ocr_line' id='line_1_102' title="bbox 241 5517 1829 5606; baseline 0.005 -25"><span class='ocrx_word' id='word_1_813' title='bbox 241 5517 520 5584; x_wconf 80' lang='lat' dir='ltr'><strong>voluntate</strong></span> <span class='ocrx_word' id='word_1_814' title='bbox 550 5531 863 5606; x_wconf 84' lang='lat' dir='ltr'><strong>pendemus,</strong></span> <span class='ocrx_word' id='word_1_815' title='bbox 890 5531 1069 5606; x_wconf 67' lang='lat' dir='ltr'><strong>itaque</strong></span> <span class='ocrx_word' id='word_1_816' title='bbox 1095 5547 1191 5584; x_wconf 91' lang='lat' dir='ltr'><strong>nec</strong></span> <span class='ocrx_word' id='word_1_817' title='bbox 1213 5532 1513 5586; x_wconf 60' lang='lat' dir='ltr'><strong>caelestium</strong></span> <span class='ocrx_word' id='word_1_818' title='bbox 1542 5533 1829 5590; x_wconf 86' lang='lat' dir='ltr'><strong>necessitas</strong></span> 
     </span>
    </p>
   </div>
   <div class='ocr_carea' id='block_1_103' title="bbox 242 5625 1830 5698">
    <p class='ocr_par' dir='ltr' id='par_1_103' title="bbox 242 5625 1830 5698">
     <span class='ocr_line' id='line_1_103' title="bbox 242 5625 1830 5698; baseline 0.006 -23"><span class='ocrx_word' id='word_1_819' title='bbox 242 5632 352 5675; x_wconf 86' lang='lat' dir='ltr'><strong>tota</strong></span> <span class='ocrx_word' id='word_1_820' title='bbox 397 5625 688 5684; x_wconf 86' lang='lat' dir='ltr'><strong>subruitur,</strong></span> <span class='ocrx_word' id='word_1_821' title='bbox 723 5638 821 5677; x_wconf 88' lang='lat' dir='ltr'><strong>nec</strong></span> <span class='ocrx_word' id='word_1_822' title='bbox 863 5639 1044 5677; x_wconf 87' lang='lat' dir='ltr'><strong>casum</strong></span> <span class='ocrx_word' id='word_1_823' title='bbox 1093 5625 1380 5698; x_wconf 86' lang='lat' dir='ltr'><strong>disputatio</strong></span> <span class='ocrx_word' id='word_1_824' title='bbox 1413 5625 1525 5681; x_wconf 72' lang='lat' dir='ltr'><strong>hzcc</strong></span> <span class='ocrx_word' id='word_1_825' title='bbox 1553 5627 1618 5696; x_wconf 82' lang='lat' dir='ltr'><strong>de</strong></span> <span class='ocrx_word' id='word_1_826' title='bbox 1671 5629 1830 5683; x_wconf 89' lang='lat' dir='ltr'><strong>rebus</strong></span> 
     </span>
    </p>
   </div>
   <div class='ocr_carea' id='block_1_104' title="bbox 242 5716 1830 5798">
    <p class='ocr_par' dir='ltr' id='par_1_104' title="bbox 242 5716 1830 5798">
     <span class='ocr_line' id='line_1_104' title="bbox 242 5716 1830 5798; baseline 0.004 -30"><span class='ocrx_word' id='word_1_827' title='bbox 242 5716 506 5777; x_wconf 78' lang='lat' dir='ltr'><strong>eliminat,</strong></span> <span class='ocrx_word' id='word_1_828' title='bbox 532 5725 585 5769; x_wconf 90' lang='lat' dir='ltr'><strong>et</strong></span> <span class='ocrx_word' id='word_1_829' title='bbox 616 5716 838 5798; x_wconf 81' lang='lat' dir='ltr'><strong>liberum</strong></span> <span class='ocrx_word' id='word_1_830' title='bbox 867 5717 1044 5771; x_wconf 89' lang='lat' dir='ltr'><strong>lirmat</strong></span> <span class='ocrx_word' id='word_1_831' title='bbox 1065 5717 1363 5791; x_wconf 85' lang='lat' dir='ltr'><strong>arbitrium,</strong></span> <span class='ocrx_word' id='word_1_832' title='bbox 1398 5719 1493 5772; x_wconf 89' lang='lat' dir='ltr'><strong>sed</strong></span> <span class='ocrx_word' id='word_1_833' title='bbox 1524 5719 1634 5775; x_wconf 64' lang='lat' dir='ltr'><strong>haec</strong></span> <span class='ocrx_word' id='word_1_834' title='bbox 1661 5722 1830 5790; x_wconf 84' lang='lat' dir='ltr'><strong>majo-</strong></span> 
     </span>
    </p>
   </div>
   <div class='ocr_carea' id='block_1_105' title="bbox 243 5811 1830 5882">
    <p class='ocr_par' dir='ltr' id='par_1_105' title="bbox 243 5811 1830 5882">
     <span class='ocr_line' id='line_1_105' title="bbox 243 5811 1830 5882; baseline 0.003 -16"><span class='ocrx_word' id='word_1_835' title='bbox 243 5823 305 5866; x_wconf 81' lang='lat' dir='ltr'><strong>ra</strong></span> <span class='ocrx_word' id='word_1_836' title='bbox 335 5819 461 5865; x_wconf 84' lang='lat' dir='ltr'><strong>sunt</strong></span> <span class='ocrx_word' id='word_1_837' title='bbox 486 5827 644 5880; x_wconf 86' lang='lat' dir='ltr'><strong>quam</strong></span> <span class='ocrx_word' id='word_1_838' title='bbox 668 5823 728 5866; x_wconf 88' lang='lat' dir='ltr'><strong>ut</strong></span> <span class='ocrx_word' id='word_1_839' title='bbox 750 5827 893 5869; x_wconf 90' lang='lat' dir='ltr'><strong>nunc</strong></span> <span class='ocrx_word' id='word_1_840' title='bbox 924 5811 1084 5882; x_wconf 72' lang='lat' dir='ltr'><strong>digne</strong></span> <span class='ocrx_word' id='word_1_841' title='bbox 1127 5813 1441 5881; x_wconf 88' lang='lat' dir='ltr'><strong>pertractari</strong></span> <span class='ocrx_word' id='word_1_842' title='bbox 1463 5822 1681 5882; x_wconf 83' lang='lat' dir='ltr'><strong>queant.</strong></span> <span class='ocrx_word' id='word_1_843' title='bbox 1723 5815 1830 5872; x_wconf 68' lang='lat' dir='ltr'><strong>Suo</strong></span> 
     </span>
    </p>
   </div>
   <div class='ocr_carea' id='block_1_106' title="bbox 1927 4693 3500 4766">
    <p class='ocr_par' dir='ltr' id='par_1_106' title="bbox 1927 4693 3500 4766">
     <span class='ocr_line' id='line_1_106' title="bbox 1927 4693 3500 4766; baseline -0.008 -12"><span class='ocrx_word' id='word_1_844' title='bbox 1927 4698 2112 4766; x_wconf 90' lang='lat' dir='ltr'><strong>deam,</strong></span> <span class='ocrx_word' id='word_1_845' title='bbox 2161 4699 2317 4753; x_wconf 90' lang='lat' dir='ltr'><strong>aliter</strong></span> <span class='ocrx_word' id='word_1_846' title='bbox 2346 4697 2511 4752; x_wconf 85' lang='lat' dir='ltr'><strong>solem</strong></span> <span class='ocrx_word' id='word_1_847' title='bbox 2546 4712 2684 4750; x_wconf 90' lang='lat' dir='ltr'><strong>nunc</strong></span> <span class='ocrx_word' id='word_1_848' title='bbox 2728 4711 2851 4752; x_wconf 85' lang='lat' dir='ltr'><strong>esse</strong></span> <span class='ocrx_word' id='word_1_849' title='bbox 2882 4697 2933 4748; x_wconf 91' lang='lat' dir='ltr'><strong>in</strong></span> <span class='ocrx_word' id='word_1_850' title='bbox 2978 4693 3260 4762; x_wconf 80' lang='lat' dir='ltr'><strong>Sagittario</strong></span> <span class='ocrx_word' id='word_1_851' title='bbox 3295 4700 3347 4744; x_wconf 92' lang='lat' dir='ltr'><strong>et</strong></span> <span class='ocrx_word' id='word_1_852' title='bbox 3381 4697 3500 4757; x_wconf 85' lang='lat' dir='ltr'><strong>post</strong></span> 
     </span>
    </p>
   </div>
   <div class='ocr_carea' id='block_1_107' title="bbox 1921 4775 3502 4864">
    <p class='ocr_par' dir='ltr' id='par_1_107' title="bbox 1921 4775 3502 4864">
     <span class='ocr_line' id='line_1_107' title="bbox 1921 4775 3502 4864; baseline -0.008 -18"><span class='ocrx_word' id='word_1_853' title='bbox 1921 4775 2127 4864; x_wconf 75' lang='lat' dir='ltr'><strong>paucos</strong></span> <span class='ocrx_word' id='word_1_854' title='bbox 2155 4788 2270 4845; x_wconf 90' lang='lat' dir='ltr'><strong>dies</strong></span> <span class='ocrx_word' id='word_1_855' title='bbox 2300 4793 2352 4843; x_wconf 90' lang='lat' dir='ltr'><strong>in</strong></span> <span class='ocrx_word' id='word_1_856' title='bbox 2380 4789 2668 4862; x_wconf 86' lang='lat' dir='ltr'><strong>Aquarium</strong></span> <span class='ocrx_word' id='word_1_857' title='bbox 2705 4787 3017 4862; x_wconf 74' lang='lat' dir='ltr'><strong>transgredi.</strong></span> <span class='ocrx_word' id='word_1_858' title='bbox 3055 4787 3125 4842; x_wconf 90' lang='lat' dir='ltr'><strong>Ita</strong></span> <span class='ocrx_word' id='word_1_859' title='bbox 3156 4785 3296 4840; x_wconf 91' lang='lat' dir='ltr'><strong>enim</strong></span> <span class='ocrx_word' id='word_1_860' title='bbox 3329 4782 3502 4852; x_wconf 86' lang='lat' dir='ltr'><strong>possi-</strong></span> 
     </span>
    </p>
   </div>
   <div class='ocr_carea' id='block_1_108' title="bbox 1929 4881 3502 4947">
    <p class='ocr_par' dir='ltr' id='par_1_108' title="bbox 1929 4881 3502 4947">
     <span class='ocr_line' id='line_1_108' title="bbox 1929 4881 3502 4947; baseline -0.006 -5"><span class='ocrx_word' id='word_1_861' title='bbox 1929 4888 2034 4947; x_wconf 87' lang='lat' dir='ltr'><strong>bile</strong></span> <span class='ocrx_word' id='word_1_862' title='bbox 2062 4896 2143 4942; x_wconf 89' lang='lat' dir='ltr'><strong>est</strong></span> <span class='ocrx_word' id='word_1_863' title='bbox 2187 4886 2428 4941; x_wconf 90' lang='lat' dir='ltr'><strong>utetiam</strong></span> <span class='ocrx_word' id='word_1_864' title='bbox 2478 4900 2598 4940; x_wconf 88' lang='lat' dir='ltr'><strong>esse</strong></span> <span class='ocrx_word' id='word_1_865' title='bbox 2645 4899 2864 4939; x_wconf 79' lang='lat' dir='ltr'><strong>necesse</strong></span> <span class='ocrx_word' id='word_1_866' title='bbox 2907 4883 2994 4936; x_wconf 87' lang='lat' dir='ltr'><strong>sit.</strong></span> <span class='ocrx_word' id='word_1_867' title='bbox 3028 4881 3285 4936; x_wconf 85' lang='lat' dir='ltr'><strong>Possihile</strong></span> <span class='ocrx_word' id='word_1_868' title='bbox 3323 4892 3502 4933; x_wconf 87' lang='lat' dir='ltr'><strong>autem</strong></span> 
     </span>
    </p>
   </div>
   <div class='ocr_carea' id='block_1_109' title="bbox 1931 4973 3502 5052">
    <p class='ocr_par' dir='ltr' id='par_1_109' title="bbox 1931 4973 3502 5052">
     <span class='ocr_line' id='line_1_109' title="bbox 1931 4973 3502 5052; baseline -0.007 -16"><span class='ocrx_word' id='word_1_869' title='bbox 1931 4982 2110 5036; x_wconf 91' lang='lat' dir='ltr'><strong>dicere</strong></span> <span class='ocrx_word' id='word_1_870' title='bbox 2138 4981 2395 5052; x_wconf 80' lang='lat' dir='ltr'><strong>solemus,</strong></span> <span class='ocrx_word' id='word_1_871' title='bbox 2423 4977 2563 5047; x_wconf 90' lang='lat' dir='ltr'><strong>quod</strong></span> <span class='ocrx_word' id='word_1_872' title='bbox 2594 4989 2646 5031; x_wconf 88' lang='lat' dir='ltr'><strong>et</strong></span> <span class='ocrx_word' id='word_1_873' title='bbox 2675 4992 2793 5032; x_wconf 84' lang='lat' dir='ltr'><strong>omn</strong></span> <span class='ocrx_word' id='word_1_874' title='bbox 2827 4992 2929 5030; x_wconf 91' lang='lat' dir='ltr'><strong>non</strong></span> <span class='ocrx_word' id='word_1_875' title='bbox 2961 4976 3050 5040; x_wconf 85' lang='lat' dir='ltr'><strong>sit,</strong></span> <span class='ocrx_word' id='word_1_876' title='bbox 3081 4991 3201 5030; x_wconf 82' lang='lat' dir='ltr'><strong>esse</strong></span> <span class='ocrx_word' id='word_1_877' title='bbox 3235 4973 3420 5042; x_wconf 87' lang='lat' dir='ltr'><strong>possit,</strong></span> <span class='ocrx_word' id='word_1_878' title='bbox 3449 4977 3502 5025; x_wconf 71' lang='lat' dir='ltr'><strong>e°</strong></span> 
     </span>
    </p>
   </div>
   <div class='ocr_carea' id='block_1_110' title="bbox 1931 5065 3502 5140">
    <p class='ocr_par' dir='ltr' id='par_1_110' title="bbox 1931 5065 3502 5140">
     <span class='ocr_line' id='line_1_110' title="bbox 1931 5065 3502 5140; baseline -0.009 -12"><span class='ocrx_word' id='word_1_879' title='bbox 1931 5088 2051 5128; x_wconf 91' lang='lat' dir='ltr'><strong>cum</strong></span> <span class='ocrx_word' id='word_1_880' title='bbox 2084 5074 2179 5138; x_wconf 86' lang='lat' dir='ltr'><strong>sit,</strong></span> <span class='ocrx_word' id='word_1_881' title='bbox 2217 5087 2321 5125; x_wconf 91' lang='lat' dir='ltr'><strong>non</strong></span> <span class='ocrx_word' id='word_1_882' title='bbox 2351 5085 2472 5126; x_wconf 90' lang='lat' dir='ltr'><strong>esse</strong></span> <span class='ocrx_word' id='word_1_883' title='bbox 2499 5071 2685 5124; x_wconf 90' lang='lat' dir='ltr'><strong>iterum</strong></span> <span class='ocrx_word' id='word_1_884' title='bbox 2736 5070 2922 5140; x_wconf 88' lang='lat' dir='ltr'><strong>possit.</strong></span> <span class='ocrx_word' id='word_1_885' title='bbox 2951 5069 3004 5123; x_wconf 89' lang='lat' dir='ltr'><strong>Si</strong></span> <span class='ocrx_word' id='word_1_886' title='bbox 3035 5069 3149 5136; x_wconf 89' lang='lat' dir='ltr'><strong>quis</strong></span> <span class='ocrx_word' id='word_1_887' title='bbox 3177 5081 3301 5134; x_wconf 79' lang='lat' dir='ltr'><strong>ergo</strong></span> <span class='ocrx_word' id='word_1_888' title='bbox 3325 5065 3502 5116; x_wconf 87' lang='lat' dir='ltr'><strong>munia</strong></span> 
     </span>
    </p>
   </div>
   <div class='ocr_carea' id='block_1_111' title="bbox 1936 5155 3503 5234">
    <p class='ocr_par' dir='ltr' id='par_1_111' title="bbox 1936 5155 3503 5234">
     <span class='ocr_line' id='line_1_111' title="bbox 1936 5155 3503 5234; baseline -0.008 -15"><span class='ocrx_word' id='word_1_889' title='bbox 1936 5163 2236 5219; x_wconf 86' lang='lat' dir='ltr'><strong>necessitati</strong></span> <span class='ocrx_word' id='word_1_890' title='bbox 2268 5163 2577 5234; x_wconf 77' lang='lat' dir='ltr'><strong>subiecerit,</strong></span> <span class='ocrx_word' id='word_1_891' title='bbox 2609 5163 2698 5217; x_wconf 89' lang='lat' dir='ltr'><strong>ille</strong></span> <span class='ocrx_word' id='word_1_892' title='bbox 2751 5174 2990 5222; x_wconf 82' lang='lat' dir='ltr'><strong>naturam</strong></span> <span class='ocrx_word' id='word_1_893' title='bbox 3032 5158 3395 5228; x_wconf 83' lang='lat' dir='ltr'><strong>possibilitatis</strong></span> <span class='ocrx_word' id='word_1_894' title='bbox 3424 5155 3503 5208; x_wconf 85' lang='lat' dir='ltr'><strong>iu-</strong></span> 
     </span>
    </p>
   </div>
   <div class='ocr_carea' id='block_1_112' title="bbox 1935 5247 3483 5328">
    <p class='ocr_par' dir='ltr' id='par_1_112' title="bbox 1935 5247 3483 5328">
     <span class='ocr_line' id='line_1_112' title="bbox 1935 5247 3483 5328; baseline -0.007 -18"><span class='ocrx_word' id='word_1_895' title='bbox 1935 5257 2166 5328; x_wconf 82' lang='lat' dir='ltr'><strong>tercipit.</strong></span> <span class='ocrx_word' id='word_1_896' title='bbox 2217 5253 2350 5308; x_wconf 86' lang='lat' dir='ltr'><strong>Tres</strong></span> <span class='ocrx_word' id='word_1_897' title='bbox 2377 5269 2505 5325; x_wconf 86' lang='lat' dir='ltr'><strong>ergo</strong></span> <span class='ocrx_word' id='word_1_898' title='bbox 2549 5261 2671 5307; x_wconf 88' lang='lat' dir='ltr'><strong>sunt</strong></span> <span class='ocrx_word' id='word_1_899' title='bbox 2716 5253 2993 5307; x_wconf 76' lang='lat' dir='ltr'><strong>sententia:</strong></span> <span class='ocrx_word' id='word_1_900' title='bbox 3039 5249 3105 5303; x_wconf 90' lang='lat' dir='ltr'><strong>de</strong></span> <span class='ocrx_word' id='word_1_901' title='bbox 3136 5247 3483 5316; x_wconf 69' lang='lat' dir='ltr'><strong>possibititatc</strong></span> 
     </span>
    </p>
   </div>
   <div class='ocr_carea' id='block_1_113' title="bbox 1933 5341 3504 5420">
    <p class='ocr_par' dir='ltr' id='par_1_113' title="bbox 1933 5341 3504 5420">
     <span class='ocr_line' id='line_1_113' title="bbox 1933 5341 3504 5420; baseline -0.007 -15"><span class='ocrx_word' id='word_1_902' title='bbox 1933 5350 2084 5406; x_wconf 86' lang='lat' dir='ltr'><strong>Philo</strong></span> <span class='ocrx_word' id='word_1_903' title='bbox 2114 5354 2256 5420; x_wconf 87' lang='lat' dir='ltr'><strong>enim</strong></span> <span class='ocrx_word' id='word_1_904' title='bbox 2285 5349 2411 5418; x_wconf 82' lang='lat' dir='ltr'><strong>dicit</strong></span> <span class='ocrx_word' id='word_1_905' title='bbox 2440 5348 2690 5419; x_wconf 79' lang='lat' dir='ltr'><strong>possibile</strong></span> <span class='ocrx_word' id='word_1_906' title='bbox 2733 5363 2873 5416; x_wconf 81' lang='lat' dir='ltr'><strong>esse,</strong></span> <span class='ocrx_word' id='word_1_907' title='bbox 2909 5345 3048 5416; x_wconf 90' lang='lat' dir='ltr'><strong>quod</strong></span> <span class='ocrx_word' id='word_1_908' title='bbox 3077 5355 3263 5398; x_wconf 86' lang='lat' dir='ltr'><strong>natura</strong></span> <span class='ocrx_word' id='word_1_909' title='bbox 3298 5341 3504 5410; x_wconf 61' lang='lat' dir='ltr'><strong>propria</strong></span> 
     </span>
    </p>
   </div>
   <div class='ocr_carea' id='block_1_114' title="bbox 1881 5435 3508 5510">
    <p class='ocr_par' dir='ltr' id='par_1_114' title="bbox 1881 5435 3508 5510">
     <span class='ocr_line' id='line_1_114' title="bbox 1881 5435 3508 5510; baseline -0.007 -12"><span class='ocrx_word' id='word_1_910' title='bbox 1881 5489 1892 5498; x_wconf 80' lang='lat'><strong>.</strong></span> <span class='ocrx_word' id='word_1_911' title='bbox 1934 5442 2315 5499; x_wconf 87' lang='lat' dir='ltr'><strong>enuntiationis</strong></span> <span class='ocrx_word' id='word_1_912' title='bbox 2354 5441 2610 5510; x_wconf 87' lang='lat' dir='ltr'><strong>suscipiat</strong></span> <span class='ocrx_word' id='word_1_913' title='bbox 2650 5442 2962 5506; x_wconf 87' lang='lat' dir='ltr'><strong>veritatem,</strong></span> <span class='ocrx_word' id='word_1_914' title='bbox 3014 5445 3071 5491; x_wconf 93' lang='lat' dir='ltr'><strong>ut</strong></span> <span class='ocrx_word' id='word_1_915' title='bbox 3097 5451 3217 5496; x_wconf 85' lang='lat' dir='ltr'><strong>cum</strong></span> <span class='ocrx_word' id='word_1_916' title='bbox 3262 5435 3380 5489; x_wconf 81' lang='lat' dir='ltr'><strong>diro</strong></span> <span class='ocrx_word' id='word_1_917' title='bbox 3425 5448 3508 5487; x_wconf 78' lang='lat' dir='ltr'><strong>me</strong></span> 
     </span>
    </p>
   </div>
   <div class='ocr_carea' id='block_1_115' title="bbox 1935 5526 3508 5610">
    <p class='ocr_par' dir='ltr' id='par_1_115' title="bbox 1935 5526 3508 5610">
     <span class='ocr_line' id='line_1_115' title="bbox 1935 5526 3508 5610; baseline -0.008 -21"><span class='ocrx_word' id='word_1_918' title='bbox 1935 5534 2090 5590; x_wconf 86' lang='lat' dir='ltr'><strong>hodie</strong></span> <span class='ocrx_word' id='word_1_919' title='bbox 2112 5549 2232 5592; x_wconf 88' lang='lat' dir='ltr'><strong>esse</strong></span> <span class='ocrx_word' id='word_1_920' title='bbox 2257 5535 2520 5610; x_wconf 65' lang='lat' dir='ltr'><strong>Theocriti</strong></span> <span class='ocrx_word' id='word_1_921' title='bbox 2547 5533 2788 5588; x_wconf 81' lang='lat' dir='ltr'><strong>Bucolica</strong></span> <span class='ocrx_word' id='word_1_922' title='bbox 2818 5533 3159 5593; x_wconf 77' lang='lat' dir='ltr'><strong>reiecturum,</strong></span> <span class='ocrx_word' id='word_1_923' title='bbox 3190 5529 3291 5582; x_wconf 91' lang='lat' dir='ltr'><strong>hoc</strong></span> <span class='ocrx_word' id='word_1_924' title='bbox 3312 5529 3352 5578; x_wconf 89' lang='lat' dir='ltr'><strong>si</strong></span> <span class='ocrx_word' id='word_1_925' title='bbox 3380 5526 3508 5586; x_wconf 73' lang='lat' dir='ltr'><strong>nihil</strong></span> 
     </span>
    </p>
   </div>
   <div class='ocr_carea' id='block_1_116' title="bbox 1935 5620 3500 5706">
    <p class='ocr_par' dir='ltr' id='par_1_116' title="bbox 1935 5620 3500 5706">
     <span class='ocr_line' id='line_1_116' title="bbox 1935 5620 3500 5706; baseline -0.007 -23"><span class='ocrx_word' id='word_1_926' title='bbox 1935 5639 2083 5683; x_wconf 79' lang='lat' dir='ltr'><strong>extra</strong></span> <span class='ocrx_word' id='word_1_927' title='bbox 2119 5626 2417 5704; x_wconf 87' lang='lat' dir='ltr'><strong>prohibeat,</strong></span> <span class='ocrx_word' id='word_1_928' title='bbox 2450 5636 2706 5706; x_wconf 82' lang='lat' dir='ltr'><strong>quantum</strong></span> <span class='ocrx_word' id='word_1_929' title='bbox 2739 5627 2788 5680; x_wconf 92' lang='lat' dir='ltr'><strong>in</strong></span> <span class='ocrx_word' id='word_1_930' title='bbox 2819 5639 2877 5678; x_wconf 91' lang='lat' dir='ltr'><strong>se</strong></span> <span class='ocrx_word' id='word_1_931' title='bbox 2907 5633 2988 5676; x_wconf 89' lang='lat' dir='ltr'><strong>est</strong></span> <span class='ocrx_word' id='word_1_932' title='bbox 3037 5629 3213 5690; x_wconf 82' lang='lat' dir='ltr'><strong>potest</strong></span> <span class='ocrx_word' id='word_1_933' title='bbox 3251 5620 3500 5672; x_wconf 81' lang='lat' dir='ltr'><strong>veraciter</strong></span> 
     </span>
    </p>
   </div>
   <div class='ocr_carea' id='block_1_117' title="bbox 1935 5713 3485 5796">
    <p class='ocr_par' dir='ltr' id='par_1_117' title="bbox 1935 5713 3485 5796">
     <span class='ocr_line' id='line_1_117' title="bbox 1935 5713 3485 5796; baseline -0.005 -19"><span class='ocrx_word' id='word_1_934' title='bbox 1935 5722 2237 5796; x_wconf 83' lang='lat' dir='ltr'><strong>praedicari.</strong></span> <span class='ocrx_word' id='word_1_935' title='bbox 2274 5721 2469 5788; x_wconf 72' lang='lat' dir='ltr'><strong>Eodem</strong></span> <span class='ocrx_word' id='word_1_936' title='bbox 2508 5731 2684 5788; x_wconf 77' lang='lat' dir='ltr'><strong>autem</strong></span> <span class='ocrx_word' id='word_1_937' title='bbox 2729 5720 2886 5776; x_wconf 88' lang='lat' dir='ltr'><strong>modo</strong></span> <span class='ocrx_word' id='word_1_938' title='bbox 2915 5717 3053 5772; x_wconf 88' lang='lat' dir='ltr'><strong>idem</strong></span> <span class='ocrx_word' id='word_1_939' title='bbox 3085 5717 3200 5788; x_wconf 83' lang='lat' dir='ltr'><strong>ipse</strong></span> <span class='ocrx_word' id='word_1_940' title='bbox 3231 5713 3387 5776; x_wconf 86' lang='lat' dir='ltr'><strong>Philo</strong></span> <span class='ocrx_word' id='word_1_941' title='bbox 3419 5730 3485 5770; x_wconf 87' lang='lat' dir='ltr'><strong>ne</strong></span> 
     </span>
    </p>
   </div>
   <div class='ocr_carea' id='block_1_118' title="bbox 1935 5797 3515 5879">
    <p class='ocr_par' dir='ltr' id='par_1_118' title="bbox 1935 5797 3515 5879">
     <span class='ocr_line' id='line_1_118' title="bbox 1935 5797 3515 5879; baseline -0.008 -5"><span class='ocrx_word' id='word_1_942' title='bbox 1935 5797 2226 5876; x_wconf 64' lang='lat' dir='ltr'><strong>cessarium</strong></span> <span class='ocrx_word' id='word_1_943' title='bbox 2255 5831 2374 5872; x_wconf 80' lang='lat' dir='ltr'><strong>esse</strong></span> <span class='ocrx_word' id='word_1_944' title='bbox 2400 5813 2606 5876; x_wconf 80' lang='lat' dir='ltr'><strong>definit.</strong></span> <span class='ocrx_word' id='word_1_945' title='bbox 2625 5812 2764 5879; x_wconf 80' lang='lat' dir='ltr'><strong>quod</strong></span> <span class='ocrx_word' id='word_1_946' title='bbox 2787 5825 2905 5866; x_wconf 92' lang='lat' dir='ltr'><strong>cum</strong></span> <span class='ocrx_word' id='word_1_947' title='bbox 2934 5821 3115 5864; x_wconf 86' lang='lat' dir='ltr'><strong>verum</strong></span> <span class='ocrx_word' id='word_1_948' title='bbox 3142 5806 3234 5872; x_wconf 88' lang='lat' dir='ltr'><strong>sit,</strong></span> <span class='ocrx_word' id='word_1_949' title='bbox 3258 5817 3515 5873; x_wconf 76' lang='lat' dir='ltr'><strong>quantum</strong></span> 
     </span>
    </p>
   </div>
  </div>
