  <div class='ocr_page' id='page_1' title='image "/cluster/home/n/w/nwhite01/storage/ocr_20150623/64/hvd.32044024222309/263.png"; bbox 0 0 3982 6334; ppageno 0'>
   <div class='ocr_carea' id='block_1_1' title="bbox 535 307 635 364">
    <p class='ocr_par' dir='ltr' id='par_1_1' title="bbox 535 307 635 364">
     <span class='ocr_line' id='line_1_1' title="bbox 535 307 635 364; baseline -0.01 0"><span class='ocrx_word' id='word_1_1' title='bbox 535 307 635 364; x_wconf 64' lang='grc'><strong>811</strong></span> 
     </span>
    </p>
   </div>
   <div class='ocr_carea' id='block_1_2' title="bbox 1764 290 2560 368">
    <p class='ocr_par' dir='ltr' id='par_1_2' title="bbox 1764 290 2560 368">
     <span class='ocr_line' id='line_1_2' title="bbox 1764 290 2560 368; baseline 0.003 -13"><span class='ocrx_word' id='word_1_2' title='bbox 1764 299 1871 355; x_wconf 80' lang='grc' dir='ltr'><strong>ΑΝ.</strong></span> <span class='ocrx_word' id='word_1_3' title='bbox 1907 290 2116 355; x_wconf 68' lang='grc' dir='ltr'><strong>ΜΑΝι.</strong></span> <span class='ocrx_word' id='word_1_4' title='bbox 2147 298 2296 356; x_wconf 74' lang='lat' dir='ltr'><strong>SEV.</strong></span> <span class='ocrx_word' id='word_1_5' title='bbox 2341 301 2560 368; x_wconf 76' lang='lat' dir='ltr'><strong>BOE‘I’I]</strong></span> 
     </span>
    </p>
   </div>
   <div class='ocr_carea' id='block_1_3' title="bbox 3701 303 3811 365">
    <p class='ocr_par' dir='ltr' id='par_1_3' title="bbox 3701 303 3811 365">
     <span class='ocr_line' id='line_1_3' title="bbox 3701 303 3811 365; baseline -0.064 0"><span class='ocrx_word' id='word_1_6' title='bbox 3701 303 3811 365; x_wconf 70' lang='grc'><strong>512</strong></span> 
     </span>
    </p>
   </div>
   <div class='ocr_carea' id='block_1_4' title="bbox 537 411 3806 490">
    <p class='ocr_par' dir='ltr' id='par_1_4' title="bbox 537 411 3806 490">
     <span class='ocr_line' id='line_1_4' title="bbox 537 411 3806 490; baseline 0.002 -17"><span class='ocrx_word' id='word_1_7' title='bbox 537 419 592 474; x_wconf 88' lang='lat' dir='ltr'><strong>in</strong></span> <span class='ocrx_word' id='word_1_8' title='bbox 621 434 681 475; x_wconf 90' lang='lat' dir='ltr'><strong>se</strong></span> <span class='ocrx_word' id='word_1_9' title='bbox 709 427 790 473; x_wconf 89' lang='lat' dir='ltr'><strong>est</strong></span> <span class='ocrx_word' id='word_1_10' title='bbox 813 428 1078 485; x_wconf 78' lang='lat' dir='ltr'><strong>nunquam</strong></span> <span class='ocrx_word' id='word_1_11' title='bbox 1102 412 1270 481; x_wconf 90' lang='lat' dir='ltr'><strong>possit</strong></span> <span class='ocrx_word' id='word_1_12' title='bbox 1296 413 1655 481; x_wconf 86' lang='lat' dir='ltr'><strong>susceptivum</strong></span> <span class='ocrx_word' id='word_1_13' title='bbox 1679 426 1802 467; x_wconf 89' lang='lat' dir='ltr'><strong>esse</strong></span> <span class='ocrx_word' id='word_1_14' title='bbox 1828 411 2112 475; x_wconf 88' lang='lat' dir='ltr'><strong>mendacii,</strong></span> <span class='ocrx_word' id='word_1_15' title='bbox 2138 413 2198 473; x_wconf 77' lang='grc' dir='ltr'><strong>-Α</strong></span> <span class='ocrx_word' id='word_1_16' title='bbox 2225 415 2381 469; x_wconf 88' lang='lat' dir='ltr'><strong>turali</strong></span> <span class='ocrx_word' id='word_1_17' title='bbox 2428 417 2657 485; x_wconf 88' lang='lat' dir='ltr'><strong>quadam</strong></span> <span class='ocrx_word' id='word_1_18' title='bbox 2689 419 3008 486; x_wconf 72' lang='lat' dir='ltr'><strong>cognatione</strong></span> <span class='ocrx_word' id='word_1_19' title='bbox 3057 421 3304 476; x_wconf 77' lang='lat' dir='ltr'><strong>videnlur</strong></span> <span class='ocrx_word' id='word_1_20' title='bbox 3330 436 3449 477; x_wconf 77' lang='lat' dir='ltr'><strong>esse</strong></span> <span class='ocrx_word' id='word_1_21' title='bbox 3477 418 3768 490; x_wconf 69' lang='lat' dir='ltr'><strong>cOnjnnda</strong></span> <span class='ocrx_word' id='word_1_22' title='bbox 3790 467 3806 488; x_wconf 90' lang='lat'><strong>,</strong></span> 
     </span>
    </p>
   </div>
   <div class='ocr_carea' id='block_1_5' title="bbox 538 505 2111 575">
    <p class='ocr_par' dir='ltr' id='par_1_5' title="bbox 538 505 2111 575">
     <span class='ocr_line' id='line_1_5' title="bbox 538 505 2111 575; baseline -0.006 -8"><span class='ocrx_word' id='word_1_23' title='bbox 538 527 644 567; x_wconf 90' lang='lat' dir='ltr'><strong>non</strong></span> <span class='ocrx_word' id='word_1_24' title='bbox 677 510 1032 565; x_wconf 66' lang='lat' dir='ltr'><strong>necessarium</strong></span> <span class='ocrx_word' id='word_1_25' title='bbox 1062 516 1238 560; x_wconf 90' lang='lat' dir='ltr'><strong>autem</strong></span> <span class='ocrx_word' id='word_1_26' title='bbox 1271 506 1408 561; x_wconf 92' lang='lat' dir='ltr'><strong>idem</strong></span> <span class='ocrx_word' id='word_1_27' title='bbox 1443 521 1564 561; x_wconf 90' lang='lat' dir='ltr'><strong>esse</strong></span> <span class='ocrx_word' id='word_1_28' title='bbox 1588 506 1941 573; x_wconf 89' lang='lat' dir='ltr'><strong>determinat,</strong></span> <span class='ocrx_word' id='word_1_29' title='bbox 1968 505 2111 575; x_wconf 86' lang='lat' dir='ltr'><strong>quod</strong></span> 
     </span>
    </p>
   </div>
   <div class='ocr_carea' id='block_1_6' title="bbox 535 599 2106 676">
    <p class='ocr_par' dir='ltr' id='par_1_6' title="bbox 535 599 2106 676">
     <span class='ocr_line' id='line_1_6' title="bbox 535 599 2106 676; baseline -0.005 -17"><span class='ocrx_word' id='word_1_30' title='bbox 535 614 787 676; x_wconf 89' lang='lat' dir='ltr'><strong>quantum</strong></span> <span class='ocrx_word' id='word_1_31' title='bbox 831 603 882 655; x_wconf 92' lang='lat' dir='ltr'><strong>in</strong></span> <span class='ocrx_word' id='word_1_32' title='bbox 927 617 986 656; x_wconf 90' lang='lat' dir='ltr'><strong>se</strong></span> <span class='ocrx_word' id='word_1_33' title='bbox 1009 610 1113 666; x_wconf 88' lang='lat' dir='ltr'><strong>est,</strong></span> <span class='ocrx_word' id='word_1_34' title='bbox 1148 601 1314 668; x_wconf 87' lang='lat' dir='ltr'><strong>possit</strong></span> <span class='ocrx_word' id='word_1_35' title='bbox 1344 601 1617 669; x_wconf 76' lang='lat' dir='ltr'><strong>suscipere</strong></span> <span class='ocrx_word' id='word_1_36' title='bbox 1658 600 1961 655; x_wconf 86' lang='lat' dir='ltr'><strong>falsitatem.</strong></span> <span class='ocrx_word' id='word_1_37' title='bbox 2005 599 2106 652; x_wconf 89' lang='lat' dir='ltr'><strong>lm-</strong></span> 
     </span>
    </p>
   </div>
   <div class='ocr_carea' id='block_1_7' title="bbox 536 693 2109 764">
    <p class='ocr_par' dir='ltr' id='par_1_7' title="bbox 536 693 2109 764">
     <span class='ocr_line' id='line_1_7' title="bbox 536 693 2109 764; baseline -0.003 -15"><span class='ocrx_word' id='word_1_38' title='bbox 536 695 792 764; x_wconf 90' lang='lat' dir='ltr'><strong>possibile</strong></span> <span class='ocrx_word' id='word_1_39' title='bbox 809 708 934 747; x_wconf 86' lang='lat' dir='ltr'><strong>vero</strong></span> <span class='ocrx_word' id='word_1_40' title='bbox 954 693 1244 747; x_wconf 87' lang='lat' dir='ltr'><strong>secundum</strong></span> <span class='ocrx_word' id='word_1_41' title='bbox 1271 693 1537 761; x_wconf 83' lang='lat' dir='ltr'><strong>propriam</strong></span> <span class='ocrx_word' id='word_1_42' title='bbox 1557 702 1821 753; x_wconf 89' lang='lat' dir='ltr'><strong>naturam.</strong></span> <span class='ocrx_word' id='word_1_43' title='bbox 1842 708 2109 761; x_wconf 85' lang='lat' dir='ltr'><strong>nunquam</strong></span> 
     </span>
    </p>
   </div>
   <div class='ocr_carea' id='block_1_8' title="bbox 535 784 2112 855">
    <p class='ocr_par' dir='ltr' id='par_1_8' title="bbox 535 784 2112 855">
     <span class='ocr_line' id='line_1_8' title="bbox 535 784 2112 855; baseline 0.001 -18"><span class='ocrx_word' id='word_1_44' title='bbox 535 787 702 855; x_wconf 73' lang='lat' dir='ltr'><strong>possit</strong></span> <span class='ocrx_word' id='word_1_45' title='bbox 727 788 1001 854; x_wconf 77' lang='lat' dir='ltr'><strong>suscipere</strong></span> <span class='ocrx_word' id='word_1_46' title='bbox 1028 785 1327 839; x_wconf 89' lang='lat' dir='ltr'><strong>veritatem.</strong></span> <span class='ocrx_word' id='word_1_47' title='bbox 1380 784 1521 839; x_wconf 81' lang='lat' dir='ltr'><strong>idem</strong></span> <span class='ocrx_word' id='word_1_48' title='bbox 1554 796 1731 839; x_wconf 92' lang='lat' dir='ltr'><strong>tamen</strong></span> <span class='ocrx_word' id='word_1_49' title='bbox 1762 786 1875 854; x_wconf 90' lang='lat' dir='ltr'><strong>ipse</strong></span> <span class='ocrx_word' id='word_1_50' title='bbox 1904 794 1959 839; x_wconf 89' lang='lat' dir='ltr'><strong>et</strong></span> <span class='ocrx_word' id='word_1_51' title='bbox 1982 799 2112 838; x_wconf 88' lang='lat' dir='ltr'><strong>con-</strong></span> 
     </span>
    </p>
   </div>
   <div class='ocr_carea' id='block_1_9' title="bbox 538 874 2111 944">
    <p class='ocr_par' dir='ltr' id='par_1_9' title="bbox 538 874 2111 944">
     <span class='ocr_line' id='line_1_9' title="bbox 538 874 2111 944; baseline 0.001 -15"><span class='ocrx_word' id='word_1_52' title='bbox 538 877 752 944; x_wconf 82' lang='lat' dir='ltr'><strong>tingens</strong></span> <span class='ocrx_word' id='word_1_53' title='bbox 772 885 826 929; x_wconf 77' lang='lat' dir='ltr'><strong>et</strong></span> <span class='ocrx_word' id='word_1_54' title='bbox 855 874 1107 944; x_wconf 74' lang='lat' dir='ltr'><strong>possibile</strong></span> <span class='ocrx_word' id='word_1_55' title='bbox 1155 891 1319 929; x_wconf 91' lang='lat' dir='ltr'><strong>unum</strong></span> <span class='ocrx_word' id='word_1_56' title='bbox 1370 890 1490 930; x_wconf 87' lang='lat' dir='ltr'><strong>esse</strong></span> <span class='ocrx_word' id='word_1_57' title='bbox 1518 876 1817 930; x_wconf 85' lang='lat' dir='ltr'><strong>confirmat.</strong></span> <span class='ocrx_word' id='word_1_58' title='bbox 1848 876 2111 931; x_wconf 91' lang='lat' dir='ltr'><strong>Diodorus</strong></span> 
     </span>
    </p>
   </div>
   <div class='ocr_carea' id='block_1_10' title="bbox 533 968 2109 1038">
    <p class='ocr_par' dir='ltr' id='par_1_10' title="bbox 533 968 2109 1038">
     <span class='ocr_line' id='line_1_10' title="bbox 533 968 2109 1038; baseline 0.002 -17"><span class='ocrx_word' id='word_1_59' title='bbox 533 968 786 1038; x_wconf 84' lang='lat' dir='ltr'><strong>possibile</strong></span> <span class='ocrx_word' id='word_1_60' title='bbox 833 984 951 1024; x_wconf 86' lang='lat' dir='ltr'><strong>esse</strong></span> <span class='ocrx_word' id='word_1_61' title='bbox 976 968 1318 1035; x_wconf 87' lang='lat' dir='ltr'><strong>determinat,</strong></span> <span class='ocrx_word' id='word_1_62' title='bbox 1343 969 1482 1037; x_wconf 90' lang='lat' dir='ltr'><strong>quod</strong></span> <span class='ocrx_word' id='word_1_63' title='bbox 1514 979 1606 1023; x_wconf 90' lang='lat' dir='ltr'><strong>aut</strong></span> <span class='ocrx_word' id='word_1_64' title='bbox 1633 979 1713 1024; x_wconf 86' lang='lat' dir='ltr'><strong>est</strong></span> <span class='ocrx_word' id='word_1_65' title='bbox 1734 978 1825 1023; x_wconf 87' lang='lat' dir='ltr'><strong>aut</strong></span> <span class='ocrx_word' id='word_1_66' title='bbox 1851 972 1975 1038; x_wconf 90' lang='lat' dir='ltr'><strong>erit,</strong></span> <span class='ocrx_word' id='word_1_67' title='bbox 2005 971 2109 1024; x_wconf 93' lang='lat' dir='ltr'><strong>im-</strong></span> 
     </span>
    </p>
   </div>
   <div class='ocr_carea' id='block_1_11' title="bbox 534 1058 2109 1126">
    <p class='ocr_par' dir='ltr' id='par_1_11' title="bbox 534 1058 2109 1126">
     <span class='ocr_line' id='line_1_11' title="bbox 534 1058 2109 1126; baseline 0.006 -19"><span class='ocrx_word' id='word_1_68' title='bbox 534 1058 785 1124; x_wconf 78' lang='lat' dir='ltr'><strong>possible</strong></span> <span class='ocrx_word' id='word_1_69' title='bbox 814 1058 952 1123; x_wconf 87' lang='lat' dir='ltr'><strong>quod</strong></span> <span class='ocrx_word' id='word_1_70' title='bbox 980 1074 1101 1113; x_wconf 92' lang='lat' dir='ltr'><strong>cum</strong></span> <span class='ocrx_word' id='word_1_71' title='bbox 1141 1060 1330 1114; x_wconf 86' lang='lat' dir='ltr'><strong>falsum</strong></span> <span class='ocrx_word' id='word_1_72' title='bbox 1370 1060 1467 1125; x_wconf 87' lang='lat' dir='ltr'><strong>sit,</strong></span> <span class='ocrx_word' id='word_1_73' title='bbox 1502 1076 1605 1114; x_wconf 94' lang='lat' dir='ltr'><strong>non</strong></span> <span class='ocrx_word' id='word_1_74' title='bbox 1634 1062 1739 1115; x_wconf 89' lang='lat' dir='ltr'><strong>erit</strong></span> <span class='ocrx_word' id='word_1_75' title='bbox 1766 1076 1981 1126; x_wconf 90' lang='lat' dir='ltr'><strong>verum,</strong></span> <span class='ocrx_word' id='word_1_76' title='bbox 2018 1077 2109 1116; x_wconf 89' lang='lat' dir='ltr'><strong>ne-</strong></span> 
     </span>
    </p>
   </div>
   <div class='ocr_carea' id='block_1_12' title="bbox 532 1149 2106 1217">
    <p class='ocr_par' dir='ltr' id='par_1_12' title="bbox 532 1149 2106 1217">
     <span class='ocr_line' id='line_1_12' title="bbox 532 1149 2106 1217; baseline 0.004 -17"><span class='ocrx_word' id='word_1_77' title='bbox 532 1151 823 1201; x_wconf 85' lang='lat' dir='ltr'><strong>cessarium</strong></span> <span class='ocrx_word' id='word_1_78' title='bbox 854 1149 996 1217; x_wconf 90' lang='lat' dir='ltr'><strong>quod</strong></span> <span class='ocrx_word' id='word_1_79' title='bbox 1025 1166 1145 1203; x_wconf 90' lang='lat' dir='ltr'><strong>cum</strong></span> <span class='ocrx_word' id='word_1_80' title='bbox 1175 1165 1355 1204; x_wconf 91' lang='lat' dir='ltr'><strong>verum</strong></span> <span class='ocrx_word' id='word_1_81' title='bbox 1384 1152 1453 1205; x_wconf 89' lang='lat' dir='ltr'><strong>sit</strong></span> <span class='ocrx_word' id='word_1_82' title='bbox 1478 1167 1582 1206; x_wconf 91' lang='lat' dir='ltr'><strong>non</strong></span> <span class='ocrx_word' id='word_1_83' title='bbox 1622 1153 1726 1206; x_wconf 88' lang='lat' dir='ltr'><strong>erit</strong></span> <span class='ocrx_word' id='word_1_84' title='bbox 1748 1151 1964 1208; x_wconf 87' lang='lat' dir='ltr'><strong>falsum.</strong></span> <span class='ocrx_word' id='word_1_85' title='bbox 1990 1152 2106 1207; x_wconf 89' lang='lat' dir='ltr'><strong>Non</strong></span> 
     </span>
    </p>
   </div>
   <div class='ocr_carea' id='block_1_13' title="bbox 532 1239 2108 1310">
    <p class='ocr_par' dir='ltr' id='par_1_13' title="bbox 532 1239 2108 1310">
     <span class='ocr_line' id='line_1_13' title="bbox 532 1239 2108 1310; baseline 0.006 -20"><span class='ocrx_word' id='word_1_86' title='bbox 532 1239 916 1300; x_wconf 78' lang='lat' dir='ltr'><strong>necessarium,</strong></span> <span class='ocrx_word' id='word_1_87' title='bbox 946 1241 1085 1309; x_wconf 91' lang='lat' dir='ltr'><strong>quod</strong></span> <span class='ocrx_word' id='word_1_88' title='bbox 1117 1243 1331 1310; x_wconf 90' lang='lat' dir='ltr'><strong>autjam</strong></span> <span class='ocrx_word' id='word_1_89' title='bbox 1357 1252 1437 1295; x_wconf 90' lang='lat' dir='ltr'><strong>est</strong></span> <span class='ocrx_word' id='word_1_90' title='bbox 1458 1251 1547 1295; x_wconf 89' lang='lat' dir='ltr'><strong>aut</strong></span> <span class='ocrx_word' id='word_1_91' title='bbox 1572 1243 1674 1296; x_wconf 91' lang='lat' dir='ltr'><strong>erit</strong></span> <span class='ocrx_word' id='word_1_92' title='bbox 1701 1242 1911 1297; x_wconf 85' lang='lat' dir='ltr'><strong>falsum.</strong></span> <span class='ocrx_word' id='word_1_93' title='bbox 1942 1244 2108 1299; x_wconf 82' lang='lat' dir='ltr'><strong>Stoici</strong></span> 
     </span>
    </p>
   </div>
   <div class='ocr_carea' id='block_1_14' title="bbox 534 1329 2108 1403">
    <p class='ocr_par' dir='ltr' id='par_1_14' title="bbox 534 1329 2108 1403">
     <span class='ocr_line' id='line_1_14' title="bbox 534 1329 2108 1403; baseline 0.006 -24"><span class='ocrx_word' id='word_1_94' title='bbox 534 1341 662 1381; x_wconf 87' lang='lat' dir='ltr'><strong>vero</strong></span> <span class='ocrx_word' id='word_1_95' title='bbox 718 1329 970 1396; x_wconf 83' lang='lat' dir='ltr'><strong>possibile</strong></span> <span class='ocrx_word' id='word_1_96' title='bbox 994 1330 1205 1399; x_wconf 86' lang='lat' dir='ltr'><strong>quidem</strong></span> <span class='ocrx_word' id='word_1_97' title='bbox 1255 1341 1566 1398; x_wconf 90' lang='lat' dir='ltr'><strong>posuerunt,</strong></span> <span class='ocrx_word' id='word_1_98' title='bbox 1589 1333 1729 1401; x_wconf 92' lang='lat' dir='ltr'><strong>qttod</strong></span> <span class='ocrx_word' id='word_1_99' title='bbox 1762 1335 2108 1403; x_wconf 86' lang='lat' dir='ltr'><strong>susceptibile</strong></span> 
     </span>
    </p>
   </div>
   <div class='ocr_carea' id='block_1_15' title="bbox 528 1421 2107 1493">
    <p class='ocr_par' dir='ltr' id='par_1_15' title="bbox 528 1421 2107 1493">
     <span class='ocr_line' id='line_1_15' title="bbox 528 1421 2107 1493; baseline 0.004 -20"><span class='ocrx_word' id='word_1_100' title='bbox 528 1427 673 1473; x_wconf 80' lang='lat' dir='ltr'><strong>esset</strong></span> <span class='ocrx_word' id='word_1_101' title='bbox 693 1435 833 1474; x_wconf 70' lang='lat' dir='ltr'><strong>verre</strong></span> <span class='ocrx_word' id='word_1_102' title='bbox 857 1421 1267 1488; x_wconf 58' lang='lat' dir='ltr'><strong>praedicationis,</strong></span> <span class='ocrx_word' id='word_1_103' title='bbox 1296 1423 1427 1476; x_wconf 84' lang='lat' dir='ltr'><strong>nihil</strong></span> <span class='ocrx_word' id='word_1_104' title='bbox 1452 1423 1533 1477; x_wconf 91' lang='lat' dir='ltr'><strong>his</strong></span> <span class='ocrx_word' id='word_1_105' title='bbox 1557 1422 1966 1492; x_wconf 88' lang='lat' dir='ltr'><strong>prohibentibus</strong></span> <span class='ocrx_word' id='word_1_106' title='bbox 1988 1440 2107 1493; x_wconf 70' lang='lat' dir='ltr'><strong>qua:</strong></span> 
     </span>
    </p>
   </div>
   <div class='ocr_carea' id='block_1_16' title="bbox 528 1515 2102 1586">
    <p class='ocr_par' dir='ltr' id='par_1_16' title="bbox 528 1515 2102 1586">
     <span class='ocr_line' id='line_1_16' title="bbox 528 1515 2102 1586; baseline 0.004 -19"><span class='ocrx_word' id='word_1_107' title='bbox 528 1526 650 1567; x_wconf 87' lang='lat' dir='ltr'><strong>cum</strong></span> <span class='ocrx_word' id='word_1_108' title='bbox 695 1522 846 1566; x_wconf 82' lang='lat' dir='ltr'><strong>extra</strong></span> <span class='ocrx_word' id='word_1_109' title='bbox 892 1515 1029 1578; x_wconf 89' lang='lat' dir='ltr'><strong>sint,</strong></span> <span class='ocrx_word' id='word_1_110' title='bbox 1058 1530 1175 1570; x_wconf 88' lang='lat' dir='ltr'><strong>cum</strong></span> <span class='ocrx_word' id='word_1_111' title='bbox 1222 1515 1338 1584; x_wconf 90' lang='lat' dir='ltr'><strong>ipso</strong></span> <span class='ocrx_word' id='word_1_112' title='bbox 1383 1525 1557 1572; x_wconf 90' lang='lat' dir='ltr'><strong>tamen</strong></span> <span class='ocrx_word' id='word_1_113' title='bbox 1611 1516 1727 1572; x_wconf 85' lang='lat' dir='ltr'><strong>fieri</strong></span> <span class='ocrx_word' id='word_1_114' title='bbox 1770 1518 2102 1586; x_wconf 86' lang='lat' dir='ltr'><strong>contingunt.</strong></span> 
     </span>
    </p>
   </div>
   <div class='ocr_carea' id='block_1_17' title="bbox 536 1603 2108 1679">
    <p class='ocr_par' dir='ltr' id='par_1_17' title="bbox 536 1603 2108 1679">
     <span class='ocr_line' id='line_1_17' title="bbox 536 1603 2108 1679; baseline 0.008 -25"><span class='ocrx_word' id='word_1_115' title='bbox 536 1603 867 1671; x_wconf 90' lang='lat' dir='ltr'><strong>Impossibile</strong></span> <span class='ocrx_word' id='word_1_116' title='bbox 908 1616 1083 1660; x_wconf 87' lang='lat' dir='ltr'><strong>autem</strong></span> <span class='ocrx_word' id='word_1_117' title='bbox 1132 1607 1271 1676; x_wconf 90' lang='lat' dir='ltr'><strong>quod</strong></span> <span class='ocrx_word' id='word_1_118' title='bbox 1324 1608 1522 1662; x_wconf 91' lang='lat' dir='ltr'><strong>nullam</strong></span> <span class='ocrx_word' id='word_1_119' title='bbox 1575 1624 1804 1676; x_wconf 88' lang='lat' dir='ltr'><strong>unquam</strong></span> <span class='ocrx_word' id='word_1_120' title='bbox 1852 1611 2108 1679; x_wconf 81' lang='lat' dir='ltr'><strong>suscipiat</strong></span> 
     </span>
    </p>
   </div>
   <div class='ocr_carea' id='block_1_18' title="bbox 536 1695 2101 1768">
    <p class='ocr_par' dir='ltr' id='par_1_18' title="bbox 536 1695 2101 1768">
     <span class='ocr_line' id='line_1_18' title="bbox 536 1695 2101 1768; baseline 0.006 -23"><span class='ocrx_word' id='word_1_121' title='bbox 536 1695 835 1758; x_wconf 69' lang='lat' dir='ltr'><strong>veritatem,</strong></span> <span class='ocrx_word' id='word_1_122' title='bbox 867 1697 986 1749; x_wconf 90' lang='lat' dir='ltr'><strong>aliis</strong></span> <span class='ocrx_word' id='word_1_123' title='bbox 1015 1706 1164 1751; x_wconf 77' lang='lat' dir='ltr'><strong>extra</strong></span> <span class='ocrx_word' id='word_1_124' title='bbox 1192 1708 1441 1753; x_wconf 86' lang='lat' dir='ltr'><strong>eventum</strong></span> <span class='ocrx_word' id='word_1_125' title='bbox 1484 1699 1648 1768; x_wconf 89' lang='lat' dir='ltr'><strong>ipsius</strong></span> <span class='ocrx_word' id='word_1_126' title='bbox 1680 1699 2101 1767; x_wconf 88' lang='lat' dir='ltr'><strong>prohibentibus.</strong></span> 
     </span>
    </p>
   </div>
   <div class='ocr_carea' id='block_1_19' title="bbox 2218 507 3808 580">
    <p class='ocr_par' dir='ltr' id='par_1_19' title="bbox 2218 507 3808 580">
     <span class='ocr_line' id='line_1_19' title="bbox 2218 507 3808 580; baseline 0.006 -21"><span class='ocrx_word' id='word_1_127' title='bbox 2218 507 2418 561; x_wconf 88' lang='lat' dir='ltr'><strong>idcirco</strong></span> <span class='ocrx_word' id='word_1_128' title='bbox 2440 508 2506 561; x_wconf 91' lang='lat' dir='ltr'><strong>ad</strong></span> <span class='ocrx_word' id='word_1_129' title='bbox 2533 518 2812 579; x_wconf 87' lang='lat' dir='ltr'><strong>utramque</strong></span> <span class='ocrx_word' id='word_1_130' title='bbox 2843 524 3046 579; x_wconf 86' lang='lat' dir='ltr'><strong>partem</strong></span> <span class='ocrx_word' id='word_1_131' title='bbox 3074 528 3256 568; x_wconf 91' lang='lat' dir='ltr'><strong>eorum</strong></span> <span class='ocrx_word' id='word_1_132' title='bbox 3278 524 3507 569; x_wconf 83' lang='lat' dir='ltr'><strong>eventus</strong></span> <span class='ocrx_word' id='word_1_133' title='bbox 3533 516 3808 580; x_wconf 71' lang='lat' dir='ltr'><strong>possibilia</strong></span> 
     </span>
    </p>
   </div>
   <div class='ocr_carea' id='block_1_20' title="bbox 2216 592 3808 670">
    <p class='ocr_par' dir='ltr' id='par_1_20' title="bbox 2216 592 3808 670">
     <span class='ocr_line' id='line_1_20' title="bbox 2216 592 3808 670; baseline 0.004 -18"><span class='ocrx_word' id='word_1_134' title='bbox 2216 607 2323 661; x_wconf 90' lang='lat' dir='ltr'><strong>est,</strong></span> <span class='ocrx_word' id='word_1_135' title='bbox 2349 609 2406 652; x_wconf 92' lang='lat' dir='ltr'><strong>ut</strong></span> <span class='ocrx_word' id='word_1_136' title='bbox 2437 599 2634 666; x_wconf 85' lang='lat' dir='ltr'><strong>lignum</strong></span> <span class='ocrx_word' id='word_1_137' title='bbox 2667 600 2767 653; x_wconf 88' lang='lat' dir='ltr'><strong>hoc</strong></span> <span class='ocrx_word' id='word_1_138' title='bbox 2813 611 2989 669; x_wconf 83' lang='lat' dir='ltr'><strong>potest</strong></span> <span class='ocrx_word' id='word_1_139' title='bbox 3016 592 3237 670; x_wconf 78' lang='lat' dir='ltr'><strong>quidem</strong></span> <span class='ocrx_word' id='word_1_140' title='bbox 3270 605 3463 663; x_wconf 80' lang='lat' dir='ltr'><strong>secari,</strong></span> <span class='ocrx_word' id='word_1_141' title='bbox 3505 608 3605 658; x_wconf 81' lang='lat' dir='ltr'><strong>sed</strong></span> <span class='ocrx_word' id='word_1_142' title='bbox 3641 605 3808 659; x_wconf 87' lang='lat' dir='ltr'><strong>nihilo</strong></span> 
     </span>
    </p>
   </div>
   <div class='ocr_carea' id='block_1_21' title="bbox 2221 684 3808 766">
    <p class='ocr_par' dir='ltr' id='par_1_21' title="bbox 2221 684 3808 766">
     <span class='ocr_line' id='line_1_21' title="bbox 2221 684 3808 766; baseline 0.006 -24"><span class='ocrx_word' id='word_1_143' title='bbox 2221 698 2399 743; x_wconf 89' lang='lat' dir='ltr'><strong>tamen</strong></span> <span class='ocrx_word' id='word_1_144' title='bbox 2432 684 2791 746; x_wconf 48' lang='lat' dir='ltr'><strong>minus‘habet</strong></span> <span class='ocrx_word' id='word_1_145' title='bbox 2812 694 2877 746; x_wconf 90' lang='lat' dir='ltr'><strong>ad</strong></span> <span class='ocrx_word' id='word_1_146' title='bbox 2900 696 3167 748; x_wconf 84' lang='lat' dir='ltr'><strong>contraria</strong></span> <span class='ocrx_word' id='word_1_147' title='bbox 3193 701 3595 766; x_wconf 76' lang='lat' dir='ltr'><strong>cognationem.</strong></span> <span class='ocrx_word' id='word_1_148' title='bbox 3626 696 3808 751; x_wconf 69' lang='lat' dir='ltr'><strong>Potest</strong></span> 
     </span>
    </p>
   </div>
   <div class='ocr_carea' id='block_1_22' title="bbox 2216 781 3801 855">
    <p class='ocr_par' dir='ltr' id='par_1_22' title="bbox 2216 781 3801 855">
     <span class='ocr_line' id='line_1_22' title="bbox 2216 781 3801 855; baseline 0.003 -20"><span class='ocrx_word' id='word_1_149' title='bbox 2216 781 2358 835; x_wconf 90' lang='lat' dir='ltr'><strong>enim</strong></span> <span class='ocrx_word' id='word_1_150' title='bbox 2387 795 2489 835; x_wconf 89' lang='lat' dir='ltr'><strong>non</strong></span> <span class='ocrx_word' id='word_1_151' title='bbox 2534 784 2726 837; x_wconf 85' lang='lat' dir='ltr'><strong>secari.</strong></span> <span class='ocrx_word' id='word_1_152' title='bbox 2759 784 2824 837; x_wconf 88' lang='lat' dir='ltr'><strong>Et</strong></span> <span class='ocrx_word' id='word_1_153' title='bbox 2862 800 2995 851; x_wconf 87' lang='lat' dir='ltr'><strong>aqua</strong></span> <span class='ocrx_word' id='word_1_154' title='bbox 3047 796 3217 854; x_wconf 89' lang='lat' dir='ltr'><strong>potest</strong></span> <span class='ocrx_word' id='word_1_155' title='bbox 3243 787 3457 855; x_wconf 87' lang='lat' dir='ltr'><strong>quidem</strong></span> <span class='ocrx_word' id='word_1_156' title='bbox 3492 788 3801 850; x_wconf 80' lang='lat' dir='ltr'><strong>calescere,</strong></span> 
     </span>
    </p>
   </div>
   <div class='ocr_carea' id='block_1_23' title="bbox 2214 858 3804 949">
    <p class='ocr_par' dir='ltr' id='par_1_23' title="bbox 2214 858 3804 949">
     <span class='ocr_line' id='line_1_23' title="bbox 2214 858 3804 949; baseline 0.003 -22"><span class='ocrx_word' id='word_1_157' title='bbox 2214 875 2309 928; x_wconf 90' lang='lat' dir='ltr'><strong>sed</strong></span> <span class='ocrx_word' id='word_1_158' title='bbox 2354 858 2488 928; x_wconf 80' lang='lat' dir='ltr'><strong>nihil</strong></span> <span class='ocrx_word' id='word_1_159' title='bbox 2520 889 2638 929; x_wconf 92' lang='lat' dir='ltr'><strong>eam</strong></span> <span class='ocrx_word' id='word_1_160' title='bbox 2672 876 2917 945; x_wconf 85' lang='lat' dir='ltr'><strong>prohibet</strong></span> <span class='ocrx_word' id='word_1_161' title='bbox 2945 878 3128 949; x_wconf 89' lang='lat' dir='ltr'><strong>frigori</strong></span> <span class='ocrx_word' id='word_1_162' title='bbox 3153 894 3361 947; x_wconf 87' lang='lat' dir='ltr'><strong>quoque</strong></span> <span class='ocrx_word' id='word_1_163' title='bbox 3419 895 3542 933; x_wconf 81' lang='lat' dir='ltr'><strong>esse</strong></span> <span class='ocrx_word' id='word_1_164' title='bbox 3572 882 3804 947; x_wconf 82' lang='lat' dir='ltr'><strong>conjun-</strong></span> 
     </span>
    </p>
   </div>
   <div class='ocr_carea' id='block_1_24' title="bbox 2213 964 3803 1041">
    <p class='ocr_par' dir='ltr' id='par_1_24' title="bbox 2213 964 3803 1041">
     <span class='ocr_line' id='line_1_24' title="bbox 2213 964 3803 1041; baseline 0.004 -22"><span class='ocrx_word' id='word_1_165' title='bbox 2213 974 2373 1019; x_wconf 83' lang='lat' dir='ltr'><strong>ctam.</strong></span> <span class='ocrx_word' id='word_1_166' title='bbox 2410 964 2476 1019; x_wconf 81' lang='lat' dir='ltr'><strong>Et</strong></span> <span class='ocrx_word' id='word_1_167' title='bbox 2502 968 2873 1023; x_wconf 86' lang='lat' dir='ltr'><strong>univcrsaliter</strong></span> <span class='ocrx_word' id='word_1_168' title='bbox 2900 971 3079 1025; x_wconf 85' lang='lat' dir='ltr'><strong>dicere</strong></span> <span class='ocrx_word' id='word_1_169' title='bbox 3119 981 3222 1034; x_wconf 83' lang='lat' dir='ltr'><strong>est,</strong></span> <span class='ocrx_word' id='word_1_170' title='bbox 3246 987 3581 1041; x_wconf 68' lang='lat' dir='ltr'><strong>quaecunque</strong></span> <span class='ocrx_word' id='word_1_171' title='bbox 3634 986 3803 1038; x_wconf 83' lang='lat' dir='ltr'><strong>neque</strong></span> 
     </span>
    </p>
   </div>
   <div class='ocr_carea' id='block_1_25' title="bbox 2214 1064 3799 1130">
    <p class='ocr_par' dir='ltr' id='par_1_25' title="bbox 2214 1064 3799 1130">
     <span class='ocr_line' id='line_1_25' title="bbox 2214 1064 3799 1130; baseline 0.006 -23"><span class='ocrx_word' id='word_1_172' title='bbox 2214 1068 2428 1123; x_wconf 88' lang='lat' dir='ltr'><strong>semper</strong></span> <span class='ocrx_word' id='word_1_173' title='bbox 2456 1066 2599 1123; x_wconf 90' lang='lat' dir='ltr'><strong>sunt,</strong></span> <span class='ocrx_word' id='word_1_174' title='bbox 2629 1074 2800 1128; x_wconf 90' lang='lat' dir='ltr'><strong>neque</strong></span> <span class='ocrx_word' id='word_1_175' title='bbox 2830 1076 3042 1130; x_wconf 77' lang='lat' dir='ltr'><strong>semper</strong></span> <span class='ocrx_word' id='word_1_176' title='bbox 3073 1080 3175 1115; x_wconf 88' lang='lat' dir='ltr'><strong>non</strong></span> <span class='ocrx_word' id='word_1_177' title='bbox 3208 1072 3349 1124; x_wconf 86' lang='lat' dir='ltr'><strong>sunt.</strong></span> <span class='ocrx_word' id='word_1_178' title='bbox 3382 1064 3476 1117; x_wconf 90' lang='lat' dir='ltr'><strong>sed</strong></span> <span class='ocrx_word' id='word_1_179' title='bbox 3511 1065 3799 1129; x_wconf 73' lang='lat' dir='ltr'><strong>aliquoties</strong></span> 
     </span>
    </p>
   </div>
   <div class='ocr_carea' id='block_1_26' title="bbox 2213 1148 3799 1222">
    <p class='ocr_par' dir='ltr' id='par_1_26' title="bbox 2213 1148 3799 1222">
     <span class='ocr_line' id='line_1_26' title="bbox 2213 1148 3799 1222; baseline 0.006 -23"><span class='ocrx_word' id='word_1_180' title='bbox 2213 1154 2368 1211; x_wconf 89' lang='lat' dir='ltr'><strong>sunt,</strong></span> <span class='ocrx_word' id='word_1_181' title='bbox 2396 1148 2677 1216; x_wconf 87' lang='lat' dir='ltr'><strong>aliquoties</strong></span> <span class='ocrx_word' id='word_1_182' title='bbox 2729 1164 2832 1203; x_wconf 93' lang='lat' dir='ltr'><strong>non</strong></span> <span class='ocrx_word' id='word_1_183' title='bbox 2864 1162 3016 1217; x_wconf 84' lang='lat' dir='ltr'><strong>sunt,</strong></span> <span class='ocrx_word' id='word_1_184' title='bbox 3044 1169 3104 1206; x_wconf 77' lang='lat' dir='ltr'><strong>ea</strong></span> <span class='ocrx_word' id='word_1_185' title='bbox 3147 1168 3239 1220; x_wconf 87' lang='lat' dir='ltr'><strong>per</strong></span> <span class='ocrx_word' id='word_1_186' title='bbox 3284 1153 3383 1208; x_wconf 91' lang='lat' dir='ltr'><strong>hoc</strong></span> <span class='ocrx_word' id='word_1_187' title='bbox 3431 1155 3610 1221; x_wconf 88' lang='lat' dir='ltr'><strong>ipsum</strong></span> <span class='ocrx_word' id='word_1_188' title='bbox 3660 1155 3799 1222; x_wconf 85' lang='lat' dir='ltr'><strong>quod</strong></span> 
     </span>
    </p>
   </div>
   <div class='ocr_carea' id='block_1_27' title="bbox 2213 1243 3799 1312">
    <p class='ocr_par' dir='ltr' id='par_1_27' title="bbox 2213 1243 3799 1312">
     <span class='ocr_line' id='line_1_27' title="bbox 2213 1243 3799 1312; baseline 0.005 -21"><span class='ocrx_word' id='word_1_189' title='bbox 2213 1248 2364 1304; x_wconf 88' lang='lat' dir='ltr'><strong>sunt,</strong></span> <span class='ocrx_word' id='word_1_190' title='bbox 2398 1248 2454 1294; x_wconf 92' lang='lat' dir='ltr'><strong>et</strong></span> <span class='ocrx_word' id='word_1_191' title='bbox 2475 1254 2580 1303; x_wconf 84' lang='lat' dir='ltr'><strong>non</strong></span> <span class='ocrx_word' id='word_1_192' title='bbox 2612 1252 2765 1306; x_wconf 87' lang='lat' dir='ltr'><strong>sunt,</strong></span> <span class='ocrx_word' id='word_1_193' title='bbox 2798 1243 2991 1297; x_wconf 90' lang='lat' dir='ltr'><strong>habent</strong></span> <span class='ocrx_word' id='word_1_194' title='bbox 3039 1244 3266 1312; x_wconf 86' lang='lat' dir='ltr'><strong>aliquam</strong></span> <span class='ocrx_word' id='word_1_195' title='bbox 3291 1244 3356 1297; x_wconf 85' lang='lat' dir='ltr'><strong>ad</strong></span> <span class='ocrx_word' id='word_1_196' title='bbox 3392 1246 3674 1299; x_wconf 87' lang='lat' dir='ltr'><strong>contraria</strong></span> <span class='ocrx_word' id='word_1_197' title='bbox 3702 1260 3799 1299; x_wconf 88' lang='lat' dir='ltr'><strong>eo-</strong></span> 
     </span>
    </p>
   </div>
   <div class='ocr_carea' id='block_1_28' title="bbox 2210 1332 3795 1403">
    <p class='ocr_par' dir='ltr' id='par_1_28' title="bbox 2210 1332 3795 1403">
     <span class='ocr_line' id='line_1_28' title="bbox 2210 1332 3795 1403; baseline 0.003 -19"><span class='ocrx_word' id='word_1_198' title='bbox 2210 1333 2536 1399; x_wconf 88' lang='lat' dir='ltr'><strong>gnationem.</strong></span> <span class='ocrx_word' id='word_1_199' title='bbox 2578 1332 2703 1388; x_wconf 67' lang='lat' dir='ltr'><strong>Haec</strong></span> <span class='ocrx_word' id='word_1_200' title='bbox 2730 1343 2906 1388; x_wconf 89' lang='lat' dir='ltr'><strong>autem</strong></span> <span class='ocrx_word' id='word_1_201' title='bbox 2937 1336 3344 1403; x_wconf 88' lang='lat' dir='ltr'><strong>impossibilium</strong></span> <span class='ocrx_word' id='word_1_202' title='bbox 3377 1350 3433 1391; x_wconf 89' lang='lat' dir='ltr'><strong>et</strong></span> <span class='ocrx_word' id='word_1_203' title='bbox 3457 1337 3795 1389; x_wconf 83' lang='lat' dir='ltr'><strong>necessario-</strong></span> 
     </span>
    </p>
   </div>
   <div class='ocr_carea' id='block_1_29' title="bbox 2212 1422 3795 1492">
    <p class='ocr_par' dir='ltr' id='par_1_29' title="bbox 2212 1422 3795 1492">
     <span class='ocr_line' id='line_1_29' title="bbox 2212 1422 3795 1492; baseline 0.004 -18"><span class='ocrx_word' id='word_1_204' title='bbox 2212 1436 2329 1474; x_wconf 93' lang='lat' dir='ltr'><strong>rum</strong></span> <span class='ocrx_word' id='word_1_205' title='bbox 2387 1422 2559 1475; x_wconf 83' lang='lat' dir='ltr'><strong>media</strong></span> <span class='ocrx_word' id='word_1_206' title='bbox 2605 1433 2751 1477; x_wconf 86' lang='lat' dir='ltr'><strong>sunt.</strong></span> <span class='ocrx_word' id='word_1_207' title='bbox 2786 1424 3121 1491; x_wconf 75' lang='lat' dir='ltr'><strong>lmpossnbile</strong></span> <span class='ocrx_word' id='word_1_208' title='bbox 3162 1426 3305 1477; x_wconf 91' lang='lat' dir='ltr'><strong>enim</strong></span> <span class='ocrx_word' id='word_1_209' title='bbox 3347 1440 3628 1492; x_wconf 88' lang='lat' dir='ltr'><strong>nunquam</strong></span> <span class='ocrx_word' id='word_1_210' title='bbox 3680 1440 3795 1480; x_wconf 79' lang='lat' dir='ltr'><strong>esse</strong></span> 
     </span>
    </p>
   </div>
   <div class='ocr_carea' id='block_1_30' title="bbox 2212 1510 3795 1580">
    <p class='ocr_par' dir='ltr' id='par_1_30' title="bbox 2212 1510 3795 1580">
     <span class='ocr_line' id='line_1_30' title="bbox 2212 1510 3795 1580; baseline 0.001 -16"><span class='ocrx_word' id='word_1_211' title='bbox 2212 1519 2409 1577; x_wconf 86' lang='lat' dir='ltr'><strong>potest.</strong></span> <span class='ocrx_word' id='word_1_212' title='bbox 2440 1510 2807 1565; x_wconf 79' lang='lat' dir='ltr'><strong>Necessarium</strong></span> <span class='ocrx_word' id='word_1_213' title='bbox 2859 1527 3127 1580; x_wconf 88' lang='lat' dir='ltr'><strong>nunquam</strong></span> <span class='ocrx_word' id='word_1_214' title='bbox 3156 1528 3265 1565; x_wconf 91' lang='lat' dir='ltr'><strong>non</strong></span> <span class='ocrx_word' id='word_1_215' title='bbox 3308 1528 3450 1571; x_wconf 87' lang='lat' dir='ltr'><strong>esse.</strong></span> <span class='ocrx_word' id='word_1_216' title='bbox 3490 1514 3637 1566; x_wconf 89' lang='lat' dir='ltr'><strong>inter</strong></span> <span class='ocrx_word' id='word_1_217' title='bbox 3689 1517 3795 1568; x_wconf 79' lang='lat' dir='ltr'><strong>hac</strong></span> 
     </span>
    </p>
   </div>
   <div class='ocr_carea' id='block_1_31' title="bbox 2214 1601 3794 1670">
    <p class='ocr_par' dir='ltr' id='par_1_31' title="bbox 2214 1601 3794 1670">
     <span class='ocr_line' id='line_1_31' title="bbox 2214 1601 3794 1670; baseline 0.001 -16"><span class='ocrx_word' id='word_1_218' title='bbox 2214 1601 2422 1668; x_wconf 87' lang='lat' dir='ltr'><strong>pr0pria</strong></span> <span class='ocrx_word' id='word_1_219' title='bbox 2468 1602 2819 1670; x_wconf 89' lang='lat' dir='ltr'><strong>quorumdam</strong></span> <span class='ocrx_word' id='word_1_220' title='bbox 2865 1612 3050 1654; x_wconf 85' lang='lat' dir='ltr'><strong>natura</strong></span> <span class='ocrx_word' id='word_1_221' title='bbox 3100 1612 3218 1667; x_wconf 90' lang='lat' dir='ltr'><strong>est,</strong></span> <span class='ocrx_word' id='word_1_222' title='bbox 3250 1616 3369 1669; x_wconf 71' lang='lat' dir='ltr'><strong>qua:</strong></span> <span class='ocrx_word' id='word_1_223' title='bbox 3413 1602 3613 1654; x_wconf 83' lang='lat' dir='ltr'><strong>horum</strong></span> <span class='ocrx_word' id='word_1_224' title='bbox 3649 1613 3794 1655; x_wconf 84' lang='lat' dir='ltr'><strong>ntro-</strong></span> 
     </span>
    </p>
   </div>
   <div class='ocr_carea' id='block_1_32' title="bbox 2212 1691 3793 1760">
    <p class='ocr_par' dir='ltr' id='par_1_32' title="bbox 2212 1691 3793 1760">
     <span class='ocr_line' id='line_1_32' title="bbox 2212 1691 3793 1760; baseline 0.001 -16"><span class='ocrx_word' id='word_1_225' title='bbox 2212 1706 2435 1760; x_wconf 90' lang='lat' dir='ltr'><strong>rumque</strong></span> <span class='ocrx_word' id='word_1_226' title='bbox 2459 1691 2527 1745; x_wconf 85' lang='lat' dir='ltr'><strong>sit</strong></span> <span class='ocrx_word' id='word_1_227' title='bbox 2554 1691 2751 1755; x_wconf 89' lang='lat' dir='ltr'><strong>media,</strong></span> <span class='ocrx_word' id='word_1_228' title='bbox 2781 1707 2899 1759; x_wconf 74' lang='lat' dir='ltr'><strong>qua:</strong></span> <span class='ocrx_word' id='word_1_229' title='bbox 2930 1701 2983 1744; x_wconf 89' lang='lat' dir='ltr'><strong>et</strong></span> <span class='ocrx_word' id='word_1_230' title='bbox 3014 1706 3151 1753; x_wconf 84' lang='lat' dir='ltr'><strong>esse.</strong></span> <span class='ocrx_word' id='word_1_231' title='bbox 3176 1692 3379 1746; x_wconf 86' lang='lat' dir='ltr'><strong>scilicet</strong></span> <span class='ocrx_word' id='word_1_232' title='bbox 3402 1692 3573 1760; x_wconf 88' lang='lat' dir='ltr'><strong>possit</strong></span> <span class='ocrx_word' id='word_1_233' title='bbox 3604 1702 3663 1745; x_wconf 91' lang='lat' dir='ltr'><strong>et</strong></span> <span class='ocrx_word' id='word_1_234' title='bbox 3695 1708 3793 1745; x_wconf 76' lang='lat' dir='ltr'><strong>non</strong></span> 
     </span>
    </p>
   </div>
   <div class='ocr_carea' id='block_1_33' title="bbox 533 1781 2106 1859">
    <p class='ocr_par' dir='ltr' id='par_1_33' title="bbox 533 1785 2104 1859">
     <span class='ocr_line' id='line_1_33' title="bbox 533 1785 2104 1859; baseline 0.004 -21"><span class='ocrx_word' id='word_1_235' title='bbox 533 1785 898 1841; x_wconf 77' lang='lat' dir='ltr'><strong>Necessarium</strong></span> <span class='ocrx_word' id='word_1_236' title='bbox 930 1789 1068 1855; x_wconf 90' lang='lat' dir='ltr'><strong>quod</strong></span> <span class='ocrx_word' id='word_1_237' title='bbox 1100 1804 1220 1842; x_wconf 93' lang='lat' dir='ltr'><strong>cum</strong></span> <span class='ocrx_word' id='word_1_238' title='bbox 1246 1805 1430 1843; x_wconf 82' lang='lat' dir='ltr'><strong>verum</strong></span> <span class='ocrx_word' id='word_1_239' title='bbox 1470 1790 1568 1855; x_wconf 88' lang='lat' dir='ltr'><strong>sit,</strong></span> <span class='ocrx_word' id='word_1_240' title='bbox 1618 1790 1800 1845; x_wconf 84' lang='lat' dir='ltr'><strong>falsam</strong></span> <span class='ocrx_word' id='word_1_241' title='bbox 1849 1792 2104 1859; x_wconf 66' lang='lat' dir='ltr'><strong>praedica-</strong></span> 
     </span>
    </p>
   </div>
   <div class='ocr_carea' id='block_1_34' title="bbox 2213 1781 3793 1859">
    <p class='ocr_par' dir='ltr' id='par_1_34' title="bbox 2213 1781 3793 1851">
     <span class='ocr_line' id='line_1_34' title="bbox 2213 1781 3793 1851; baseline 0.001 -15"><span class='ocrx_word' id='word_1_242' title='bbox 2213 1798 2348 1836; x_wconf 85' lang='lat' dir='ltr'><strong>esse.</strong></span> <span class='ocrx_word' id='word_1_243' title='bbox 2381 1783 2518 1850; x_wconf 80' lang='lat' dir='ltr'><strong>Ergo</strong></span> <span class='ocrx_word' id='word_1_244' title='bbox 2541 1782 2639 1836; x_wconf 88' lang='lat' dir='ltr'><strong>hoc</strong></span> <span class='ocrx_word' id='word_1_245' title='bbox 2670 1798 2811 1837; x_wconf 92' lang='lat' dir='ltr'><strong>nunc</strong></span> <span class='ocrx_word' id='word_1_246' title='bbox 2852 1781 2983 1836; x_wconf 83' lang='lat' dir='ltr'><strong>dicit</strong></span> <span class='ocrx_word' id='word_1_247' title='bbox 3011 1800 3025 1835; x_wconf 87' lang='lat'><strong>:</strong></span> <span class='ocrx_word' id='word_1_248' title='bbox 3059 1782 3331 1846; x_wconf 83' lang='lat' dir='ltr'><strong>Videmus,</strong></span> <span class='ocrx_word' id='word_1_249' title='bbox 3363 1783 3576 1851; x_wconf 85' lang='lat' dir='ltr'><strong>inquit,</strong></span> <span class='ocrx_word' id='word_1_250' title='bbox 3609 1785 3667 1835; x_wconf 89' lang='lat' dir='ltr'><strong>in</strong></span> <span class='ocrx_word' id='word_1_251' title='bbox 3697 1785 3793 1845; x_wconf 88' lang='lat' dir='ltr'><strong>his,</strong></span> 
     </span>
    </p>
   </div>
   <div class='ocr_carea' id='block_1_35' title="bbox 530 1879 2104 1950">
    <p class='ocr_par' dir='ltr' id='par_1_35' title="bbox 530 1879 2104 1950">
     <span class='ocr_line' id='line_1_35' title="bbox 530 1879 2104 1950; baseline 0.005 -20"><span class='ocrx_word' id='word_1_252' title='bbox 530 1879 729 1933; x_wconf 90' lang='lat' dir='ltr'><strong>tionem</strong></span> <span class='ocrx_word' id='word_1_253' title='bbox 759 1880 898 1933; x_wconf 89' lang='lat' dir='ltr'><strong>nulla</strong></span> <span class='ocrx_word' id='word_1_254' title='bbox 930 1880 1136 1935; x_wconf 85' lang='lat' dir='ltr'><strong>ratione</strong></span> <span class='ocrx_word' id='word_1_255' title='bbox 1176 1883 1452 1950; x_wconf 86' lang='lat' dir='ltr'><strong>suscipiat.</strong></span> <span class='ocrx_word' id='word_1_256' title='bbox 1500 1881 1602 1936; x_wconf 86' lang='lat' dir='ltr'><strong>Sed</strong></span> <span class='ocrx_word' id='word_1_257' title='bbox 1635 1885 1677 1935; x_wconf 90' lang='lat' dir='ltr'><strong>si</strong></span> <span class='ocrx_word' id='word_1_258' title='bbox 1710 1884 1890 1938; x_wconf 91' lang='lat' dir='ltr'><strong>omnia</strong></span> <span class='ocrx_word' id='word_1_259' title='bbox 1914 1898 1977 1937; x_wconf 76' lang='lat' dir='ltr'><strong>ex</strong></span> <span class='ocrx_word' id='word_1_260' title='bbox 2014 1898 2104 1938; x_wconf 87' lang='lat' dir='ltr'><strong>ne-</strong></span> 
     </span>
    </p>
   </div>
   <div class='ocr_carea' id='block_1_36' title="bbox 529 1969 2104 2045">
    <p class='ocr_par' dir='ltr' id='par_1_36' title="bbox 529 1969 2104 2045">
     <span class='ocr_line' id='line_1_36' title="bbox 529 1969 2104 2045; baseline 0.003 -22"><span class='ocrx_word' id='word_1_261' title='bbox 529 1969 775 2023; x_wconf 86' lang='lat' dir='ltr'><strong>cessitate</strong></span> <span class='ocrx_word' id='word_1_262' title='bbox 823 1970 987 2031; x_wconf 84' lang='lat' dir='ltr'><strong>liunt,</strong></span> <span class='ocrx_word' id='word_1_263' title='bbox 1022 1969 1071 2045; x_wconf 68' lang='lat' dir='ltr'><strong>in</strong></span> <span class='ocrx_word' id='word_1_264' title='bbox 1121 1970 1336 2024; x_wconf 84' lang='lat' dir='ltr'><strong>Diodori</strong></span> <span class='ocrx_word' id='word_1_265' title='bbox 1387 1972 1709 2027; x_wconf 89' lang='lat' dir='ltr'><strong>sententiam</strong></span> <span class='ocrx_word' id='word_1_266' title='bbox 1756 1989 1863 2027; x_wconf 90' lang='lat' dir='ltr'><strong>non</strong></span> <span class='ocrx_word' id='word_1_267' title='bbox 1905 1982 2104 2029; x_wconf 85' lang='lat' dir='ltr'><strong>rectam</strong></span> 
     </span>
    </p>
   </div>
   <div class='ocr_carea' id='block_1_37' title="bbox 532 2060 2109 2120">
    <p class='ocr_par' dir='ltr' id='par_1_37' title="bbox 532 2060 2109 2120">
     <span class='ocr_line' id='line_1_37' title="bbox 532 2060 2109 2120; baseline 0.005 -8"><span class='ocrx_word' id='word_1_268' title='bbox 532 2060 647 2113; x_wconf 88' lang='lat' dir='ltr'><strong>sine</strong></span> <span class='ocrx_word' id='word_1_269' title='bbox 677 2061 783 2115; x_wconf 89' lang='lat' dir='ltr'><strong>ulla</strong></span> <span class='ocrx_word' id='word_1_270' title='bbox 810 2061 1138 2117; x_wconf 74' lang='lat' dir='ltr'><strong>dubitatione</strong></span> <span class='ocrx_word' id='word_1_271' title='bbox 1168 2064 1486 2118; x_wconf 87' lang='lat' dir='ltr'><strong>veniendum</strong></span> <span class='ocrx_word' id='word_1_272' title='bbox 1516 2074 1618 2119; x_wconf 89' lang='lat' dir='ltr'><strong>est.</strong></span> <span class='ocrx_word' id='word_1_273' title='bbox 1663 2063 1762 2120; x_wconf 83' lang='lat' dir='ltr'><strong>Ille</strong></span> <span class='ocrx_word' id='word_1_274' title='bbox 1790 2067 1935 2120; x_wconf 91' lang='lat' dir='ltr'><strong>enim</strong></span> <span class='ocrx_word' id='word_1_275' title='bbox 1964 2067 2109 2120; x_wconf 85' lang='lat' dir='ltr'><strong>arbi-</strong></span> 
     </span>
    </p>
   </div>
   <div class='ocr_carea' id='block_1_38' title="bbox 534 2153 2105 2223">
    <p class='ocr_par' dir='ltr' id='par_1_38' title="bbox 534 2153 2105 2223">
     <span class='ocr_line' id='line_1_38' title="bbox 534 2153 2105 2223; baseline 0.005 -19"><span class='ocrx_word' id='word_1_276' title='bbox 534 2159 702 2204; x_wconf 82' lang='lat' dir='ltr'><strong>tratus</strong></span> <span class='ocrx_word' id='word_1_277' title='bbox 734 2160 814 2205; x_wconf 87' lang='lat' dir='ltr'><strong>est</strong></span> <span class='ocrx_word' id='word_1_278' title='bbox 857 2153 901 2206; x_wconf 90' lang='lat' dir='ltr'><strong>si</strong></span> <span class='ocrx_word' id='word_1_279' title='bbox 949 2154 1066 2221; x_wconf 90' lang='lat' dir='ltr'><strong>quis</strong></span> <span class='ocrx_word' id='word_1_280' title='bbox 1097 2154 1146 2206; x_wconf 89' lang='lat' dir='ltr'><strong>in</strong></span> <span class='ocrx_word' id='word_1_281' title='bbox 1199 2157 1331 2209; x_wconf 88' lang='lat' dir='ltr'><strong>mari</strong></span> <span class='ocrx_word' id='word_1_282' title='bbox 1362 2166 1684 2223; x_wconf 86' lang='lat' dir='ltr'><strong>moreretur,</strong></span> <span class='ocrx_word' id='word_1_283' title='bbox 1711 2172 1831 2211; x_wconf 90' lang='lat' dir='ltr'><strong>eum</strong></span> <span class='ocrx_word' id='word_1_284' title='bbox 1874 2158 1930 2212; x_wconf 90' lang='lat' dir='ltr'><strong>in</strong></span> <span class='ocrx_word' id='word_1_285' title='bbox 1966 2167 2105 2213; x_wconf 85' lang='lat' dir='ltr'><strong>terra</strong></span> 
     </span>
    </p>
   </div>
   <div class='ocr_carea' id='block_1_39' title="bbox 532 2246 2106 2318">
    <p class='ocr_par' dir='ltr' id='par_1_39' title="bbox 532 2246 2106 2318">
     <span class='ocr_line' id='line_1_39' title="bbox 532 2246 2106 2318; baseline 0.005 -22"><span class='ocrx_word' id='word_1_286' title='bbox 532 2256 758 2297; x_wconf 82' lang='lat' dir='ltr'><strong>mortem</strong></span> <span class='ocrx_word' id='word_1_287' title='bbox 815 2260 919 2298; x_wconf 86' lang='lat' dir='ltr'><strong>non</strong></span> <span class='ocrx_word' id='word_1_288' title='bbox 952 2246 1187 2313; x_wconf 54' lang='lat' dir='ltr'><strong>potuisse</strong></span> <span class='ocrx_word' id='word_1_289' title='bbox 1235 2249 1532 2317; x_wconf 86' lang='lat' dir='ltr'><strong>suscipere,</strong></span> <span class='ocrx_word' id='word_1_290' title='bbox 1562 2248 1702 2317; x_wconf 90' lang='lat' dir='ltr'><strong>quod</strong></span> <span class='ocrx_word' id='word_1_291' title='bbox 1734 2264 1907 2318; x_wconf 89' lang='lat' dir='ltr'><strong>neque</strong></span> <span class='ocrx_word' id='word_1_292' title='bbox 1951 2249 2106 2304; x_wconf 87' lang='lat' dir='ltr'><strong>Philo</strong></span> 
     </span>
    </p>
   </div>
   <div class='ocr_carea' id='block_1_40' title="bbox 530 2326 2101 2410">
    <p class='ocr_par' dir='ltr' id='par_1_40' title="bbox 530 2326 2101 2410">
     <span class='ocr_line' id='line_1_40' title="bbox 530 2326 2101 2410; baseline 0.007 -24"><span class='ocrx_word' id='word_1_293' title='bbox 530 2338 700 2399; x_wconf 78' lang='lat' dir='ltr'><strong>neque</strong></span> <span class='ocrx_word' id='word_1_294' title='bbox 729 2334 892 2389; x_wconf 90' lang='lat' dir='ltr'><strong>Stoici</strong></span> <span class='ocrx_word' id='word_1_295' title='bbox 924 2336 1126 2390; x_wconf 89' lang='lat' dir='ltr'><strong>dicunt.</strong></span> <span class='ocrx_word' id='word_1_296' title='bbox 1155 2337 1261 2392; x_wconf 89' lang='lat' dir='ltr'><strong>Sed</strong></span> <span class='ocrx_word' id='word_1_297' title='bbox 1291 2354 1592 2407; x_wconf 78' lang='lat' dir='ltr'><strong>quanquam</strong></span> <span class='ocrx_word' id='word_1_298' title='bbox 1635 2341 1731 2394; x_wconf 70' lang='lat' dir='ltr'><strong>ista</strong></span> <span class='ocrx_word' id='word_1_299' title='bbox 1765 2357 1873 2395; x_wconf 86' lang='lat' dir='ltr'><strong>non</strong></span> <span class='ocrx_word' id='word_1_300' title='bbox 1903 2326 2101 2410; x_wconf 76' lang='lat' dir='ltr'><strong>dicant,</strong></span> 
     </span>
    </p>
   </div>
   <div class='ocr_carea' id='block_1_41' title="bbox 531 2428 2107 2495">
    <p class='ocr_par' dir='ltr' id='par_1_41' title="bbox 531 2428 2107 2495">
     <span class='ocr_line' id='line_1_41' title="bbox 531 2428 2107 2495; baseline 0.007 -16"><span class='ocrx_word' id='word_1_301' title='bbox 531 2436 707 2480; x_wconf 89' lang='lat' dir='ltr'><strong>tamen</strong></span> <span class='ocrx_word' id='word_1_302' title='bbox 739 2428 782 2480; x_wconf 89' lang='lat' dir='ltr'><strong>si</strong></span> <span class='ocrx_word' id='word_1_303' title='bbox 815 2443 972 2480; x_wconf 88' lang='lat' dir='ltr'><strong>unam</strong></span> <span class='ocrx_word' id='word_1_304' title='bbox 1006 2439 1209 2495; x_wconf 88' lang='lat' dir='ltr'><strong>partem</strong></span> <span class='ocrx_word' id='word_1_305' title='bbox 1239 2431 1684 2488; x_wconf 77' lang='lat' dir='ltr'><strong>contradictionis</strong></span> <span class='ocrx_word' id='word_1_306' title='bbox 1704 2442 1897 2488; x_wconf 86' lang='lat' dir='ltr'><strong>eventu</strong></span> <span class='ocrx_word' id='word_1_307' title='bbox 1920 2450 2107 2490; x_wconf 87' lang='lat' dir='ltr'><strong>neces-</strong></span> 
     </span>
    </p>
   </div>
   <div class='ocr_carea' id='block_1_42' title="bbox 530 2521 2107 2597">
    <p class='ocr_par' dir='ltr' id='par_1_42' title="bbox 530 2521 2107 2597">
     <span class='ocr_line' id='line_1_42' title="bbox 530 2521 2107 2597; baseline 0.006 -24"><span class='ocrx_word' id='word_1_308' title='bbox 530 2521 704 2573; x_wconf 85' lang='lat' dir='ltr'><strong>sitatis</strong></span> <span class='ocrx_word' id='word_1_309' title='bbox 731 2524 1042 2586; x_wconf 86' lang='lat' dir='ltr'><strong>metinntur,</strong></span> <span class='ocrx_word' id='word_1_310' title='bbox 1076 2523 1216 2577; x_wconf 90' lang='lat' dir='ltr'><strong>idem</strong></span> <span class='ocrx_word' id='word_1_311' title='bbox 1253 2539 1373 2577; x_wconf 92' lang='lat' dir='ltr'><strong>cum</strong></span> <span class='ocrx_word' id='word_1_312' title='bbox 1406 2524 1641 2580; x_wconf 91' lang='lat' dir='ltr'><strong>Diodoro</strong></span> <span class='ocrx_word' id='word_1_313' title='bbox 1678 2527 1879 2597; x_wconf 86' lang='lat' dir='ltr'><strong>sentire</strong></span> <span class='ocrx_word' id='word_1_314' title='bbox 1906 2542 2107 2597; x_wconf 88' lang='lat' dir='ltr'><strong>cogun-</strong></span> 
     </span>
    </p>
   </div>
   <div class='ocr_carea' id='block_1_43' title="bbox 529 2595 2106 2682">
    <p class='ocr_par' dir='ltr' id='par_1_43' title="bbox 529 2595 2106 2682">
     <span class='ocr_line' id='line_1_43' title="bbox 529 2595 2106 2682; baseline 0.008 -20"><span class='ocrx_word' id='word_1_315' title='bbox 529 2618 631 2662; x_wconf 92' lang='lat' dir='ltr'><strong>tur.</strong></span> <span class='ocrx_word' id='word_1_316' title='bbox 666 2608 797 2663; x_wconf 88' lang='lat' dir='ltr'><strong>Nam</strong></span> <span class='ocrx_word' id='word_1_317' title='bbox 826 2611 869 2663; x_wconf 89' lang='lat' dir='ltr'><strong>si</strong></span> <span class='ocrx_word' id='word_1_318' title='bbox 893 2615 1012 2679; x_wconf 88' lang='lat' dir='ltr'><strong>quis</strong></span> <span class='ocrx_word' id='word_1_319' title='bbox 1041 2611 1094 2665; x_wconf 91' lang='lat' dir='ltr'><strong>in</strong></span> <span class='ocrx_word' id='word_1_320' title='bbox 1128 2615 1261 2666; x_wconf 89' lang='lat' dir='ltr'><strong>mari</strong></span> <span class='ocrx_word' id='word_1_321' title='bbox 1291 2626 1533 2667; x_wconf 86' lang='lat' dir='ltr'><strong>mortuus</strong></span> <span class='ocrx_word' id='word_1_322' title='bbox 1562 2625 1667 2682; x_wconf 89' lang='lat' dir='ltr'><strong>est,</strong></span> <span class='ocrx_word' id='word_1_323' title='bbox 1694 2595 1840 2671; x_wconf 82' lang='lat' dir='ltr'><strong>illum</strong></span> <span class='ocrx_word' id='word_1_324' title='bbox 1882 2595 2106 2674; x_wconf 72' lang='lat' dir='ltr'><strong>necesse</strong></span> 
     </span>
    </p>
   </div>
   <div class='ocr_carea' id='block_1_44' title="bbox 526 2700 2107 2772">
    <p class='ocr_par' dir='ltr' id='par_1_44' title="bbox 526 2700 2107 2772">
     <span class='ocr_line' id='line_1_44' title="bbox 526 2700 2107 2772; baseline 0.006 -17"><span class='ocrx_word' id='word_1_325' title='bbox 526 2700 625 2755; x_wconf 87' lang='lat' dir='ltr'><strong>fuit</strong></span> <span class='ocrx_word' id='word_1_326' title='bbox 647 2702 699 2755; x_wconf 92' lang='lat' dir='ltr'><strong>in</strong></span> <span class='ocrx_word' id='word_1_327' title='bbox 730 2702 860 2754; x_wconf 88' lang='lat' dir='ltr'><strong>mari</strong></span> <span class='ocrx_word' id='word_1_328' title='bbox 896 2702 1096 2764; x_wconf 84' lang='lat' dir='ltr'><strong>necari,</strong></span> <span class='ocrx_word' id='word_1_329' title='bbox 1145 2704 1471 2772; x_wconf 88' lang='lat' dir='ltr'><strong>impossibile</strong></span> <span class='ocrx_word' id='word_1_330' title='bbox 1495 2706 1637 2760; x_wconf 91' lang='lat' dir='ltr'><strong>enim</strong></span> <span class='ocrx_word' id='word_1_331' title='bbox 1680 2722 1802 2760; x_wconf 90' lang='lat' dir='ltr'><strong>eum</strong></span> <span class='ocrx_word' id='word_1_332' title='bbox 1835 2706 1934 2762; x_wconf 86' lang='lat' dir='ltr'><strong>fuit</strong></span> <span class='ocrx_word' id='word_1_333' title='bbox 1964 2724 2107 2763; x_wconf 91' lang='lat' dir='ltr'><strong>mor-</strong></span> 
     </span>
    </p>
   </div>
   <div class='ocr_carea' id='block_1_45' title="bbox 525 2792 2106 2868">
    <p class='ocr_par' dir='ltr' id='par_1_45' title="bbox 525 2792 2106 2868">
     <span class='ocr_line' id='line_1_45' title="bbox 525 2792 2106 2868; baseline 0.004 -21"><span class='ocrx_word' id='word_1_334' title='bbox 525 2800 632 2847; x_wconf 85' lang='lat' dir='ltr'><strong>tem</strong></span> <span class='ocrx_word' id='word_1_335' title='bbox 665 2792 717 2846; x_wconf 92' lang='lat' dir='ltr'><strong>in</strong></span> <span class='ocrx_word' id='word_1_336' title='bbox 766 2802 903 2847; x_wconf 88' lang='lat' dir='ltr'><strong>terra</strong></span> <span class='ocrx_word' id='word_1_337' title='bbox 934 2794 1242 2861; x_wconf 87' lang='lat' dir='ltr'><strong>suscipere,</strong></span> <span class='ocrx_word' id='word_1_338' title='bbox 1276 2796 1417 2864; x_wconf 89' lang='lat' dir='ltr'><strong>quod</strong></span> <span class='ocrx_word' id='word_1_339' title='bbox 1461 2797 1749 2865; x_wconf 87' lang='lat' dir='ltr'><strong>perfalsum</strong></span> <span class='ocrx_word' id='word_1_340' title='bbox 1792 2808 1895 2851; x_wconf 90' lang='lat' dir='ltr'><strong>est.</strong></span> <span class='ocrx_word' id='word_1_341' title='bbox 1933 2800 2106 2868; x_wconf 84' lang='lat' dir='ltr'><strong>Atque</strong></span> 
     </span>
    </p>
   </div>
   <div class='ocr_carea' id='block_1_46' title="bbox 528 2886 2106 2958">
    <p class='ocr_par' dir='ltr' id='par_1_46' title="bbox 528 2886 2106 2958">
     <span class='ocr_line' id='line_1_46' title="bbox 528 2886 2106 2958; baseline 0.004 -19"><span class='ocrx_word' id='word_1_342' title='bbox 528 2886 642 2941; x_wconf 66' lang='lat' dir='ltr'><strong>haec</strong></span> <span class='ocrx_word' id='word_1_343' title='bbox 676 2886 855 2940; x_wconf 89' lang='lat' dir='ltr'><strong>omnia</strong></span> <span class='ocrx_word' id='word_1_344' title='bbox 889 2886 1241 2950; x_wconf 89' lang='lat' dir='ltr'><strong>impossibilia</strong></span> <span class='ocrx_word' id='word_1_345' title='bbox 1272 2889 1453 2942; x_wconf 86' lang='lat' dir='ltr'><strong>subire</strong></span> <span class='ocrx_word' id='word_1_346' title='bbox 1480 2897 1765 2957; x_wconf 88' lang='lat' dir='ltr'><strong>coguntur.</strong></span> <span class='ocrx_word' id='word_1_347' title='bbox 1792 2890 2106 2958; x_wconf 81' lang='lat' dir='ltr'><strong>Quicunque</strong></span> 
     </span>
    </p>
   </div>
   <div class='ocr_carea' id='block_1_47' title="bbox 525 2978 2125 3056">
    <p class='ocr_par' dir='ltr' id='par_1_47' title="bbox 525 2978 2125 3056">
     <span class='ocr_line' id='line_1_47' title="bbox 525 2978 2125 3056; baseline 0 -22"><span class='ocrx_word' id='word_1_348' title='bbox 525 2981 668 3045; x_wconf 86' lang='lat' dir='ltr'><strong>enim</strong></span> <span class='ocrx_word' id='word_1_349' title='bbox 698 2978 917 3033; x_wconf 76' lang='lat' dir='ltr'><strong>definite</strong></span> <span class='ocrx_word' id='word_1_350' title='bbox 946 2978 1165 3031; x_wconf 80' lang='lat' dir='ltr'><strong>alteram</strong></span> <span class='ocrx_word' id='word_1_351' title='bbox 1197 2979 1637 3032; x_wconf 75' lang='lat' dir='ltr'><strong>contradictintiis</strong></span> <span class='ocrx_word' id='word_1_352' title='bbox 1686 2989 1888 3047; x_wconf 88' lang='lat' dir='ltr'><strong>partem</strong></span> <span class='ocrx_word' id='word_1_353' title='bbox 1922 2982 1971 3032; x_wconf 93' lang='lat' dir='ltr'><strong>in</strong></span> <span class='ocrx_word' id='word_1_354' title='bbox 2019 2981 2125 3056; x_wconf 12' lang='lat' dir='ltr'><strong>fu-g</strong></span> 
     </span>
    </p>
   </div>
   <div class='ocr_carea' id='block_1_48' title="bbox 528 3071 2102 3132">
    <p class='ocr_par' dir='ltr' id='par_1_48' title="bbox 528 3071 2102 3132">
     <span class='ocr_line' id='line_1_48' title="bbox 528 3071 2102 3132; baseline 0 -6"><span class='ocrx_word' id='word_1_355' title='bbox 528 3082 648 3126; x_wconf 91' lang='lat' dir='ltr'><strong>turo</strong></span> <span class='ocrx_word' id='word_1_356' title='bbox 675 3085 854 3124; x_wconf 83' lang='lat' dir='ltr'><strong>veram</strong></span> <span class='ocrx_word' id='word_1_357' title='bbox 887 3084 1008 3123; x_wconf 80' lang='lat' dir='ltr'><strong>esse</strong></span> <span class='ocrx_word' id='word_1_358' title='bbox 1049 3073 1399 3132; x_wconf 86' lang='lat' dir='ltr'><strong>contendunt,</strong></span> <span class='ocrx_word' id='word_1_359' title='bbox 1432 3071 1599 3122; x_wconf 89' lang='lat' dir='ltr'><strong>solam</strong></span> <span class='ocrx_word' id='word_1_360' title='bbox 1646 3073 2018 3126; x_wconf 80' lang='lat' dir='ltr'><strong>necessitatem</strong></span> <span class='ocrx_word' id='word_1_361' title='bbox 2053 3075 2102 3126; x_wconf 90' lang='lat' dir='ltr'><strong>in</strong></span> 
     </span>
    </p>
   </div>
   <div class='ocr_carea' id='block_1_49' title="bbox 531 3148 2106 3233">
    <p class='ocr_par' dir='ltr' id='par_1_49' title="bbox 531 3148 2106 3233">
     <span class='ocr_line' id='line_1_49' title="bbox 531 3148 2106 3233; baseline 0.001 -15"><span class='ocrx_word' id='word_1_362' title='bbox 531 3164 691 3218; x_wconf 89' lang='lat' dir='ltr'><strong>rebus</strong></span> <span class='ocrx_word' id='word_1_363' title='bbox 724 3148 996 3217; x_wconf 88' lang='lat' dir='ltr'><strong>inducunt.</strong></span> <span class='ocrx_word' id='word_1_364' title='bbox 1031 3161 1212 3228; x_wconf 86' lang='lat' dir='ltr'><strong>Neque</strong></span> <span class='ocrx_word' id='word_1_365' title='bbox 1240 3162 1382 3215; x_wconf 90' lang='lat' dir='ltr'><strong>enim</strong></span> <span class='ocrx_word' id='word_1_366' title='bbox 1415 3164 1457 3216; x_wconf 91' lang='lat' dir='ltr'><strong>si</strong></span> <span class='ocrx_word' id='word_1_367' title='bbox 1488 3162 1610 3231; x_wconf 88' lang='lat' dir='ltr'><strong>quis</strong></span> <span class='ocrx_word' id='word_1_368' title='bbox 1648 3162 1923 3231; x_wconf 86' lang='lat' dir='ltr'><strong>naufragio</strong></span> <span class='ocrx_word' id='word_1_369' title='bbox 1952 3168 2106 3233; x_wconf 90' lang='lat' dir='ltr'><strong>periit</strong></span> 
     </span>
    </p>
   </div>
   <div class='ocr_carea' id='block_1_50' title="bbox 531 3251 2105 3321">
    <p class='ocr_par' dir='ltr' id='par_1_50' title="bbox 531 3251 2105 3321">
     <span class='ocr_line' id='line_1_50' title="bbox 531 3251 2105 3321; baseline 0.003 -14"><span class='ocrx_word' id='word_1_370' title='bbox 531 3253 585 3309; x_wconf 90' lang='lat' dir='ltr'><strong>in</strong></span> <span class='ocrx_word' id='word_1_371' title='bbox 613 3252 825 3321; x_wconf 84' lang='lat' dir='ltr'><strong>pelago,</strong></span> <span class='ocrx_word' id='word_1_372' title='bbox 847 3251 1049 3305; x_wconf 84' lang='lat' dir='ltr'><strong>idcirco</strong></span> <span class='ocrx_word' id='word_1_373' title='bbox 1072 3252 1119 3303; x_wconf 88' lang='lat' dir='ltr'><strong>si</strong></span> <span class='ocrx_word' id='word_1_374' title='bbox 1144 3267 1410 3319; x_wconf 81' lang='lat' dir='ltr'><strong>nunquam</strong></span> <span class='ocrx_word' id='word_1_375' title='bbox 1442 3252 1764 3321; x_wconf 76' lang='lat' dir='ltr'><strong>navigasset,</strong></span> <span class='ocrx_word' id='word_1_376' title='bbox 1791 3253 2105 3311; x_wconf 89' lang='lat' dir='ltr'><strong>immortalis</strong></span> 
     </span>
    </p>
   </div>
   <div class='ocr_carea' id='block_1_51' title="bbox 529 3343 2102 3419">
    <p class='ocr_par' dir='ltr' id='par_1_51' title="bbox 529 3343 2102 3419">
     <span class='ocr_line' id='line_1_51' title="bbox 529 3343 2102 3419; baseline 0.003 -19"><span class='ocrx_word' id='word_1_377' title='bbox 529 3345 584 3400; x_wconf 89' lang='lat' dir='ltr'><strong>in</strong></span> <span class='ocrx_word' id='word_1_378' title='bbox 608 3355 743 3398; x_wconf 88' lang='lat' dir='ltr'><strong>terra</strong></span> <span class='ocrx_word' id='word_1_379' title='bbox 768 3343 972 3397; x_wconf 89' lang='lat' dir='ltr'><strong>futurus</strong></span> <span class='ocrx_word' id='word_1_380' title='bbox 999 3343 1203 3397; x_wconf 88' lang='lat' dir='ltr'><strong>fuisset.</strong></span> <span class='ocrx_word' id='word_1_381' title='bbox 1230 3346 1297 3397; x_wconf 83' lang='lat' dir='ltr'><strong>At</strong></span> <span class='ocrx_word' id='word_1_382' title='bbox 1324 3359 1451 3399; x_wconf 91' lang='lat' dir='ltr'><strong>vero</strong></span> <span class='ocrx_word' id='word_1_383' title='bbox 1476 3359 1581 3399; x_wconf 89' lang='lat' dir='ltr'><strong>non</strong></span> <span class='ocrx_word' id='word_1_384' title='bbox 1602 3361 1667 3402; x_wconf 84' lang='lat' dir='ltr'><strong>ex</strong></span> <span class='ocrx_word' id='word_1_385' title='bbox 1684 3355 1878 3403; x_wconf 90' lang='lat' dir='ltr'><strong>eventu</strong></span> <span class='ocrx_word' id='word_1_386' title='bbox 1900 3365 2102 3419; x_wconf 77' lang='lat' dir='ltr'><strong>rerum,</strong></span> 
     </span>
    </p>
   </div>
   <div class='ocr_carea' id='block_1_52' title="bbox 530 3435 2103 3509">
    <p class='ocr_par' dir='ltr' id='par_1_52' title="bbox 530 3435 2103 3509">
     <span class='ocr_line' id='line_1_52' title="bbox 530 3435 2103 3509; baseline 0.002 -19"><span class='ocrx_word' id='word_1_387' title='bbox 530 3436 621 3490; x_wconf 78' lang='lat' dir='ltr'><strong>sed</strong></span> <span class='ocrx_word' id='word_1_388' title='bbox 652 3451 718 3489; x_wconf 80' lang='lat' dir='ltr'><strong>ex</strong></span> <span class='ocrx_word' id='word_1_389' title='bbox 750 3442 934 3487; x_wconf 88' lang='lat' dir='ltr'><strong>natura</strong></span> <span class='ocrx_word' id='word_1_390' title='bbox 976 3443 1200 3490; x_wconf 88' lang='lat' dir='ltr'><strong>eventus</strong></span> <span class='ocrx_word' id='word_1_391' title='bbox 1230 3435 1376 3503; x_wconf 88' lang='lat' dir='ltr'><strong>ipsos</strong></span> <span class='ocrx_word' id='word_1_392' title='bbox 1414 3435 1815 3505; x_wconf 88' lang='lat' dir='ltr'><strong>suscipientiunt</strong></span> <span class='ocrx_word' id='word_1_393' title='bbox 1858 3442 2103 3509; x_wconf 87' lang='lat' dir='ltr'><strong>proposi-</strong></span> 
     </span>
    </p>
   </div>
   <div class='ocr_carea' id='block_1_53' title="bbox 531 3525 2103 3595">
    <p class='ocr_par' dir='ltr' id='par_1_53' title="bbox 531 3525 2103 3595">
     <span class='ocr_line' id='line_1_53' title="bbox 531 3525 2103 3595; baseline 0.002 -13"><span class='ocrx_word' id='word_1_394' title='bbox 531 3528 732 3582; x_wconf 84' lang='lat' dir='ltr'><strong>tionum</strong></span> <span class='ocrx_word' id='word_1_395' title='bbox 755 3525 1209 3581; x_wconf 85' lang='lat' dir='ltr'><strong>contradictiones</strong></span> <span class='ocrx_word' id='word_1_396' title='bbox 1228 3526 1533 3595; x_wconf 65' lang='lat' dir='ltr'><strong>judicandaa</strong></span> <span class='ocrx_word' id='word_1_397' title='bbox 1560 3538 1706 3582; x_wconf 91' lang='lat' dir='ltr'><strong>sunt.</strong></span> <span class='ocrx_word' id='word_1_398' title='bbox 1730 3528 1786 3583; x_wconf 94' lang='lat' dir='ltr'><strong>Si</strong></span> <span class='ocrx_word' id='word_1_399' title='bbox 1809 3530 1951 3584; x_wconf 91' lang='lat' dir='ltr'><strong>enim</strong></span> <span class='ocrx_word' id='word_1_400' title='bbox 1974 3534 2103 3585; x_wconf 85' lang='lat' dir='ltr'><strong>mihi</strong></span> 
     </span>
    </p>
   </div>
   <div class='ocr_carea' id='block_1_54' title="bbox 531 3620 2103 3685">
    <p class='ocr_par' dir='ltr' id='par_1_54' title="bbox 531 3620 2103 3685">
     <span class='ocr_line' id='line_1_54' title="bbox 531 3620 2103 3685; baseline 0.003 -12"><span class='ocrx_word' id='word_1_401' title='bbox 531 3620 709 3673; x_wconf 90' lang='lat' dir='ltr'><strong>omnia</strong></span> <span class='ocrx_word' id='word_1_402' title='bbox 741 3624 1029 3685; x_wconf 90' lang='lat' dir='ltr'><strong>suppetunt</strong></span> <span class='ocrx_word' id='word_1_403' title='bbox 1059 3631 1198 3670; x_wconf 92' lang='lat' dir='ltr'><strong>nunc</strong></span> <span class='ocrx_word' id='word_1_404' title='bbox 1226 3628 1281 3670; x_wconf 87' lang='lat' dir='ltr'><strong>ut</strong></span> <span class='ocrx_word' id='word_1_405' title='bbox 1307 3621 1541 3672; x_wconf 72' lang='lat' dir='ltr'><strong>Athenas</strong></span> <span class='ocrx_word' id='word_1_406' title='bbox 1561 3633 1702 3684; x_wconf 91' lang='lat' dir='ltr'><strong>eam,</strong></span> <span class='ocrx_word' id='word_1_407' title='bbox 1735 3620 1945 3674; x_wconf 89' lang='lat' dir='ltr'><strong>etiamsi</strong></span> <span class='ocrx_word' id='word_1_408' title='bbox 1999 3638 2103 3678; x_wconf 89' lang='lat' dir='ltr'><strong>non</strong></span> 
     </span>
    </p>
   </div>
   <div class='ocr_carea' id='block_1_55' title="bbox 531 3698 2102 3778">
    <p class='ocr_par' dir='ltr' id='par_1_55' title="bbox 531 3698 2102 3778">
     <span class='ocr_line' id='line_1_55' title="bbox 531 3698 2102 3778; baseline 0.003 -15"><span class='ocrx_word' id='word_1_409' title='bbox 531 3711 746 3773; x_wconf 88' lang='lat' dir='ltr'><strong>vadam,</strong></span> <span class='ocrx_word' id='word_1_410' title='bbox 781 3724 936 3776; x_wconf 77' lang='lat' dir='ltr'><strong>pesse</strong></span> <span class='ocrx_word' id='word_1_411' title='bbox 964 3724 1051 3762; x_wconf 90' lang='lat' dir='ltr'><strong>me</strong></span> <span class='ocrx_word' id='word_1_412' title='bbox 1079 3698 1254 3763; x_wconf 87' lang='lat' dir='ltr'><strong>tamen</strong></span> <span class='ocrx_word' id='word_1_413' title='bbox 1284 3708 1364 3763; x_wconf 85' lang='lat' dir='ltr'><strong>ire</strong></span> <span class='ocrx_word' id='word_1_414' title='bbox 1392 3711 1732 3765; x_wconf 87' lang='lat' dir='ltr'><strong>manifestum</strong></span> <span class='ocrx_word' id='word_1_415' title='bbox 1764 3721 1869 3778; x_wconf 89' lang='lat' dir='ltr'><strong>est,</strong></span> <span class='ocrx_word' id='word_1_416' title='bbox 1901 3724 1955 3768; x_wconf 90' lang='lat' dir='ltr'><strong>et</strong></span> <span class='ocrx_word' id='word_1_417' title='bbox 1982 3729 2102 3768; x_wconf 92' lang='lat' dir='ltr'><strong>cum</strong></span> 
     </span>
    </p>
   </div>
   <div class='ocr_carea' id='block_1_56' title="bbox 531 3800 2107 3883">
    <p class='ocr_par' dir='ltr' id='par_1_56' title="bbox 531 3800 2107 3883">
     <span class='ocr_line' id='line_1_56' title="bbox 531 3800 2107 3883; baseline 0.001 -26"><span class='ocrx_word' id='word_1_418' title='bbox 531 3804 649 3858; x_wconf 85' lang='lat' dir='ltr'><strong>iero</strong></span> <span class='ocrx_word' id='word_1_419' title='bbox 680 3802 915 3883; x_wconf 75' lang='lat' dir='ltr'><strong>potuisse</strong></span> <span class='ocrx_word' id='word_1_420' title='bbox 940 3817 1044 3855; x_wconf 92' lang='lat' dir='ltr'><strong>non</strong></span> <span class='ocrx_word' id='word_1_421' title='bbox 1075 3800 1175 3855; x_wconf 89' lang='lat' dir='ltr'><strong>ire.</strong></span> <span class='ocrx_word' id='word_1_422' title='bbox 1214 3800 1266 3855; x_wconf 90' lang='lat' dir='ltr'><strong>Id</strong></span> <span class='ocrx_word' id='word_1_423' title='bbox 1300 3817 1511 3870; x_wconf 86' lang='lat' dir='ltr'><strong>quoque</strong></span> <span class='ocrx_word' id='word_1_424' title='bbox 1539 3803 1675 3871; x_wconf 89' lang='lat' dir='ltr'><strong>apud</strong></span> <span class='ocrx_word' id='word_1_425' title='bbox 1709 3818 1802 3858; x_wconf 92' lang='lat' dir='ltr'><strong>eos</strong></span> <span class='ocrx_word' id='word_1_426' title='bbox 1825 3806 1913 3874; x_wconf 92' lang='lat' dir='ltr'><strong>qui</strong></span> <span class='ocrx_word' id='word_1_427' title='bbox 1946 3821 2107 3861; x_wconf 89' lang='lat' dir='ltr'><strong>even-</strong></span> 
     </span>
    </p>
   </div>
   <div class='ocr_carea' id='block_1_57' title="bbox 532 3894 2108 3962">
    <p class='ocr_par' dir='ltr' id='par_1_57' title="bbox 532 3894 2108 3962">
     <span class='ocr_line' id='line_1_57' title="bbox 532 3894 2108 3962; baseline 0.003 -14"><span class='ocrx_word' id='word_1_428' title='bbox 532 3903 614 3948; x_wconf 86' lang='lat' dir='ltr'><strong>tus</strong></span> <span class='ocrx_word' id='word_1_429' title='bbox 643 3908 708 3948; x_wconf 76' lang='grc' dir='ltr'>εκ</span> <span class='ocrx_word' id='word_1_430' title='bbox 737 3908 914 3947; x_wconf 88' lang='lat' dir='ltr'><strong>rerum</strong></span> <span class='ocrx_word' id='word_1_431' title='bbox 943 3901 1131 3946; x_wconf 89' lang='lat' dir='ltr'><strong>natura</strong></span> <span class='ocrx_word' id='word_1_432' title='bbox 1154 3904 1299 3948; x_wconf 87' lang='lat' dir='ltr'><strong>recta</strong></span> <span class='ocrx_word' id='word_1_433' title='bbox 1335 3894 1541 3948; x_wconf 81' lang='lat' dir='ltr'><strong>ratione</strong></span> <span class='ocrx_word' id='word_1_434' title='bbox 1565 3894 1863 3962; x_wconf 87' lang='lat' dir='ltr'><strong>dijudicant</strong></span> <span class='ocrx_word' id='word_1_435' title='bbox 1892 3896 2108 3952; x_wconf 90' lang='lat' dir='ltr'><strong>indubi-</strong></span> 
     </span>
    </p>
   </div>
   <div class='ocr_carea' id='block_1_58' title="bbox 533 3983 2105 4053">
    <p class='ocr_par' dir='ltr' id='par_1_58' title="bbox 533 3983 2105 4053">
     <span class='ocr_line' id='line_1_58' title="bbox 533 3983 2105 4053; baseline 0.004 -15"><span class='ocrx_word' id='word_1_436' title='bbox 533 3994 700 4039; x_wconf 89' lang='lat' dir='ltr'><strong>tatum</strong></span> <span class='ocrx_word' id='word_1_437' title='bbox 745 3995 844 4039; x_wconf 90' lang='grc' dir='ltr'>εει.</span> <span class='ocrx_word' id='word_1_438' title='bbox 879 3983 995 4039; x_wconf 88' lang='lat' dir='ltr'><strong>Non</strong></span> <span class='ocrx_word' id='word_1_439' title='bbox 1019 4000 1146 4053; x_wconf 91' lang='lat' dir='ltr'><strong>ergo</strong></span> <span class='ocrx_word' id='word_1_440' title='bbox 1188 3985 1236 4037; x_wconf 90' lang='lat' dir='ltr'><strong>id</strong></span> <span class='ocrx_word' id='word_1_441' title='bbox 1266 3995 1350 4039; x_wconf 85' lang='lat' dir='ltr'><strong>est</strong></span> <span class='ocrx_word' id='word_1_442' title='bbox 1382 3986 1633 4053; x_wconf 82' lang='lat' dir='ltr'><strong>possibile</strong></span> <span class='ocrx_word' id='word_1_443' title='bbox 1664 3995 1721 4040; x_wconf 90' lang='lat' dir='ltr'><strong>ut</strong></span> <span class='ocrx_word' id='word_1_444' title='bbox 1741 3988 1810 4042; x_wconf 88' lang='lat' dir='ltr'><strong>sit</strong></span> <span class='ocrx_word' id='word_1_445' title='bbox 1858 4002 2105 4044; x_wconf 80' lang='lat' dir='ltr'><strong>necessa-</strong></span> 
     </span>
    </p>
   </div>
   <div class='ocr_carea' id='block_1_59' title="bbox 532 4077 2109 4150">
    <p class='ocr_par' dir='ltr' id='par_1_59' title="bbox 532 4077 2109 4150">
     <span class='ocr_line' id='line_1_59' title="bbox 532 4077 2109 4150; baseline 0.003 -18"><span class='ocrx_word' id='word_1_446' title='bbox 532 4079 690 4132; x_wconf 92' lang='lat' dir='ltr'><strong>rium.</strong></span> <span class='ocrx_word' id='word_1_447' title='bbox 718 4077 821 4131; x_wconf 82' lang='lat' dir='ltr'><strong>Sed</strong></span> <span class='ocrx_word' id='word_1_448' title='bbox 846 4092 1148 4146; x_wconf 85' lang='lat' dir='ltr'><strong>quanquam</strong></span> <span class='ocrx_word' id='word_1_449' title='bbox 1175 4077 1313 4146; x_wconf 87' lang='lat' dir='ltr'><strong>quod</strong></span> <span class='ocrx_word' id='word_1_450' title='bbox 1341 4080 1698 4133; x_wconf 87' lang='lat' dir='ltr'><strong>necessarium</strong></span> <span class='ocrx_word' id='word_1_451' title='bbox 1723 4090 1829 4145; x_wconf 90' lang='lat' dir='ltr'><strong>est,</strong></span> <span class='ocrx_word' id='word_1_452' title='bbox 1854 4082 2109 4150; x_wconf 86' lang='lat' dir='ltr'><strong>possibile</strong></span> 
     </span>
    </p>
   </div>
   <div class='ocr_carea' id='block_1_60' title="bbox 533 4164 2109 4240">
    <p class='ocr_par' dir='ltr' id='par_1_60' title="bbox 533 4164 2109 4240">
     <span class='ocr_line' id='line_1_60' title="bbox 533 4164 2109 4240; baseline 0.004 -19"><span class='ocrx_word' id='word_1_453' title='bbox 533 4170 620 4233; x_wconf 79' lang='lat' dir='ltr'><strong>sit,</strong></span> <span class='ocrx_word' id='word_1_454' title='bbox 649 4178 733 4223; x_wconf 90' lang='lat' dir='ltr'><strong>est</strong></span> <span class='ocrx_word' id='word_1_455' title='bbox 756 4178 932 4223; x_wconf 91' lang='lat' dir='ltr'><strong>tamen</strong></span> <span class='ocrx_word' id='word_1_456' title='bbox 960 4170 1057 4222; x_wconf 70' lang='lat' dir='ltr'><strong>alia</strong></span> <span class='ocrx_word' id='word_1_457' title='bbox 1090 4164 1331 4238; x_wconf 78' lang='lat' dir='ltr'><strong>quaedam</strong></span> <span class='ocrx_word' id='word_1_458' title='bbox 1362 4171 1695 4225; x_wconf 81' lang='lat' dir='ltr'><strong>extrinsecus</strong></span> <span class='ocrx_word' id='word_1_459' title='bbox 1740 4174 2109 4240; x_wconf 88' lang='lat' dir='ltr'><strong>possibilitatis</strong></span> 
     </span>
    </p>
   </div>
   <div class='ocr_carea' id='block_1_61' title="bbox 534 4260 2108 4334">
    <p class='ocr_par' dir='ltr' id='par_1_61' title="bbox 534 4260 2108 4334">
     <span class='ocr_line' id='line_1_61' title="bbox 534 4260 2108 4334; baseline 0.005 -22"><span class='ocrx_word' id='word_1_460' title='bbox 534 4268 741 4321; x_wconf 84' lang='lat' dir='ltr'><strong>natura,</strong></span> <span class='ocrx_word' id='word_1_461' title='bbox 767 4275 885 4327; x_wconf 67' lang='lat' dir='ltr'><strong>quae</strong></span> <span class='ocrx_word' id='word_1_462' title='bbox 902 4269 955 4313; x_wconf 87' lang='lat' dir='ltr'><strong>et</strong></span> <span class='ocrx_word' id='word_1_463' title='bbox 976 4260 1043 4314; x_wconf 89' lang='lat' dir='ltr'><strong>ab</strong></span> <span class='ocrx_word' id='word_1_464' title='bbox 1060 4260 1374 4329; x_wconf 89' lang='lat' dir='ltr'><strong>impossibili</strong></span> <span class='ocrx_word' id='word_1_465' title='bbox 1402 4271 1455 4315; x_wconf 89' lang='lat' dir='ltr'><strong>et</strong></span> <span class='ocrx_word' id='word_1_466' title='bbox 1474 4276 1503 4314; x_wconf 93' lang='lat' dir='ltr'><strong>a</strong></span> <span class='ocrx_word' id='word_1_467' title='bbox 1528 4263 1848 4329; x_wconf 87' lang='lat' dir='ltr'><strong>necessitate</strong></span> <span class='ocrx_word' id='word_1_468' title='bbox 1869 4264 2108 4334; x_wconf 84' lang='lat' dir='ltr'><strong>sejuncta</strong></span> 
     </span>
    </p>
   </div>
   <div class='ocr_carea' id='block_1_62' title="bbox 534 4351 2109 4427">
    <p class='ocr_par' dir='ltr' id='par_1_62' title="bbox 534 4351 2109 4427">
     <span class='ocr_line' id='line_1_62' title="bbox 534 4351 2109 4427; baseline 0.003 -23"><span class='ocrx_word' id='word_1_469' title='bbox 534 4359 634 4404; x_wconf 83' lang='lat' dir='ltr'><strong>est.</strong></span> <span class='ocrx_word' id='word_1_470' title='bbox 667 4351 982 4404; x_wconf 85' lang='lat' dir='ltr'><strong>Aristoteles</strong></span> <span class='ocrx_word' id='word_1_471' title='bbox 1019 4351 1159 4405; x_wconf 92' lang='lat' dir='ltr'><strong>enim</strong></span> <span class='ocrx_word' id='word_1_472' title='bbox 1188 4352 1323 4405; x_wconf 86' lang='lat' dir='ltr'><strong>hanc</strong></span> <span class='ocrx_word' id='word_1_473' title='bbox 1355 4352 1892 4427; x_wconf 84' lang='lat' dir='ltr'><strong>habensopinionem</strong></span> <span class='ocrx_word' id='word_1_474' title='bbox 1926 4356 1992 4409; x_wconf 90' lang='lat' dir='ltr'><strong>de</strong></span> <span class='ocrx_word' id='word_1_475' title='bbox 2024 4355 2109 4409; x_wconf 88' lang='lat' dir='ltr'><strong>his</strong></span> 
     </span>
    </p>
   </div>
   <div class='ocr_carea' id='block_1_63' title="bbox 534 4447 2109 4511">
    <p class='ocr_par' dir='ltr' id='par_1_63' title="bbox 534 4447 2109 4511">
     <span class='ocr_line' id='line_1_63' title="bbox 534 4447 2109 4511; baseline 0.006 -17"><span class='ocrx_word' id='word_1_476' title='bbox 534 4457 649 4506; x_wconf 76' lang='lat' dir='ltr'><strong>qua:</strong></span> <span class='ocrx_word' id='word_1_477' title='bbox 670 4455 885 4511; x_wconf 90' lang='lat' dir='ltr'><strong>semper</strong></span> <span class='ocrx_word' id='word_1_478' title='bbox 913 4458 1135 4498; x_wconf 89' lang='lat' dir='ltr'><strong>necesse</strong></span> <span class='ocrx_word' id='word_1_479' title='bbox 1150 4460 1267 4498; x_wconf 85' lang='lat' dir='ltr'><strong>esse</strong></span> <span class='ocrx_word' id='word_1_480' title='bbox 1290 4454 1393 4508; x_wconf 87' lang='lat' dir='ltr'><strong>est,</strong></span> <span class='ocrx_word' id='word_1_481' title='bbox 1423 4460 1483 4498; x_wconf 88' lang='lat' dir='ltr'><strong>ea</strong></span> <span class='ocrx_word' id='word_1_482' title='bbox 1512 4455 1657 4511; x_wconf 89' lang='lat' dir='ltr'><strong>putat</strong></span> <span class='ocrx_word' id='word_1_483' title='bbox 1686 4447 1880 4500; x_wconf 91' lang='lat' dir='ltr'><strong>nullam</strong></span> <span class='ocrx_word' id='word_1_484' title='bbox 1911 4448 2109 4504; x_wconf 90' lang='lat' dir='ltr'><strong>habere</strong></span> 
     </span>
    </p>
   </div>
   <div class='ocr_carea' id='block_1_64' title="bbox 2206 1862 3792 1943">
    <p class='ocr_par' dir='ltr' id='par_1_64' title="bbox 2206 1862 3792 1943">
     <span class='ocr_line' id='line_1_64' title="bbox 2206 1862 3792 1943; baseline 0.001 -16"><span class='ocrx_word' id='word_1_485' title='bbox 2206 1892 2324 1943; x_wconf 67' lang='lat' dir='ltr'><strong>qua:</strong></span> <span class='ocrx_word' id='word_1_486' title='bbox 2356 1891 2458 1929; x_wconf 92' lang='lat' dir='ltr'><strong>non</strong></span> <span class='ocrx_word' id='word_1_487' title='bbox 2482 1890 2694 1943; x_wconf 85' lang='lat' dir='ltr'><strong>semper</strong></span> <span class='ocrx_word' id='word_1_488' title='bbox 2718 1887 2839 1928; x_wconf 89' lang='lat' dir='ltr'><strong>actu</strong></span> <span class='ocrx_word' id='word_1_489' title='bbox 2859 1885 3004 1929; x_wconf 89' lang='lat' dir='ltr'><strong>sunt.</strong></span> <span class='ocrx_word' id='word_1_490' title='bbox 3032 1874 3122 1927; x_wconf 91' lang='lat' dir='ltr'><strong>llla</strong></span> <span class='ocrx_word' id='word_1_491' title='bbox 3150 1862 3280 1929; x_wconf 79' lang='lat' dir='ltr'><strong>vero</strong></span> <span class='ocrx_word' id='word_1_492' title='bbox 3302 1890 3406 1929; x_wconf 91' lang='lat' dir='ltr'><strong>non</strong></span> <span class='ocrx_word' id='word_1_493' title='bbox 3429 1889 3649 1943; x_wconf 86' lang='lat' dir='ltr'><strong>semper</strong></span> <span class='ocrx_word' id='word_1_494' title='bbox 3674 1886 3792 1929; x_wconf 77' lang='lat' dir='ltr'><strong>sunt</strong></span> 
     </span>
    </p>
   </div>
   <div class='ocr_carea' id='block_1_65' title="bbox 2207 1965 3793 2036">
    <p class='ocr_par' dir='ltr' id='par_1_65' title="bbox 2207 1965 3793 2036">
     <span class='ocr_line' id='line_1_65' title="bbox 2207 1965 3793 2036; baseline 0 -17"><span class='ocrx_word' id='word_1_495' title='bbox 2207 1977 2349 2030; x_wconf 74' lang='lat' dir='ltr'><strong>artu,</strong></span> <span class='ocrx_word' id='word_1_496' title='bbox 2372 1982 2490 2035; x_wconf 74' lang='lat' dir='ltr'><strong>qua:</strong></span> <span class='ocrx_word' id='word_1_497' title='bbox 2522 1966 2587 2020; x_wconf 91' lang='lat' dir='ltr'><strong>ad</strong></span> <span class='ocrx_word' id='word_1_498' title='bbox 2611 1974 2834 2034; x_wconf 88' lang='lat' dir='ltr'><strong>utraque</strong></span> <span class='ocrx_word' id='word_1_499' title='bbox 2857 1968 3124 2020; x_wconf 88' lang='lat' dir='ltr'><strong>contraria</strong></span> <span class='ocrx_word' id='word_1_500' title='bbox 3154 1965 3345 2021; x_wconf 87' lang='lat' dir='ltr'><strong>habent</strong></span> <span class='ocrx_word' id='word_1_501' title='bbox 3376 1968 3793 2036; x_wconf 84' lang='lat' dir='ltr'><strong>cognationem:</strong></span> 
     </span>
    </p>
   </div>
   <div class='ocr_carea' id='block_1_66' title="bbox 2210 2058 3793 2128">
    <p class='ocr_par' dir='ltr' id='par_1_66' title="bbox 2210 2058 3793 2128">
     <span class='ocr_line' id='line_1_66' title="bbox 2210 2058 3793 2128; baseline 0 -17"><span class='ocrx_word' id='word_1_502' title='bbox 2210 2060 2343 2128; x_wconf 90' lang='lat' dir='ltr'><strong>ignis</strong></span> <span class='ocrx_word' id='word_1_503' title='bbox 2391 2074 2608 2127; x_wconf 84' lang='lat' dir='ltr'><strong>semper</strong></span> <span class='ocrx_word' id='word_1_504' title='bbox 2635 2067 2757 2113; x_wconf 88' lang='lat' dir='ltr'><strong>actu</strong></span> <span class='ocrx_word' id='word_1_505' title='bbox 2790 2058 2999 2113; x_wconf 90' lang='lat' dir='ltr'><strong>calidus</strong></span> <span class='ocrx_word' id='word_1_506' title='bbox 3026 2068 3128 2122; x_wconf 88' lang='lat' dir='ltr'><strong>est,</strong></span> <span class='ocrx_word' id='word_1_507' title='bbox 3171 2073 3307 2128; x_wconf 87' lang='lat' dir='ltr'><strong>aqua</strong></span> <span class='ocrx_word' id='word_1_508' title='bbox 3330 2074 3459 2113; x_wconf 87' lang='lat' dir='ltr'><strong>vero</strong></span> <span class='ocrx_word' id='word_1_509' title='bbox 3494 2075 3605 2113; x_wconf 86' lang='lat' dir='ltr'><strong>non</strong></span> <span class='ocrx_word' id='word_1_510' title='bbox 3654 2074 3793 2113; x_wconf 80' lang='lat' dir='ltr'><strong>sem-</strong></span> 
     </span>
    </p>
   </div>
   <div class='ocr_carea' id='block_1_67' title="bbox 2211 2148 3793 2220">
    <p class='ocr_par' dir='ltr' id='par_1_67' title="bbox 2211 2148 3793 2220">
     <span class='ocr_line' id='line_1_67' title="bbox 2211 2148 3793 2220; baseline -0.002 -15"><span class='ocrx_word' id='word_1_511' title='bbox 2211 2166 2324 2220; x_wconf 90' lang='lat' dir='ltr'><strong>per.</strong></span> <span class='ocrx_word' id='word_1_512' title='bbox 2361 2151 2619 2218; x_wconf 88' lang='lat' dir='ltr'><strong>Quocirca</strong></span> <span class='ocrx_word' id='word_1_513' title='bbox 2643 2148 2887 2203; x_wconf 84' lang='lat' dir='ltr'><strong>videmus</strong></span> <span class='ocrx_word' id='word_1_514' title='bbox 2916 2150 2967 2202; x_wconf 94' lang='lat' dir='ltr'><strong>in</strong></span> <span class='ocrx_word' id='word_1_515' title='bbox 3011 2149 3113 2214; x_wconf 89' lang='lat' dir='ltr'><strong>his,</strong></span> <span class='ocrx_word' id='word_1_516' title='bbox 3143 2165 3262 2217; x_wconf 70' lang='lat' dir='ltr'><strong>qua:</strong></span> <span class='ocrx_word' id='word_1_517' title='bbox 3288 2165 3397 2203; x_wconf 90' lang='lat' dir='ltr'><strong>non</strong></span> <span class='ocrx_word' id='word_1_518' title='bbox 3422 2157 3648 2218; x_wconf 76' lang='lat' dir='ltr'><strong>semper</strong></span> <span class='ocrx_word' id='word_1_519' title='bbox 3676 2159 3793 2203; x_wconf 75' lang='lat' dir='ltr'><strong>acta</strong></span> 
     </span>
    </p>
   </div>
   <div class='ocr_carea' id='block_1_68' title="bbox 2206 2245 3795 2314">
    <p class='ocr_par' dir='ltr' id='par_1_68' title="bbox 2206 2245 3795 2314">
     <span class='ocr_line' id='line_1_68' title="bbox 2206 2245 3795 2314; baseline 0.002 -15"><span class='ocrx_word' id='word_1_520' title='bbox 2206 2254 2360 2308; x_wconf 88' lang='lat' dir='ltr'><strong>sunt,</strong></span> <span class='ocrx_word' id='word_1_521' title='bbox 2401 2257 2524 2299; x_wconf 86' lang='lat' dir='ltr'><strong>esse</strong></span> <span class='ocrx_word' id='word_1_522' title='bbox 2549 2245 2794 2314; x_wconf 65' lang='lat' dir='ltr'><strong>quaedam</strong></span> <span class='ocrx_word' id='word_1_523' title='bbox 2826 2246 3129 2314; x_wconf 86' lang='lat' dir='ltr'><strong>possibilia,</strong></span> <span class='ocrx_word' id='word_1_524' title='bbox 3161 2256 3215 2300; x_wconf 89' lang='lat' dir='ltr'><strong>et</strong></span> <span class='ocrx_word' id='word_1_525' title='bbox 3245 2262 3381 2311; x_wconf 91' lang='lat' dir='ltr'><strong>non,</strong></span> <span class='ocrx_word' id='word_1_526' title='bbox 3415 2247 3466 2299; x_wconf 89' lang='lat' dir='ltr'><strong>id</strong></span> <span class='ocrx_word' id='word_1_527' title='bbox 3514 2255 3624 2311; x_wconf 89' lang='lat' dir='ltr'><strong>est,</strong></span> <span class='ocrx_word' id='word_1_528' title='bbox 3658 2258 3715 2300; x_wconf 84' lang='lat' dir='ltr'><strong>ut</strong></span> <span class='ocrx_word' id='word_1_529' title='bbox 3743 2256 3795 2302; x_wconf 81' lang='lat' dir='ltr'><strong>et</strong></span> 
     </span>
    </p>
   </div>
   <div class='ocr_carea' id='block_1_69' title="bbox 2208 2336 3791 2405">
    <p class='ocr_par' dir='ltr' id='par_1_69' title="bbox 2208 2336 3791 2405">
     <span class='ocr_line' id='line_1_69' title="bbox 2208 2336 3791 2405; baseline -0.001 -16"><span class='ocrx_word' id='word_1_530' title='bbox 2208 2337 2313 2390; x_wconf 88' lang='lat' dir='ltr'><strong>sint</strong></span> <span class='ocrx_word' id='word_1_531' title='bbox 2342 2343 2395 2391; x_wconf 90' lang='lat' dir='ltr'><strong>et</strong></span> <span class='ocrx_word' id='word_1_532' title='bbox 2427 2352 2530 2390; x_wconf 93' lang='lat' dir='ltr'><strong>non</strong></span> <span class='ocrx_word' id='word_1_533' title='bbox 2553 2337 2682 2399; x_wconf 91' lang='lat' dir='ltr'><strong>sint,</strong></span> <span class='ocrx_word' id='word_1_534' title='bbox 2716 2339 2854 2405; x_wconf 91' lang='lat' dir='ltr'><strong>quod</strong></span> <span class='ocrx_word' id='word_1_535' title='bbox 2889 2338 2941 2392; x_wconf 86' lang='lat' dir='ltr'><strong>in</strong></span> <span class='ocrx_word' id='word_1_536' title='bbox 2965 2336 3048 2391; x_wconf 85' lang='lat' dir='ltr'><strong>his</strong></span> <span class='ocrx_word' id='word_1_537' title='bbox 3068 2336 3246 2391; x_wconf 84' lang='lat' dir='ltr'><strong>evenit</strong></span> <span class='ocrx_word' id='word_1_538' title='bbox 3272 2337 3323 2390; x_wconf 94' lang='lat' dir='ltr'><strong>in</strong></span> <span class='ocrx_word' id='word_1_539' title='bbox 3352 2337 3555 2405; x_wconf 88' lang='lat' dir='ltr'><strong>quibus</strong></span> <span class='ocrx_word' id='word_1_540' title='bbox 3585 2346 3791 2389; x_wconf 81' lang='lat' dir='ltr'><strong>utrum-</strong></span> 
     </span>
    </p>
   </div>
   <div class='ocr_carea' id='block_1_70' title="bbox 2207 2426 3793 2495">
    <p class='ocr_par' dir='ltr' id='par_1_70' title="bbox 2207 2426 3793 2495">
     <span class='ocr_line' id='line_1_70' title="bbox 2207 2426 3793 2495; baseline 0 -17"><span class='ocrx_word' id='word_1_541' title='bbox 2207 2441 2311 2494; x_wconf 89' lang='lat' dir='ltr'><strong>que</strong></span> <span class='ocrx_word' id='word_1_542' title='bbox 2348 2426 2641 2493; x_wconf 80' lang='lat' dir='ltr'><strong>contingit,</strong></span> <span class='ocrx_word' id='word_1_543' title='bbox 2673 2427 2723 2480; x_wconf 87' lang='lat' dir='ltr'><strong>id</strong></span> <span class='ocrx_word' id='word_1_544' title='bbox 2746 2437 2851 2489; x_wconf 86' lang='lat' dir='ltr'><strong>est,</strong></span> <span class='ocrx_word' id='word_1_545' title='bbox 2883 2437 2937 2481; x_wconf 91' lang='lat' dir='ltr'><strong>et</strong></span> <span class='ocrx_word' id='word_1_546' title='bbox 2965 2442 3086 2480; x_wconf 80' lang='lat' dir='ltr'><strong>esse</strong></span> <span class='ocrx_word' id='word_1_547' title='bbox 3110 2438 3163 2480; x_wconf 91' lang='lat' dir='ltr'><strong>et</strong></span> <span class='ocrx_word' id='word_1_548' title='bbox 3192 2431 3297 2480; x_wconf 84' lang='lat' dir='ltr'><strong>non</strong></span> <span class='ocrx_word' id='word_1_549' title='bbox 3329 2440 3479 2491; x_wconf 89' lang='lat' dir='ltr'><strong>esse,</strong></span> <span class='ocrx_word' id='word_1_550' title='bbox 3512 2435 3576 2480; x_wconf 90' lang='lat' dir='ltr'><strong>ut</strong></span> <span class='ocrx_word' id='word_1_551' title='bbox 3597 2440 3793 2495; x_wconf 73' lang='lat' dir='ltr'><strong>aquam</strong></span> 
     </span>
    </p>
   </div>
   <div class='ocr_carea' id='block_1_71' title="bbox 2209 2516 3797 2585">
    <p class='ocr_par' dir='ltr' id='par_1_71' title="bbox 2209 2516 3797 2585">
     <span class='ocr_line' id='line_1_71' title="bbox 2209 2516 3797 2585; baseline -0.001 -14"><span class='ocrx_word' id='word_1_552' title='bbox 2209 2525 2263 2571; x_wconf 90' lang='lat' dir='ltr'><strong>et</strong></span> <span class='ocrx_word' id='word_1_553' title='bbox 2292 2531 2414 2571; x_wconf 89' lang='lat' dir='ltr'><strong>esse</strong></span> <span class='ocrx_word' id='word_1_554' title='bbox 2443 2516 2671 2570; x_wconf 84' lang='lat' dir='ltr'><strong>calidam</strong></span> <span class='ocrx_word' id='word_1_555' title='bbox 2712 2528 2767 2570; x_wconf 91' lang='lat' dir='ltr'><strong>et</strong></span> <span class='ocrx_word' id='word_1_556' title='bbox 2810 2532 2917 2571; x_wconf 92' lang='lat' dir='ltr'><strong>non</strong></span> <span class='ocrx_word' id='word_1_557' title='bbox 2962 2532 3084 2572; x_wconf 84' lang='lat' dir='ltr'><strong>esse</strong></span> <span class='ocrx_word' id='word_1_558' title='bbox 3126 2516 3540 2579; x_wconf 84' lang='lat' dir='ltr'><strong>calidam,.fieri</strong></span> <span class='ocrx_word' id='word_1_559' title='bbox 3581 2531 3797 2585; x_wconf 81' lang='lat' dir='ltr'><strong>quoque</strong></span> 
     </span>
    </p>
   </div>
   <div class='ocr_carea' id='block_1_72' title="bbox 2208 2609 3796 2679">
    <p class='ocr_par' dir='ltr' id='par_1_72' title="bbox 2208 2609 3796 2679">
     <span class='ocr_line' id='line_1_72' title="bbox 2208 2609 3796 2679; baseline 0 -17"><span class='ocrx_word' id='word_1_560' title='bbox 2208 2609 2435 2663; x_wconf 85' lang='lat' dir='ltr'><strong>calidam</strong></span> <span class='ocrx_word' id='word_1_561' title='bbox 2460 2622 2511 2663; x_wconf 91' lang='lat' dir='ltr'><strong>et</strong></span> <span class='ocrx_word' id='word_1_562' title='bbox 2542 2624 2646 2663; x_wconf 93' lang='lat' dir='ltr'><strong>non</strong></span> <span class='ocrx_word' id='word_1_563' title='bbox 2677 2609 2811 2664; x_wconf 82' lang='lat' dir='ltr'><strong>fieri.</strong></span> <span class='ocrx_word' id='word_1_564' title='bbox 2842 2609 3109 2678; x_wconf 78' lang='lat' dir='ltr'><strong>Multaque</strong></span> <span class='ocrx_word' id='word_1_565' title='bbox 3140 2612 3293 2663; x_wconf 86' lang='lat' dir='ltr'><strong>nobis</strong></span> <span class='ocrx_word' id='word_1_566' title='bbox 3324 2611 3609 2679; x_wconf 88' lang='lat' dir='ltr'><strong>perspicua</strong></span> <span class='ocrx_word' id='word_1_567' title='bbox 3652 2622 3796 2675; x_wconf 87' lang='lat' dir='ltr'><strong>sunt,</strong></span> 
     </span>
    </p>
   </div>
   <div class='ocr_carea' id='block_1_73' title="bbox 2208 2701 3797 2770">
    <p class='ocr_par' dir='ltr' id='par_1_73' title="bbox 2208 2701 3797 2770">
     <span class='ocr_line' id='line_1_73' title="bbox 2208 2701 3797 2770; baseline 0.001 -16"><span class='ocrx_word' id='word_1_568' title='bbox 2208 2701 2278 2755; x_wconf 86' lang='lat' dir='ltr'><strong>ita</strong></span> <span class='ocrx_word' id='word_1_569' title='bbox 2320 2716 2439 2757; x_wconf 88' lang='lat' dir='ltr'><strong>sese</strong></span> <span class='ocrx_word' id='word_1_570' title='bbox 2469 2702 2751 2767; x_wconf 88' lang='lat' dir='ltr'><strong>habentia,</strong></span> <span class='ocrx_word' id='word_1_571' title='bbox 2787 2710 2843 2756; x_wconf 92' lang='lat' dir='ltr'><strong>ut</strong></span> <span class='ocrx_word' id='word_1_572' title='bbox 2894 2703 2944 2756; x_wconf 89' lang='lat' dir='ltr'><strong>itt</strong></span> <span class='ocrx_word' id='word_1_573' title='bbox 2991 2712 3272 2770; x_wconf 89' lang='lat' dir='ltr'><strong>utramque</strong></span> <span class='ocrx_word' id='word_1_574' title='bbox 3310 2712 3518 2770; x_wconf 81' lang='lat' dir='ltr'><strong>partem</strong></span> <span class='ocrx_word' id='word_1_575' title='bbox 3572 2712 3797 2756; x_wconf 76' lang='lat' dir='ltr'><strong>eventus</strong></span> 
     </span>
    </p>
   </div>
   <div class='ocr_carea' id='block_1_74' title="bbox 2210 2794 3798 2864">
    <p class='ocr_par' dir='ltr' id='par_1_74' title="bbox 2210 2794 3798 2864">
     <span class='ocr_line' id='line_1_74' title="bbox 2210 2794 3798 2864; baseline 0 -16"><span class='ocrx_word' id='word_1_576' title='bbox 2210 2795 2328 2849; x_wconf 90' lang='lat' dir='ltr'><strong>sine</strong></span> <span class='ocrx_word' id='word_1_577' title='bbox 2358 2795 2470 2848; x_wconf 91' lang='lat' dir='ltr'><strong>ullo</strong></span> <span class='ocrx_word' id='word_1_578' title='bbox 2501 2795 2727 2864; x_wconf 83' lang='lat' dir='ltr'><strong>alicujus</strong></span> <span class='ocrx_word' id='word_1_579' title='bbox 2769 2794 2843 2850; x_wconf 91' lang='lat' dir='ltr'><strong>rei</strong></span> <span class='ocrx_word' id='word_1_580' title='bbox 2870 2794 3251 2862; x_wconf 88' lang='lat' dir='ltr'><strong>impedimento</strong></span> <span class='ocrx_word' id='word_1_581' title='bbox 3296 2801 3560 2857; x_wconf 80' lang='lat' dir='ltr'><strong>vertatur,</strong></span> <span class='ocrx_word' id='word_1_582' title='bbox 3602 2804 3668 2846; x_wconf 89' lang='lat' dir='ltr'><strong>ut</strong></span> <span class='ocrx_word' id='word_1_583' title='bbox 3716 2809 3798 2848; x_wconf 84' lang='lat' dir='ltr'><strong>ve-</strong></span> 
     </span>
    </p>
   </div>
   <div class='ocr_carea' id='block_1_75' title="bbox 2211 2883 3799 2956">
    <p class='ocr_par' dir='ltr' id='par_1_75' title="bbox 2211 2883 3799 2956">
     <span class='ocr_line' id='line_1_75' title="bbox 2211 2883 3799 2956; baseline -0.001 -17"><span class='ocrx_word' id='word_1_584' title='bbox 2211 2897 2347 2941; x_wconf 89' lang='lat' dir='ltr'><strong>stem</strong></span> <span class='ocrx_word' id='word_1_585' title='bbox 2386 2902 2544 2956; x_wconf 87' lang='lat' dir='ltr'><strong>quam</strong></span> <span class='ocrx_word' id='word_1_586' title='bbox 2576 2886 2833 2955; x_wconf 83' lang='lat' dir='ltr'><strong>possibile</strong></span> <span class='ocrx_word' id='word_1_587' title='bbox 2872 2883 3192 2954; x_wconf 86' lang='lat' dir='ltr'><strong>estquidem</strong></span> <span class='ocrx_word' id='word_1_588' title='bbox 3217 2886 3409 2947; x_wconf 84' lang='lat' dir='ltr'><strong>secari,</strong></span> <span class='ocrx_word' id='word_1_589' title='bbox 3444 2884 3541 2939; x_wconf 91' lang='lat' dir='ltr'><strong>sed</strong></span> <span class='ocrx_word' id='word_1_590' title='bbox 3568 2884 3799 2938; x_wconf 81' lang='lat' dir='ltr'><strong>fortasse</strong></span> 
     </span>
    </p>
   </div>
   <div class='ocr_carea' id='block_1_76' title="bbox 2212 2976 3798 3047">
    <p class='ocr_par' dir='ltr' id='par_1_76' title="bbox 2212 2976 3798 3047">
     <span class='ocr_line' id='line_1_76' title="bbox 2212 2976 3798 3047; baseline -0.002 -14"><span class='ocrx_word' id='word_1_591' title='bbox 2212 2982 2281 3034; x_wconf 88' lang='lat' dir='ltr'><strong>ita</strong></span> <span class='ocrx_word' id='word_1_592' title='bbox 2315 2980 2599 3047; x_wconf 86' lang='lat' dir='ltr'><strong>contingit,</strong></span> <span class='ocrx_word' id='word_1_593' title='bbox 2633 2988 2688 3032; x_wconf 89' lang='lat' dir='ltr'><strong>ut</strong></span> <span class='ocrx_word' id='word_1_594' title='bbox 2714 2994 2819 3031; x_wconf 94' lang='lat' dir='ltr'><strong>non</strong></span> <span class='ocrx_word' id='word_1_595' title='bbox 2837 2986 2961 3032; x_wconf 88' lang='lat' dir='ltr'><strong>ante</strong></span> <span class='ocrx_word' id='word_1_596' title='bbox 2994 2977 3136 3032; x_wconf 88' lang='lat' dir='ltr'><strong>ferro</strong></span> <span class='ocrx_word' id='word_1_597' title='bbox 3157 2976 3443 3041; x_wconf 78' lang='lat' dir='ltr'><strong>dividatur,</strong></span> <span class='ocrx_word' id='word_1_598' title='bbox 3476 2993 3644 3045; x_wconf 88' lang='lat' dir='ltr'><strong>quam</strong></span> <span class='ocrx_word' id='word_1_599' title='bbox 3683 2992 3798 3030; x_wconf 82' lang='lat' dir='ltr'><strong>eam</strong></span> 
     </span>
    </p>
   </div>
   <div class='ocr_carea' id='block_1_77' title="bbox 2192 3069 3803 3139">
    <p class='ocr_par' dir='ltr' id='par_1_77' title="bbox 2192 3069 3803 3139">
     <span class='ocr_line' id='line_1_77' title="bbox 2192 3069 3803 3139; baseline -0.001 -14"><span class='ocrx_word' id='word_1_600' title='bbox 2192 3081 2417 3125; x_wconf 80' lang='lat' dir='ltr'><strong>exterat</strong></span> <span class='ocrx_word' id='word_1_601' title='bbox 2440 3080 2695 3135; x_wconf 89' lang='lat' dir='ltr'><strong>vetustas,</strong></span> <span class='ocrx_word' id='word_1_602' title='bbox 2723 3078 2778 3124; x_wconf 90' lang='lat' dir='ltr'><strong>ct</strong></span> <span class='ocrx_word' id='word_1_603' title='bbox 2800 3070 2901 3124; x_wconf 88' lang='lat' dir='ltr'><strong>hoc</strong></span> <span class='ocrx_word' id='word_1_604' title='bbox 2923 3070 3037 3123; x_wconf 80' lang='lat' dir='ltr'><strong>fieri</strong></span> <span class='ocrx_word' id='word_1_605' title='bbox 3064 3080 3257 3137; x_wconf 86' lang='lat' dir='ltr'><strong>potest,</strong></span> <span class='ocrx_word' id='word_1_606' title='bbox 3281 3080 3337 3124; x_wconf 89' lang='lat' dir='ltr'><strong>tll</strong></span> <span class='ocrx_word' id='word_1_607' title='bbox 3357 3069 3609 3139; x_wconf 57' lang='lat' dir='ltr'><strong>qua‘libet</strong></span> <span class='ocrx_word' id='word_1_608' title='bbox 3636 3074 3803 3124; x_wconf 77' lang='lat' dir='ltr'><strong>vestis</strong></span> 
     </span>
    </p>
   </div>
   <div class='ocr_carea' id='block_1_78' title="bbox 2130 3143 3804 3230">
    <p class='ocr_par' dir='ltr' id='par_1_78' title="bbox 2130 3143 3804 3230">
     <span class='ocr_line' id='line_1_78' title="bbox 2130 3143 3804 3230; baseline -0.001 -14"><span class='ocrx_word' id='word_1_609' title='bbox 2130 3143 2178 3206; x_wconf 71' lang='grc' dir='ltr'>Ο</span> <span class='ocrx_word' id='word_1_610' title='bbox 2212 3178 2319 3216; x_wconf 91' lang='lat' dir='ltr'><strong>non</strong></span> <span class='ocrx_word' id='word_1_611' title='bbox 2366 3162 2506 3216; x_wconf 87' lang='lat' dir='ltr'><strong>ferro</strong></span> <span class='ocrx_word' id='word_1_612' title='bbox 2552 3163 2729 3230; x_wconf 87' lang='lat' dir='ltr'><strong>potius</strong></span> <span class='ocrx_word' id='word_1_613' title='bbox 2774 3162 3051 3214; x_wconf 86' lang='lat' dir='ltr'><strong>minuatim</strong></span> <span class='ocrx_word' id='word_1_614' title='bbox 3080 3170 3284 3229; x_wconf 88' lang='lat' dir='ltr'><strong>pereat,</strong></span> <span class='ocrx_word' id='word_1_615' title='bbox 3326 3175 3484 3229; x_wconf 88' lang='lat' dir='ltr'><strong>quam</strong></span> <span class='ocrx_word' id='word_1_616' title='bbox 3532 3174 3635 3213; x_wconf 82' lang='lat' dir='ltr'><strong>usu</strong></span> <span class='ocrx_word' id='word_1_617' title='bbox 3684 3160 3804 3226; x_wconf 79' lang='lat' dir='ltr'><strong>ipso</strong></span> 
     </span>
    </p>
   </div>
   <div class='ocr_carea' id='block_1_79' title="bbox 2212 3251 3803 3307">
    <p class='ocr_par' dir='ltr' id='par_1_79' title="bbox 2212 3251 3803 3307">
     <span class='ocr_line' id='line_1_79' title="bbox 2212 3251 3803 3307; baseline -0.001 0"><span class='ocrx_word' id='word_1_618' title='bbox 2212 3263 2513 3307; x_wconf 84' lang='lat' dir='ltr'><strong>exteratur.</strong></span> <span class='ocrx_word' id='word_1_619' title='bbox 2547 3252 2813 3305; x_wconf 85' lang='lat' dir='ltr'><strong>Similiter</strong></span> <span class='ocrx_word' id='word_1_620' title='bbox 2840 3260 3015 3306; x_wconf 90' lang='lat' dir='ltr'><strong>autem</strong></span> <span class='ocrx_word' id='word_1_621' title='bbox 3067 3267 3170 3305; x_wconf 91' lang='lat' dir='ltr'><strong>non</strong></span> <span class='ocrx_word' id='word_1_622' title='bbox 3225 3253 3397 3305; x_wconf 86' lang='lat' dir='ltr'><strong>solum</strong></span> <span class='ocrx_word' id='word_1_623' title='bbox 3447 3265 3568 3305; x_wconf 85' lang='lat' dir='ltr'><strong>eam</strong></span> <span class='ocrx_word' id='word_1_624' title='bbox 3620 3251 3803 3306; x_wconf 79' lang='lat' dir='ltr'><strong>secari</strong></span> 
     </span>
    </p>
   </div>
   <div class='ocr_carea' id='block_1_80' title="bbox 2210 3342 3804 3413">
    <p class='ocr_par' dir='ltr' id='par_1_80' title="bbox 2210 3342 3804 3413">
     <span class='ocr_line' id='line_1_80' title="bbox 2210 3342 3804 3413; baseline 0.001 -16"><span class='ocrx_word' id='word_1_625' title='bbox 2210 3343 2467 3411; x_wconf 84' lang='lat' dir='ltr'><strong>possibile</strong></span> <span class='ocrx_word' id='word_1_626' title='bbox 2490 3353 2590 3409; x_wconf 87' lang='lat' dir='ltr'><strong>est,</strong></span> <span class='ocrx_word' id='word_1_627' title='bbox 2618 3342 2712 3397; x_wconf 90' lang='lat' dir='ltr'><strong>sed</strong></span> <span class='ocrx_word' id='word_1_628' title='bbox 2756 3359 2873 3397; x_wconf 89' lang='lat' dir='ltr'><strong>eam</strong></span> <span class='ocrx_word' id='word_1_629' title='bbox 2902 3345 3049 3412; x_wconf 83' lang='lat' dir='ltr'><strong>prius</strong></span> <span class='ocrx_word' id='word_1_630' title='bbox 3072 3344 3237 3397; x_wconf 76' lang='lat' dir='ltr'><strong>exteri</strong></span> <span class='ocrx_word' id='word_1_631' title='bbox 3276 3359 3435 3413; x_wconf 88' lang='lat' dir='ltr'><strong>quam</strong></span> <span class='ocrx_word' id='word_1_632' title='bbox 3468 3344 3668 3409; x_wconf 83' lang='lat' dir='ltr'><strong>secari,</strong></span> <span class='ocrx_word' id='word_1_633' title='bbox 3698 3357 3804 3398; x_wconf 82' lang='lat' dir='ltr'><strong>non</strong></span> 
     </span>
    </p>
   </div>
   <div class='ocr_carea' id='block_1_81' title="bbox 2210 3434 3806 3505">
    <p class='ocr_par' dir='ltr' id='par_1_81' title="bbox 2210 3434 3806 3505">
     <span class='ocr_line' id='line_1_81' title="bbox 2210 3434 3806 3505; baseline -0.001 -14"><span class='ocrx_word' id='word_1_634' title='bbox 2210 3436 2353 3491; x_wconf 85' lang='lat' dir='ltr'><strong>enim</strong></span> <span class='ocrx_word' id='word_1_635' title='bbox 2405 3444 2546 3489; x_wconf 88' lang='lat' dir='ltr'><strong>esset</strong></span> <span class='ocrx_word' id='word_1_636' title='bbox 2598 3449 2716 3488; x_wconf 89' lang='lat' dir='ltr'><strong>eam</strong></span> <span class='ocrx_word' id='word_1_637' title='bbox 2770 3435 3028 3505; x_wconf 90' lang='lat' dir='ltr'><strong>possibile</strong></span> <span class='ocrx_word' id='word_1_638' title='bbox 3084 3450 3188 3489; x_wconf 93' lang='lat' dir='ltr'><strong>non</strong></span> <span class='ocrx_word' id='word_1_639' title='bbox 3243 3434 3436 3498; x_wconf 89' lang='lat' dir='ltr'><strong>secari,</strong></span> <span class='ocrx_word' id='word_1_640' title='bbox 3484 3436 3588 3488; x_wconf 87' lang='lat' dir='ltr'><strong>nisi</strong></span> <span class='ocrx_word' id='word_1_641' title='bbox 3650 3435 3806 3503; x_wconf 75' lang='lat' dir='ltr'><strong>prius</strong></span> 
     </span>
    </p>
   </div>
   <div class='ocr_carea' id='block_1_82' title="bbox 2211 3526 3804 3595">
    <p class='ocr_par' dir='ltr' id='par_1_82' title="bbox 2211 3526 3804 3595">
     <span class='ocr_line' id='line_1_82' title="bbox 2211 3526 3804 3595; baseline 0 -15"><span class='ocrx_word' id='word_1_642' title='bbox 2211 3526 2467 3595; x_wconf 83' lang='lat' dir='ltr'><strong>possibile</strong></span> <span class='ocrx_word' id='word_1_643' title='bbox 2523 3535 2669 3582; x_wconf 86' lang='lat' dir='ltr'><strong>esset</strong></span> <span class='ocrx_word' id='word_1_644' title='bbox 2717 3527 2909 3583; x_wconf 80' lang='lat' dir='ltr'><strong>exteri.</strong></span> <span class='ocrx_word' id='word_1_645' title='bbox 2962 3526 3093 3581; x_wconf 87' lang='lat' dir='ltr'><strong>Cum</strong></span> <span class='ocrx_word' id='word_1_646' title='bbox 3147 3527 3287 3581; x_wconf 92' lang='lat' dir='ltr'><strong>enim</strong></span> <span class='ocrx_word' id='word_1_647' title='bbox 3342 3526 3642 3591; x_wconf 82' lang='lat' dir='ltr'><strong>exteritur,</strong></span> <span class='ocrx_word' id='word_1_648' title='bbox 3698 3542 3804 3580; x_wconf 91' lang='lat' dir='ltr'><strong>non</strong></span> 
     </span>
    </p>
   </div>
   <div class='ocr_carea' id='block_1_83' title="bbox 2210 3618 3806 3687">
    <p class='ocr_par' dir='ltr' id='par_1_83' title="bbox 2210 3618 3806 3687">
     <span class='ocr_line' id='line_1_83' title="bbox 2210 3618 3806 3687; baseline 0.003 -17"><span class='ocrx_word' id='word_1_649' title='bbox 2210 3626 2447 3682; x_wconf 88' lang='lat' dir='ltr'><strong>secatur,</strong></span> <span class='ocrx_word' id='word_1_650' title='bbox 2495 3619 2596 3671; x_wconf 89' lang='lat' dir='ltr'><strong>hoc</strong></span> <span class='ocrx_word' id='word_1_651' title='bbox 2625 3626 2803 3672; x_wconf 89' lang='lat' dir='ltr'><strong>autem</strong></span> <span class='ocrx_word' id='word_1_652' title='bbox 2838 3618 2890 3670; x_wconf 93' lang='lat' dir='ltr'><strong>in</strong></span> <span class='ocrx_word' id='word_1_653' title='bbox 2933 3618 3127 3687; x_wconf 91' lang='lat' dir='ltr'><strong>quibus</strong></span> <span class='ocrx_word' id='word_1_654' title='bbox 3164 3619 3378 3673; x_wconf 89' lang='lat' dir='ltr'><strong>eveniat</strong></span> <span class='ocrx_word' id='word_1_655' title='bbox 3419 3619 3806 3675; x_wconf 78' lang='lat' dir='ltr'><strong>universaliter</strong></span> 
     </span>
    </p>
   </div>
   <div class='ocr_carea' id='block_1_84' title="bbox 2212 3708 3807 3777">
    <p class='ocr_par' dir='ltr' id='par_1_84' title="bbox 2212 3708 3807 3777">
     <span class='ocr_line' id='line_1_84' title="bbox 2212 3708 3807 3777; baseline 0.003 -16"><span class='ocrx_word' id='word_1_656' title='bbox 2212 3717 2494 3762; x_wconf 90' lang='lat' dir='ltr'><strong>monstrat.</strong></span> <span class='ocrx_word' id='word_1_657' title='bbox 2548 3708 2741 3763; x_wconf 82' lang='lat' dir='ltr'><strong>Evenit</strong></span> <span class='ocrx_word' id='word_1_658' title='bbox 2784 3708 2897 3771; x_wconf 68' lang='lat' dir='ltr'><strong>hoc</strong></span> <span class='ocrx_word' id='word_1_659' title='bbox 2942 3709 3125 3772; x_wconf 90' lang='lat' dir='ltr'><strong>enim,</strong></span> <span class='ocrx_word' id='word_1_660' title='bbox 3180 3708 3385 3777; x_wconf 88' lang='lat' dir='ltr'><strong>inquit,</strong></span> <span class='ocrx_word' id='word_1_661' title='bbox 3443 3709 3494 3762; x_wconf 91' lang='lat' dir='ltr'><strong>in</strong></span> <span class='ocrx_word' id='word_1_662' title='bbox 3552 3708 3807 3765; x_wconf 77' lang='lat' dir='ltr'><strong>factoris.</strong></span> 
     </span>
    </p>
   </div>
   <div class='ocr_carea' id='block_1_85' title="bbox 2214 3798 3804 3871">
    <p class='ocr_par' dir='ltr' id='par_1_85' title="bbox 2214 3798 3804 3871">
     <span class='ocr_line' id='line_1_85' title="bbox 2214 3798 3804 3871; baseline 0.001 -18"><span class='ocrx_word' id='word_1_663' title='bbox 2214 3799 2457 3854; x_wconf 71' lang='lat' dir='ltr'><strong>Factura:</strong></span> <span class='ocrx_word' id='word_1_664' title='bbox 2489 3807 2666 3853; x_wconf 89' lang='lat' dir='ltr'><strong>autem</strong></span> <span class='ocrx_word' id='word_1_665' title='bbox 2699 3808 2844 3863; x_wconf 89' lang='lat' dir='ltr'><strong>sunt,</strong></span> <span class='ocrx_word' id='word_1_666' title='bbox 2878 3798 2935 3871; x_wconf 35' lang='lat' dir='ltr'><strong>in.</strong></span> <span class='ocrx_word' id='word_1_667' title='bbox 2958 3798 3363 3867; x_wconf 88' lang='lat' dir='ltr'><strong>quibuscunque</strong></span> <span class='ocrx_word' id='word_1_668' title='bbox 3403 3801 3693 3869; x_wconf 78' lang='lat' dir='ltr'><strong>generatio</strong></span> <span class='ocrx_word' id='word_1_669' title='bbox 3724 3812 3804 3854; x_wconf 77' lang='grc' dir='ltr'><strong>εει</strong></span> 
     </span>
    </p>
   </div>
   <div class='ocr_carea' id='block_1_86' title="bbox 2211 3892 3799 3963">
    <p class='ocr_par' dir='ltr' id='par_1_86' title="bbox 2211 3892 3799 3963">
     <span class='ocr_line' id='line_1_86' title="bbox 2211 3892 3799 3963; baseline 0.002 -16"><span class='ocrx_word' id='word_1_670' title='bbox 2211 3902 2373 3962; x_wconf 89' lang='lat' dir='ltr'><strong>atque</strong></span> <span class='ocrx_word' id='word_1_671' title='bbox 2395 3894 2687 3960; x_wconf 90' lang='lat' dir='ltr'><strong>corruptio.</strong></span> <span class='ocrx_word' id='word_1_672' title='bbox 2716 3892 2839 3947; x_wconf 83' lang='lat' dir='ltr'><strong>Sive</strong></span> <span class='ocrx_word' id='word_1_673' title='bbox 2860 3894 3000 3947; x_wconf 90' lang='lat' dir='ltr'><strong>enim</strong></span> <span class='ocrx_word' id='word_1_674' title='bbox 3024 3893 3165 3963; x_wconf 88' lang='lat' dir='ltr'><strong>quod</strong></span> <span class='ocrx_word' id='word_1_675' title='bbox 3190 3904 3373 3947; x_wconf 87' lang='lat' dir='ltr'><strong>natura</strong></span> <span class='ocrx_word' id='word_1_676' title='bbox 3399 3893 3487 3947; x_wconf 80' lang='lat' dir='ltr'><strong>ﬁat</strong></span> <span class='ocrx_word' id='word_1_677' title='bbox 3516 3896 3634 3949; x_wconf 87' lang='lat' dir='ltr'><strong>sive</strong></span> <span class='ocrx_word' id='word_1_678' title='bbox 3656 3906 3799 3961; x_wconf 84' lang='lat' dir='ltr'><strong>arte,</strong></span> 
     </span>
    </p>
   </div>
   <div class='ocr_carea' id='block_1_87' title="bbox 2212 3980 3806 4054">
    <p class='ocr_par' dir='ltr' id='par_1_87' title="bbox 2212 3980 3806 4054">
     <span class='ocr_line' id='line_1_87' title="bbox 2212 3980 3806 4054; baseline 0.004 -18"><span class='ocrx_word' id='word_1_679' title='bbox 2212 3983 2265 4036; x_wconf 92' lang='lat' dir='ltr'><strong>in</strong></span> <span class='ocrx_word' id='word_1_680' title='bbox 2300 3982 2382 4035; x_wconf 87' lang='lat' dir='ltr'><strong>his</strong></span> <span class='ocrx_word' id='word_1_681' title='bbox 2413 3996 2443 4035; x_wconf 88' lang='lat' dir='ltr'><strong>a</strong></span> <span class='ocrx_word' id='word_1_682' title='bbox 2472 3980 2719 4036; x_wconf 89' lang='lat' dir='ltr'><strong>faciendo</strong></span> <span class='ocrx_word' id='word_1_683' title='bbox 2749 3984 3002 4036; x_wconf 82' lang='lat' dir='ltr'><strong>facturam</strong></span> <span class='ocrx_word' id='word_1_684' title='bbox 3034 3984 3187 4037; x_wconf 74' lang='lat' dir='ltr'><strong>dixit.</strong></span> <span class='ocrx_word' id='word_1_685' title='bbox 3223 3983 3278 4037; x_wconf 93' lang='lat' dir='ltr'><strong>In</strong></span> <span class='ocrx_word' id='word_1_686' title='bbox 3309 3984 3391 4038; x_wconf 91' lang='lat' dir='ltr'><strong>his</strong></span> <span class='ocrx_word' id='word_1_687' title='bbox 3416 4000 3546 4054; x_wconf 87' lang='lat' dir='ltr'><strong>ergo</strong></span> <span class='ocrx_word' id='word_1_688' title='bbox 3581 3988 3806 4042; x_wconf 73' lang='lat' dir='ltr'><strong>iacturis</strong></span> 
     </span>
    </p>
   </div>
   <div class='ocr_carea' id='block_1_88' title="bbox 2213 4073 3807 4147">
    <p class='ocr_par' dir='ltr' id='par_1_88' title="bbox 2213 4073 3807 4147">
     <span class='ocr_line' id='line_1_88' title="bbox 2213 4073 3807 4147; baseline 0.004 -20"><span class='ocrx_word' id='word_1_689' title='bbox 2213 4074 2313 4128; x_wconf 90' lang='lat' dir='ltr'><strong>alia</strong></span> <span class='ocrx_word' id='word_1_690' title='bbox 2354 4073 2565 4142; x_wconf 88' lang='lat' dir='ltr'><strong>quidem</strong></span> <span class='ocrx_word' id='word_1_691' title='bbox 2601 4084 2861 4141; x_wconf 83' lang='lat' dir='ltr'><strong>potestate</strong></span> <span class='ocrx_word' id='word_1_692' title='bbox 2891 4088 3034 4139; x_wconf 88' lang='lat' dir='ltr'><strong>sunt,</strong></span> <span class='ocrx_word' id='word_1_693' title='bbox 3057 4077 3161 4130; x_wconf 90' lang='lat' dir='ltr'><strong>alia</strong></span> <span class='ocrx_word' id='word_1_694' title='bbox 3183 4087 3334 4142; x_wconf 90' lang='lat' dir='ltr'><strong>actu,</strong></span> <span class='ocrx_word' id='word_1_695' title='bbox 3364 4087 3422 4131; x_wconf 89' lang='lat' dir='ltr'><strong>ut</strong></span> <span class='ocrx_word' id='word_1_696' title='bbox 3447 4093 3586 4147; x_wconf 90' lang='lat' dir='ltr'><strong>aqua</strong></span> <span class='ocrx_word' id='word_1_697' title='bbox 3622 4082 3807 4134; x_wconf 65' lang='lat' dir='ltr'><strong>calida</strong></span> 
     </span>
    </p>
   </div>
   <div class='ocr_carea' id='block_1_89' title="bbox 2215 4165 3811 4238">
    <p class='ocr_par' dir='ltr' id='par_1_89' title="bbox 2215 4165 3811 4238">
     <span class='ocr_line' id='line_1_89' title="bbox 2215 4165 3811 4238; baseline 0.004 -19"><span class='ocrx_word' id='word_1_698' title='bbox 2215 4167 2432 4234; x_wconf 90' lang='lat' dir='ltr'><strong>quidem</strong></span> <span class='ocrx_word' id='word_1_699' title='bbox 2474 4176 2556 4221; x_wconf 87' lang='lat' dir='ltr'><strong>est</strong></span> <span class='ocrx_word' id='word_1_700' title='bbox 2598 4165 2969 4235; x_wconf 86' lang='lat' dir='ltr'><strong>possibilitate.</strong></span> <span class='ocrx_word' id='word_1_701' title='bbox 3016 4168 3197 4222; x_wconf 87' lang='lat' dir='ltr'><strong>Potest</strong></span> <span class='ocrx_word' id='word_1_702' title='bbox 3235 4171 3378 4223; x_wconf 90' lang='lat' dir='ltr'><strong>enim</strong></span> <span class='ocrx_word' id='word_1_703' title='bbox 3429 4170 3543 4225; x_wconf 80' lang='lat' dir='ltr'><strong>fieri</strong></span> <span class='ocrx_word' id='word_1_704' title='bbox 3587 4172 3811 4238; x_wconf 81' lang='lat' dir='ltr'><strong>calida,</strong></span> 
     </span>
    </p>
   </div>
   <div class='ocr_carea' id='block_1_90' title="bbox 2216 4260 3812 4332">
    <p class='ocr_par' dir='ltr' id='par_1_90' title="bbox 2216 4260 3812 4332">
     <span class='ocr_line' id='line_1_90' title="bbox 2216 4260 3812 4332; baseline 0.004 -19"><span class='ocrx_word' id='word_1_705' title='bbox 2216 4260 2404 4328; x_wconf 88' lang='lat' dir='ltr'><strong>frigida</strong></span> <span class='ocrx_word' id='word_1_706' title='bbox 2458 4275 2586 4315; x_wconf 90' lang='lat' dir='ltr'><strong>vero</strong></span> <span class='ocrx_word' id='word_1_707' title='bbox 2632 4270 2751 4314; x_wconf 90' lang='lat' dir='ltr'><strong>actu</strong></span> <span class='ocrx_word' id='word_1_708' title='bbox 2800 4271 2902 4314; x_wconf 90' lang='lat' dir='ltr'><strong>est.</strong></span> <span class='ocrx_word' id='word_1_709' title='bbox 2956 4261 3051 4315; x_wconf 87' lang='lat' dir='ltr'><strong>Est</strong></span> <span class='ocrx_word' id='word_1_710' title='bbox 3086 4262 3227 4315; x_wconf 90' lang='lat' dir='ltr'><strong>enim</strong></span> <span class='ocrx_word' id='word_1_711' title='bbox 3279 4261 3467 4332; x_wconf 89' lang='lat' dir='ltr'><strong>frigida</strong></span> <span class='ocrx_word' id='word_1_712' title='bbox 3500 4274 3663 4328; x_wconf 82' lang='lat' dir='ltr'><strong>actu,</strong></span> <span class='ocrx_word' id='word_1_713' title='bbox 3711 4264 3812 4319; x_wconf 80' lang='lat' dir='ltr'><strong>hoc</strong></span> 
     </span>
    </p>
   </div>
   <div class='ocr_carea' id='block_1_91' title="bbox 2214 4352 3812 4421">
    <p class='ocr_par' dir='ltr' id='par_1_91' title="bbox 2214 4352 3812 4421">
     <span class='ocr_line' id='line_1_91' title="bbox 2214 4352 3812 4421; baseline 0.003 -16"><span class='ocrx_word' id='word_1_714' title='bbox 2214 4362 2390 4405; x_wconf 86' lang='lat' dir='ltr'><strong>autem</strong></span> <span class='ocrx_word' id='word_1_715' title='bbox 2420 4362 2539 4405; x_wconf 92' lang='lat' dir='ltr'><strong>actu</strong></span> <span class='ocrx_word' id='word_1_716' title='bbox 2572 4362 2625 4406; x_wconf 86' lang='lat' dir='ltr'><strong>et</strong></span> <span class='ocrx_word' id='word_1_717' title='bbox 2653 4360 2914 4421; x_wconf 86' lang='lat' dir='ltr'><strong>potestate</strong></span> <span class='ocrx_word' id='word_1_718' title='bbox 2943 4352 3056 4406; x_wconf 81' lang='lat' dir='ltr'><strong>fieri</strong></span> <span class='ocrx_word' id='word_1_719' title='bbox 3093 4367 3156 4406; x_wconf 78' lang='lat' dir='ltr'><strong>ex</strong></span> <span class='ocrx_word' id='word_1_720' title='bbox 3188 4353 3404 4408; x_wconf 88' lang='lat' dir='ltr'><strong>materia</strong></span> <span class='ocrx_word' id='word_1_721' title='bbox 3446 4356 3613 4407; x_wconf 88' lang='lat' dir='ltr'><strong>venit.</strong></span> <span class='ocrx_word' id='word_1_722' title='bbox 3672 4355 3812 4409; x_wconf 79' lang='lat' dir='ltr'><strong>Nam</strong></span> 
     </span>
    </p>
   </div>
   <div class='ocr_carea' id='block_1_92' title="bbox 2216 4424 3811 4513">
    <p class='ocr_par' dir='ltr' id='par_1_92' title="bbox 2216 4424 3811 4513">
     <span class='ocr_line' id='line_1_92' title="bbox 2216 4424 3811 4513; baseline 0.003 -16"><span class='ocrx_word' id='word_1_723' title='bbox 2216 4460 2335 4497; x_wconf 92' lang='lat' dir='ltr'><strong>cum</strong></span> <span class='ocrx_word' id='word_1_724' title='bbox 2361 4445 2431 4497; x_wconf 90' lang='lat' dir='ltr'><strong>sit</strong></span> <span class='ocrx_word' id='word_1_725' title='bbox 2470 4424 2690 4497; x_wconf 75' lang='lat' dir='ltr'><strong>materia</strong></span> <span class='ocrx_word' id='word_1_726' title='bbox 2720 4444 3114 4498; x_wconf 83' lang='lat' dir='ltr'><strong>contrarietatis</strong></span> <span class='ocrx_word' id='word_1_727' title='bbox 3157 4447 3454 4511; x_wconf 82' lang='lat' dir='ltr'><strong>susceptrix</strong></span> <span class='ocrx_word' id='word_1_728' title='bbox 3479 4485 3492 4507; x_wconf 88' lang='lat'><strong>,</strong></span> <span class='ocrx_word' id='word_1_729' title='bbox 3521 4455 3577 4498; x_wconf 89' lang='lat' dir='ltr'><strong>et</strong></span> <span class='ocrx_word' id='word_1_730' title='bbox 3603 4446 3729 4513; x_wconf 73' lang='lat' dir='ltr'><strong>ipsa</strong></span> <span class='ocrx_word' id='word_1_731' title='bbox 3762 4448 3811 4501; x_wconf 88' lang='lat' dir='ltr'><strong>in</strong></span> 
     </span>
    </p>
   </div>
   <div class='ocr_carea' id='block_1_93' title="bbox 537 4520 3809 4608">
    <p class='ocr_par' dir='ltr' id='par_1_93' title="bbox 537 4520 3809 4608">
     <span class='ocr_line' id='line_1_93' title="bbox 537 4520 3809 4608; baseline 0 -21"><span class='ocrx_word' id='word_1_732' title='bbox 537 4538 600 4587; x_wconf 91' lang='lat' dir='ltr'><strong>ad</strong></span> <span class='ocrx_word' id='word_1_733' title='bbox 630 4535 893 4587; x_wconf 79' lang='lat' dir='ltr'><strong>contraria</strong></span> <span class='ocrx_word' id='word_1_734' title='bbox 936 4537 1307 4606; x_wconf 78' lang='lat' dir='ltr'><strong>cognationem</strong></span> <span class='ocrx_word' id='word_1_735' title='bbox 1334 4578 1347 4599; x_wconf 91' lang='lat'><strong>,</strong></span> <span class='ocrx_word' id='word_1_736' title='bbox 1384 4545 1439 4589; x_wconf 93' lang='lat' dir='ltr'><strong>ut</strong></span> <span class='ocrx_word' id='word_1_737' title='bbox 1468 4537 1586 4600; x_wconf 84' lang='lat' dir='ltr'><strong>nix,</strong></span> <span class='ocrx_word' id='word_1_738' title='bbox 1612 4539 1862 4605; x_wconf 88' lang='lat' dir='ltr'><strong>quoniam</strong></span> <span class='ocrx_word' id='word_1_739' title='bbox 1896 4554 2112 4608; x_wconf 91' lang='lat' dir='ltr'><strong>semper</strong></span> <span class='ocrx_word' id='word_1_740' title='bbox 2138 4520 2193 4579; x_wconf 84' lang='grc' dir='ltr'>Ῑ)</span> <span class='ocrx_word' id='word_1_741' title='bbox 2219 4550 2279 4589; x_wconf 87' lang='grc' dir='ltr'><strong>εε</strong></span> <span class='ocrx_word' id='word_1_742' title='bbox 2313 4535 2590 4601; x_wconf 89' lang='lat' dir='ltr'><strong>utriusque</strong></span> <span class='ocrx_word' id='word_1_743' title='bbox 2640 4535 3033 4588; x_wconf 89' lang='lat' dir='ltr'><strong>contrarietatis</strong></span> <span class='ocrx_word' id='word_1_744' title='bbox 3074 4534 3265 4589; x_wconf 83' lang='lat' dir='ltr'><strong>habeat</strong></span> <span class='ocrx_word' id='word_1_745' title='bbox 3305 4537 3722 4603; x_wconf 78' lang='lat' dir='ltr'><strong>cognationem,</strong></span> <span class='ocrx_word' id='word_1_746' title='bbox 3766 4542 3809 4594; x_wconf 78' lang='lat' dir='ltr'><strong>si</strong></span> 
     </span>
    </p>
   </div>
   <div class='ocr_carea' id='block_1_94' title="bbox 482 4626 2109 4703">
    <p class='ocr_par' dir='ltr' id='par_1_94' title="bbox 482 4626 2109 4703">
     <span class='ocr_line' id='line_1_94' title="bbox 482 4626 2109 4703; baseline 0.005 -23"><span class='ocrx_word' id='word_1_747' title='bbox 482 4644 491 4654; x_wconf 67' lang='grc' dir='ltr'><strong><em>ο</em></strong></span> <span class='ocrx_word' id='word_1_748' title='bbox 535 4636 616 4680; x_wconf 83' lang='grc' dir='ltr'><strong>εει</strong></span> <span class='ocrx_word' id='word_1_749' title='bbox 642 4626 851 4695; x_wconf 87' lang='lat' dir='ltr'><strong>frigida,</strong></span> <span class='ocrx_word' id='word_1_750' title='bbox 884 4643 1152 4697; x_wconf 87' lang='lat' dir='ltr'><strong>nunquam</strong></span> <span class='ocrx_word' id='word_1_751' title='bbox 1176 4630 1340 4682; x_wconf 86' lang='lat' dir='ltr'><strong>calori</strong></span> <span class='ocrx_word' id='word_1_752' title='bbox 1366 4630 1648 4697; x_wconf 78' lang='lat' dir='ltr'><strong>conjuncta</strong></span> <span class='ocrx_word' id='word_1_753' title='bbox 1676 4640 1778 4685; x_wconf 87' lang='lat' dir='ltr'><strong>est.</strong></span> <span class='ocrx_word' id='word_1_754' title='bbox 1809 4631 1946 4701; x_wconf 88' lang='lat' dir='ltr'><strong>lgnis</strong></span> <span class='ocrx_word' id='word_1_755' title='bbox 1977 4649 2109 4703; x_wconf 89' lang='lat' dir='ltr'><strong>quo-</strong></span> 
     </span>
    </p>
   </div>
   <div class='ocr_carea' id='block_1_95' title="bbox 536 4719 2107 4792">
    <p class='ocr_par' dir='ltr' id='par_1_95' title="bbox 536 4719 2107 4792">
     <span class='ocr_line' id='line_1_95' title="bbox 536 4719 2107 4792; baseline 0.005 -21"><span class='ocrx_word' id='word_1_756' title='bbox 536 4734 639 4787; x_wconf 75' lang='lat' dir='ltr'><strong>quc</strong></span> <span class='ocrx_word' id='word_1_757' title='bbox 670 4734 938 4787; x_wconf 80' lang='lat' dir='ltr'><strong>nunquam</strong></span> <span class='ocrx_word' id='word_1_758' title='bbox 988 4719 1166 4789; x_wconf 80' lang='lat' dir='ltr'><strong>frigori</strong></span> <span class='ocrx_word' id='word_1_759' title='bbox 1199 4730 1452 4789; x_wconf 88' lang='lat' dir='ltr'><strong>cognatus</strong></span> <span class='ocrx_word' id='word_1_760' title='bbox 1482 4732 1586 4775; x_wconf 87' lang='lat' dir='ltr'><strong>est.</strong></span> <span class='ocrx_word' id='word_1_761' title='bbox 1628 4722 1828 4777; x_wconf 88' lang='lat' dir='ltr'><strong>Idcirco</strong></span> <span class='ocrx_word' id='word_1_762' title='bbox 1859 4726 2107 4792; x_wconf 85' lang='lat' dir='ltr'><strong>quoniam</strong></span> 
     </span>
    </p>
   </div>
   <div class='ocr_carea' id='block_1_96' title="bbox 534 4811 2107 4880">
    <p class='ocr_par' dir='ltr' id='par_1_96' title="bbox 534 4811 2107 4880">
     <span class='ocr_line' id='line_1_96' title="bbox 534 4811 2107 4880; baseline 0.005 -17"><span class='ocrx_word' id='word_1_763' title='bbox 534 4823 750 4878; x_wconf 83' lang='lat' dir='ltr'><strong>semper</strong></span> <span class='ocrx_word' id='word_1_764' title='bbox 778 4812 826 4863; x_wconf 91' lang='lat' dir='ltr'><strong>in</strong></span> <span class='ocrx_word' id='word_1_765' title='bbox 876 4811 1089 4880; x_wconf 87' lang='lat' dir='ltr'><strong>frigoris</strong></span> <span class='ocrx_word' id='word_1_766' title='bbox 1137 4812 1519 4866; x_wconf 86' lang='lat' dir='ltr'><strong>contrarietate</strong></span> <span class='ocrx_word' id='word_1_767' title='bbox 1548 4824 1809 4880; x_wconf 88' lang='lat' dir='ltr'><strong>versatur,</strong></span> <span class='ocrx_word' id='word_1_768' title='bbox 1848 4816 1896 4869; x_wconf 91' lang='lat' dir='ltr'><strong>id</strong></span> <span class='ocrx_word' id='word_1_769' title='bbox 1941 4827 2022 4870; x_wconf 86' lang='lat' dir='ltr'><strong>est</strong></span> <span class='ocrx_word' id='word_1_770' title='bbox 2054 4817 2107 4870; x_wconf 93' lang='lat' dir='ltr'><strong>in</strong></span> 
     </span>
    </p>
   </div>
   <div class='ocr_carea' id='block_1_97' title="bbox 532 4900 2108 4973">
    <p class='ocr_par' dir='ltr' id='par_1_97' title="bbox 532 4900 2108 4973">
     <span class='ocr_line' id='line_1_97' title="bbox 532 4900 2108 4973; baseline 0.005 -20"><span class='ocrx_word' id='word_1_771' title='bbox 532 4901 734 4954; x_wconf 90' lang='lat' dir='ltr'><strong>calore.</strong></span> <span class='ocrx_word' id='word_1_772' title='bbox 788 4900 927 4969; x_wconf 71' lang='lat' dir='ltr'><strong>Ergo</strong></span> <span class='ocrx_word' id='word_1_773' title='bbox 977 4902 1155 4955; x_wconf 90' lang='lat' dir='ltr'><strong>omnia</strong></span> <span class='ocrx_word' id='word_1_774' title='bbox 1216 4917 1543 4971; x_wconf 79' lang='lat' dir='ltr'><strong>quaecunque</strong></span> <span class='ocrx_word' id='word_1_775' title='bbox 1594 4913 1719 4957; x_wconf 84' lang='lat' dir='ltr'><strong>sunt</strong></span> <span class='ocrx_word' id='word_1_776' title='bbox 1772 4907 2108 4973; x_wconf 89' lang='lat' dir='ltr'><strong>necessaria,</strong></span> 
     </span>
    </p>
   </div>
   <div class='ocr_carea' id='block_1_98' title="bbox 535 4992 2107 5066">
    <p class='ocr_par' dir='ltr' id='par_1_98' title="bbox 535 4992 2107 5066">
     <span class='ocr_line' id='line_1_98' title="bbox 535 4992 2107 5066; baseline 0.004 -20"><span class='ocrx_word' id='word_1_777' title='bbox 535 4992 735 5046; x_wconf 91' lang='lat' dir='ltr'><strong>nullam</strong></span> <span class='ocrx_word' id='word_1_778' title='bbox 766 4993 831 5045; x_wconf 89' lang='lat' dir='ltr'><strong>ad</strong></span> <span class='ocrx_word' id='word_1_779' title='bbox 857 4994 1180 5047; x_wconf 87' lang='lat' dir='ltr'><strong>contrariam</strong></span> <span class='ocrx_word' id='word_1_780' title='bbox 1204 4995 1723 5063; x_wconf 17' lang='lat' dir='ltr'><strong>qualitatem,vquam</strong></span> <span class='ocrx_word' id='word_1_781' title='bbox 1757 4997 1867 5066; x_wconf 88' lang='lat' dir='ltr'><strong>ipsa</strong></span> <span class='ocrx_word' id='word_1_782' title='bbox 1890 4999 2107 5063; x_wconf 86' lang='lat' dir='ltr'><strong>retinet,</strong></span> 
     </span>
    </p>
   </div>
   <div class='ocr_carea' id='block_1_99' title="bbox 535 5086 2107 5158">
    <p class='ocr_par' dir='ltr' id='par_1_99' title="bbox 535 5086 2107 5158">
     <span class='ocr_line' id='line_1_99' title="bbox 535 5086 2107 5158; baseline 0.006 -23"><span class='ocrx_word' id='word_1_783' title='bbox 535 5086 733 5139; x_wconf 88' lang='lat' dir='ltr'><strong>habent</strong></span> <span class='ocrx_word' id='word_1_784' title='bbox 782 5087 1175 5153; x_wconf 83' lang='lat' dir='ltr'><strong>cognationem.</strong></span> <span class='ocrx_word' id='word_1_785' title='bbox 1219 5087 1372 5151; x_wconf 85' lang='lat' dir='ltr'><strong>Quod</strong></span> <span class='ocrx_word' id='word_1_786' title='bbox 1424 5089 1467 5141; x_wconf 88' lang='lat' dir='ltr'><strong>si</strong></span> <span class='ocrx_word' id='word_1_787' title='bbox 1524 5103 1682 5155; x_wconf 90' lang='lat' dir='ltr'><strong>quam</strong></span> <span class='ocrx_word' id='word_1_788' title='bbox 1735 5091 2107 5158; x_wconf 82' lang='lat' dir='ltr'><strong>cognationem</strong></span> 
     </span>
    </p>
   </div>
   <div class='ocr_carea' id='block_1_100' title="bbox 536 5177 2105 5252">
    <p class='ocr_par' dir='ltr' id='par_1_100' title="bbox 536 5177 2105 5252">
     <span class='ocr_line' id='line_1_100' title="bbox 536 5177 2105 5252; baseline 0.006 -23"><span class='ocrx_word' id='word_1_789' title='bbox 536 5177 756 5231; x_wconf 86' lang='lat' dir='ltr'><strong>haberet</strong></span> <span class='ocrx_word' id='word_1_790' title='bbox 801 5177 936 5246; x_wconf 84' lang='lat' dir='ltr'><strong>ignis</strong></span> <span class='ocrx_word' id='word_1_791' title='bbox 982 5177 1046 5231; x_wconf 90' lang='lat' dir='ltr'><strong>ad</strong></span> <span class='ocrx_word' id='word_1_792' title='bbox 1081 5178 1270 5247; x_wconf 78' lang='lat' dir='ltr'><strong>frigus,</strong></span> <span class='ocrx_word' id='word_1_793' title='bbox 1299 5179 1493 5234; x_wconf 86' lang='lat' dir='ltr'><strong>frustra</strong></span> <span class='ocrx_word' id='word_1_794' title='bbox 1524 5190 1669 5235; x_wconf 84' lang='lat' dir='ltr'><strong>esset</strong></span> <span class='ocrx_word' id='word_1_795' title='bbox 1706 5182 1794 5235; x_wconf 87' lang='lat' dir='ltr'><strong>illa</strong></span> <span class='ocrx_word' id='word_1_796' title='bbox 1822 5186 2105 5252; x_wconf 84' lang='lat' dir='ltr'><strong>cognatio,</strong></span> 
     </span>
    </p>
   </div>
   <div class='ocr_carea' id='block_1_101' title="bbox 535 5270 2107 5339">
    <p class='ocr_par' dir='ltr' id='par_1_101' title="bbox 535 5270 2107 5339">
     <span class='ocr_line' id='line_1_101' title="bbox 535 5270 2107 5339; baseline 0.004 -17"><span class='ocrx_word' id='word_1_797' title='bbox 535 5284 804 5339; x_wconf 83' lang='lat' dir='ltr'><strong>nunquam</strong></span> <span class='ocrx_word' id='word_1_798' title='bbox 829 5270 935 5337; x_wconf 88' lang='lat' dir='ltr'><strong>igni</strong></span> <span class='ocrx_word' id='word_1_799' title='bbox 958 5284 1017 5323; x_wconf 90' lang='lat' dir='ltr'><strong>se</strong></span> <span class='ocrx_word' id='word_1_800' title='bbox 1059 5271 1110 5322; x_wconf 93' lang='lat' dir='ltr'><strong>in</strong></span> <span class='ocrx_word' id='word_1_801' title='bbox 1146 5270 1356 5338; x_wconf 86' lang='lat' dir='ltr'><strong>frigoris</strong></span> <span class='ocrx_word' id='word_1_802' title='bbox 1382 5271 1692 5339; x_wconf 90' lang='lat' dir='ltr'><strong>qualitatem</strong></span> <span class='ocrx_word' id='word_1_803' title='bbox 1724 5282 1986 5338; x_wconf 89' lang='lat' dir='ltr'><strong>vertente,</strong></span> <span class='ocrx_word' id='word_1_804' title='bbox 2015 5276 2107 5329; x_wconf 89' lang='lat' dir='ltr'><strong>sed</strong></span> 
     </span>
    </p>
   </div>
   <div class='ocr_carea' id='block_1_102' title="bbox 536 5362 2105 5430">
    <p class='ocr_par' dir='ltr' id='par_1_102' title="bbox 536 5362 2105 5430">
     <span class='ocr_line' id='line_1_102' title="bbox 536 5362 2105 5430; baseline 0.004 -17"><span class='ocrx_word' id='word_1_805' title='bbox 536 5362 781 5414; x_wconf 91' lang='lat' dir='ltr'><strong>novimus</strong></span> <span class='ocrx_word' id='word_1_806' title='bbox 814 5362 943 5414; x_wconf 90' lang='lat' dir='ltr'><strong>nihil</strong></span> <span class='ocrx_word' id='word_1_807' title='bbox 989 5364 1261 5430; x_wconf 72' lang='lat' dir='ltr'><strong>[imprium</strong></span> <span class='ocrx_word' id='word_1_808' title='bbox 1297 5372 1475 5415; x_wconf 88' lang='lat' dir='ltr'><strong>natum</strong></span> <span class='ocrx_word' id='word_1_809' title='bbox 1509 5363 1698 5417; x_wconf 85' lang='lat' dir='ltr'><strong>frustra</strong></span> <span class='ocrx_word' id='word_1_810' title='bbox 1742 5374 1985 5419; x_wconf 82' lang='lat' dir='ltr'><strong>naturam</strong></span> <span class='ocrx_word' id='word_1_811' title='bbox 2014 5382 2105 5420; x_wconf 82' lang='lat' dir='ltr'><strong>so-</strong></span> 
     </span>
    </p>
   </div>
   <div class='ocr_carea' id='block_1_103' title="bbox 536 5452 2108 5526">
    <p class='ocr_par' dir='ltr' id='par_1_103' title="bbox 536 5452 2108 5526">
     <span class='ocr_line' id='line_1_103' title="bbox 536 5452 2108 5526; baseline 0.004 -20"><span class='ocrx_word' id='word_1_812' title='bbox 536 5453 646 5507; x_wconf 87' lang='lat' dir='ltr'><strong>lere</strong></span> <span class='ocrx_word' id='word_1_813' title='bbox 679 5452 957 5521; x_wconf 86' lang='lat' dir='ltr'><strong>perficere.</strong></span> <span class='ocrx_word' id='word_1_814' title='bbox 995 5453 1135 5522; x_wconf 87' lang='lat' dir='ltr'><strong>Ergo</strong></span> <span class='ocrx_word' id='word_1_815' title='bbox 1165 5454 1250 5507; x_wconf 85' lang='lat' dir='ltr'><strong>illa</strong></span> <span class='ocrx_word' id='word_1_816' title='bbox 1283 5452 1407 5509; x_wconf 88' lang='lat' dir='ltr'><strong>sunt</strong></span> <span class='ocrx_word' id='word_1_817' title='bbox 1435 5455 1601 5523; x_wconf 88' lang='lat' dir='ltr'><strong>posita</strong></span> <span class='ocrx_word' id='word_1_818' title='bbox 1634 5458 1931 5510; x_wconf 87' lang='lat' dir='ltr'><strong>necessaria</strong></span> <span class='ocrx_word' id='word_1_819' title='bbox 1963 5473 2108 5526; x_wconf 69' lang='lat' dir='ltr'><strong>qut!!-</strong></span> 
     </span>
    </p>
   </div>
   <div class='ocr_carea' id='block_1_104' title="bbox 533 5543 2105 5615">
    <p class='ocr_par' dir='ltr' id='par_1_104' title="bbox 533 5543 2105 5615">
     <span class='ocr_line' id='line_1_104' title="bbox 533 5543 2105 5615; baseline 0.001 -18"><span class='ocrx_word' id='word_1_820' title='bbox 533 5557 743 5613; x_wconf 84' lang='lat' dir='ltr'><strong>cuuque</strong></span> <span class='ocrx_word' id='word_1_821' title='bbox 783 5543 848 5596; x_wconf 91' lang='lat' dir='ltr'><strong>ad</strong></span> <span class='ocrx_word' id='word_1_822' title='bbox 892 5547 1160 5599; x_wconf 85' lang='lat' dir='ltr'><strong>contraria</strong></span> <span class='ocrx_word' id='word_1_823' title='bbox 1216 5545 1412 5599; x_wconf 86' lang='lat' dir='ltr'><strong>nullam</strong></span> <span class='ocrx_word' id='word_1_824' title='bbox 1456 5546 1650 5598; x_wconf 81' lang='lat' dir='ltr'><strong>habent</strong></span> <span class='ocrx_word' id='word_1_825' title='bbox 1696 5548 2105 5615; x_wconf 83' lang='lat' dir='ltr'><strong>cognationem,</strong></span> 
     </span>
    </p>
   </div>
   <div class='ocr_carea' id='block_1_105' title="bbox 531 5636 2103 5703">
    <p class='ocr_par' dir='ltr' id='par_1_105' title="bbox 531 5636 2103 5703">
     <span class='ocr_line' id='line_1_105' title="bbox 531 5636 2103 5703; baseline 0.003 -13"><span class='ocrx_word' id='word_1_826' title='bbox 531 5650 867 5703; x_wconf 68' lang='lat' dir='ltr'><strong>quaecunque</strong></span> <span class='ocrx_word' id='word_1_827' title='bbox 893 5647 1067 5690; x_wconf 87' lang='lat' dir='ltr'><strong>autem</strong></span> <span class='ocrx_word' id='word_1_828' title='bbox 1118 5636 1342 5703; x_wconf 89' lang='lat' dir='ltr'><strong>habent,</strong></span> <span class='ocrx_word' id='word_1_829' title='bbox 1374 5637 1460 5691; x_wconf 91' lang='lat' dir='ltr'><strong>illa</strong></span> <span class='ocrx_word' id='word_1_830' title='bbox 1491 5652 1599 5691; x_wconf 93' lang='lat' dir='ltr'><strong>non</strong></span> <span class='ocrx_word' id='word_1_831' title='bbox 1628 5647 1751 5691; x_wconf 86' lang='lat' dir='ltr'><strong>sunt</strong></span> <span class='ocrx_word' id='word_1_832' title='bbox 1781 5641 2103 5695; x_wconf 87' lang='lat' dir='ltr'><strong>necessaria.</strong></span> 
     </span>
    </p>
   </div>
   <div class='ocr_carea' id='block_1_106' title="bbox 536 5726 2111 5802">
    <p class='ocr_par' dir='ltr' id='par_1_106' title="bbox 536 5726 2111 5802">
     <span class='ocr_line' id='line_1_106' title="bbox 536 5726 2111 5802; baseline 0.001 -17"><span class='ocrx_word' id='word_1_833' title='bbox 536 5726 644 5787; x_wconf 79' lang='lat' dir='ltr'><strong>Sed</strong></span> <span class='ocrx_word' id='word_1_834' title='bbox 663 5730 916 5801; x_wconf 84' lang='lat' dir='ltr'><strong>quoniam</strong></span> <span class='ocrx_word' id='word_1_835' title='bbox 959 5729 1023 5783; x_wconf 88' lang='lat' dir='ltr'><strong>ad</strong></span> <span class='ocrx_word' id='word_1_836' title='bbox 1048 5739 1331 5802; x_wconf 90' lang='lat' dir='ltr'><strong>utramque</strong></span> <span class='ocrx_word' id='word_1_837' title='bbox 1363 5738 1565 5801; x_wconf 89' lang='lat' dir='ltr'><strong>partem</strong></span> <span class='ocrx_word' id='word_1_838' title='bbox 1593 5730 1985 5787; x_wconf 83' lang='lat' dir='ltr'><strong>contrarietatis</strong></span> <span class='ocrx_word' id='word_1_839' title='bbox 2015 5747 2111 5787; x_wconf 87' lang='lat' dir='ltr'><strong>na-</strong></span> 
     </span>
    </p>
   </div>
   <div class='ocr_carea' id='block_1_107' title="bbox 2218 4624 3809 4696">
    <p class='ocr_par' dir='ltr' id='par_1_107' title="bbox 2218 4624 3809 4696">
     <span class='ocr_line' id='line_1_107' title="bbox 2218 4624 3809 4696; baseline 0.001 -17"><span class='ocrx_word' id='word_1_840' title='bbox 2218 4627 2329 4693; x_wconf 87' lang='lat' dir='ltr'><strong>ipsa</strong></span> <span class='ocrx_word' id='word_1_841' title='bbox 2361 4641 2457 4695; x_wconf 89' lang='lat' dir='ltr'><strong>per</strong></span> <span class='ocrx_word' id='word_1_842' title='bbox 2503 4640 2562 4679; x_wconf 89' lang='lat' dir='ltr'><strong>se</strong></span> <span class='ocrx_word' id='word_1_843' title='bbox 2588 4626 2872 4694; x_wconf 88' lang='lat' dir='ltr'><strong>cogitetur,</strong></span> <span class='ocrx_word' id='word_1_844' title='bbox 2921 4624 3051 4679; x_wconf 90' lang='lat' dir='ltr'><strong>nihil</strong></span> <span class='ocrx_word' id='word_1_845' title='bbox 3090 4640 3275 4680; x_wconf 91' lang='lat' dir='ltr'><strong>eorum</strong></span> <span class='ocrx_word' id='word_1_846' title='bbox 3311 4626 3469 4680; x_wconf 90' lang='lat' dir='ltr'><strong>habet</strong></span> <span class='ocrx_word' id='word_1_847' title='bbox 3496 4642 3616 4696; x_wconf 73' lang='lat' dir='ltr'><strong>qua:</strong></span> <span class='ocrx_word' id='word_1_848' title='bbox 3646 4629 3707 4681; x_wconf 89' lang='lat' dir='ltr'><strong>in</strong></span> <span class='ocrx_word' id='word_1_849' title='bbox 3753 4644 3809 4680; x_wconf 69' lang='lat' dir='ltr'><strong>sn</strong></span> 
     </span>
    </p>
   </div>
   <div class='ocr_carea' id='block_1_108' title="bbox 2219 4718 3808 4789">
    <p class='ocr_par' dir='ltr' id='par_1_108' title="bbox 2219 4718 3808 4789">
     <span class='ocr_line' id='line_1_108' title="bbox 2219 4718 3808 4789; baseline 0.001 -18"><span class='ocrx_word' id='word_1_850' title='bbox 2219 4718 2473 4785; x_wconf 88' lang='lat' dir='ltr'><strong>suscipit,</strong></span> <span class='ocrx_word' id='word_1_851' title='bbox 2509 4728 2562 4772; x_wconf 90' lang='lat' dir='ltr'><strong>et</strong></span> <span class='ocrx_word' id='word_1_852' title='bbox 2584 4718 2698 4789; x_wconf 85' lang='lat' dir='ltr'><strong>ipsa</strong></span> <span class='ocrx_word' id='word_1_853' title='bbox 2725 4719 2938 4785; x_wconf 88' lang='lat' dir='ltr'><strong>quidem</strong></span> <span class='ocrx_word' id='word_1_854' title='bbox 2974 4719 3105 4773; x_wconf 87' lang='lat' dir='ltr'><strong>nihil</strong></span> <span class='ocrx_word' id='word_1_855' title='bbox 3128 4728 3249 4773; x_wconf 87' lang='lat' dir='ltr'><strong>actu</strong></span> <span class='ocrx_word' id='word_1_856' title='bbox 3278 4729 3381 4783; x_wconf 87' lang='lat' dir='ltr'><strong>est,</strong></span> <span class='ocrx_word' id='word_1_857' title='bbox 3409 4721 3592 4775; x_wconf 90' lang='lat' dir='ltr'><strong>omnia</strong></span> <span class='ocrx_word' id='word_1_858' title='bbox 3621 4731 3808 4776; x_wconf 86' lang='lat' dir='ltr'><strong>tamen</strong></span> 
     </span>
    </p>
   </div>
   <div class='ocr_carea' id='block_1_109' title="bbox 2221 4811 3809 4881">
    <p class='ocr_par' dir='ltr' id='par_1_109' title="bbox 2221 4811 3809 4881">
     <span class='ocr_line' id='line_1_109' title="bbox 2221 4811 3809 4881; baseline 0.002 -18"><span class='ocrx_word' id='word_1_859' title='bbox 2221 4819 2501 4873; x_wconf 88' lang='lat' dir='ltr'><strong>potestate.</strong></span> <span class='ocrx_word' id='word_1_860' title='bbox 2546 4811 2853 4879; x_wconf 88' lang='lat' dir='ltr'><strong>Suscipiens</strong></span> <span class='ocrx_word' id='word_1_861' title='bbox 2899 4819 3076 4864; x_wconf 90' lang='lat' dir='ltr'><strong>autem</strong></span> <span class='ocrx_word' id='word_1_862' title='bbox 3127 4812 3396 4864; x_wconf 90' lang='lat' dir='ltr'><strong>contraria</strong></span> <span class='ocrx_word' id='word_1_863' title='bbox 3426 4853 3441 4877; x_wconf 92' lang='lat'><strong>,</strong></span> <span class='ocrx_word' id='word_1_864' title='bbox 3492 4828 3809 4881; x_wconf 84' lang='lat' dir='ltr'><strong>quanquam</strong></span> 
     </span>
    </p>
   </div>
   <div class='ocr_carea' id='block_1_110' title="bbox 2222 4903 3807 4967">
    <p class='ocr_par' dir='ltr' id='par_1_110' title="bbox 2222 4903 3807 4967">
     <span class='ocr_line' id='line_1_110' title="bbox 2222 4903 3807 4967; baseline 0.001 -11"><span class='ocrx_word' id='word_1_865' title='bbox 2222 4919 2379 4957; x_wconf 88' lang='lat' dir='ltr'><strong>unam</strong></span> <span class='ocrx_word' id='word_1_866' title='bbox 2414 4903 2608 4956; x_wconf 89' lang='lat' dir='ltr'><strong>habeat</strong></span> <span class='ocrx_word' id='word_1_867' title='bbox 2628 4912 3083 4967; x_wconf 80' lang='lat' dir='ltr'><strong>contrarietatem,</strong></span> <span class='ocrx_word' id='word_1_868' title='bbox 3111 4903 3270 4956; x_wconf 82' lang='lat' dir='ltr'><strong>habet</strong></span> <span class='ocrx_word' id='word_1_869' title='bbox 3294 4915 3467 4957; x_wconf 88' lang='lat' dir='ltr'><strong>tamen</strong></span> <span class='ocrx_word' id='word_1_870' title='bbox 3490 4914 3545 4957; x_wconf 91' lang='lat' dir='ltr'><strong>et</strong></span> <span class='ocrx_word' id='word_1_871' title='bbox 3576 4905 3807 4957; x_wconf 83' lang='lat' dir='ltr'><strong>alteram</strong></span> 
     </span>
    </p>
   </div>
   <div class='ocr_carea' id='block_1_111' title="bbox 2225 4995 3803 5065">
    <p class='ocr_par' dir='ltr' id='par_1_111' title="bbox 2225 4995 3803 5065">
     <span class='ocr_line' id='line_1_111' title="bbox 2225 4995 3803 5065; baseline -0.001 -15"><span class='ocrx_word' id='word_1_872' title='bbox 2225 4996 2412 5063; x_wconf 88' lang='lat' dir='ltr'><strong>simul,</strong></span> <span class='ocrx_word' id='word_1_873' title='bbox 2446 4995 2539 5049; x_wconf 82' lang='lat' dir='ltr'><strong>sed</strong></span> <span class='ocrx_word' id='word_1_874' title='bbox 2569 5011 2673 5049; x_wconf 86' lang='lat' dir='ltr'><strong>non</strong></span> <span class='ocrx_word' id='word_1_875' title='bbox 2706 5006 2854 5059; x_wconf 90' lang='lat' dir='ltr'><strong>actu,</strong></span> <span class='ocrx_word' id='word_1_876' title='bbox 2881 5005 2937 5053; x_wconf 86' lang='lat' dir='ltr'><strong>ut</strong></span> <span class='ocrx_word' id='word_1_877' title='bbox 2974 4995 3025 5049; x_wconf 93' lang='lat' dir='ltr'><strong>in</strong></span> <span class='ocrx_word' id='word_1_878' title='bbox 3063 4996 3248 5051; x_wconf 88' lang='lat' dir='ltr'><strong>eadem</strong></span> <span class='ocrx_word' id='word_1_879' title='bbox 3271 5012 3428 5062; x_wconf 87' lang='lat' dir='ltr'><strong>aqua.</strong></span> <span class='ocrx_word' id='word_1_880' title='bbox 3457 4996 3628 5065; x_wconf 81' lang='lat' dir='ltr'><strong>Hujus</strong></span> <span class='ocrx_word' id='word_1_881' title='bbox 3654 4999 3803 5050; x_wconf 85' lang='lat' dir='ltr'><strong>enim</strong></span> 
     </span>
    </p>
   </div>
   <div class='ocr_carea' id='block_1_112' title="bbox 2224 5085 3801 5154">
    <p class='ocr_par' dir='ltr' id='par_1_112' title="bbox 2224 5085 3801 5154">
     <span class='ocr_line' id='line_1_112' title="bbox 2224 5085 3801 5154; baseline -0.004 -12"><span class='ocrx_word' id='word_1_882' title='bbox 2224 5086 2445 5142; x_wconf 87' lang='lat' dir='ltr'><strong>materia</strong></span> <span class='ocrx_word' id='word_1_883' title='bbox 2475 5095 2528 5139; x_wconf 89' lang='lat' dir='ltr'><strong>et</strong></span> <span class='ocrx_word' id='word_1_884' title='bbox 2555 5085 2748 5139; x_wconf 89' lang='lat' dir='ltr'><strong>caloris</strong></span> <span class='ocrx_word' id='word_1_885' title='bbox 2774 5087 3068 5154; x_wconf 82' lang='lat' dir='ltr'><strong>susceptrix</strong></span> <span class='ocrx_word' id='word_1_886' title='bbox 3092 5096 3248 5141; x_wconf 85' lang='lat' dir='ltr'><strong>estet</strong></span> <span class='ocrx_word' id='word_1_887' title='bbox 3283 5087 3512 5154; x_wconf 87' lang='lat' dir='ltr'><strong>frigoris.</strong></span> <span class='ocrx_word' id='word_1_888' title='bbox 3538 5085 3644 5139; x_wconf 87' lang='lat' dir='ltr'><strong>Sed</strong></span> <span class='ocrx_word' id='word_1_889' title='bbox 3678 5102 3801 5140; x_wconf 89' lang='lat' dir='ltr'><strong>cum</strong></span> 
     </span>
    </p>
   </div>
   <div class='ocr_carea' id='block_1_113' title="bbox 2218 5176 3801 5248">
    <p class='ocr_par' dir='ltr' id='par_1_113' title="bbox 2218 5176 3801 5248">
     <span class='ocr_line' id='line_1_113' title="bbox 2218 5176 3801 5248; baseline 0 -16"><span class='ocrx_word' id='word_1_890' title='bbox 2218 5178 2528 5232; x_wconf 86' lang='lat' dir='ltr'><strong>utrumlibet</strong></span> <span class='ocrx_word' id='word_1_891' title='bbox 2561 5176 2751 5231; x_wconf 89' lang='lat' dir='ltr'><strong>horum</strong></span> <span class='ocrx_word' id='word_1_892' title='bbox 2774 5178 3072 5244; x_wconf 90' lang='lat' dir='ltr'><strong>susceperit</strong></span> <span class='ocrx_word' id='word_1_893' title='bbox 3102 5178 3180 5231; x_wconf 85' lang='lat' dir='ltr'><strong>vel</strong></span> <span class='ocrx_word' id='word_1_894' title='bbox 3205 5179 3438 5232; x_wconf 79' lang='lat' dir='ltr'><strong>calorem</strong></span> <span class='ocrx_word' id='word_1_895' title='bbox 3470 5179 3555 5231; x_wconf 90' lang='lat' dir='ltr'><strong>vel</strong></span> <span class='ocrx_word' id='word_1_896' title='bbox 3599 5178 3801 5248; x_wconf 79' lang='lat' dir='ltr'><strong>frigus,</strong></span> 
     </span>
    </p>
   </div>
   <div class='ocr_carea' id='block_1_114' title="bbox 2216 5268 3800 5339">
    <p class='ocr_par' dir='ltr' id='par_1_114' title="bbox 2216 5268 3800 5339">
     <span class='ocr_line' id='line_1_114' title="bbox 2216 5268 3800 5339; baseline -0.001 -14"><span class='ocrx_word' id='word_1_897' title='bbox 2216 5280 2295 5325; x_wconf 79' lang='lat' dir='ltr'><strong>est</strong></span> <span class='ocrx_word' id='word_1_898' title='bbox 2324 5270 2537 5339; x_wconf 87' lang='lat' dir='ltr'><strong>quidem</strong></span> <span class='ocrx_word' id='word_1_899' title='bbox 2559 5309 2573 5333; x_wconf 91' lang='lat'><strong>,</strong></span> <span class='ocrx_word' id='word_1_900' title='bbox 2602 5269 2646 5322; x_wconf 90' lang='lat' dir='ltr'><strong>si</strong></span> <span class='ocrx_word' id='word_1_901' title='bbox 2690 5268 2759 5321; x_wconf 87' lang='lat' dir='ltr'><strong>ita</strong></span> <span class='ocrx_word' id='word_1_902' title='bbox 2788 5270 3064 5338; x_wconf 88' lang='lat' dir='ltr'><strong>contingit,</strong></span> <span class='ocrx_word' id='word_1_903' title='bbox 3092 5270 3292 5334; x_wconf 76' lang='lat' dir='ltr'><strong>calida,</strong></span> <span class='ocrx_word' id='word_1_904' title='bbox 3321 5281 3403 5324; x_wconf 89' lang='lat' dir='ltr'><strong>est</strong></span> <span class='ocrx_word' id='word_1_905' title='bbox 3440 5270 3604 5324; x_wconf 88' lang='lat' dir='ltr'><strong>etiam</strong></span> <span class='ocrx_word' id='word_1_906' title='bbox 3634 5270 3800 5324; x_wconf 88' lang='lat' dir='ltr'><strong>simul</strong></span> 
     </span>
    </p>
   </div>
   <div class='ocr_carea' id='block_1_115' title="bbox 2217 5361 3801 5431">
    <p class='ocr_par' dir='ltr' id='par_1_115' title="bbox 2217 5361 3801 5431">
     <span class='ocr_line' id='line_1_115' title="bbox 2217 5361 3801 5431; baseline 0.001 -16"><span class='ocrx_word' id='word_1_907' title='bbox 2217 5362 2439 5431; x_wconf 87' lang='lat' dir='ltr'><strong>frigida,</strong></span> <span class='ocrx_word' id='word_1_908' title='bbox 2483 5361 2576 5415; x_wconf 90' lang='lat' dir='ltr'><strong>sed</strong></span> <span class='ocrx_word' id='word_1_909' title='bbox 2623 5376 2726 5415; x_wconf 92' lang='lat' dir='ltr'><strong>non</strong></span> <span class='ocrx_word' id='word_1_910' title='bbox 2784 5361 2971 5415; x_wconf 90' lang='lat' dir='ltr'><strong>eodem</strong></span> <span class='ocrx_word' id='word_1_911' title='bbox 3014 5362 3192 5416; x_wconf 91' lang='lat' dir='ltr'><strong>modo.</strong></span> <span class='ocrx_word' id='word_1_912' title='bbox 3232 5362 3362 5417; x_wconf 89' lang='lat' dir='ltr'><strong>Nam</strong></span> <span class='ocrx_word' id='word_1_913' title='bbox 3402 5362 3634 5418; x_wconf 86' lang='lat' dir='ltr'><strong>fortasse</strong></span> <span class='ocrx_word' id='word_1_914' title='bbox 3680 5378 3801 5418; x_wconf 86' lang='lat' dir='ltr'><strong>actu</strong></span> 
     </span>
    </p>
   </div>
   <div class='ocr_carea' id='block_1_116' title="bbox 2218 5453 3803 5526">
    <p class='ocr_par' dir='ltr' id='par_1_116' title="bbox 2218 5453 3803 5526">
     <span class='ocr_line' id='line_1_116' title="bbox 2218 5453 3803 5526; baseline 0.003 -19"><span class='ocrx_word' id='word_1_915' title='bbox 2218 5455 2387 5508; x_wconf 87' lang='lat' dir='ltr'><strong>calida</strong></span> <span class='ocrx_word' id='word_1_916' title='bbox 2412 5464 2522 5519; x_wconf 91' lang='lat' dir='ltr'><strong>est,</strong></span> <span class='ocrx_word' id='word_1_917' title='bbox 2562 5453 2743 5523; x_wconf 87' lang='lat' dir='ltr'><strong>frigida</strong></span> <span class='ocrx_word' id='word_1_918' title='bbox 2771 5464 3050 5523; x_wconf 88' lang='lat' dir='ltr'><strong>potestate.</strong></span> <span class='ocrx_word' id='word_1_919' title='bbox 3083 5456 3223 5525; x_wconf 83' lang='lat' dir='ltr'><strong>Ergo</strong></span> <span class='ocrx_word' id='word_1_920' title='bbox 3252 5456 3392 5525; x_wconf 91' lang='lat' dir='ltr'><strong>quod</strong></span> <span class='ocrx_word' id='word_1_921' title='bbox 3422 5466 3691 5526; x_wconf 88' lang='lat' dir='ltr'><strong>potestate</strong></span> <span class='ocrx_word' id='word_1_922' title='bbox 3720 5468 3803 5513; x_wconf 80' lang='lat' dir='ltr'><strong>est</strong></span> 
     </span>
    </p>
   </div>
   <div class='ocr_carea' id='block_1_117' title="bbox 2219 5546 3803 5618">
    <p class='ocr_par' dir='ltr' id='par_1_117' title="bbox 2219 5546 3803 5618">
     <span class='ocr_line' id='line_1_117' title="bbox 2219 5546 3803 5618; baseline 0.003 -20"><span class='ocrx_word' id='word_1_923' title='bbox 2219 5547 2271 5599; x_wconf 91' lang='lat' dir='ltr'><strong>in</strong></span> <span class='ocrx_word' id='word_1_924' title='bbox 2298 5546 2476 5610; x_wconf 90' lang='lat' dir='ltr'><strong>rebus,</strong></span> <span class='ocrx_word' id='word_1_925' title='bbox 2504 5561 2570 5599; x_wconf 85' lang='lat' dir='ltr'><strong>ex</strong></span> <span class='ocrx_word' id='word_1_926' title='bbox 2597 5546 2818 5599; x_wconf 88' lang='lat' dir='ltr'><strong>materia</strong></span> <span class='ocrx_word' id='word_1_927' title='bbox 2844 5546 3006 5600; x_wconf 87' lang='lat' dir='ltr'><strong>venit.</strong></span> <span class='ocrx_word' id='word_1_928' title='bbox 3036 5546 3242 5613; x_wconf 84' lang='lat' dir='ltr'><strong>Alioqui</strong></span> <span class='ocrx_word' id='word_1_929' title='bbox 3266 5547 3461 5602; x_wconf 90' lang='lat' dir='ltr'><strong>divinis</strong></span> <span class='ocrx_word' id='word_1_930' title='bbox 3479 5550 3803 5618; x_wconf 86' lang='lat' dir='ltr'><strong>corporibus</strong></span> 
     </span>
    </p>
   </div>
   <div class='ocr_carea' id='block_1_118' title="bbox 2219 5636 3799 5705">
    <p class='ocr_par' dir='ltr' id='par_1_118' title="bbox 2219 5636 3799 5705">
     <span class='ocr_line' id='line_1_118' title="bbox 2219 5636 3799 5705; baseline 0.004 -17"><span class='ocrx_word' id='word_1_931' title='bbox 2219 5636 2349 5689; x_wconf 88' lang='lat' dir='ltr'><strong>nihil</strong></span> <span class='ocrx_word' id='word_1_932' title='bbox 2387 5636 2602 5689; x_wconf 91' lang='lat' dir='ltr'><strong>omnino</strong></span> <span class='ocrx_word' id='word_1_933' title='bbox 2635 5646 2717 5691; x_wconf 81' lang='lat' dir='ltr'><strong>est</strong></span> <span class='ocrx_word' id='word_1_934' title='bbox 2759 5645 3044 5705; x_wconf 88' lang='lat' dir='ltr'><strong>potestate,</strong></span> <span class='ocrx_word' id='word_1_935' title='bbox 3089 5638 3181 5693; x_wconf 87' lang='lat' dir='ltr'><strong>sed</strong></span> <span class='ocrx_word' id='word_1_936' title='bbox 3213 5653 3373 5694; x_wconf 91' lang='lat' dir='ltr'><strong>omne</strong></span> <span class='ocrx_word' id='word_1_937' title='bbox 3402 5650 3523 5694; x_wconf 88' lang='lat' dir='ltr'><strong>actu</strong></span> <span class='ocrx_word' id='word_1_938' title='bbox 3550 5682 3567 5704; x_wconf 93' lang='lat'><strong>,</strong></span> <span class='ocrx_word' id='word_1_939' title='bbox 3611 5650 3669 5695; x_wconf 90' lang='lat' dir='ltr'><strong>ut</strong></span> <span class='ocrx_word' id='word_1_940' title='bbox 3699 5642 3799 5695; x_wconf 87' lang='lat' dir='ltr'><strong>soli</strong></span> 
     </span>
    </p>
   </div>
   <div class='ocr_carea' id='block_1_119' title="bbox 2221 5729 3802 5803">
    <p class='ocr_par' dir='ltr' id='par_1_119' title="bbox 2221 5729 3802 5803">
     <span class='ocr_line' id='line_1_119' title="bbox 2221 5729 3802 5803; baseline 0.006 -19"><span class='ocrx_word' id='word_1_941' title='bbox 2221 5743 2487 5800; x_wconf 85' lang='lat' dir='ltr'><strong>nunquam</strong></span> <span class='ocrx_word' id='word_1_942' title='bbox 2517 5736 2599 5784; x_wconf 89' lang='lat' dir='ltr'><strong>est</strong></span> <span class='ocrx_word' id='word_1_943' title='bbox 2618 5729 2794 5784; x_wconf 86' lang='lat' dir='ltr'><strong>lumen</strong></span> <span class='ocrx_word' id='word_1_944' title='bbox 2820 5737 3103 5799; x_wconf 83' lang='lat' dir='ltr'><strong>potestate,</strong></span> <span class='ocrx_word' id='word_1_945' title='bbox 3125 5729 3218 5788; x_wconf 84' lang='lat' dir='ltr'><strong>sed</strong></span> <span class='ocrx_word' id='word_1_946' title='bbox 3240 5740 3384 5801; x_wconf 87' lang='lat' dir='ltr'><strong>actu,</strong></span> <span class='ocrx_word' id='word_1_947' title='bbox 3406 5746 3507 5790; x_wconf 85' lang='lat' dir='ltr'><strong>uec</strong></span> <span class='ocrx_word' id='word_1_948' title='bbox 3530 5740 3802 5803; x_wconf 77' lang='lat' dir='ltr'><strong>potestate</strong></span> 
     </span>
    </p>
   </div>
  </div>
