4090 6342
304 342 411 402 515

1028 343 1094 397 ΙΝ
1129 339 1384 398 LIBRUM
1424 339 1513 395 DE
1551 336 2195 394 INTEBPRETATIONE
2233 338 2464 397 EDITIO
2502 341 2841 399 SECUNDA.

3464 312 3570 397 sit

253 465 267 473 '
303 453 515 522 quidem
542 449 654 505 ulla
676 449 995 514 obscuritas,
1016 453 1101 504 vel
1126 457 1240 504 toto
1266 451 1404 505 caelo
1427 448 1569 503 nulla
1598 449 1771 516 quies.
1806 446 1882 500 Ita
1910 455 1960 507 Α
2060 450 2266 519 Duplex
2289 453 2478 507 modus
2498 453 2829 508 necessitatis
2845 452 3164 517 ostenditur,
3184 467 3321 509 unus
3336 468 3565 522 quicum

302 556 431 613 ergo
456 555 579 597 sese
611 541 811 596 habent
833 556 899 595 ex
933 540 1154 595 materia
1178 579 1192 603 ,
1244 552 1302 593 nt
1339 542 1516 592 omnia
1563 541 1672 613 ipsa
1705 546 1888 592 essent

300 645 608 706 potestate,
656 634 788 688 nihil
832 642 1007 711 autem
1044 642 1163 686 actu
1193 631 1526 694 introducta,
1560 630 1652 684 sed
1700 639 1882 707 natura

302 742 422 798 quae
442 726 497 781 in
519 727 630 796 ipsa
648 726 865 780 materia
885 710 986 784 est,
1015 722 1252 793 singulos
1269 737 1365 791 pro
1390 724 1597 775 ratione
1614 710 1887 775 distribuit

302 829 514 885 motus,
565 826 621 873 et
644 817 877 887 singulas
908 820 1220 885 qualitatum
1262 815 1615 884 proprietates
1667 813 1886 883 singulis

303 909 541 965 materia:
593 908 832 979 partibus
865 909 1036 977 ponit,
1062 915 1118 959 ut
1140 906 1269 959 alias
1297 904 1510 974 quidem
1540 914 1725 958 natura
1771 907 1884 972 ipsa

303 1001 637 1057 necessarias
658 1000 1015 1063 ordin'averit,
1046 999 1116 1051 ita
1160 1006 1216 1050 ut
1241 996 1475 1062 qttundiu
1506 1010 1594 1049 res
1621 995 1709 1048 illa
1741 1003 1886 1049 esset

302 1095 456 1163 ejus,
490 1096 544 1147 in
583 1094 694 1161 ipsa
736 1093 1032 1162 proprietas
1065 1099 1431 1159 permaneret,
1476 1099 1532 1143 ut
1564 1091 1667 1159 igni
1711 1089 1880 1142 calor.

305 1184 436 1239 Nam
468 1185 701 1252 quandiu
730 1184 867 1252 ignis
906 1193 1008 1250 est,
1041 1180 1219 1237 tandiu
1266 1183 1443 1249 ignem
1485 1180 1714 1234 calidum
1763 1193 1883 1235 esse

305 1289 529 1329 necesse
549 1283 653 1341 est,
677 1274 797 1328 aliis
820 1287 948 1327 vero
969 1274 1127 1326 rebus
1151 1273 1282 1327 tales
1304 1273 1588 1341 qualitates
1612 1272 1881 1341 apposuit,

301 1368 497 1436 quibus
548 1381 731 1420 carere
781 1365 1014 1443 po'ssint.
1068 1365 1133 1419 Et
1179 1364 1269 1418 illa
1308 1363 1521 1433 quidem
1578 1363 1881 1417 necessaria

301 1460 529 1529 qualitas
588 1458 838 1512 informat
889 1455 1308 1524 uniuscujusque
1356 1455 1729 1509 substantiam.
1785 1452 1879 1506 Illa

300 1554 446 1607 enim
513 1550 630 1619 ejus
676 1550 903 1619 qualitas
952 1563 1073 1603 cum
1125 1549 1237 1616 ipsa
1292 1548 1513 1601 materia
1572 1562 1636 1601 ex
1693 1555 1880 1600 natura

297 1649 585 1718 conjuncta
609 1659 710 1703 est.
742 1649 862 1702 Ista:
897 1662 1027 1701 vero
1068 1646 1186 1699 alite
1225 1644 1507 1714 qualitates
1534 1651 1682 1696 extra
1719 1649 1879 1703 sunt,

297 1755 423 1809 quae
452 1752 504 1794 et
523 1740 726 1794 admitti
752 1749 977 1808 possunt
998 1747 1054 1791 et
1083 1752 1187 1791 non
1214 1736 1442 1799 admitti,
1478 1744 1634 1803 atque
1657 1734 1779 1786 hinc
1801 1740 1883 1785 est

1991 540 2214 609 alicujus
2245 543 2537 597 accidentis
2561 544 2878 599 necessitate
2902 544 3237 612 preponitur,
3280 546 3409 598 alter
3467 544 3561 611 qui

1989 633 2217 702 simplici
2238 633 2620 701 praedicatione
2642 635 2927 702 profertur,
2945 642 2998 686 ut
3014 648 3132 687 cum
3150 634 3379 689 dicimus
3395 635 3565 688 solem

1991 728 2194 783 moveri
2219 742 2439 782 necesse
2461 737 2543 781 est
2558 766 2576 794 ,
2598 743 2703 781 non
2729 728 2871 782 enim
2897 727 3066 782 solem
3084 728 3204 796 quia
3232 742 3371 782 nunc
3388 743 3570 782 move-

1993 828 2095 881 tur,
2114 818 2206 872 sed
2231 819 2354 886 quia
2374 833 2640 887 nunquam
2666 833 2771 871 non
2795 818 3116 883 movebitur,
3140 817 3339 872 idcirco
3363 818 3412 870 in
3438 818 3568 873 solis

1990 916 2134 961 motu
2149 908 2440 963 necessitas
2461 908 2624 962 venit.
2647 907 2817 962 Aliter
2845 921 2970 961 vero
2997 908 3086 976 qui
3114 924 3233 962 cum
3257 908 3567 983 conditione

1989 999 2185 1053 dicitur
2220 1001 2338 1054 talis
2374 1009 2492 1068 est,
2525 1008 2582 1053 ut
2603 1015 2721 1053 cum
2754 1000 3014 1066 dicimus,
3059 1001 3334 1055 Socratem
3384 1000 3570 1055 :edere

1992 1106 2213 1147 necesse
2247 1105 2327 1148 est
2348 1135 2363 1159 ,
2407 1108 2528 1146 cum
2556 1092 2735 1154 sedet,
2768 1101 2822 1147 et
2849 1108 2954 1146 non
2982 1091 3171 1146 sedere
3199 1106 3418 1147 necesse
3454 1102 3534 1145 est
3553 1132 3568 1157 ,

1988 1199 2110 1238 cum
2137 1199 2240 1238 non
2266 1185 2442 1239 sedet.
2464 1184 2593 1238 Nam
2611 1199 2730 1239 cum
2757 1183 2893 1238 idem
2917 1184 3106 1238 eodem
3132 1193 3372 1249 tempore
3384 1182 3571 1236 sedere

1987 1283 2041 1327 et
2071 1288 2176 1328 non
2203 1274 2397 1329 sedere
2423 1289 2526 1328 non
2545 1278 2729 1342 possit,
2751 1275 3049 1342 quicunque
3086 1274 3236 1328 sedet
3257 1288 3360 1327 non
3398 1283 3569 1341 potest

1990 1380 2094 1420 non
2138 1366 2360 1431 sedere,
2411 1377 2535 1420 tunc
2565 1381 2684 1419 cum
2712 1368 2900 1428 sedet,
2942 1365 3103 1434 igitur
3128 1367 3317 1419 sedere
3352 1380 3569 1420 necesse

1988 1467 2093 1520 est,
2124 1471 2252 1525 ergo
2284 1468 2408 1512 tunc
2428 1459 2643 1525 quando
2658 1458 2780 1526 quis
2797 1456 2968 1522 sedet,
2989 1472 3110 1511 eum
3140 1458 3328 1511 sedere
3353 1472 3569 1512 necesse

1987 1556 2091 1612 est;
2119 1548 2233 1602 ﬁeri
2262 1548 2405 1602 enim
2435 1563 2538 1602 non
2573 1557 2746 1616 potest
2774 1558 2830 1601 ut
2860 1563 2984 1601 cum
3014 1548 3184 1612 sedet,
3230 1564 3335 1601 non
3366 1550 3568 1603 sedeat.

1992 1638 2193 1691 Rursus
2223 1638 2437 1707 quando
2478 1638 2600 1709 quis
2628 1653 2733 1692 non
2764 1639 2936 1704 sedet,
2963 1648 3092 1693 tunc
3113 1654 3233 1694 cum
3261 1654 3365 1692 non
3395 1640 3569 1704 sedet,

1990 1744 2095 1783 non
2127 1729 2315 1785 sedere
2355 1744 2475 1783 eum
2507 1744 2733 1785 necesse
2761 1738 2864 1784 est.
2895 1730 3011 1784 Non
3048 1731 3190 1785 enim
3230 1739 3402 1799 potest
3434 1732 3571 1783 idem

297 1830 576 1900 generatio
595 1839 649 1884 et
673 1829 967 1897 corruptio.
996 1828 1072 1881 Ex
1104 1838 1298 1880 natura
1325 1840 1453 1894 ergo
1481 1834 1535 1879 et
1563 1840 1629 1878 ex
1663 1821 1882 1877 materia
1911 1828 1960 1888 Β
1990 1820 2182 1875 sedere
2217 1832 2274 1876 et
2306 1837 2412 1875 non
2441 1822 2651 1886 sedere,
2684 1832 2736 1877 et
2758 1832 2935 1892 potest
2965 1823 3062 1876 ista
3106 1838 3224 1877 esse
3247 1838 3365 1877 cum
3390 1824 3571 1878 condi-

297 1921 405 1975 ista
434 1922 487 1974 in
507 1921 663 1975 rebus
687 1918 1012 1986 possibilitas
1031 1918 1196 1980 venit,
1220 1931 1319 1985 qua
1343 1915 1395 1968 in
1422 1930 1478 1967 re
1497 1927 1654 1967 casus
1672 1926 1884 1982 quoque

297 2013 588 2082 aliquando
618 2014 889 2077 subrepit,
917 2024 1037 2079 qua:
1065 2017 1150 2064 est
1200 2008 1609 2062 indeterminata
1640 2020 1799 2060 causa
1830 2013 1885 2059 et

298 2106 419 2160 sine
449 2104 555 2159 ulla
598 2104 804 2159 ratione
848 2102 1076 2167 cadens,
1121 2115 1294 2169 neque
1325 2100 1469 2154 enim
1501 2113 1658 2152 casus
1696 2108 1881 2152 natura

295 2205 417 2262 est,
441 2210 558 2261 quae
585 2194 778 2247 frustra
804 2193 938 2247 nihil
973 2190 1163 2245 efﬁcit.
1208 2191 1317 2246 Nec
1346 2190 1571 2245 liberum
1603 2200 1686 2245 est
1728 2204 1884 2244 casus

297 2286 580 2340 arbitrium
594 2286 734 2355 quod
749 2287 800 2338 in
815 2283 1021 2353 judicio
1032 2292 1086 2337 et
1102 2283 1311 2338 ratione
1328 2284 1591 2338 consistit.
1610 2282 1715 2338 Sed
1733 2291 1882 2337 extra

296 2386 389 2433 est
412 2392 605 2442 casus,
649 2376 737 2445 qui
769 2386 983 2445 prepter
1013 2376 1169 2428 aliam
1194 2389 1330 2431 'rem
1369 2374 1685 2445 quibusdam
1736 2373 1884 2428 lactis

297 2468 419 2536 ipse
440 2468 644 2520 subitus
665 2476 720 2521 et
747 2466 1069 2535 improvisus
1092 2464 1351 2520 exoritur.
1393 2465 1457 2516 Et
1485 2480 1554 2516 ex
1582 2464 1680 2517 hac
1704 2471 1883 2518 autem

294 2574 421 2629 quae
433 2557 833 2617 estutrumlibet
848 2557 1202 2625 possibilitate
1214 2557 1373 2610 etiam
1400 2556 1485 2610 illa
1505 2556 1656 2609 liberi
1674 2554 1886 2610 arbitrii

294 2654 440 2706 ratio
468 2651 630 2706 venit.
654 2652 709 2704 Si
741 2650 880 2704 enim
912 2664 1018 2705 non
1049 2660 1194 2704 esset
1225 2650 1341 2702 ﬁeri
1372 2647 1570 2717 aliquid
1600 2648 1886 2717 possibile,

294 2742 396 2798 sed
423 2743 597 2797 omnia
638 2751 730 2796 aut
755 2757 831 2797 et
865 2743 1184 2797 necessitate
1204 2750 1410 2806 essent,
1436 2747 1531 2794 aut
1555 2755 1620 2795 ex
1653 2743 1885 2795 necessi-

297 2847 412 2890 tate
458 2851 562 2890 non
602 2844 816 2901 essent,
863 2836 1089 2890 liberum
1138 2835 1419 2888 arbitrium
1469 2848 1575 2887 non
1619 2842 1881 2888 maneret.

298 2927 468 2981 Recte
493 2927 652 2996 igitur
695 2941 797 2981 nec
834 2928 1016 2981 omnia
1043 2941 1204 2993 casu,
1238 2935 1297 2980 ut
1327 2924 1623 2995 Epicurus,
1655 2941 1753 2980 nec
1791 2941 1885 2982 ne-

295 3022 552 3076 cessitate
585 3022 792 3088 omnia,
825 3028 881 3073 ut
926 3019 1169 3085 Stoicus,
1213 3033 1310 3073 nec
1357 3031 1541 3073 rursus
1588 3018 1765 3071 omnia
1814 3018 1884 3072 li-

297 3116 436 3171 bero
508 3114 729 3169 arbitrio
778 3112 893 3168 ﬁeri
948 3113 1241 3181 preposuit.
1298 3110 1404 3167 Sed
1448 3120 1638 3165 cuncta
1683 3110 1881 3178 permi-

1993 1916 2136 1969 tione
2179 1916 2504 1979 necessitas,
2548 1923 2607 1969 ut
2642 1930 2763 1970 cum
2807 1915 2961 1970 sedet
3011 1916 3234 1985 aliquis,
3278 1926 3404 1971 tunc
3453 1933 3571 1972 cum

1990 2006 2163 2073 sedet,
2199 2023 2262 2061 ex
2292 2007 2612 2061 necessitate
2650 2007 2856 2070 sedeat,
2881 2015 3084 2073 etcum
3111 2022 3217 2061 non
3248 2010 3420 2069 sedet,
3450 2019 3572 2062 tunc

1988 2113 2108 2154 cum
2163 2114 2268 2153 non
2311 2099 2485 2165 sedet,
2515 2114 2579 2154 ex
2614 2100 2931 2154 necessitate
2963 2114 3068 2153 non
3090 2102 3295 2155 sedeat.
3339 2100 3443 2155 Sed
3476 2102 3571 2158 ista

1990 2207 2108 2246 cum
2132 2191 2440 2246 conditione
2468 2207 2586 2260 quae
2611 2194 2925 2261 proponitur
2948 2193 3264 2258 necessitas,
3298 2195 3571 2248 nonillam

1989 2283 2289 2352 simplicem
2320 2299 2500 2338 secum
2526 2284 2706 2338 trahit.
2735 2284 2851 2338 Non
2880 2272 3033 2339 enim
3063 2287 3369 2355 quicunque
3397 2289 3571 2353 sedet,

1991 2374 2304 2444 simpliciter
2347 2390 2470 2429 eum
2501 2374 2693 2430 sedere
2723 2390 2942 2430 necesse
2974 2384 3083 2441 est,
3115 2376 3210 2431 sed
3238 2391 3358 2431 cum
3422 2377 3570 2447 adje-

1989 2468 2169 2520 ctione
2222 2482 2283 2521 ea
2314 2482 2433 2535 quae
2472 2477 2579 2534 est,
2610 2470 2739 2524 tunc
2761 2483 2881 2527 cum
2904 2468 3072 2531 sedet,
3095 2470 3232 2523 sicut
3255 2470 3424 2524 solem
3444 2470 3569 2524 dici-

1991 2574 2110 2613 mus
2136 2573 2357 2614 necesse
2389 2568 2472 2614 est
2499 2560 2726 2614 moveri.
2753 2560 2862 2614 Nec
2890 2560 2991 2614 hoc
3012 2560 3278 2627 addimus,
3317 2572 3375 2615 ut
3404 2562 3570 2617 solem

1993 2651 2196 2705 moveri
2218 2665 2437 2705 necesse
2460 2652 2672 2706 sitcum
2702 2647 2970 2717 iiiovetur,
3001 2637 3092 2707 sed
3126 2661 3331 2707 tantum
3360 2654 3587 2722 simpli-.

1991 2745 2126 2798 citer
2164 2745 2392 2799 dicimus
2430 2746 2599 2799 solem
2634 2745 2835 2799 moveii
2861 2759 3082 2799 necesse
3122 2756 3233 2810 est,
3261 2755 3315 2800 et
3341 2746 3453 2800 haec
3475 2761 3569 2801 ne-

1990 2837 2217 2892 cessitas
2233 2838 2459 2905 simplex
2489 2835 2557 2889 de
2594 2834 2706 2890 sole
2733 2836 2905 2897 dicta,
2937 2836 3211 2890 veritatem
3243 2835 3295 2889 in
3327 2837 3568 2892 oratione

1992 2926 2253 2996 perﬁciet.
2300 2930 2367 2981 At
2409 2941 2536 2981 vero
2567 2925 2656 2980 illa
2690 2942 2808 2995 qua!
2836 2924 2958 2980 cuin
3007 2925 3315 2981 conditione
3352 2926 3567 2994 dicitur,

1994 3032 2048 3071 ut
2093 3033 2214 3072 cum
2244 3017 2471 3072 dicimus
2500 3017 2776 3071 Socratem
2806 3016 2995 3072 sedere
3026 3022 3248 3072 necesse
3275 3027 3388 3084 cst‘,
3446 3028 3568 3074 tunc

1990 3122 2112 3163 cum
2137 3108 2307 3175 sedet,
2344 3110 2393 3162 id
2418 3108 2559 3178 quod
2590 3108 2836 3172 dicimus,
2870 3116 2995 3161 tunc
3015 3122 3135 3173 cum
3160 3101 3332 3173 sedet,
3363 3120 3416 3162 et
3432 3108 3568 3166 hanc

296 3220 481 3275 scens,
514 3209 568 3261 in
597 3207 852 3276 permisto
895 3205 1093 3259 mundo
1139 3206 1428 3273 permistas
1450 3217 1662 3271 quoque
1702 3218 1881 3256 rerum
1909 3192 1955 3255 Ο
1988 3202 2348 3261 conditionem
2376 3201 2662 3271 temporis,
2693 3201 2737 3255 si
2786 3215 2814 3254 a
2848 3202 3212 3270 prepositione
3242 3200 3568 3271 dividamus,

297 3315 489 3354 causas
510 3315 627 3354 esse
654 3298 953 3367 proposuit,
987 3304 1045 3351 ut
1071 3296 1191 3351 alia:
1210 3296 1427 3365 quidem
1449 3309 1513 3349 ex
1540 3294 1879 3358 necessitate,

298 3394 421 3448 aliae
436 3407 565 3448 vero
579 3408 727 3455 casu,
753 3392 833 3443 vel
858 3391 1026 3447 libero
1047 3389 1290 3453 arbitrio,
1313 3388 1397 3443 vel
1420 3397 1691 3457 postremo
1712 3387 1882 3454 possi-

300 3492 508 3545 bilitate
538 3490 930 3559 contingerent.
962 3488 1200 3553 Quorum
1233 3484 1471 3540 omnium
1497 3499 1660 3538 unum
1684 3498 1880 3538 nomen

298 3596 412 3645 est,
440 3582 778 3647 utrumlibet,
809 3581 891 3635 vel
923 3581 975 3633 in
1006 3593 1156 3642 casu,
1189 3578 1271 3632 vel
1301 3579 1352 3631 in
1383 3577 1657 3631 voluntate
1679 3615 1694 3640 ,
1722 3576 1801 3629 vel
1828 3576 1879 3629 in

297 3674 671 3743 possibilitate.
697 3672 802 3727 Sed
828 3674 1015 3725 horum
1032 3670 1347 3724 divisionem
1371 3668 1515 3722 facit:
1540 3668 1670 3721 Nam
1696 3682 1878 3721 eorum

295 3787 418 3842 quae
444 3779 569 3827 sunt
592 3769 899 3824 utrumlibet
918 3809 931 3831 ,
957 3768 1057 3821 alia
1095 3776 1221 3821 sunt
1246 3779 1366 3834 quae
1393 3763 1670 3833 aequaliter
1691 3762 1759 3815 ad
1800 3761 1874 3816 af-
1900 3826 1903 3829 _

295 3868 657 3923 ﬁrmationem
680 3860 1085 3931 etnegationeni
1109 3874 1168 3914 se
1191 3858 1410 3917 habent.
1435 3864 1493 3910 ut
1510 3865 1594 3910 est
1617 3855 1876 3910 lecturum
1898 3888 1903 3909 λ

295 3974 387 4014 me
412 3973 533 4013 esse
584 3955 745 4011 hodie
769 3954 1044 4020 Virgilium
1072 3964 1126 4006 et
1171 3966 1276 4004 non
1310 3949 1595 4004 lecturum.
1644 3946 1881 4015 Utroque

294 4052 442 4106 enirn
472 4047 631 4102 modo
658 4055 941 4113 utrumque
965 4054 1075 4110 est,
1109 4042 1208 4095 hoc
1238 4048 1320 4094 est
1347 4038 1488 4093 enim
1519 4037 1656 4106 quod
1688 4039 1781 4103 ait,
1815 4038 1880 4091 Et

292 4155 408 4196 non
437 4138 606 4207 magis
631 4138 715 4191 vel
749 4135 1034 4189 afﬁrmatio
1063 4133 1143 4187 vel
1182 4130 1395 4199 negatio
1438 4137 1539 4183 est.
1583 4126 1879 4195 IEqualiter

294 4234 444 4289 enim
469 4239 526 4285 et
548 4243 756 4299 possum
779 4229 954 4297 legere
976 4225 1250 4294 Virgilium
1276 4235 1438 4287 nunc,
1460 4229 1517 4274 et
1539 4232 1752 4287 possum
1772 4234 1876 4272 non

295 4326 497 4394 legere.
547 4322 659 4377 Alia
708 4335 835 4375 vero
866 4327 990 4373 sunt
1034 4332 1154 4383 qua:
1196 4329 1300 4369 non
1341 4327 1399 4366 se
1460 4310 1737 4380 aequaliter
1781 4310 1878 4362 lia-

296 4418 453 4481 bent,
505 4416 604 4470 sed
634 4428 934 4483 quanquam
966 4412 1016 4464 in
1041 4424 1142 4463 una
1175 4422 1232 4461 re
1279 4402 1875 4473 frequentiuseveniat,

296 4523 403 4562 non
434 4517 612 4561 tamen
640 4503 963 4575 prohibitum
987 4510 1070 4556 est
1091 4501 1143 4554 in
1173 4500 1335 4553 altera
1361 4494 1642 4565 provenire
1662 4533 1677 4558 ,
1724 4502 1781 4547 ut
1824 4493 1878 4546 in

1987 3294 2055 3356 de
2073 3302 2180 3348 tota
2208 3294 2573 3362 propositione
2599 3292 2795 3345 veritas
2819 3292 2975 3360 'perit.
2998 3291 3111 3351 Non
3127 3294 3269 3345 enim
3286 3307 3567 3361 possumus

1986 3385 2167 3439 dicere
2189 3384 2440 3451 quoniam
2472 3399 2537 3437 ex
2575 3383 2892 3437 necessitate
2915 3382 3167 3438 Socrates
3187 3384 3358 3437 sedet.
3387 3384 3567 3442 Potest

1985 3478 2131 3531 enim
2162 3486 2215 3529 et
2255 3491 2360 3529 non
2411 3475 2622 3530 sedere.
2670 3474 2835 3527 Habet
2861 3475 3001 3527 enim
3044 3475 3327 3542 quamdam
3374 3490 3566 3532 conve-

1985 3570 2243 3623 nientiam
2276 3576 2328 3621 et
2376 3567 2749 3634 cognationem
2795 3574 3030 3633 potestas
3060 3566 3297 3620 Socratis
3322 3566 3460 3625 sicut
3499 3569 3565 3624 ad

1986 3660 2301 3725 sedendum,
2322 3657 2401 3713 sic
2421 3659 2583 3711 etiam
2606 3657 2670 3709 ad
2696 3672 2800 3709 non
2830 3655 3142 3715 sedendum.
3180 3656 3317 3724 Ergo
3345 3657 3395 3710 id
3422 3659 3562 3725 quod

1985 3752 2208 3811 dicimus
2237 3764 2301 3803 ex
2345 3749 2670 3803 necessitate
2708 3747 2983 3801 Socratem
3025 3746 3243 3812 sedete,
3274 3758 3395 3802 tunc
3440 3764 3558 3803 cum

1985 3846 2173 3911 sedet,
2228 3843 2295 3898 ad
2327 3840 2576 3896 accidens
2627 3839 2974 3910 respicientes
3017 3841 3384 3908 proponimus.
3429 3842 3560 3896 Nam

1984 3936 2197 4006 quando
2218 3934 2415 3991 accidit
2454 3934 2656 3987 Socrati
2684 3932 2904 3995 sedere,
2926 3946 2993 3985 eo
3025 3939 3267 4000 tempore
3297 3947 3401 4001 quo
3428 3934 3565 3986 acci-

1983 4029 2096 4092 dit,
2147 4028 2198 4084 ei
2255 4042 2360 4081 non
2404 4025 2665 4080 accidisse
2709 4038 2813 4077 non
2844 4032 3039 4092 potest.
3070 4022 3160 4076 Sic
3207 4023 3348 4076 enim
3379 4026 3471 4077 lict
3510 4033 3564 4078 ut

1983 4118 2159 4173 eidem
2177 4116 2362 4171 eadem
2388 4129 2475 4169 res
2500 4112 2705 4166 accidat
2720 4120 2775 4163 et
2798 4125 2904 4164 non
2920 4110 3124 4165 accidat
3145 4126 3249 4163 uno
3267 4112 3564 4179 eodemque

1986 4221 2249 4277 tempore,
2276 4207 2417 4274 quod
2448 4203 2780 4273 impossibile
2805 4212 2911 4255 est.
2944 4201 3145 4255 Idcirco
3168 4202 3420 4256 accidens
3449 4203 3563 4271 ejus

1985 4302 2327 4370 inspicientes
2356 4297 2585 4351 dicimus
2604 4338 2619 4361 ,
2666 4310 2888 4350 necesse
2915 4304 2995 4349 est
3037 4296 3312 4349 Socratem
3340 4296 3559 4361 sedere,

1986 4387 2210 4454 sed'non
2242 4393 2593 4461 simpliciter,
2646 4390 2738 4444 sed
2770 4398 2892 4443 tunc
2922 4404 3042 4442 cum
3088 4387 3259 4443 sedet.
3315 4388 3382 4443 Et
3430 4391 3563 4445 sicut

1983 4489 2299 4559 simpliciter
2345 4485 2653 4553 A‘IthiOpem
2687 4483 2869 4537 dicere
2899 4495 3021 4537 esse
3054 4480 3335 4542 candidum
3375 4482 3563 4537 falsum

298 4615 364 4654 eo
386 4599 528 4667 quod
571 4560 657 4652 esi
684 4596 951 4651 hominem
994 4595 1048 4647 in
1090 4600 1308 4648 senecta
1330 4601 1637 4643 canescere.
1680 4585 1735 4640 In
1765 4585 1879 4654 plu-
1904 4560 1958 4620 Ῑ)
1986 4593 2089 4651 εει,
2117 4596 2299 4636 verum
2332 4588 2507 4633 tamen
2565 4587 2648 4632 εει
2692 4576 2744 4629 in
2786 4574 2967 4642 aliquo
2995 4587 3113 4627 esse
3145 4572 3429 4628 candidum
3486 4575 3565 4645 (In

300 4695 445 4749 ribus
485 4692 700 4761 quidem
749 4688 851 4743 hoc
890 4685 1186 4756 contingit,
1237 4684 1329 4738 sed
1371 4679 1629 4750 contingit
1673 4678 1785 4733 ﬁeri
1824 4686 1879 4731 et

298 4788 552 4849 alterum,
574 4783 624 4837 id
641 4791 727 4838 est
748 4790 804 4834 ut
821 4796 925 4835 non
948 4790 1213 4835 canescat.
1232 4776 1472 4831 Alterum
1491 4788 1618 4829 vero
1634 4770 1875 4834 minime,

298 4877 350 4930 id
371 4887 454 4930 est
474 4885 537 4929 ut
550 4881 819 4928 eanescat.
849 4870 921 4924 Ita
946 4886 1073 4939 ergo
1096 4878 1150 4923 et
1178 4867 1552 4937 pOSSillil-‘lale.
1576 4874 1630 4918 et
1651 4876 1797 4917 casu.
1824 4869 1878 4915 et

300 4968 468 5023 libero
510 4965 759 5025 arbitrio,
789 4962 1268 5018 contradictionem
1296 4959 1346 5012 in
1381 4972 1481 5011 una
1522 4965 1670 5025 parte
1700 4953 1768 5006 de
1796 4952 1876 5004 fu-

298 5071 419 5115 turo
454 5058 678 5113 deﬁnite
704 5071 812 5111 non
836 5069 954 5110 esse
977 5067 1156 5107 veram
1190 5051 1271 5104 vel
1307 5050 1495 5103 falsam
1514 5087 1527 5109 ,
1570 5059 1665 5113 per
1688 5043 1878 5097 ﬁrmis-

298 5154 490 5207 simam
534 5159 587 5206 et
615 5148 1000 5204 validissimam
1031 5141 1545 5213 argumentationem
1576 5128 1873 5190 constituit.

298 5244 393 5300 liis
412 5255 594 5298 autem
616 5240 799 5310 adjicit
827 5239 928 5293 hoc

367 5336 543 5407 Igitur
566 5350 673 5389 esse
691 5333 830 5402 quod
846 5339 943 5395 est,
964 5328 1169 5400 quando
1188 5334 1281 5389 est,
1310 5332 1354 5379 et
1376 5339 1475 5376 non
1495 5335 1601 5374 esse
1621 5319 1756 5389 quod
1775 5334 1880 5373 non

295 5439 389 5495 est,
404 5427 617 5500 quando
638 5442 740 5479 non
761 5434 853 5492 est,
878 5436 1074 5476 necesse
1095 5428 1186 5474 est.
1211 5416 1316 5472 Sed
1338 5432 1438 5469 non
1465 5428 1610 5466 omne
1628 5414 1762 5482 quod
1781 5421 1875 5473 est,

299 5538 497 5578 necesse
524 5528 596 5574 est
616 5535 743 5583 esse,
774 5528 865 5570 nec
891 5531 1037 5569 omne
1063 5513 1199 5582 quod
1221 5526 1318 5563 non
1341 5518 1439 5572 est,
1456 5519 1655 5559 necesse
1679 5513 1752 5556 est
1777 5519 1880 5555 non

299 5632 425 5670 esse.
464 5611 587 5667 Non
611 5612 745 5665 enim
763 5610 900 5663 idem
922 5616 993 5660 est
1020 5621 1165 5659 omne
1185 5603 1318 5669 quod
1342 5610 1436 5663 est,
1467 5596 1751 5650 necessario
1775 5609 1881 5648 esse

296 5707 501 5772 quando
530 5713 633 5766 est,
662 5712 707 5755 et
734 5698 1031 5768 simpliciter
1057 5712 1160 5750 esse
1185 5709 1250 5749 ex
1278 5690 1590 5745 necessitate.
1629 5686 1880 5744 Similiter

293 5807 466 5854 autem
496 5805 541 5850 et
566 5794 618 5849 ιδ
638 5807 698 5847 σο
715 5792 851 5852 quod
880 5806 979 5843 non
1004 5796 1093 5841 est.

1988 4675 2155 4729 oculis
2177 4674 2319 4729 enim
2340 4679 2391 4725 et
2425 4667 2678 4724 dentibus
2708 4664 2789 4720 illi
2813 4664 3013 4718 candor
3041 4663 3226 4729 inest),
3252 4664 3323 4717 ita
3353 4680 3565 4736 quoque

1987 4766 2177 4821 falsum
2200 4773 2280 4819 est
2299 4763 2577 4817 Socratem
2602 4773 2665 4811 ex
2690 4755 3009 4811 necessitate
3028 4754 3215 4809 sedere
3231 4754 3562 4825 simpliciter.

1989 4860 2182 4914 Verum
2207 4865 2383 4909 autem
2406 4860 2490 4908 est
2511 4851 2649 4905 hanc
2663 4847 3035 4903 necessitatem
3059 4847 3110 4900 in
3133 4846 3313 4917 aliquo
3336 4850 3565 4917 quodam

1988 4963 2204 5017 tenere,
2231 4954 2287 5001 et
2308 4960 2414 4998 non
2438 4941 2754 5010 simpliciter
2776 4936 3076 5007 prmdicari,
3102 4947 3159 4990 ut
3182 4936 3421 4991 dicamus
3444 4950 3566 4993 tunc

1984 5057 2107 5095 cum
2156 5038 2328 5093 sedet.
2356 5031 2817 5102 Quemadmodum
2866 5029 3007 5083 enim
3040 5028 3092 5082 in
3141 5029 3258 5084 sole
3299 5029 3565 5095 dicimus,

1982 5132 2234 5205 quoniam
2267 5130 2435 5184 solem
2469 5124 2673 5181 moveri
2703 5137 2921 5177 necesse
2950 5131 3031 5175 est
3054 5121 3385 5190 simpliciter,
3418 5122 3459 5175 si
3493 5124 3563 5176 ita

1984 5225 2254 5286 dicamus,
2291 5220 2584 5291 ,Socratem
2619 5215 2806 5270 sedere
2842 5226 3065 5268 necesse
3094 5223 3208 5275 est,
3234 5212 3425 5266 falsum
3459 5227 3560 5267 est.

1986 5321 2079 5375 Sin
2110 5331 2238 5372 vero
2288 5326 2649 5369 marmoreum
2691 5310 2968 5365 Socratem
3000 5306 3272 5369 dicamus,
3313 5306 3562 5374 quoniam

1988 5420 2345 5467 marmoreum
2369 5405 2643 5459 Socratem
2669 5399 2860 5454 sedere
2888 5411 3110 5451 necesse
3134 5404 3235 5449 est.
3261 5395 3302 5446 si
3334 5394 3558 5451 fortasse

1982 5504 2177 5557 sedens
2210 5497 2471 5552 formatus
2491 5494 2584 5557 sit,
2608 5507 2791 5547 verum
2821 5498 2921 5555 est,
2953 5496 3008 5543 et
3037 5487 3351 5554 simpliciter
3376 5486 3443 5541 de
3475 5488 3562 5541 tali

1984 5598 2207 5651 Socrate
2234 5590 2529 5648 necessitas
2570 5587 2764 5656 poterit
2809 5582 3106 5651 prtedicari.
3142 5579 3211 5632 lle
3242 5578 3357 5646 ipso
3386 5589 3562 5635 autem

1985 5693 2208 5747 Socrate
2229 5683 2550 5755 simpliciter
2565 5681 2683 5735 talis
2708 5677 3000 5733 necessitas
3022 5688 3127 5727 non
3149 5672 3358 5727 dicitur.
3384 5674 3563 5742 Neque

1983 5783 2125 5841 enim
2179 5779 2293 5838 ﬁeri
2328 5784 2507 5845 potest
2554 5784 2608 5831 ut
2638 5776 2889 5831 Socrates
2931 5783 2997 5824 ex
3027 5766 3344 5824 necessitate
3382 5766 3563 5823 sedeat
