4090 6342
495 300 597 357 515

1704 308 1814 363 ΑΝ.
1854 304 2063 364 MANL.
2106 302 2258 365 διν.
2303 304 2525 363 ιιοετιι

3606 224 3617 249 ι

3654 302 3763 363 516

493 428 589 482 nisi
619 427 845 481 fortasse
872 438 991 479 cum
1029 422 1208 486 sedet,
1240 431 1367 476 tunc
1395 421 1538 476 enim
1565 435 1683 477 cum
1716 422 1897 485 sedet,
1924 437 2060 492 quo-
2091 428 2144 484 Α
2170 420 2299 475 falsa
2319 463 2335 487 ,
2363 431 2455 476 aut
2476 421 2620 477 enim
2647 420 2885 476 lecturus
2910 427 3014 489 est,
3046 428 3137 475 aut
3156 435 3261 475 non
3290 421 3547 487 lecturus,
3570 434 3623 479 et
3660 426 3768 491 hoc
3838 442 3853 451 ·

493 523 632 574 niatn
664 519 808 572 sedet
843 527 897 571 et
921 531 1024 569 non
1057 524 1229 582 potest
1260 529 1364 566 non
1391 517 1601 574 sedere,
1629 529 1692 568 ex
1747 514 2067 568 necessitate

493 615 640 669 sedet
669 609 867 678 alioqui
900 607 1212 676 simpliciter
1237 616 1291 660 et
1316 622 1419 659 non
1447 621 1512 661 es
1545 606 1866 660 necessitate
1892 606 2064 670 sedet,

494 707 586 761 sed
608 705 996 769 contingenter.
1031 698 1212 752 Potest
1242 700 1382 752 enim
1423 714 1666 768 surgere.
1701 698 1853 766 Quod
1888 710 2066 753 autem

494 815 553 855 ex
587 798 904 851 necessitate
927 793 1245 863 simpliciter
1273 804 1386 859 est,
1411 795 1553 847 illam
1599 808 1703 847 non
1740 801 1917 861 potest
1938 778 2069 860 per-

494 901 695 945 tnntare
744 890 1142 949 necessitatem,
1174 895 1230 938 ut
1260 885 1510 953 quoniam
1545 885 1859 947 simpliciter
1898 883 2068 937 solem

494 982 689 1037 tnuveri
723 994 942 1034 necesse
972 990 1089 1043 εει,
1120 978 1199 1031 sol
1239 989 1383 1031 Stare
1424 977 1567 1030 nulla
1616 978 1822 1030 ratione
1872 984 2067 1043 potest.

494 1072 604 1128 lloc
634 1073 793 1141 igitur
835 1070 1151 1124 Aristoteles
1184 1068 1342 1135 dicit,
1389 1082 1546 1120 omne
1575 1067 1714 1136 quod
1747 1076 1827 1121 est
1857 1067 2071 1135 quando

495 1177 591 1229 cst,
623 1174 676 1220 et
716 1178 874 1217 omne
904 1162 1043 1231 quod
1095 1177 1198 1214 non
1231 1168 1340 1224 est,
1385 1160 1602 1229 quando
1649 1174 1754 1212 non
1792 1168 1905 1224 est,
1950 1173 2071 1213 esse

494 1274 608 1312 cum
622 1258 936 1312 conditione
958 1266 1137 1309 etnon
1162 1268 1301 1315 esse,
1330 1266 1550 1307 necesse
1570 1262 1672 1314 est,
1702 1251 1797 1305 sed
1824 1265 1931 1305 non
1953 1252 2073 1305 sine

495 1352 797 1407 conditione
845 1358 936 1401 aut
982 1361 1101 1401 esse
1129 1355 1219 1398 aut
1267 1360 1371 1398 non
1404 1358 1521 1398 esse
1561 1342 1895 1411 simpliciter.
1945 1342 2072 1397 llaec

494 1445 632 1500 Bnitn
678 1444 804 1497 sutis
846 1442 953 1494 illis
1001 1437 1405 1492 necessitatibus
1452 1435 1703 1489 attributa
1749 1443 1877 1487 sunt
1926 1448 2074 1501 qum-

495 1548 702 1603 cunque
730 1533 924 1585 nullius
952 1532 1201 1599 potentia:
1229 1538 1320 1582 aut
1359 1527 1694 1595 cognationis
1729 1527 1793 1579 ad
1826 1524 2073 1594 opposita

494 1635 644 1689 sunt,
678 1634 735 1677 ut
772 1624 848 1676 sol
882 1623 945 1674 ad
977 1623 1241 1691 quietem,
1277 1622 1354 1672 vel
1388 1619 1525 1688 ignis
1567 1619 1629 1671 ad
1670 1619 1857 1686 frigus.
1891 1616 2074 1685 Neque

497 1723 632 1778 enim
663 1719 800 1773 idem
843 1726 945 1779 est,
993 1717 1193 1784 inquit,
1232 1714 1547 1767 Mismteles
1573 1753 1588 1776 ,
1628 1728 1695 1767 ex
1754 1713 2076 1767 necessitate

2171 514 2394 569 confuse
2422 525 2477 568 et
2520 515 2570 566 ιιι
2602 523 2707 568 tota
2738 513 2982 569 oratione
3029 525 3393 583 perspectum.
3432 516 3539 572 Sed
3589 520 3769 572 nullus

2171 617 2342 677 potest
2365 606 2604 662 dividere
2623 617 2676 661 et
2698 605 3041 673 respondere,
3065 609 3318 675 quoniam
3338 622 3456 662 vera
3481 617 3564 662 est
3616 620 3670 663 et
3688 610 3768 662 le-

2173 707 2382 752 cturum
2406 713 2527 752 eum
2549 711 2690 763 esse,
2712 698 2794 751 vel
2821 710 2967 751 certe
2990 698 3239 764 quoniam
3259 714 3382 753 vera
3405 708 3486 753 est
3510 716 3617 754 non
3642 716 3773 754 eum

2172 805 2293 845 esse
2316 792 2595 845 lecturum.
2621 790 2731 843 Hoc
2759 799 2940 843 autem
2972 805 3074 843 non
3107 791 3245 856 quod
3275 792 3554 846 audientes
3583 793 3654 846 de
3688 792 3775 845 ιυ-

2176 893 2298 939 tnro
2336 884 2654 947 nesciamus,
2687 882 2781 937 sed
2801 882 2940 951 quod
2970 883 3155 936 eadem
3183 897 3271 937 res
3296 894 3349 937 et
3376 860 3497 938 esse
3519 888 3690 954 possit
3719 894 3776 938 et

2175 986 2281 1028 non
2319 989 2460 1028 esse.
2495 974 2704 1042 Alioqui
2745 972 2792 1027 si
2823 988 2886 1026 ex
2918 984 3096 1027 nostra
3126 974 3347 1027 scientia
3376 974 3479 1028 hoc
3500 975 3774 1041 eveniret,

2173 1076 2228 1120 et
2257 1081 2363 1120 non
2398 1082 2461 1121 es
2493 1066 2727 1135 ipsarum
2755 1081 2934 1121 rerum
2966 1067 3203 1120 variabili
3232 1079 3283 1121 et
3316 1069 3591 1124 indelian
3649 1084 3776 1131 tro-

2179 1169 2341 1213 ventu
2361 1203 2375 1227 ,
2418 1159 2510 1213 illa
2539 1174 2725 1214 rursus
2748 1159 3155 1229 impossibilitas
3178 1160 3547 1231 contingeret,
3574 1173 3630 1216 ut
3654 1178 3777 1217 om-

2176 1250 2259 1304 nia
2291 1254 2579 1306 necessitas
2593 1251 3013 1306 administraret.
3036 1251 3155 1305 Non
3176 1256 3317 1307 enim
3348 1263 3564 1323 propter
3586 1255 3775 1309 scien-

2180 1345 2308 1396 tiam
2327 1353 2563 1397 nostrain
2594 1342 2734 1411 quod
2756 1358 2821 1397 ex
2844 1344 3163 1398 necessitate
3190 1354 3295 1409 est,
3324 1356 3638 1399 eventurmn
3663 1354 3776 1401 est.

2179 1434 2284 1489 Sed
2312 1436 2521 1490 etiamsi
2548 1450 2647 1489 nos
2671 1436 2974 1490 nesciamus
2992 1475 3007 1500 ,
3039 1435 3144 1490 Erit
3171 1446 3346 1491 tamen
3371 1440 3487 1503 eius
3513 1442 3584 1491 re?
3610 1454 3779 1492 even-

2180 1537 2267 1582 tus
2311 1529 2656 1593 constitutus,
2711 1539 2766 1584 et
2814 1530 3176 1585 indubitanter
3205 1531 3349 1584 illam
3399 1546 3511 1585 rem
3543 1534 3781 1587 laturam

2179 1636 2298 1675 esse
2344 1636 2562 1676 necesse
2590 1631 2690 1676 eat.
2736 1622 2875 1693 Ergo
2904 1624 3155 1693 quoniam
3189 1624 3288 1678 hoc
3323 1626 3437 1678 lieri
3469 1632 3684 1694 nequit,
3723 1636 3783 1686 et

2180 1714 2563 1781 suntquaedam
2594 1726 2713 1782 quas
2739 1729 2842 1767 non
2871 1729 2937 1768 ex
2966 1715 3286 1770 necessitate
3307 1717 3783 1784 proveniantgsed

497 1820 611 1873 esse
655 1812 849 1882 aliquid
885 1811 1095 1880 quando
1127 1819 1208 1863 est
1232 1809 1282 1861 in
1312 1808 1649 1871 conditione,
1685 1807 1767 1859 vel
1804 1816 1909 1859 non
1953 1818 2075 1859 esse
2104 1805 2153 1865 Β
2177 1804 2574 1873 contingenter,
2610 1806 2667 1859 in
2698 1806 2780 1859 his
2806 1820 3110 1877 quanquam
3146 1810 3307 1862 totius
3332 1809 3785 1865 contradictioni!

497 1911 704 1981 quando
733 1924 835 1962 non
865 1915 984 1970 est,
1031 1912 1083 1959 et
1112 1902 1425 1969 simpliciter
1458 1901 1636 1955 dicere
1668 1900 1846 1953 omnia
1880 1914 1947 1952 ex
1977 1914 2074 1953 ne-

498 2001 742 2058 cessitate
766 2008 917 2061 esse‘,
953 1998 1029 2047 vel
1064 2004 1175 2048 non
1203 2009 1341 2049 csse.
1371 1993 1511 2046 Illud
1540 1994 1681 2046 enim
1712 1991 1948 2045 conditio
1984 2004 2075 2043 ve-

499 2108 610 2147 rum
638 2091 777 2153 fecit,
805 2091 857 2141 in
881 2089 979 2141 hoc
1008 2082 1743 2153 simplicitatisnatura'eilicit
1771 2084 2070 2135 veritatem.

498 2180 748 2239 Similiter
769 2188 966 2242 autem,
997 2180 1186 2246 inquit.
1210 2187 1279 2251 Oct
1315 2179 1364 2229 in
1393 2191 1459 2229 eo
1486 2176 1627 2244 quod
1656 2190 1759 2228 non
1786 2184 1901 2242 est,
1932 2174 2072 2226 idem

496 2286 594 2334 est.
626 2276 738 2330 Non
768 2274 909 2329 enim
940 2286 1098 2327 omne
1125 2272 1264 2340 quod
1298 2286 1404 2323 non
1425 2282 1525 2333 eat,
1559 2284 1665 2323 non
1692 2282 1812 2323 esse
1853 2281 2075 2322 necesse

497 2378 604 2434 est,
635 2368 729 2421 sed
773 2368 897 2420 tunc
924 2382 1047 2419 cutn
1078 2378 1182 2417 non
1215 2372 1328 2428 est,
1364 2372 1488 2415 tunc
1529 2376 1635 2415 non
1686 2374 1806 2415 esse
1855 2372 2078 2413 necesse

498 2469 597 2525 εει,
630 2469 683 2512 ει
730 2458 914 2513 hocin
967 2456 1275 2511 conditione
1314 2462 1533 2518 rursus,
1572 2469 1676 2508 non
1736 2452 2074 2521 simpliciter.

500 2548 705 2605 Duabus
755 2548 911 2617 igitur
956 2547 1036 2600 his
1069 2548 1477 2601 necesilalibus
1510 2545 1921 2609 tlenionstratis,
1975 2556 2079 2597 una

503 2643 700 2701 scilicet
729 2639 1101 2702 conditionali,
1127 2639 1296 2693 altera
1326 2638 1579 2707 simplici.
1618 2638 1820 2689 Rursus
1849 2633 1913 2687 ad
1943 2650 2079 2688 con-

498 2732 867 2789 tradictionem
890 2730 956 2782 de
987 2733 1160 2782 futuro
1182 2727 1624 2798 contingentique
1649 2726 1955 2781 revertitur.

567 2823 635 2876 Et
662 2825 712 2875 in
742 2820 1146 2875 contradictione
1191 2823 1367 2874 eadem
1400 2823 1531 2873 ratio
1560 2831 1653 2874 est.
1702 2818 1828 2872 Esse
1875 2818 2081 2885 quidem

498 2917 572 2973 vel
598 2932 697 2970 non
726 2930 830 2969 esse
860 2926 1020 2977 omrre,
1059 2926 1257 2967 necesse
1287 2922 1382 2975 est,
1412 2924 1457 2965 et
1476 2912 1708 2981 futurum
1730 2928 1835 2965 esse
1858 2912 1933 2963 vel
1956 2922 2078 2963 non.

504 3008 620 3062 Non
671 3017 837 3060 tanien
885 3006 1189 3059 dividentem
1235 3005 1402 3058 dicere
1450 3007 1667 3057 alterum
1718 3004 2076 3056 necessarium.

504 3099 635 3152 Dico
655 3102 903 3152 aittertt‘ttt
927 3108 1126 3150 necesse
1152 3108 1223 3149 est
1266 3096 1467 3163 quidem
1496 3106 1603 3147 esse
1632 3098 1863 3162 futurum
1895 3092 2081 3147 bellant

2181 1902 2232 1954 in
2256 1900 2495 1968 qualibet
2515 1899 2631 1969 ejus
2663 1909 2811 1968 parte
2847 1901 3044 1953 veritus
3073 1900 3377 1955 inveniatur
3402 1912 3493 1955 aut
3531 1903 3782 1971 lalsitas,

2181 2004 2284 2046 non
2328 1998 2509 2046 tamen
2542 1999 2603 2045 ut
2637 1991 2829 2058 aliquis
2872 1991 3078 2045 dividat
3121 2002 3175 2047 et
3207 1993 3347 2046 dicat
3376 1993 3515 2047 hanc
3558 1995 3787 2062 quidem

2182 2098 2360 2138 veram
2390 2098 2532 2149 esse,
2556 2084 2701 2137 illam
2725 2098 2852 2137 vero
2882 2085 3089 2150 falsam,
3117 2085 3258 2152 quod
3291 2086 3592 2152 hujusmodi
3619 2100 3787 2140 mon-

2180 2176 2371 2229 stravit
2398 2176 2667 2245 esempio.
2700 2174 2832 2229 Cras
2859 2161 3002 2230 enim
3043 2175 3243 2231 bellum
3278 2178 3468 2230 navale
3499 2176 3615 2232 lieri
3638 2217 3651 2240 ,
3681 2186 3783 2235 aut

2183 2282 2288 2326 non
2319 2267 2439 2322 ﬁeri
2477 2274 2697 2322 necesse
2725 2273 2835 2331 est,
2876 2280 2985 2321 non
3016 2273 3192 2343 tamen
3223 2283 3289 2323 ex
3322 2270 3644 2323 necessitate
3684 2270 3784 2325 lict

2181 2378 2320 2427 cras,
2352 2370 2444 2415 aut
2477 2362 2802 2416 necessitate
2836 2374 2957 2415 cras
2989 2374 3093 2414 non
3138 2361 3247 2413 lict.
3286 2359 3351 2415 Ut
3388 2360 3559 2429 possit
3581 2361 3789 2429 aliquis

2185 2453 2427 2509 dividere
2452 2452 2829 2523 etprzedicare
2873 2452 3061 2507 dicens
3082 2493 3096 2516 ,
3128 2462 3251 2506 cras
3280 2452 3400 2514 ﬁet,
3432 2463 3487 2504 ut
3520 2453 3616 2503 ho:
3652 2464 3793 2511 νει-ε

2182 2544 2344 2608 dicat,
2368 2554 2420 2599 et
2447 2544 2516 2597 ita
2543 2559 2605 2597 ex
2632 2543 2855 2596 deﬁnito
2877 2542 3182 2613 contingat,
3214 2543 3298 2613 vel
3321 2554 3506 2596 rursus
3526 2556 3648 2597 eras
3669 2557 3785 2599 non

2184 2637 2294 2703 ﬁet,
2327 2646 2380 2691 et
2412 2638 2509 2690 hoc
2539 2636 2726 2690 eodem
2762 2635 2922 2689 modo
2943 2636 3240 2705 proveniat,
3277 2636 3375 2691 hoc
3404 2637 3519 2690 lleri
3550 2650 3654 2689 non
3681 2650 3785 2703 ρης

2184 2740 2320 2795 test,
2356 2730 2447 2782 sed
2483 2739 2685 2783 tantum
2713 2728 2988 2783 indeﬁnite
3009 2742 3341 2799 qutectmque
3372 2745 3471 2783 uni
3501 2732 3625 2799 pars
3645 2740 3783 2783 con:

2182 2823 2517 2879 tradictionis
2548 2836 2671 2875 vera
2702 2832 2804 2885 est,
2837 2823 3000 2875 altera
3035 2820 3187 2888 falsa,
3221 2822 3315 2875 sed
3344 2838 3464 2892 quae
3501 2826 3776 2878 evenerit.

2189 2916 2426 2971 Eventus
2477 2924 2661 2969 autem
2709 2915 2949 2982 ipsorum
3004 2914 3329 2968 indiscretus
3368 2923 3483 2979 est,
3532 2924 3585 2969 et
3632 2913 3774 2970 illud

2182 3009 2324 3063 enim
2349 3016 2403 3063 et
2430 3008 2565 3063 illttd
2596 3007 2788 3075 poterit
2816 3007 3052 3061 evenire.
3102 3006 3214 3059 Hoc
3243 3016 3420 3059 antem
3464 3007 3663 3061 idcirco
3690 3016 3781 3061 est

2187 3101 2439 3169 quoniam
2470 3110 2575 3154 non
2601 3109 2682 3152 est
2721 3106 2789 3153 est
2817 3098 3215 3168 antiquioribus
3243 3098 3567 3166 quibusdam
3595 3099 3781 3151 causis

502 3189 674 3244 navale
693 3196 823 3254 cras,
856 3189 929 3243 vel
958 3204 1059 3241 non
1093 3191 1325 3257 futurum
1356 3202 1484 3251 esse,
1519 3186 1605 3239 sed
1637 3201 1739 3238 non
1772 3200 1969 3239 necesse
2004 3194 2080 3238 est
2108 3174 2159 3240 C
2186 3193 2425 3263 pendens
2477 3206 2671 3246 rerum
2705 3199 2950 3245 eventus;
2992 3190 3326 3260 lit-quaedam
3382 3190 3779 3257 qu-tdannnodo

502 3286 731 3351 futurum
755 3294 862 3333 esse
882 3290 993 3332 oras
1013 3279 1204 3331 bellum
1232 3277 1431 3341 navale,
1474 3278 1548 3330 vel
1580 3292 1679 3330 non
1704 3277 1930 3346 fleturum
1952 3290 2081 3331 esse.

501 3370 758 3425 Futurum
778 3379 947 3423 autem
972 3371 1049 3422 vel
1098 3382 1206 3422 esse
1248 3366 1325 3421 vel
1356 3378 1453 3421 non
1483 3382 1589 3421 esse
1614 3382 1812 3421 necesse
1842 3375 1935 3420 est.

572 3462 885 3517 Planissitne
914 3470 1032 3529 quae
1061 3459 1324 3514 sententia
1357 3458 1650 3512 haberetur
1671 3457 1741 3510 de
1768 3457 2083 3526 contingens

499 3553 641 3609 tibus
679 3553 1129 3623 propositionibus
1162 3559 1217 3604 ct
1248 3548 1441 3604 futuris
1471 3550 1719 3618 exposuit
1745 3548 1971 3603 dicens:
2026 3549 2083 3603 In

499 3642 578 3700 itis
628 3644 840 3713 quidem
899 3653 1063 3698 totam
1123 3642 1607 3697 contradictionem
1663 3642 1861 3697 dictam
1918 3656 2077 3696 utram

498 3741 785 3811 quamlibet
807 3748 1009 3808 partem
1035 3750 1215 3792 veram
1236 3738 1451 3801 habere,
1481 3738 1704 3792 alteram
1738 3736 1957 3802 falsam,
1989 3735 2080 3789 sed

500 3845 600 3887 non
627 3841 684 3885 ιιι
703 3832 893 3901 aliquis
914 3830 1113 3885 dividat
1135 3839 1293 3899 atque
1323 3832 1662 3900 respondeat.
1697 3832 1843 3885 lianc
1863 3830 2079 3901 quidem

500 3934 559 3976 cx
590 3922 910 3975 necessitate
936 3934 1059 3976 esse
1090 3932 1289 3983 veram,
1326 3921 1471 3975 illam
1496 3936 1627 3975 vero
1660 3937 1724 3976 ex
1761 3922 2085 3975 necessitate

498 4015 711 4069 literam
755 4013 965 4079 falsam,
1016 4023 1072 4068 ut
1123 4015 1172 4069 iu
1230 4030 1296 4069 eo
1336 4014 1478 4085 quod
1509 4013 1770 4078 dicimus,
1806 4014 1885 4067 sol
1924 4013 2084 4068 hodie

499 4104 718 4169 occidet,
748 4105 828 4159 sol
862 4105 1017 4159 hodie
1067 4120 1172 4158 non
1205 4104 1416 4159 occidet
1441 4146 1456 4171 ,
1507 4104 1756 4158 facillime
1788 4104 1839 4158 in
1868 4103 1952 4157 bis
1983 4104 2085 4158 ali-

499 4199 613 4267 quis
650 4196 891 4250 dividens
928 4195 1088 4261 divit,
1123 4196 1377 4265 quoniam
1400 4195 1571 4247 Solem
1606 4194 1766 4248 hodie
1797 4196 2076 4262 occidere,

499 4301 559 4345 ex
586 4292 900 4344 necessitate
926 4304 1107 4343 verum
1139 4297 1250 4351 est,
1287 4300 1391 4343 non
1419 4289 1687 4352 occidere,
1732 4301 1799 4343 ex
1848 4288 2083 4343 necessi-

497 4386 600 4435 tate
625 4382 832 4435 falsum.
861 4380 930 4434 Ita
958 4394 1077 4436 sese
1106 4381 1265 4433 habet
1290 4380 1590 4433 divinorum
1621 4393 1907 4447 corporum
1942 4379 2082 4434 ratio

497 4484 545 4530 et
575 4483 758 4530 natura
782 4484 882 4538 ,-nt
918 4476 968 4529 In
1002 4476 1083 4529 his
1115 4475 1263 4528 nulla
1308 4475 1560 4544 cognatio
1595 4475 1664 4527 sit
1696 4473 1763 4527 ad
1792 4476 2035 4543 opposita
2060 4516 2075 4540 ,

2189 3283 2527 3339 necessitatis
2554 3290 2749 3337 catena
2773 3284 2871 3346 sit,
2902 3282 2999 3337 sed
3025 3283 3201 3349 potius
3242 3281 3353 3333 Inc
3382 3296 3446 3334 es
3476 3291 3661 3335 nostro
3687 3296 3783 3333 ar—

2186 3376 2353 3430 bitrio
2375 3385 2429 3429 et
2462 3374 2631 3428 libera
2668 3366 2945 3427 voluntate
2991 3380 3147 3439 sunt,
3198 3373 3250 3425 iit
3300 3372 3494 3441 quibus
3523 3382 3601 3426 est
3630 3372 3787 3429 nulla

2186 3465 2501 3520 necessitas.
2532 3464 2687 3532 Quod
2715 3465 2785 3529 si,
2816 3464 3011 3534 inquit,
3046 3464 3295 3520 similiter
3323 3466 3595 3519 orationes
3635 3478 3783 3519 vera

2185 3565 2309 3611 sunt
2352 3554 2887 3629 quentadtnodutn‘et
2932 3570 3047 3619 res,
3080 3555 3183 3610 hoc
3211 3556 3438 3624 sumpsit
3478 3569 3507 3608 a
3536 3554 3781 3617 Platone,

2186 3648 2273 3717 qui
2301 3646 2435 3701 dixit
2463 3646 2710 3699 similiter
2740 3662 2798 3700 se
2840 3645 3039 3701 habere
3081 3647 3352 3701 orationes
3383 3645 3579 3711 rebus,
3610 3654 3664 3700 et
3689 3660 3783 3700 co-

2184 3751 2375 3811 gnatus
2402 3740 2795 3809 quodaminodo
2829 3754 2950 3794 (ξε-θ
2984 3742 3036 3793 itt
3058 3740 3172 3807 ipsa
3204 3740 3618 3810 signiﬁcatione,
3652 3750 3708 3793 ut
3734 3740 3783 3799 si

2184 3834 2289 3889 sint
2319 3849 2404 3888 res
2442 3831 2899 3901 intpermutabiles
2929 3841 2982 3886 et
3013 3832 3225 3886 ratione
3262 3832 3433 3886 stabili
3461 3847 3783 3900 permanen-

2188 3937 2265 3981 tes
2285 3968 2297 3989 .
2324 3926 2497 3980 oratio
2515 3920 2726 3995 quoque
2750 3925 2819 3979 de
2836 3926 2916 3980 bis
2939 3941 3062 3980 vera
3088 3934 3233 3979 esset
3253 3935 3305 3980 et
3330 3926 3658 3980 necessaria.
3681 3926 3785 3982 Sin

2184 4033 2316 4074 vero
2344 4030 2484 4073 esset
2518 4033 2604 4071 res
2652 4033 2773 4087 qua:
2801 4018 3060 4073 varietate
3108 4027 3313 4071 natum.
3351 4032 3622 4083 nunquam
3654 4031 3777 4084 per-

2186 4118 2347 4179 petuo
2377 4117 2734 4176 permaneret,
2767 4108 2819 4162 in
2845 4108 3180 4162 orationibus
3208 4121 3419 4177 quoque
3449 4108 3548 4160 lixa
3579 4119 3781 4164 veritas

2187 4216 2291 4256 non
2318 4212 2484 4265 esset,
2520 4211 2573 4255 et
2603 4202 2747 4255 nulla
2783 4216 2877 4269 per
2908 4200 3212 4269 huiusmodi
3235 4203 3510 4256 orationes
3548 4203 3779 4255 demon-

2189 4297 2378 4349 stratio
2418 4294 2744 4361 proveniret.
2794 4294 2902 4346 Hoc
2931 4308 3058 4359 ergo
3099 4308 3317 4349 sumens
3358 4293 3674 4347 Aristoteles
3723 4302 3779 4349 ut

2188 4389 2388 4458 eptitnc
2409 4388 2605 4440 dictum
2624 4427 2637 4451 ,
2665 4387 2741 4441 sic
2780 4386 2884 4439 ait:

2258 4479 2428 4545 Quare
2448 4481 2692 4550 quoniam
2718 4479 2976 4531 orationes
3004 4477 3237 4531 similiter
3264 4491 3399 4531 certe
3421 4488 3571 4542 sunt,
3600 4495 3777 4548 qnetttg

496 4574 650 4636 Itque
676 4566 794 4620 ideo
824 4566 906 4621 vel
941 4565 1081 4636 quod
1126 4574 1289 4631 sunt,
1331 4580 1394 4620 ex
1429 4565 1755 4621 necessitate
1783 4576 1909 4621 sunt
1933 4609 1945 4632 ,
1994 4568 2078 4623 vel
2105 4552 2169 4615 θ’
2184 4576 2465 4628 admodum
2488 4582 2562 4627 ‘et
2598 4589 2707 4641 res,
2754 4574 3081 4640 inartifeslunt
3132 4584 3205 4628 est
3244 4574 3488 4643 quoniam
3537 4591 3777 4641 ,Μαίνῃ

496 4656 632 4726 quod
681 4671 786 4710 non
836 4662 994 4723 sunt,
1030 4672 1093 4711 ex
1145 4657 1463 4711 necessitate
1504 4672 1610 4710 non
1641 4667 1784 4711 sunt.
1832 4657 1905 4711 Ea
1947 4673 2078 4711 vero

497 4761 610 4818 qua:
634 4749 683 4802 in
708 4750 1056 4818 generatione
1084 4757 1137 4803 et
1164 4749 1506 4816 corruptione
1534 4756 1678 4814 sunt,
1701 4764 1802 4803 non
1829 4751 1902 4804 ita
1924 4761 2075 4817 sunt,

495 4837 689 4896 habent
731 4843 874 4896 enim
909 4840 1009 4894 hoc
1039 4842 1153 4910 ipso
1177 4840 1319 4910 quod
1346 4851 1400 4895 et
1425 4841 1714 4911 gignuntur
1745 4852 1798 4896 ct
1827 4857 2079 4898 eorrum-

495 4943 686 5002 puntur
726 4932 792 4986 ad
824 4933 1067 5002 opposita
1095 4932 1464 5001 coartationem
1486 4974 1500 4998 ,
1532 4942 1692 5001 atque
1740 4933 1863 4988 ideo
1894 4935 1946 4989 in
1989 4935 2075 4990 his

494 5035 703 5079 nonest
736 5040 894 5079 unam
945 5032 1150 5092 partem
1191 5023 1637 5079 contradictionis
1678 5038 1950 5081 assumere
1974 5071 1987 5095 ,
2023 5035 2077 5081 et

495 5130 607 5168 c:nn
638 5117 946 5172 necessario
976 5132 1095 5172 esse
1131 5118 1453 5185 praedicare,
1488 5127 1543 5172 et
1571 5134 1756 5174 rursus
1787 5121 1946 5174 aliam
1979 5136 2077 5175 ne-

495 5211 730 5263 cessario
777 5226 882 5264 non
911 5226 1031 5266 esse
1083 5218 1409 5280 proponere,
1461 5213 1704 5281 quamvis
1750 5214 1915 5268 totius
1949 5230 2079 5267 con-

495 5300 830 5356 tradietionis
853 5318 955 5357 una
982 5303 1231 5372 quatlibet
1266 5316 1388 5369 pars
1415 5316 1535 5358 vera
1560 5305 1662 5370 sit,
1705 5305 1879 5359 altera
1919 5306 2072 5371 falsa,

494 5390 585 5445 sed
619 5393 899 5462 incoquitae
923 5405 976 5449 et
1020 5393 1342 5459 indeﬁnitm,
1383 5403 1438 5447 et
1485 5408 1591 5447 non
1646 5395 1821 5451 nobis.
1878 5395 2079 5452 Verum-

495 5485 616 5552 quia
671 5496 856 5541 natura
910 5489 1145 5557 ipsarum
1192 5500 1369 5539 rerum
1421 5503 1540 5554 quae
1588 5500 1954 5557 proponuntur
1979 5493 2077 5545 dua

496 5576 727 5633 nitabilis
750 5587 831 5635 est
851 5620 865 5645 ,
898 5586 955 5633 ut
984 5580 1034 5633 in
1066 5592 1128 5634 ea
1152 5578 1517 5646 propositione
1544 5590 1664 5648 qua:
1686 5590 1789 5644 εει,
1826 5583 2075 5641 Socrates

496 5670 652 5727 hodie
684 5671 916 5729 lecturus
946 5682 1049 5738 est,
1083 5672 1331 5730 Socrates
1357 5671 1514 5729 hodie
1550 5674 1788 5731 lecturus
1822 5690 1924 5731 non
1958 5688 2071 5746 eat,

497 5761 656 5819 totius
704 5760 918 5831 quidem
972 5763 1409 5821 contradictionis
1441 5778 1541 5822 una
1589 5768 1719 5823 vera
1745 5775 1857 5837 est,
1907 5770 2081 5830 altera

2182 4685 2279 4738 que
2310 4667 2382 4720 sic
2410 4682 2461 4718 se
2488 4665 2695 4730 habent,
2742 4677 2795 4718 ut
2824 4666 3115 4719 utrumlibet
3147 4667 3249 4718 sint
3270 4706 3282 4727 ,
3328 4676 3373 4718 et
3404 4668 3661 4720 contraria
3693 4668 3773 4737 ip-

2184 4774 2358 4812 sorum
2399 4759 2689 4825 contingere
2738 4760 2953 4825 possint,
3000 4773 3200 4812 necesse
3232 4766 3304 4811 est
3333 4759 3571 4813 similiter
3595 4776 3649 4814 se
3677 4762 3773 4813 has

2184 4852 2299 4904 bere
2327 4859 2371 4902 et
2410 4849 2891 4904 contradictionem.
2961 4850 3110 4917 Quod
3151 4850 3395 4919 contingit
3438 4851 3489 4903 in
3539 4851 3620 4905 his
3662 4867 3772 4921 qua

2183 4956 2286 4994 non
2305 4955 2501 5009 semper
2528 4950 2753 5003 stmtxet
2784 4957 2883 4993 non
2917 4956 3119 5011 semper
3148 4958 3247 4995 non
3277 4940 3413 5002 sunt.

2235 5033 2517 5103 .Quoniam
2541 5074 2554 5099 ,
2590 5033 2782 5102 inquit,
2817 5035 3091 5089 orationes
3122 5037 3372 5093 similiter
3411 5052 3531 5093 sese
3574 5040 3772 5093 habent

2182 5124 2631 5195 quemadmodum
2665 5133 2722 5179 et
2748 5138 2833 5180 res
2858 5127 3195 5181 manifestum
3221 5141 3324 5193 est,
3351 5135 3602 5201 quoniam
3627 5147 3773 5201 qua-

2184 5232 2397 5286 cunque
2424 5232 2510 5273 res
2554 5217 2620 5270 ita
2652 5228 2779 5271 sunt
2808 5227 2865 5271 ut
2893 5221 3206 5275 utrumlibet
3248 5226 3355 5277 sint
3398 5234 3454 5279 et
3498 5224 3769 5281 contraria

2179 5309 2418 5380 ipsorum
2464 5313 2775 5381 contingere
2831 5314 3077 5382 possint,
3126 5328 3346 5373 necesse
3372 5328 3455 5373 est
3502 5321 3770 5374 contradi—

2183 5406 2413 5463 ctionem
2442 5409 2509 5463 ita
2534 5423 2591 5463 se
2618 5407 2837 5475 habete,
2866 5424 2983 5479 qua:
3012 5410 3077 5465 dc
3100 5411 3245 5465 il'ius
3276 5423 3479 5467 naturae
3507 5414 3770 5469 instabili-

2184 5502 2282 5557 bus
2309 5512 2468 5573 atque
2507 5504 2801 5560 indeﬁnitis
2832 5507 2988 5561 rebus
3021 5517 3122 5562 est.
3159 5510 3307 5574 Quod
3337 5508 3382 5563 si
3414 5518 3503 5563 res
3535 5509 3641 5563 sint
3669 5508 3769 5561 du-

2184 5595 2429 5651 bitabiles
2456 5605 2510 5652 et
2539 5597 2820 5651 indeﬁnito
2858 5598 3209 5668 variabiiique
3241 5608 3521 5667 proventu,
3554 5612 3769 5655 contra-

2184 5684 2348 5743 dictio
2379 5690 2590 5758 quoque
2615 5705 2732 5760 quae
2763 5690 2829 5747 de
2866 5691 2947 5749 his
2971 5693 3129 5749 rebus
3156 5692 3233 5757 ιιι,
3264 5694 3507 5753 variubili
3533 5703 3583 5750 et
3612 5691 3770 5749 ἰαύει

2184 5777 2335 5836 tluito
2352 5788 2617 5843 proventu
2638 5779 2728 5839 sit.
2752 5783 2882 5847 Qua
2912 5788 3088 5842 autent
3118 5790 3301 5842 essent
3320 5782 3626 5852 htdusmodl
3649 5796 3766 5849 res.
