3982 6334
253 321 354 407 511‘

979 327 1044 394 ΙΝ
1080 335 1340 395 LIBRUM
1378 335 1468 392 DE
1505 325 2158 392 INTERPRETATIONE
2198 333 2352 388 ΕΟῙΤ
2359 332 2424 390 10
2454 333 2791 393 SECUNDA.

3427 327 3530 392 518

253 465 474 521 quarum
493 450 725 506 eventus
757 463 939 504 varius
967 450 1384 518 indefinituSque
1411 459 1706 514 constaret,
1733 451 1852 518 pla-
1877 453 1926 510 Α
1956 463 2150 512 rarius,
2171 461 2277 500 non
2295 447 2553 514 contingit
2571 448 2894 514 oppositum.
2921 443 3070 511 Quod
3096 443 3138 498 si
3166 459 3342 514 neque
3367 445 3420 502 in
3443 447 3530 503 his

253 543 475 598 uiSsime
518 542 910 599 demonstravit
937 542 1146 610 dicens,
1181 543 1322 613 quod
1362 542 1628 611 contingit
1668 542 1719 595 iu
1757 541 1841 595 bis

252 653 373 705 quae
407 652 512 691 noo
544 651 760 704 semper
789 645 913 690 sunt
955 646 1009 692 et
1039 653 1146 692 non
1176 652 1391 705 semper
1432 653 1540 691 non
1571 644 1715 690 sunt.
1763 635 1843 690 Ea

253 728 394 783 enim
417 737 541 782 sunt
569 728 622 779 in
646 727 838 794 quibus
859 725 1124 797 contingit
1153 726 1488 791 utrumlibet,
1518 741 1635 796 quin
1667 739 1842 794 neque

255 834 470 888 semper
489 827 612 872 sunt
635 818 885 888 (possunt
909 817 1051 872 enim
1081 817 1402 887 corrumpi),
1433 830 1604 884 neque
1627 830 1842 883 semper

255 925 362 964 non
395 920 548 975 sunt,
581 919 800 977 possunt
825 907 968 962 enim
995 907 1240 977 generari
1272 917 1325 962 et
1351 907 1484 960 ﬁeri.
1529 899 1654 959 Haec
1693 905 1838 958 enim

258 1007 381 1057 sunt
411 1003 546 1072 quae”
567 1002 761 1055 habent
786 1000 853 1054 ad
881 999 1126 1069 opposita
1165 999 1570 1069 cognationem,
1611 996 1749 1051 sicut
1787 994 1840 1048 in

259 1094 370 1160 ipsa
390 1093 605 1163 propria
629 1091 932 1147 substantia
957 1107 1137 1146 rerum
1161 1080 1397 1159 ipsarum
1419 1099 1644 1145 eventus
1662 1089 1836 1142 docet.

260 1169 390 1240 Nam
421 1202 542 1242 esse
569 1198 623 1240 et
669 1201 774 1239 non
820 1199 943 1241 esse
1007 1185 1314 1252 oppositum
1342 1192 1445 1238 est.
1477 1181 1630 1251 Quod
1661 1191 1840 1235 autem

263 1292 366 1331 non
397 1277 491 1330 fuit
511 1317 527 1343 ,
561 1285 616 1331 et
643 1283 928 1344 generatur
949 1315 966 1341 ,
1005 1285 1060 1330 et
1089 1274 1182 1341 ﬁt,
1209 1290 1274 1330 ex
1324 1288 1392 1328 eo
1441 1272 1584 1342 quod
1613 1287 1717 1326 non
1747 1271 1844 1325 fuit

260 1379 360 1423 est.
389 1368 577 1422 Habuit
601 1369 760 1436 igitur
787 1369 838 1424 iu
867 1366 966 1421 hoc
995 1365 1061 1420 ad
1095 1380 1214 1420 esse
1243 1373 1300 1421 et
1327 1381 1434 1420 non
1465 1379 1620 1428 esse,
1669 1362 1720 1416 id
1761 1371 1846 1417 est

260 1460 325 1514 ad
354 1460 599 1529 opposita
621 1452 1021 1528 cognationQo.
1050 1457 1142 1511 Sin
1175 1472 1302 1511 vero
1322 1457 1464 1512 idem
1496 1455 1671 1524 ipsum
1699 1452 1843 1525 quod

260 1558 343 1605 est
364 1558 769 1618 corrumpatur,
800 1565 865 1605 es
905 1565 972 1604 eo
1000 1549 1141 1618 quod
1187 1549 1287 1604 fuit
1315 1565 1422 1604 non
1451 1549 1573 1606 erit.
1619 1548 1845 1603 Habebit

261 1642 420 1712 igitur
469 1658 649 1696 rursus
691 1641 753 1695 ad
779 1642 1032 1710 opposita
1058 1631 1452 1711 cognationem.
1488 1642 1666 1709 Quare
1706 1640 1847 1694 sicut

262 1733 452 1787 barum
471 1749 587 1801 qua:
613 1743 736 1788 sunt
760 1717 812 1788 in
841 1735 1187 1804 generatione
1213 1742 1269 1789 et
1295 1717 1643 1802 corruptione
1666 1747 1843 1785 rerum

1948 554 2065 609 quae
2092 539 2146 592 in
2182 539 2419 606 pluribus
2454 539 2833 606 praedicantur,
2862 553 2964 589 una
2993 531 3210 591 deﬁnite
3263 554 3388 592 vera
3419 549 3527 604 est,

1947 634 2112 688 altera
2141 632 2294 699 falsa,
2319 639 2374 684 et
2401 631 2564 683 multo
2590 631 2765 684 minus
2792 631 2840 687 in
2874 627 2954 683 liis
2993 646 3220 699 quorum
3250 630 3530 694 aequaliter

1947 727 2270 782 indiscretus
2299 734 2524 780 eventus
2548 735 2650 791 est,
2679 724 3042 779 manislestum
3073 736 3154 778 est
3175 724 3227 778 in
3265 726 3450 778 futuris
3477 735 3531 778 et

1946 818 2382 886 c0utingentibus
2411 815 2862 884 propositionibus
2881 832 2982 869 non
3009 832 3130 870 esse
3148 833 3323 870 verum
3346 832 3524 883 unam,

1947 909 2174 963 alteram
2207 907 2418 963 falsam.
2454 909 2562 961 lloc
2592 906 2732 959 enim
2769 909 2818 959 in
2865 906 3144 975 principio,
3181 916 3238 959 ut
3269 919 3532 962 iuonstra-

1947 1007 2029 1053 ret
2059 997 2385 1054 validissima
2417 999 2904 1066 argumentatione,
2953 997 3248 1052 contendit.
3381 1007 3383 1009 ‘

2019 1092 2200 1159 Neque
2228 1094 2361 1146 enim
2387 1092 2816 1161 quemadmodum
2848 1092 2900 1143 in
2933 1075 3018 1144 Ἰιὶδ
3041 1108 3154 1160 qua:
3201 1101 3347 1156 sunt,
3381 1093 3451 1158 sic
3477 1108 3532 1146 se

1947 1199 2025 1235 res
2057 1183 2205 1248 liabet
2251 1182 2403 1235 etiam
2453 1181 2505 1233 in
2556 1181 2634 1234 liis
2687 1196 2801 1249 quae
2839 1191 3151 1245 nomsunt,
3210 1182 3529 1251 possibilith

1947 1283 2115 1328 tamen
2143 1290 2250 1329 esse
2296 1271 2500 1328 velnou
2529 1289 2670 1337 esse,
2717 1273 2806 1326 sed
2854 1271 3276 1342 quemadmodum
3329 1273 3528 1329 dictum

1946 1375 2040 1418 est.

2019 1453 2099 1507 Ad
2128 1451 2444 1509 divisionem
2499 1463 2796 1516 temporum
2830 1451 2880 1504 in
2912 1451 3172 1521 principio
3203 1450 3394 1506 factam
3436 1462 3531 1507 to-

1951 1545 2058 1599 lam
2092 1557 2306 1599 revocat
2338 1545 2710 1615 qun-stionem.
2735 1546 2824 1597 Ait
2852 1543 2995 1596 enim
3026 1559 3117 1597 eas
3168 1545 3312 1611 prius
3343 1562 3531 1614 propo-

1948 1637 2172 1691 sitiones
2201 1653 2318 1705 qua:
2349 1637 2538 1689 ﬁerent
2565 1676 2578 1698 .
2610 1645 2700 1689 aut
2733 1636 2784 1688 in
2833 1635 3104 1702 praesenti,
3132 1645 3222 1687 aut
3251 1640 3300 1688 in
3326 1636 3532 1704 futuro,

1947 1727 2123 1782 autin
2157 1727 2424 1794 praeterito
2470 1725 2769 1799 praedicari,
2819 1735 2874 1779 et
2901 1740 2993 1779 eas
3049 1727 3262 1793 quidem
3313 1743 3429 1794 quae
3470 1727 3535 1783 tle

261 1835 554 1894 proventus
584 1825 898 1880 iiidelinitus
943 1835 1048 1891 est,
1076 1827 1150 1882 ita
1218 1841 1430 1896 quoque
1471 1835 1527 1879 et
1573 1813 1844 1878 contradi—
1871 1831 1920 1893 Β
1951 1820 2221 1890 pimterito
2265 1821 2344 1872 vel
2396 1817 2646 1886 praesenti
2698 1819 3023 1880 diceientur,
3075 1817 3345 1872 deﬁnitam
3399 1819 3535 1872 vei-i-

261 1919 496 1972 ctionuin
519 1928 718 1985 partes,
740 1933 1043 1988 quanquam
1067 1918 1122 1973 in
1149 1928 1255 1971 tota
1287 1918 1709 1973 contradictione
1739 1931 1844 1970 una
1881 1913 1884 1915 ’

261 2021 383 2064 vera
433 2010 551 2073 sit,
599 2011 768 2064 altera
816 2009 970 2064 falsa.
1010 2008 1346 2065 lndeﬁnitmn
1409 2009 1554 2064 enim
1606 2017 1662 2064 et
1710 2007 1837 2062 indi-

261 2109 498 2154 scretum
530 2111 641 2165 est,
688 2114 806 2169 qua:
836 2116 940 2155 una
989 2100 1176 2154 barum
1213 2115 1336 2154 vera
1367 2100 1474 2166 sie,
1519 2116 1636 2169 quae
1680 2099 1849 2154 altera

263 2191 408 2244 falsa.

295 2291 298 2295 ’
338 2281 534 2337 (lorum
573 2286 707 2340 enim
771 2302 971 2340 necesse
997 2293 1074 2340 est
1102 2285 1313 2340 alteram
1347 2296 1542 2355 partem
1587 2279 1848 2338 contradi-

262 2375 441 2428 ciionis
462 2393 626 2429 veram
644 2392 752 2431 esse
782 2378 860 2431 vel
883 2375 1091 2447 falsam.
1127 2375 1265 2433 Nam
1285 2387 1450 2430 tamen
1477 2377 1570 2429 hoc
1591 2375 1667 2428 vel
1689 2373 1842 2441 illud,

263 2465 350 2518 sed
382 2471 702 2532 utrumlibet,
731 2479 779 2523 et
803 2471 968 2540 magis
989 2473 1196 2541 quidem
1240 2471 1458 2524 alteram
1507 2485 1674 2523 veram
1696 2509 1708 2530 ,
1741 2483 1842 2520 non

263 2565 431 2609 tamen
460 2559 574 2629 jam
621 2575 788 2612 rerum
816 2561 895 2614 vel
923 2561 1132 2630 falsam.
1186 2562 1357 2628 Quare
1403 2559 1727 2629 manifestum
1771 2567 1845 2611 est

263 2649 500 2720 quoniam
547 2661 743 2705 nonest
774 2667 973 2706 necesse
1000 2654 1186 2706 omnis
1216 2652 1569 2723 aﬂirmationis
1603 2661 1650 2704 et
1690 2666 1844 2720 nega-

263 2742 414 2793 tionis
461 2743 804 2810 oppositurum
845 2742 978 2796 lianc
1032 2743 1236 2812 quidem
1281 2757 1486 2809 ueram,
1538 2742 1683 2794 illam
1727 2755 1844 2794 vero
1881 2749 1890 2758 ‘

266 2831 450 2901 falsam
489 2849 613 2886 esse.

337 2921 526 2976 Docuit
550 2938 710 2992 supra
743 2938 838 2978 nos
867 2924 924 2978 iit
954 2925 1035 2978 his
1055 2939 1174 2993 qua:
1202 2924 1512 2979 utrumlibet
1535 2933 1660 2978 sunt
1685 2923 1848 2978 rebus

265 3016 700 3070 contradictionis
727 3033 882 3071 unam
912 3027 1114 3090 partem
1140 3033 1243 3072 non
1267 3032 1387 3073 esse
1407 3017 1628 3073 deﬁnite
1647 3031 1847 3082 veram,

1955 1925 2116 1967 tatem
2173 1912 2252 1967 vel
2311 1911 2590 1966 falsitatem
2653 1911 2868 1978 habere,
2901 1909 3013 1965 sive
3043 1911 3458 1981 iuseinpiternis
3486 1921 3538 1970 et

1953 2005 2150 2060 divinis
2178 2005 2337 2059 rebus
2361 2003 2686 2062 dicerentur.
2719 2004 2834 2058 sive
2866 2001 2918 2056 in
2957 2006 3306 2062 nascentibus
3335 2017 3388 2059 et
3420 2020 3538 2058 mo-

1957 2097 2239 2158 rientibus,
2290 2095 2342 2149 in
2372 2095 2563 2164 quibus
2596 2095 2910 2150 utrumlibet
2947 2097 3301 2165 contingeret,
3337 2108 3393 2151 ut
3444 2096 3538 2150 ha-

1958 2190 2151 2244 berent
2171 2190 2494 2258 adopposita
2509 2189 2899 2258 cognationem,
2928 2190 2978 2242 in
3003 2180 3190 2243 futuris
3221 2206 3368 2254 vero,
3399 2191 3442 2244 si
3475 2187 3555 2247 de

1957 2281 2152 2336 divinis
2181 2283 2395 2352 quidem
2436 2280 2596 2335 rebus
2624 2283 2817 2351 aliquis
2843 2283 3326 2338 etimmutubilibus
3351 2285 3540 2353 loque-

1949 2385 2118 2440 retur,
2151 2375 2339 2428 eodem
2392 2374 2549 2428 modo
2599 2391 2756 2428 uuam
2803 2391 2984 2428 veram
3035 2375 3272 2434 deﬁnite.
3321 2375 3543 2432 alteram

1947 2463 2136 2518 falsam
2183 2478 2302 2519 esse
2348 2459 2586 2531 deﬁnite.
2639 2463 2754 2516 Non
2805 2465 2946 2517 enim
2994 2463 3191 2518 habent
3242 2465 3543 2532 liujusuiodi

1950 2565 2155 2610 natura:
2188 2549 2255 2608 ad
2301 2556 2543 2624 opposita
2593 2551 2987 2625 cognatiOueni.
3021 2557 3076 2610 lu
3109 2557 3191 2610 liis
3217 2567 3392 2612 autem
3425 2575 3543 2628 quin

1950 2649 2004 2703 in
2031 2650 2380 2718 generatione
2416 2658 2469 2700 et
2494 2649 2839 2716 corrupioue
2883 2659 3066 2703 essent
3095 2651 3162 2704 de
3204 2653 3378 2704 futuro
3410 2667 3544 2717 prie-

1949 2735 2144 2793 dicatis
2192 2740 2272 2793 vel
2324 2737 2646 2794 afﬁrmative
2691 2740 2772 2793 vel
2819 2740 3098 2807 negative,
3145 2757 3251 2794 non
3298 2743 3544 2798 eumdem

1949 2846 2070 2886 esse
2117 2831 2332 2885 modum
2383 2831 2622 2884 veritatis
2671 2831 2924 2893 dvﬁnzte,
2978 2831 3071 2886 Sed
3116 2836 3281 2887 totius"
3329 2833 3544 2901 quidem

1951 2920 2390 2974 Contradictionis
2438 2935 2592 2973 unam
2645 2929 2845 2988 partem
2899 2936 3077 2974 veram
3130 2937 3270 2986 esse,
3319 2921 3545 2977 alienam

1953 3005 2166 3071 falsam.
2201 3011 2424 3067 deﬁnite
2450 3023 2627 3065 autem
2665 3028 2821 3064 unam
2847 3028 3050 3080 veram,
3080 3015 3295 3069 deliuite
3323 3015 3544 3072 alteram

265 3103 457 3161 falsam
478 3123 605 3162 vero
630 3109 850 3164 alteram
885 3109 1129 3172 deﬁnite,
1164 3125 1324 3164 nunc.
1347 3125 1378 3164 a
1422 3108 1768 3179 frequentiori
1799 3117 1851 3162 et
1877 3136 1926 3200 ο
1956 3106 2168 3170 falsam,
2200 3105 2438 3158 minime.
2489 3105 2637 3158 Nunc
2681 3117 2856 3159 autem
2890 3123 2994 3159 non
3041 3119 3262 3173 utraque
3310 3115 3546 3174 tempore

265 3212 294 3250 ει
347 3197 536 3250 rariori
585 3209 958 3267 argumentum
1005 3199 1190 3254 trahit.
1237 3200 1408 3266 Supra
1438 3214 1668 3270 namque
1699 3215 1851 3253 mun-

266 3293 458 3344 stravit
497 3305 617 3346 esse
653 3291 912 3362 quasdam
944 3306 1032 3348 res
1076 3307 1194 3360 quae
1256 3291 1590 3360 frequentius
1632 3290 1849 3360 quidem

268 3381 610 3452 contingant,
658 3400 766 3438 non
795 3397 972 3438 tamen
1011 3384 1357 3439 interclusui
1389 3385 1488 3448 sit,
1524 3392 1580 3437 ut
1603 3391 1660 3438 et
1686 3397 1853 3452 oppo-

269 3473 370 3528 sita
401 3475 684 3543 aliquando
726 3478 1054 3547 contingant.
1097 3475 1370 3546 Contingit
1399 3477 1541 3552 enim
1573 3484 1632 3530 ut
1675 3477 1852 3531 rarius

270 3561 763 3636 infrequentittsque
809 3570 1137 3639 contingant.
1169 3569 1309 3638 Ergo
1337 3571 1379 3624 si
1417 3571 1466 3624 in
1491 3569 1574 3624 his
1601 3583 1854 3638 quaecun-

270 3674 373 3729 que
407 3677 456 3713 ιη
496 3660 736 3728 pluribus
777 3661 1048 3727 eveniunt,
1079 3677 1183 3715 non
1217 3675 1436 3714 necesse
1461 3671 1542 3715 est
1570 3675 1726 3712 unam
1760 3673 1850 3713 ve-

271 3763 382 3804 ram
407 3765 545 3818 esse,
574 3751 797 3806 alteram
822 3750 1028 3806 falsam.
1053 3752 1254 3808 Idcirco
1277 3751 1524 3820 quoniam
1549 3751 1852 3822 quicunque

274 3839 468 3898 dixerit
495 3845 761 3900 hominem
815 3847 863 3899 in
905 3853 1119 3901 senecta
1169 3859 1488 3909 canescere,
1531 3855 1584 3898 et
1633 3844 1732 3898 lioc
1784 3857 1851 3897 ex

277 3936 597 3989 necessitate
628 3949 747 3990 esse
775 3936 1092 4004 protulerit,
1125 3935 1433 3989 mentietur.
1478 3934 1662 3988 Potest
1705 3935 1849 3988 enim

275 4034 331 4078 et
375 4039 678 4080 canescere.
731 4025 786 4081 Si
833 4027 886 4082 in
933 4027 1018 4082 his
1067 4042 1194 4098 ergo
1220 4043 1328 4083 non
1357 4036 1440 4082 est
1485 4027 1706 4082 deﬁnite
1749 4042 1852 4082 una

281 4130 436 4182 vera,
465 4117 627 4171 altera
657 4117 806 4183 falsa,
832 4119 882 4172 iu
907 4119 1103 4188 quibus
1125 4135 1227 4173 una
1259 4135 1344 4175 res
1376 4119 1706 4188 frequentius
1729 4133 1853 4174 eve-

276 4204 378 4267 nit,
409 4207 579 4258 rarius
609 4207 794 4274 altera,
817 4209 984 4263 multo
1002 4211 1176 4264 minus
1198 4210 1250 4263 in
1281 4210 1363 4265 bis
1392 4210 1444 4262 in
1468 4209 1662 4278 quibus
1689 4222 1854 4277 oppo-

275 4296 502 4351 sitoruni
529 4310 748 4353 eventus
774 4299 990 4367 aequalis
1017 4311 1120 4364 est,
1177 4308 1232 4356 et
1279 4315 1463 4354 verum
1508 4307 1590 4353 est
1637 4297 1852 4367 quidem

273 4388 475 4452 dici-re,
509 4391 760 4460 quoniam
794 4391 892 4446 hoc
935 4391 1194 4462 contingit
1225 4391 1578 4462 frequentius,
1614 4405 1720 4443 non
1776 4399 1852 4442 ta-

1957 3197 2152 3268 pusuit,
2187 3212 2424 3266 praisvns
2474 3196 2679 3251 scilicet
2722 3205 2776 3249 et
2823 3199 3170 3265 praeteritum.
3204 3195 3311 3252 Sed
3345 3207 3572 3272 tantum,

1957 3279 2224 3358 priesens';
2257 3281 2391 3342 dixit
2429 3289 2570 3340 enim
2597 3306 2609 3339 :
2636 3285 2817 3356 Neque
2849 3289 2986 3342 cnim
3017 3289 3464 3359 quemadmodum
3499 3290 3548 3348 in

1957 3375 2041 3434 [iis
2069 3395 2187 3448 qua:
2216 3391 2358 3443 sunt,
2389 3377 2436 3432 id
2469 3389 2548 3432 est
2575 3377 2626 3431 in
2663 3380 2744 3432 his
2770 3395 2888 3447 qttie
2915 3384 3214 3446 pi'msentia.
3251 3383 3400 3450 Quod
3424 3395 3548 3437 velo

1955 3473 2033 3525 ait
2063 3475 2113 3523 in
2145 3471 2226 3523 bis
2256 3486 2372 3539 quze
2406 3483 2509 3523 non
2543 3479 2688 3533 sunt,
2725 3471 3068 3537 possibilibus
3102 3483 3274 3526 tamen
3314 3487 3458 3535 esse,
3483 3463 3550 3530 de

1959 3563 2150 3618 futuris
2184 3563 2435 3634 loquitur,
2463 3575 2582 3632 quae
2626 3579 2745 3631 cuin
2793 3579 2897 3623 non
2931 3566 3036 3618 sint
3065 3576 3240 3618 tamen
3273 3581 3392 3619 esse
3424 3581 3551 3634 pos-

1959 3666 2101 3710 sunt.
2134 3653 2246 3708 Non
2282 3656 2426 3708 enim
2472 3655 2549 3707 sic
2593 3669 2650 3708 se
2693 3653 2850 3708 liabet
2902 3656 2951 3707 in
3001 3645 3248 3724 praesenti
3299 3657 3549 3725 praedicta

1962 3747 2273 3817 propositio,
2305 3746 2751 3814 quemadmodum
2794 3748 2843 3799 in
2885 3749 3060 3800 futuro
3113 3750 3161 3800 in
3215 3749 3295 3804 bis
3344 3765 3383 3804 si
3406 3752 3550 3811 ilicet

1959 3856 2078 3910 quze
2104 3841 2414 3894 utrumlibet
2439 3855 2499 3892 su
2544 3849 2586 3901 t,
2608 3851 2660 3892 et
2687 3840 2737 3893 iu
2765 3842 3111 3909 generatione
3131 3843 3182 3896 et
3205 3847 3551 3913 corruptione

1957 3934 2275 3987 consistunt.
2309 3931 2360 3985 ln
2383 3932 2487 3984 illis
2516 3932 2682 3997 enim,
2716 3931 2765 3984 id
2795 3946 2899 3996 esl,
2931 3934 3286 4000 praesentibus
3319 3945 3371 3990 et
3415 3953 3550 4007 prae-

1959 4024 2128 4076 teritis
2159 4024 2372 4078 definite
2399 4039 2502 4076 uua
2533 4039 2656 4076 vera
2687 4034 2789 4089 εει,
2817 4024 2984 4077 altera
3010 4023 3160 4078 falsa.
3197 4025 3251 4079 lu
3283 4027 3364 4080 his
3385 4043 3536 4094 vero,

1957 4117 2010 4171 id
2043 4127 2125 4172 est
2170 4117 2362 4173 futuris
2403 4127 2457 4173 et
2506 4118 2972 4186 contingentibus,
3004 4123 3199 4174 veritas
3251 4132 3303 4176 et
3347 4125 3551 4180 falsitas

1959 4209 2380 4277 propositionum
2434 4209 2575 4263 nulla
2621 4211 2938 4266 deﬁnitione
2985 4215 3389 4284 coiistringitur.
3442 4218 3550 4274 Sed

1958 4301 2210 4368 quoniam
2267 4301 2335 4356 de
2391 4300 2582 4355 futuris
2632 4303 3086 4368 pr0positiouibus
3157 4308 3550 4367 Aristotelii-am

1958 4393 2615 4458 sententiam,.qnantum
2679 4385 2900 4445 facultas
2935 4394 3066 4456 fuit,
3119 4395 3400 4463 diligenter
3452 4415 3548 4455 ex-

279 4497 402 4536 nien
447 4484 688 4550 omnino,
730 4485 982 4554 quoniam
1019 4485 1091 4540 ita
1141 4485 1435 4554 contingit,
1462 4483 1687 4547 idcirco,
1738 4482 1862 4536 licet
1887 4474 1942 4532 D
1969 4483 2278 4550 pressimus,
2316 4482 2671 4551 prolixitatem
2703 4483 2990 4539 volumims
3037 4479 3406 4542 lci-minemus.

279 4589 3533 4634 —-——————_——————————n———————————1——-

1413 4691 1420 4698 ’
1485 4719 1776 4806 LIBER
1841 4719 2345 4813 QUARTUS.

355 4937 450 4996 Est
497 4939 758 5010 siquidem
788 4941 906 4998 libri
947 4941 1124 5011 hujus,
1179 4944 1268 5012 qui
1298 4943 1364 4997 de
1404 4933 1852 5011 Interpretatione

277 5038 418 5104 apud
461 5033 677 5089 Latinos
706 5075 722 5100 ,
767 5035 908 5105 apud
937 5035 1153 5091 Grmcos
1181 5050 1308 5090 vero
1335 5040 1452 5110 Περί
1479 5039 1740 5111 ἑρμηνείας
1771 5038 1856 5090 in—

276 5128 550 5196 scribitur,
595 5128 818 5183 obscura
851 5127 1094 5181 oratione
1141 5127 1328 5190 series,
1376 5127 1622 5182 obscuris
1647 5128 1858 5197 adjecta

276 5219 587 5282 sententiis,
620 5225 778 5287 atque
809 5217 928 5272 ideo
969 5233 1072 5270 non
1107 5217 1242 5272 banc
1279 5216 1488 5285 magnis
1514 5217 1855 5286 espedissem

278 5305 662 5374 voluminibus,
687 5308 785 5363 nisi
810 5310 970 5362 etiam
1002 5308 1132 5363 nihil
1157 5308 1323 5362 labori
1353 5310 1676 5372 concedens,
1701 5325 1858 5377 quam

281 5408 496 5463 possein
528 5390 837 5460 planissime
866 5387 1010 5460 quod
1035 5390 1087 5442 in
1115 5391 1285 5459 prima
1310 5387 1544 5443 editione
1570 5387 1870 5442 altitudinis

282 5492 336 5537 et
367 5482 680 5538 subtilitatis
735 5483 1045 5545 omiseram,
1115 5480 1348 5535 secunda
1417 5480 1872 5534 commentatione

281 5579 636 5648 complerem.
665 5577 769 5632 sed
796 5576 969 5632 danda
998 5584 1052 5630 et
1081 5573 1370 5644 prolixitati
1396 5573 1566 5640 venia,
1609 5581 1665 5628 et
1694 5572 1876 5640 Operis

286 5671 562 5741 longitudo
602 5671 723 5726 libri
755 5669 1083 5725 obscuritate
1112 5670 1382 5737 pensanda
1401 5675 1500 5722 est.
1535 5666 1668 5721 Sunt
1695 5675 1870 5720 tamen

275 5763 487 5832 .gradus
509 5761 646 5833 apud
673 5779 770 5820 nos
800 5759 1190 5818 satisfacientes
1214 5757 1428 5816 lectoris
1477 5765 1532 5816 et
1585 5757 1906 5828 diligentiae

1967 4952 2020 4996 et
2045 4942 2521 5014 smdio,cupientis
2550 4947 2799 5004 facillime
2828 4964 3017 5020 magna
3063 4968 3405 5022 cognoscere.
3437 4952 3548 5006 Hu-

1961 5034 2048 5103 jus
2101 5035 2242 5088 enim
2299 5037 2413 5091 libri
2447 5049 2564 5106 post
2610 5040 2704 5094 bas
2763 5045 3008 5112 geminus
3062 5047 3550 5101 commentationes

1969 5125 2236 5192 quoddam
2267 5125 2591 5183 breviarium
2639 5134 2912 5198 faciemus,
2961 5134 3030 5188 ita
3063 5145 3119 5190 ut
3149 5138 3200 5190 in
3235 5138 3548 5206 quibusdam

1967 5233 2018 5278 et
2051 5223 2160 5278 fere
2187 5225 2236 5278 in
2269 5227 2514 5281 omnibus
2562 5229 2866 5283 Aristotelis
2912 5231 3078 5298 ipsius
3109 5231 3283 5286 verbis
3313 5243 3548 5297 utamur,

1975 5324 2176 5370 tantum
2202 5318 2342 5384 quod
2383 5319 2476 5372 ille
2507 5319 2770 5375 brevitate
2792 5321 2925 5375 dixit.
2951 5324 3200 5388 obscure,
3237 5340 3284 5376 ni
3308 5339 3335 5377 s
3362 5324 3554 5391 aliqui-

1970 5405 2068 5460 bus
2115 5407 2309 5462 additis
2347 5408 2637 5468 dulc'orem
2679 5416 2872 5467 seriem
2923 5413 3224 5483 adiectione
3270 5415 3550 5478 faciamus,

1973 5504 2033 5550 ut
2061 5498 2212 5566 quasi
2238 5499 2383 5553 inter
2413 5511 2589 5557 textus
2619 5503 2958 5566 brevi'atem,
2981 5503 3553 5572 commentationisun

1968 5586 2327 5654 dili'usitttiem,
2353 5593 2561 5647 medius
2593 5594 2922 5660 ingrediatur
2944 5594 3135 5662 stylus,
3169 5592 3360 5646 diffuse
3409 5594 3552 5647 dicta

1968 5679 2248 5749 colligens,
2289 5691 2345 5748 et
2387 5685 2768 5750 augusti-sime
2812 5685 3011 5750 scripta
3039 5683 3360 5747 diffundens,
3391 5694 3555 5754 atque

1969 5767 2085 5831 hac
2107 5776 2393 5844 posterius.
2420 5777 2568 5834 Nunc
2592 5794 2718 5834 vero
2747 5777 3004 5848 quoniam
3037 5778 3106 5834 ab
3147 5773 3441 5835 Aristotele
3462 5787 3553 5836 ιιι-
