3982 6334
503 353 602 416 519

1722 351 1832 404 AN.
1875 349 2086 405 MANL.
2131 347 2284 402 SEV.
2328 343 2554 401 BOETII

3678 335 3785 392 51⁸)

440 465 450 522 ἔ
506 482 598 544 pra
625 475 974 526 monstratum
1006 473 1106 529 est,
1132 465 1183 518 in
1208 463 1384 517 futuro
1424 464 1854 531 contingentium
1889 479 2080 529 propo-
2109 464 2162 524 Α
2186 471 2364 517 autem
2389 461 2646 515 Socrates
2676 458 2932 520 ambulat,
2955 455 3199 526 quamvis
3245 454 3429 526 plures
3475 451 3783 518 ambulent,

504 565 761 623 sitionum
818 559 1086 613 veritatem
1135 563 1190 608 et
1237 555 1520 608 falsitatem
1577 569 1680 606 non
1711 553 1886 606 stabili
1917 567 2087 621 neque

506 655 722 708 deﬁnita
772 650 975 704 ratione
1013 662 1131 700 esse
1160 646 1408 708 divisam,
1451 655 1504 699 ct
1540 645 1792 715 quidquid
1822 658 1983 712 supra
2015 646 2090 696 la-

508 745 713 800 tissima
741 740 1105 810 disputatione
1128 737 1406 802 complexa
1434 748 1538 802 est,
1569 752 1707 790 nunc
1733 737 1849 806 ejus
1875 736 1988 789 haec
2008 737 2088 788 in-

505 835 674 889 tentio
701 843 804 898 est,
853 843 912 885 ut
951 831 1378 899 categoricarum
1426 829 1850 897 propositionum
1901 844 2090 880 nume-

505 941 621 982 rum
669 924 860 991 tradat,
887 939 1219 992 qumcunque
1246 939 1368 976 cum
1393 923 1622 976 difﬁnito
1651 922 1732 976 vel
1763 921 1972 975 inﬁnito
2003 935 2092 972 no-

503 1019 648 1074 mine
671 1016 989 1084 simpliciter
1020 1017 1170 1068 liunt.
1200 1014 1382 1067 Primo
1410 1014 1555 1068 enim
1587 1013 1858 1066 volumine
1885 1013 2085 1064 desum

502 1121 585 1165 est
615 1123 806 1163 nomen
857 1121 996 1170 esse,
1029 1118 1084 1158 ut
1142 1106 1344 1168 homo;
1397 1105 1663 1158 inﬁnitum
1711 1119 1906 1158 nomen
1937 1117 2086 1166 vero,

503 1215 562 1259 ut
588 1219 692 1257 non
723 1205 904 1257 homo.
935 1199 1300 1255 Praedicativaa
1326 1211 1503 1254 autem
1534 1209 1587 1254 et
1613 1199 1932 1268 categorica:
1963 1213 2086 1267 pro-

504 1296 796 1365 positiones
824 1303 949 1349 sunt
978 1309 1096 1363 quae
1138 1292 1346 1346 duobus
1378 1299 1582 1345 tantum
1611 1293 1952 1361 simplicibus
1983 1302 2092 1346 ter-

504 1387 661 1441 minis
681 1396 949 1442 constant.
981 1386 1094 1450 llze,
1122 1385 1236 1438 sive
1261 1399 1383 1438 cum
1417 1385 1568 1437 ﬁnito
1597 1385 1817 1438 nomine
1846 1395 1991 1448 sunt,
2034 1389 2093 1438 tit

502 1484 605 1542 est,
642 1476 802 1530 homo
829 1474 1092 1540 ambulat,
1120 1473 1234 1528 sive
1259 1489 1379 1527 cum
1405 1474 1621 1528 nomine
1650 1474 1879 1542 inﬁnito,
1907 1484 1959 1528 ut
1985 1485 2089 1539 est,

503 1582 609 1621 non
634 1567 794 1619 homo
825 1566 1080 1620 ambulat.
1117 1566 1314 1618 Harum
1348 1566 1511 1632 igitur
1545 1568 1972 1634 prepositionum
2002 1583 2093 1621 ca-

504 1659 861 1727 tegoricarum
919 1668 1080 1726 atque
1145 1656 1469 1726 simplicium
1535 1659 1748 1712 tradere
1808 1673 2092 1713 numerum

504 1750 798 1812 contendit,
849 1764 1176 1818 quzecunque
1206 1749 1337 1803 ﬁunt
1363 1749 1664 1818 adjectione
1713 1749 1951 1803 nominis
2001 1752 2086 1802 in-

2189 552 2292 606 nisi
2316 543 2426 618 ipse
2458 551 2711 606 Socrates
2734 549 2993 614 ambulet,
3023 547 3101 600 sic
3131 548 3292 602 ctiam
3341 547 3396 602 in
3438 562 3506 601 eo
3535 547 3681 615 quod
3703 555 3786 600 est

2190 643 2351 694 homo
2380 620 2431 694 et
2478 655 2583 694 non
2627 643 2807 703 homo,
2837 639 2926 708 qui
2969 639 3099 692 dicit
3140 638 3300 693 homo
3342 638 3605 703 ambulat,
3657 639 3789 692 dicit

2189 736 2441 802 quoniam
2471 731 2738 800 quoddam
2772 729 2968 785 animal
3012 728 3268 795 ambulat,
3317 737 3374 784 et
3418 729 3520 781 hoc
3567 729 3788 782 nomine

2189 835 2244 877 et
2271 823 2529 891 qualitate
2557 821 2901 886 determinat,
2927 820 3137 884 dicens,
3171 823 3332 874 homo
3369 820 3634 872 ambulat.
3681 819 3781 885 Qui

2191 931 2322 970 vero
2345 916 2474 969 dicit
2499 930 2602 968 non
2622 914 2783 968 homo
2809 912 3067 977 ambulat,
3094 926 3198 964 non
3213 911 3430 980 quidem
3461 912 3642 982 omnia
3662 911 3788 962 sub-

2193 1005 2322 1070 ruit,
2376 1005 2468 1057 scd
2503 1005 3049 1061 hominenLtantum.
3097 1001 3302 1056 Caetera
3345 1015 3477 1054 vero
3531 998 3785 1053 animalia

2194 1095 2537 1150 ambulabilia
2575 1108 2699 1148 esse
2737 1093 3064 1162 pronuntiat.
3112 1093 3251 1161 Ergo
3292 1092 3404 1146 sive
3445 1107 3639 1160 equus,
3674 1091 3786 1146 sive

2195 1189 2312 1254 bos,
2345 1188 2457 1240 sive
2508 1189 2592 1240 leo
2618 1186 2876 1250 ambulat,
2909 1201 3093 1238 verum
3147 1194 3249 1248 est,
3295 1200 3405 1239 non
3456 1183 3621 1238 homo
3671 1199 3782 1237 an;-

2195 1282 2360 1346 bulat,
2385 1279 2480 1334 sed
2505 1295 2608 1334 non
2632 1289 2714 1333 est
2735 1294 2918 1333 verum
2949 1278 3111 1331 homo
3138 1278 3397 1341 ambulat,
3421 1278 3465 1329 si
3490 1293 3597 1330 non
3623 1276 3786 1331 homo

2196 1373 2312 1440 ipse
2338 1372 2594 1424 ambulet.
2625 1371 2801 1436 Quare
2821 1369 3271 1470 quemadm.odum
3296 1384 3355 1421 se
3379 1367 3541 1421 habet
3568 1369 3782 1436 quidam

2197 1464 2359 1518 homo
2404 1463 2662 1527 ambulat,
2707 1463 2772 1515 ad
2803 1457 3382 1516 Socratem'ambulat.
3414 1459 3569 1525 Quod
3601 1459 3714 1513 illic
3743 1457 3794 1515 si

2199 1563 2376 1625 plures
2429 1557 2672 1611 homines
2716 1556 3072 1618 ambularent,
3133 1569 3314 1607 verum
3370 1562 3507 1612 erat,
3568 1550 3786 1619 quidam

2199 1649 2362 1703 homo
2398 1649 2656 1703 ambulat.
2713 1647 2827 1701 Non
2855 1647 3015 1702 etiam
3065 1645 3313 1701 Socrates
3363 1643 3628 1708 ambulat,
3689 1645 3787 1698 nisi

2201 1741 2318 1809 ipse“
2343 1723 2588 1794 Socrates
2619 1740 2934 1805 ambularet,
2985 1739 3055 1791 ita
3090 1752 3301 1808 quoque
3329 1737 3381 1790 in
3413 1751 3479 1790 eo
3507 1736 3653 1805 quod
3685 1747 3787 1802 est,

439 1911 444 1916 _
506 1841 660 1896 ﬁniti.
690 1843 792 1897 Sed
816 1843 1064 1912 quoniam
1099 1844 1497 1912 propositiones
1543 1857 1730 1896 omnes
1763 1853 1854 1896 aut
1900 1859 2086 1897 secun-

2205 1831 2366 1886 homo
2403 1832 2657 1899 ambulat,
2690 1841 2744 1884 et
2791 1846 2895 1884 non
2944 1833 3103 1883 homo
3146 1829 3404 1894 ambulat,
3435 1829 3542 1883 dici
3594 1839 3785 1897 potest.

505 1933 630 1987 dum
653 1935 966 2003 qualitatem
995 1932 1265 2000 diﬁ'erunt,
1290 1935 1689 1988 autsecundum
1707 1937 2086 2002 quantitatem.

504 2024 805 2079 Secundum
858 2025 1168 2094 qualitatem
1200 2025 1341 2091 quod
1373 2026 1486 2078 haec
1514 2024 1728 2092 quidem
1757 2025 2082 2078 alﬁrmativa

504 2126 605 2180 est,
641 2117 725 2170 illa
759 2130 885 2169 vero
912 2117 1176 2184 negativa.
1212 2115 1517 2169 Secundum
1549 2116 1906 2185 quantitatem
1943 2131 2088 2182 vero,

503 2207 644 2278 quod
677 2207 791 2262 hare
815 2207 1032 2276 quidem
1059 2207 1204 2273 plura
1221 2207 1618 2275 complectitur,
1645 2209 1731 2262 illa
1755 2224 1880 2262 vero
1898 2225 2088 2278 pauca,

403 2340 413 2346 ς
502 2299 792 2353 secundum
820 2314 978 2368 quam
1008 2297 1363 2351 dilferentiam
1405 2299 1485 2352 ha:
1521 2301 1938 2369 propositiones,
1973 2315 2092 2370 qui:

502 2389 771 2455 dicuntur,
814 2390 974 2443 homo
1017 2388 1277 2456 ambulat,
1324 2398 1378 2444 et
1407 2407 1616 2456 rursus,
1647 2408 1752 2445 non
1784 2393 1948 2446 homo
1975 2408 2092 2446 am-

504 2483 670 2547 bulat,
694 2499 722 2536 a
743 2500 802 2538 se
829 2481 1105 2548 diﬂerunt,
1134 2491 1226 2536 aut
1263 2485 1557 2537 secundum
1589 2485 1856 2552 quantitat
1894 2503 1967 2547 m,
1997 2494 2091 2538 aut

502 2573 794 2628 secundum
830 2574 1162 2642 qualitatem.
1190 2573 1322 2627 Nam
1355 2573 1495 2642 quod
1525 2574 1667 2640 dico,
1701 2574 1861 2628 homo
1904 2576 2090 2629 ambu-

500 2664 594 2730 lat,
622 2665 930 2734 qualitatem
951 2666 1234 2737 quamdam
1259 2667 1594 2733 substanti:e,
1621 2667 1671 2720 id
1698 2679 1781 2721 est
1811 2670 2084 2722 hominem

500 2760 772 2815 ambulare
798 2761 1061 2830 designat,
1093 2767 1149 2815 et
1176 2777 1288 2816 rem
1316 2761 1592 2816 deﬁnitam
1642 2772 1802 2830 atque
1832 2764 2090 2816 substan-

500 2851 649 2916 tiam,
677 2867 794 2920 quze
824 2868 984 2907 uuam
1017 2853 1252 2922 speciem
1294 2854 1672 2907 ambulabilem
1697 2868 1816 2907 esse
1839 2869 2088 2924 pronun-

499 2944 615 2996 tiat.
642 2944 793 3010 Quod
815 2951 991 2998 autem
1015 2943 1155 3005 dico,
1186 2957 1290 2997 non
1322 2945 1482 2997 homo
1511 2943 1771 3004 ambulat,
1809 2945 2085 2998 hominem

452 3095 459 3102 ,
499 3033 712 3103 quidem
743 3049 853 3086 rem
898 3033 1174 3086 dellnitam
1208 3031 1362 3099 tollo,
1403 3032 1813 3086 innumerabilia
1844 3047 1976 3086 vero
2026 3035 2093 3084 si-

499 3125 714 3195 gniﬁco,
740 3138 904 3193 quare
942 3123 1032 3176 illa
1071 3123 1285 3192 quidem
1313 3139 1430 3192 qua:
1457 3124 1606 3187 dicit,
1651 3124 1815 3178 homo
1844 3126 2089 3179 ambulat

2198 1922 2332 1977 Nam
2377 1922 2422 1976 si
2455 1923 2630 1991 plures
2677 1921 2765 1990 qui
2798 1929 2921 1973 sunt
2951 1935 3057 1974 non
3089 1919 3334 1973 homines
3366 1921 3667 1984 ambulent,
3701 1935 3786 1975 ve-

2196 2027 2313 2066 rum
2347 2021 2428 2066 est
2472 2012 2672 2076 dicere,
2723 2011 2970 2077 quoniam
3024 2024 3128 2063 non
3179 2009 3341 2063 homo
3369 2013 3628 2074 ambulat,
3683 2025 3786 2064 no

2197 2114 2374 2158 autem
2403 2117 2586 2156 verum
2613 2111 2696 2156 est
2724 2101 2902 2155 dicere
2925 2101 3172 2169 quoniam
3198 2098 3360 2154 homo
3387 2100 3653 2166 ambulat,
3679 2101 3781 2154 nisi

2197 2196 2311 2263 ipse
2342 2194 2503 2249 homo
2540 2194 2797 2258 ambulet,
2829 2193 3118 2246 secundum
3139 2192 3506 2246 deﬁnitionem
3531 2206 3666 2262 ergo
3695 2207 3786 2262 po-

2196 2285 2304 2339 tius
2331 2297 2384 2340 et
2415 2285 2793 2354 proprietatem
2827 2285 3076 2337 videntur
3112 2282 3439 2349 discrepare,
3486 2298 3648 2352 quam
3690 2289 3784 2338 se:

2197 2376 2429 2431 cundum
2482 2375 2711 2444 aliquam
2768 2385 2934 2428 totam
2985 2374 3370 2442 quantitatem,
3433 2374 3517 2427 vel
3579 2385 3778 2442 partem

2195 2470 2525 2537 quantitatis,
2554 2469 2637 2522 vel
2663 2483 2845 2520 rursus
2864 2467 3155 2520 secundum
3176 2467 3408 2534 aliquam
3440 2467 3776 2535 qualitatem.

2193 2560 2327 2614 Nam
2374 2562 2511 2614 sicut
2562 2560 2824 2629 posterius
2880 2558 3338 2611 demonstrabitur
3383 2573 3444 2612 ea
3488 2573 3610 2626 quae
3640 2558 3778 2625 dicit,

2194 2668 2303 2707 non
2334 2654 2492 2706 homo
2539 2653 2798 2716 ambulat,
2847 2639 3135 2705 afﬁrmatio
3167 2651 3344 2719 pctius
3371 2666 3533 2720 quam
3570 2653 3776 2723 negatio

2193 2754 2298 2808 est,
2327 2755 2486 2816 atque
2512 2747 2628 2800 tunc
2657 2748 2911 2799 hactenus
2939 2747 3256 2814 praedixisse
3300 2745 3555 2804 sufﬁciat.

2547 2856 2613 2894 DE
2653 2854 3129 2894 ENUNTIATIONIBL‘S
3167 2855 3438 2894 INFINITIS.

2266 2930 2520 2997 Quoniam
2547 2941 2716 2983 autem
2741 2939 2812 2983 est
2841 2931 3106 2998 affirmatio
3155 2931 3217 2983 de
3254 2931 3425 2996 a'iquo
3484 2931 3774 2999 significatu

2193 3024 2408 3090 aliquid,
2440 3025 2534 3076 hoc
2573 3033 2740 3075 autem
2771 3030 2840 3075 est
2887 3021 2964 3075 rel
3016 3039 3201 3076 nomen
3249 3024 3328 3076 vel
3383 3026 3775 3081 innominai’um

2198 3112 2371 3169 Unum
2417 3125 2586 3167 autem
2626 3123 2826 3182 oportet
2866 3129 2990 3176 esse,
3031 3125 3082 3167 et
3133 3115 3196 3166 de
3226 3116 3426 3184 uno,id
3463 3118 3605 3184 quod
3634 3126 3708 3171 est
3733 3119 3780 3171 in

501 3215 795 3269 secundum
823 3214 1156 3282 qualitatem,
1198 3231 1317 3283 qua:
1343 3231 1472 3270 vero
1520 3231 1627 3270 non
1658 3218 1820 3271 homo
1841 3217 2087 3271 ambulat
2116 3213 2163 3276 C
2191 3206 2541 3275 afﬁrmatione.
2577 3205 2774 3258 Nomen
2804 3216 2969 3259 autem
2995 3206 3188 3259 dictum
3209 3219 3304 3273 est,
3336 3221 3384 3264 et
3405 3210 3776 3263 innominatm

501 3304 766 3358 videbitur
793 3305 1088 3360 secundum
1135 3309 1486 3372 quantitatem
1541 3309 1717 3376 potius
1753 3308 2084 3378 discrepare.

502 3396 582 3449 Au
611 3403 757 3451 certe
798 3395 928 3450 illud
955 3397 1125 3465 magis
1146 3406 1228 3451 est
1254 3401 1456 3462 verius,
1487 3407 1543 3450 ut
1571 3398 1712 3466 quod
1739 3399 1885 3464 dico,
1926 3401 2088 3456 homo

501 3489 753 3555 ambulat,
779 3475 946 3543 homo,
969 3489 1194 3557 simplex
1231 3504 1423 3543 nomen
1447 3489 1599 3559 quasi
1621 3489 1966 3545 al‘ﬁrmationi
1999 3487 2090 3545 est

502 3569 825 3652 proximum,
853 3579 994 3650 quod
1021 3594 1151 3634 vero
1176 3579 1322 3645 dico,
1355 3595 1462 3634 non
1498 3580 1659 3635 homo
1683 3582 1945 3648 ambulat,
1976 3597 2083 3637 non

501 3671 658 3727 homo
684 3674 947 3727 inﬁnitum
979 3687 1174 3726 nomen
1221 3673 1489 3742 negationi
1522 3674 1732 3728 videtur
1755 3689 1875 3728 esse
1899 3675 2082 3730 consi-

501 3764 645 3817 mile.
669 3762 776 3816 Sed
799 3763 1084 3816 afﬁrmatio
1111 3771 1165 3817 et
1192 3763 1406 3833 negatio
1435 3765 1731 3818 secundum
1763 3766 2084 3834 qualitatem

502 3854 766 3908 differunt.
799 3855 923 3907 Hzec
951 3863 1126 3906 autem
1149 3855 1493 3908 aitirmationi
1536 3867 1660 3910 sunt
1701 3858 2082 3927 negationique

502 3944 813 4000 consimilia.
835 3945 1104 4010 Qualitate
1125 3945 1286 4014 igitur
1307 3945 1486 4014 potius
1511 3962 1669 4013 quam
1702 3949 1848 4000 nulla
1880 3947 2084 4003 discre-

503 4045 628 4106 pant
679 4036 990 4105 quantitate.
1049 4039 1130 4090 An
1186 4037 1354 4105 magis
1402 4036 1528 4089 illud
1563 4047 1646 4090 est
1690 4039 1892 4103 verius,
1945 4041 2085 4107 quod

503 4127 953 4195 quemadmodum
974 4143 1033 4181 se
1051 4126 1208 4181 habet
1220 4126 1514 4195 propositio
1527 4141 1647 4197 qua:
1662 4128 1814 4193 dicit,
1833 4129 2084 4185 Socrates

504 4221 736 4277 ambulat
753 4223 840 4288 ,ad
861 4238 978 4279 eam
997 4240 1114 4292 qua:
1135 4223 1284 4288 dicit,
1309 4223 1523 4293 quidam
1545 4226 1703 4279 homo
1715 4226 1983 4280 ambulat.
2004 4228 2078 4281 Ita

503 4326 622 4368 sese
637 4310 964 4368 habethomo
987 4315 1246 4379 ambulat,
1263 4315 1327 4368 ad
1345 4301 1461 4369 eam
1487 4333 1600 4385 qua:
1623 4316 1774 4378 dicit,
1794 4332 1902 4370 non
1921 4319 2084 4370 homo

503 4403 755 4458 ambulat.
787 4403 1087 4473 Propositio
1117 4421 1346 4475 namque
1369 4421 1491 4476 qua:
1535 4418 1617 4461 est
1665 4408 1884 4476 quidam
1921 4409 2082 4463 homo

503 4494 758 4561 ambulat,
788 4496 832 4550 si
861 4497 1037 4563 plures
1065 4496 1358 4560 ambulant,
1390 4512 1610 4552 necesse
1633 4508 1719 4553 est
1749 4510 1801 4552 ut
1831 4515 1958 4554 vera
1989 4502 2079 4553 sit.

504 4587 750 4642 Siautem
765 4587 1243 4656 pluresambulent,
1266 4600 1322 4644 ut
1343 4589 1598 4646 Socrates
1624 4591 1866 4646 ambulet
1883 4602 2085 4648 nonest

504 4691 742 4732 necesse.
770 4677 998 4733 Possunt
1023 4681 1163 4733 enim
1203 4680 1380 4748 plures
1408 4682 1708 4749 ambulare,
1743 4693 1797 4738 et
1826 4684 2080 4740 Socrates

504 4785 610 4824 non
651 4770 942 4824 ambulare.
993 4771 1096 4826 Sed
1141 4787 1260 4826 cum
1293 4774 1473 4842 plures
1522 4775 1819 4841 ambulant,
1864 4778 2080 4848 quidam

505 4863 665 4916 homo
693 4863 945 4927 ambulat,
971 4862 1072 4916 hoc
1094 4872 1270 4918 autem
1295 4865 1416 4918 ideo
1441 4867 1638 4920 evenit.
1663 4866 1797 4933 Quia
1821 4870 1961 4936 quod
1993 4871 2080 4923 di-

503 4953 694 5024 cimus,
726 4955 938 5025 quidam
969 4955 1130 5018 homo
1159 4956 1412 5022 ambulat,
1447 4960 1920 5026 particularitatem
1945 4964 2073 5032 jun-

503 5051 677 5120 gimus
703 5049 1125 5115 universalitati,-
1172 5050 1224 5103 id
1277 5061 1360 5105 est
1392 5051 1616 5116 homini,
1643 5062 1698 5106 et
1741 5053 1789 5108 si
1835 5055 1926 5124 qui
1979 5057 2080 5110 sub

503 5140 615 5210 ipsa
648 5141 1046 5195 universalitate
1090 5129 1234 5206 sunt,
1284 5141 1336 5194 id
1377 5149 1460 5195 est
1505 5142 1606 5194 sub
1651 5141 1866 5200 homine
1890 5149 2079 5202 ambu-

502 5237 672 5291 lantes
701 5242 846 5298 sunt,
889 5247 1010 5287 eam
1037 5246 1155 5302 qua:
1202 5232 1329 5286 dicit
1363 5227 1576 5301 quidam
1630 5233 1792 5288 homo
1843 5238 2079 5292 ambulat

497 5332 677 5372 Veram
703 5333 823 5371 esse
846 5333 1067 5371 necesse
1095 5326 1195 5370 est.
1220 5316 1288 5368 At
1307 5330 1434 5367 vero
1460 5331 1582 5369 cum
1604 5315 1816 5381 dicitur,
1837 5317 2091 5372 Socrates

499 5409 758 5471 ambulat,
809 5409 1061 5478 quoniam
1105 5409 1352 5462 Socrates
1397 5408 1539 5462 circa
1602 5411 1758 5464 u-:ius
1809 5411 2088 5480 cujusdam

501 5505 883 5571 proprietatem
922 5511 1024 5556 est.
1078 5499 1191 5554 Nisi
1217 5501 1332 5568 ipse
1396 5500 1652 5556 Socrates
1713 5488 2088 5568 ambulaverit,

503 5609 804 5662 quanquam
833 5607 1024 5648 omnes
1050 5591 1302 5648 homines
1324 5595 1621 5658 ambulent,
1647 5610 1754 5649 non
1786 5603 1871 5650 est
1908 5611 2090 5650 verum

504 5687 680 5741 dicere
703 5687 953 5741 Socrates
982 5687 1237 5741 ambulat.
1285 5687 1432 5742 Sicut
1477 5703 1606 5758 ergo
1652 5689 1868 5758 quidam
1931 5691 2092 5746 homo

495 5779 760 5856 malim-at.
789 5777 1007 5833 deﬁnite
1035 5794 1218 5835 verum
1243 5791 1345 5848 est,
1370 5781 1414 5838 si
1448 5785 1627 5852 plures
1651 5782 1950 5840 ambulant.
1977 5785 2090 5842 Non

2195 3301 2358 3367 prius,
2389 3315 2489 3350 non
2530 3300 2680 3351 homo
2718 3300 2850 3352 enim
2895 3317 3075 3353 nomen
3120 3301 3324 3370 quidem
3351 3319 3454 3356 non
3506 3305 3648 3370 dico,
3691 3305 3777 3358 ad

2193 3406 2375 3443 nomen
2407 3391 2682 3454 inﬁnitum.
2719 3388 2892 3443 Unum
2920 3391 3054 3443 enim
3101 3393 3357 3462 signiﬁcat
3399 3397 3780 3463 quodammodo

2191 3481 2448 3548 inﬁnitum
2488 3496 2689 3534 nomen.
2737 3480 3184 3545 Quemadmodum
3225 3491 3273 3536 et
3320 3500 3422 3536 non
3455 3483 3655 3551 currit,
3682 3505 3778 3543 non

2191 3571 2396 3625 verbum
2441 3571 2576 3635 dico,
2623 3571 2714 3625 sed
2753 3572 3034 3640 inﬁnitum.
3087 3572 3202 3626 Erit
3243 3578 3410 3629 omnis
3437 3579 3712 3648 afﬁrmatio
3737 3591 3782 3637 et

2190 3665 2412 3731 negatio,
2442 3663 2520 3716 vel
2547 3680 2608 3716 ea:
2640 3664 2840 3716 nomine
2879 3674 2929 3717 et
2955 3666 3121 3724 verba.
3151 3666 3228 3720 vel
3255 3684 3318 3720 ea:
3346 3671 3554 3736 inﬁnito
3581 3677 3782 3730 naming

2191 3765 2238 3806 et
2263 3757 2426 3808 verbo.
2451 3755 2645 3808 Praeter
2658 3756 2862 3808 verbum
2883 3769 3052 3810 autem
3086 3759 3232 3810 nulla
3245 3761 3514 3829 aﬂirnmtio
3532 3769 3611 3817 ee!
3629 3784 3781 3838 nega—
3804 3789 3810 3792 ·

2192 3847 2262 3900 tio
2282 3859 2465 3913 est,est
2487 3851 2642 3918 enim,
2673 3849 2747 3903 vel
2768 3851 2882 3915 erit,
2911 3850 2987 3904 vel
3013 3854 3128 3922 fuit,
3161 3855 3237 3906 vel
3264 3855 3341 3921 fit,
3376 3854 3453 3908 re!
3473 3873 3782 3929 quacunque

2190 3939 2295 3992 alia
2351 3938 2646 4009 Itujusmodi
2693 3941 2862 4005 verba,
2899 3958 2962 3995 ea:
3005 3945 3082 3996 Itis
3130 3955 3246 3998 sunt
3284 3961 3399 4015 qua:
3435 3959 3558 4000 sunt
3590 3951 3778 4020 perita,

2192 4031 2577 4099 consigni/icant
2617 4033 2750 4085 enim
2777 4043 2995 4102 tempus.
3034 4036 3203 4102 Quare
3222 4039 3396 4108 prima
3427 4041 3522 4092 erit
3552 4031 3777 4110 afﬁrma-

2193 4125 2259 4175 tio
2281 4132 2330 4175 et
2359 4128 2575 4193 negatio,
2607 4127 2872 4197 est‘homo,
2906 4148 3009 4186 non
3042 4143 3114 4185 est
3136 4136 3307 4199 homo,
3343 4137 3548 4202 deinde,
3577 4148 3652 4193 est
3677 4157 3776 4193 non

2191 4215 2363 4284 homo,
2387 4233 2486 4271 non
2517 4229 2590 4272 est
2611 4237 2709 4272 non
2730 4223 2898 4276 homo.
2929 4225 3145 4291 Rursus,
3175 4236 3244 4280 est
3278 4229 3442 4283 omnis
3471 4229 3652 4299 homo,
3680 4251 3776 4286 non

2190 4319 2261 4362 est
2289 4312 2450 4363 omnis
2479 4311 2651 4376 homo,
2685 4324 2755 4366 est
2803 4317 2965 4368 omnis
3012 4334 3111 4370 non
3140 4320 3312 4384 homo,
3363 4338 3466 4374 non
3510 4332 3585 4376 est
3620 4327 3779 4377 omnis

2190 4416 2289 4453 non
2315 4401 2487 4467 homo,
2517 4413 2564 4456 et
2582 4405 2635 4456 in
2659 4407 2980 4460 extrinsecus
3001 4410 3308 4477 temporibus
3326 4414 3497 4465 eadem
3521 4423 3598 4467 est
3625 4417 3775 4470 ratio.

2263 4493 2321 4546 In
2345 4495 2580 4548 secundo
2609 4495 2703 4563 (ut
2730 4495 2998 4567 arbitror)
3031 4499 3163 4552 libro
3193 4502 3538 4568 praediximus
3564 4520 3773 4558 omnem

2192 4585 2613 4640 enuntiationem
2662 4586 2956 4654 simplicem
2987 4589 3076 4652 ,id
3124 4599 3224 4654 est,
3273 4592 3674 4658 prmiicativam
3714 4611 3776 4649 ex

2192 4675 2432 4744 subjecto
2477 4687 2530 4730 et
2577 4679 2864 4747 prtl‘dit'alo
2913 4682 3228 4736 consistere.
3279 4684 3516 4747 Quorum
3567 4700 3778 4756 semper

2193 4769 2500 4838 praedicatio
2527 4778 2617 4822 aut
2656 4775 2874 4824 verbum
2906 4782 3080 4837 esset,
3111 4784 3198 4826 aut
3229 4775 3368 4840 quod
3401 4775 3540 4828 idem
3575 4788 3774 4845 posset,

2191 4867 2440 4929 tanquam
2481 4861 2523 4912 si
2565 4861 2710 4914 verbi
2741 4862 2902 4916 dictio
2934 4873 3252 4932 poneretur,
3287 4875 3344 4918 ut
3374 4881 3494 4920 cum
3529 4867 3774 4932 dicimns,

2192 4948 2348 5000 homo
2379 4949 2648 5015 ambulat,
2673 4951 2889 5004 verbum
2941 4954 3186 5020 ponitur;
3218 4970 3335 5007 cum
3367 4972 3494 5010 vero
3523 4958 3770 5024 dicimus,

2188 5036 2349 5090 homo
2373 5039 2668 5104 rationalis,
2692 5044 3041 5094 subaud'atur
3064 5043 3147 5094 llic
3173 5045 3390 5096 verbum
3416 5058 3522 5111 est,
3551 5057 3611 5101 ut
3636 5059 3774 5102 totus

2184 5127 2484 5183 intellectus
2506 5131 2574 5183 sit
2598 5132 2756 5184 homo
2782 5133 3108 5187 rationabilis
3135 5147 3236 5187 est.
3261 5137 3522 5200 Quocirca
3553 5155 3773 5194 necesse

2183 5231 2264 5273 est
2295 5231 2383 5274 aut
2411 5223 2629 5288 verbum
2660 5239 2873 5290 semper
2895 5239 3012 5279 esse
3037 5228 3402 5295 prazdicatum,
3428 5242 3518 5284 aut
3546 5233 3688 5298 quod
3716 5233 3774 5288 ﬁt

2182 5311 2345 5362 verba
2376 5312 2651 5365 consimile
2677 5352 2690 5372 ,
2725 5313 2969 5382 idemque
3007 5316 3057 5367 in
3088 5317 3546 5373 enuntiationibus
3577 5323 3768 5390 pos.~it.

2182 5398 2332 5464 Quod
2361 5413 2487 5454 vero
2511 5401 2804 5469 subjectum
2836 5413 2998 5469 esset,
3026 5415 3113 5457 aut
3143 5407 3360 5460 omnino
3383 5423 3579 5465 nomen
3601 5424 3768 5476 esset,

2185 5501 2274 5547 aut
2312 5494 2448 5562 quod
2503 5496 2614 5547 vice
2663 5495 2892 5548 nominis
2947 5498 3274 5565 fungeretur.
3321 5495 3586 5567 Quocirca
3635 5504 3766 5558 illud

2185 5587 2414 5640 maxime
2441 5588 2796 5659 colligendum
2823 5599 2905 5643 est
2924 5628 2940 5653 ,
2973 5605 3132 5644 omne
3161 5591 3210 5642 in
3241 5579 3538 5660 categorica
3571 5610 3762 5664 propo-

2183 5688 2375 5742 sitione
2401 5689 2696 5758 subjectum
2719 5731 2732 5752 ,
2760 5705 2881 5744 esse
2907 5705 3099 5744 nomen
3123 5731 3137 5753 ,
3171 5706 3330 5745 omne
3356 5709 3484 5747 vero
3511 5695 3765 5762 praedica-

2181 5797 2312 5858 tum,
2349 5791 2586 5848 verbom.
2625 5793 2728 5850 Sed
2758 5797 3007 5860 quoniam
3039 5811 3158 5852 cum
3183 5796 3250 5853 de
3274 5799 3490 5855 noxiiine
3516 5802 3741 5870 loquere
3761 5776 3780 5793 ’
