3982 6334
204 305 300 361 52!

204 511 419 578 quidem
449 516 505 563 et
533 523 628 578 per
658 522 717 563 se
747 521 943 562 nomen
975 519 1079 559 non
1109 511 1283 567 esset,
1319 499 1583 553 inﬁnitum
1615 504 1793 549 tamen

204 618 400 661 nomen
443 609 764 668 vocaretur,
797 600 847 653 id
891 598 1033 669 quod
1082 612 1201 651 cum
1253 592 1496 662 negativa
1539 585 1796 657 particula

205 701 495 769 profertur.
543 694 730 749 Omnis
756 701 935 749 autem
982 688 1274 761 propositio
1303 702 1367 741 ex
1400 682 1631 738 nominis
1671 679 1800 733 sub-

204 791 440 864 jectione
484 786 747 844 consistit.
791 786 884 839 Est
925 794 1101 837 autem
1151 780 1450 850 cati'gorica
1502 771 1798 844 propositio

206 901 327 947 ante
354 882 556 952 aliquid
598 880 667 935 de
701 880 878 950 aliquo
911 876 1165 946 praedicat
1192 875 1272 927 vel
1313 879 1489 940 negat,
1518 878 1571 921 et
1597 868 1663 919 de
1690 878 1799 935 quo

210 977 465 1046 praedicat
494 973 707 1043 quidem
740 987 933 1026 nomen
964 978 1065 1024 est.
1116 967 1447 1034 Quandoque
1492 965 1541 1015 in
1582 960 1800 1014 nomine

208 1069 477 1124 inﬁnitum
505 1070 665 1123 etiam
698 1080 890 1120 nomen
932 1063 1156 1130 dicitur,
1202 1075 1420 1115 necesse
1462 1067 1543 1110 est
1589 1068 1802 1123 semper

212 1162 569 1231 categoricam
604 1158 1025 1229 propositionem
1055 1166 1145 1208 aut
1193 1168 1386 1207 nomen
1434 1149 1633 1203 habere
1674 1147 1803 1201 sub-

213 1259 408 1331 jectum
437 1299 451 1322 ,
495 1266 589 1312 aut
617 1257 746 1311 illud
790 1254 931 1326 quod
969 1250 1234 1307 inﬁnitum
1265 1248 1478 1303 dicitur.
1532 1244 1798 1299 Inﬁnitum

214 1364 341 1403 vero
372 1365 566 1404 nomen
594 1355 679 1402 est
717 1345 857 1416 quod
885 1346 997 1413 ipse
1039 1357 1180 1396 nunc
1211 1339 1597 1394 innomiuatum
1626 1342 1797 1390 vocat.

212 1445 400 1501 Omnis
427 1458 557 1513 ergo
592 1439 886 1512 propositio
919 1436 1257 1506 pra-dicativa
1309 1434 1360 1486 in
1392 1431 1524 1486 duas
1552 1429 1803 1483 dividitur

212 1537 424 1607 species
453 1550 468 1592 :
501 1544 592 1588 aut
620 1534 761 1587 enim
791 1546 856 1585 ex
889 1526 1095 1581 inﬁnito
1125 1524 1341 1578 nomine
1369 1522 1666 1591 subjectum
1697 1529 1800 1585 esr,

212 1639 307 1683 aut
332 1644 397 1682 et
426 1625 654 1695 simplici
682 1635 738 1677 et
764 1622 932 1675 ﬁnito.
965 1620 1039 1673 Ex
1071 1617 1278 1699 inﬁnito
1306 1614 1518 1684 quidem
1549 1611 1804 1683 quemad-

215 1722 436 1777 modum
467 1733 585 1773 cum
615 1716 765 1785 dico,
799 1729 906 1768 non
939 1713 1099 1764 homo
1124 1708 1391 1773 ambulat,
1422 1721 1490 1761 ex
1526 1706 1675 1758 linito
1703 1717 1827 1755 au-‘

950 297 1017 357 ῑΝ
1054 293 1312 355 LIBRUM
1343 290 1432 349 DE
1472 283 2120 346 INTERPRETATIONE
2157 281 2386 342 EDITIO
2421 280 2755 342 SECUNDA.

200 428 310 483 tur,
337 414 481 472 aliud
508 411 776 488 quoddam
809 425 1006 468 nomen
1035 406 1355 472 introduxit,
1387 412 1447 459 ut
1474 400 1788 471 simpliciter
1818 402 1874 463 Α

2094 395 2389 451 Indeﬁnitm
2427 411 2494 451 ex
2533 395 2739 450 inﬁnito
2779 392 2995 449 nomine
3025 392 3286 466 subjecto.

1899 467 2014 524 Non
2049 466 2209 522 homo
2240 468 2476 521 ambulat
2686 468 2798 519 Non
2830 466 2988 518 homo
3018 482 3122 521 non
3152 466 3394 522 ambulat

2083 540 2421 593 llmversales
2453 555 2517 593 ex
2542 538 2769 610 simplici
2804 540 3016 610 nomine
3044 540 3309 601 siibiecto.

1901 611 2087 667 Omnis
2129 613 2290 664 homo
2328 610 2567 665 ambulat
2649 609 2652 610 ν
2700 610 2883 663 Nullus
2924 609 3083 662 homo
3121 614 3357 664 ambulat

2086 683 2423 737 Universales
2453 699 2517 737 ex
2563 682 2772 735 infiniro
2803 684 3016 734 nomine
3044 682 3307 752 sobjecto.

1903 755 2090 810 Omnis
2113 771 2217 809 non
2242 758 2401 806 homo
2417 755 2653 807 ambulat
2692 752 2875 806 Nullus
2904 770 3007 805 non
3030 753 3190 806 homo
3220 752 3459 809 ambulat.

2070 826 2417 880 l’articulares
2455 840 2521 880 ex
2560 825 2784 892 simplici
2820 824 3035 879 nomine
3069 826 3333 890 subjecto.

1905 897 2130 966 Quidam
2173 899 2333 950 bomo
2362 897 2599 949 ambulat
2688 896 2912 962 Quidam
2949 898 3108 949 homo
3131 911 3233 951 non
3261 895 3496 952 ambulat

2097 969 2448 1023 l'articnlares
2474 982 2535 1023 ex
2571 968 2777 1021 inﬁnito
2809 968 3021 1022 nomine
3048 968 3313 1038 subjecto.

1908 1040 2131 1109 Quidam
2162 1056 2266 1095 non
2299 1040 2461 1094 bomo
2478 1041 2621 1094 amb.
2655 1039 2877 1105 Quidam
2911 1055 3015 1093 non
3039 1043 3200 1095 homo
3223 1058 3326 1094 non
3350 1041 3494 1113 amb.

1910 1173 2035 1229 Haec
2063 1191 2189 1243 ergo
2223 1176 2458 1241 partiens
2478 1217 2492 1240 ,
2526 1185 2579 1229 et
2608 1174 2676 1226 de
2706 1173 3164 1243 propositionibus
3193 1190 3258 1229 ex
3289 1174 3499 1230 duobus

1911 1268 2155 1323 terminis
2210 1270 2513 1322 constitutis
2566 1264 2766 1320 faciens
2810 1267 3273 1337 propositionem,
3332 1266 3502 1336 inquit

1910 1378 2101 1418 omnes
2134 1377 2199 1417 ex
2228 1362 2616 1431 subjectoﬁeri
2643 1362 2859 1417 nomine
2889 1364 3304 1431 propositiones,
3337 1371 3390 1416 et
3412 1376 3503 1416 eas

1911 1465 2116 1511 tantum
2144 1457 2210 1511 ad
2240 1456 2555 1511 divisionem
2587 1455 2749 1510 sumit
2778 1471 2899 1527 qua:
2938 1472 3005 1511 ex
3035 1456 3240 1512 inﬁnito
3265 1458 3503 1522 nomine,

1910 1559 1966 1603 et
1995 1548 2145 1603 ﬁnito
2176 1548 2392 1602 nomine
2426 1550 2579 1613 ﬁunt,
2613 1548 2815 1604 faciens
2845 1548 3147 1618 liujusmodi
3189 1549 3507 1605 divisionem

1913 1640 2286 1709 principalem,
2310 1649 2368 1693 tit
2388 1640 2457 1693 sit
2482 1657 2495 1694 :
2525 1640 2958 1710 l‘ropositionum
2982 1640 3098 1694 alia:
3122 1650 3333 1695 suntex
3358 1642 3508 1695 ﬁnito

1914 1733 2152 1797 nomine,
2181 1732 2301 1787 alite
2331 1746 2397 1787 ex
2429 1732 2598 1787 ﬁnito.
2644 1732 2964 1802 Oportuerat
2994 1732 3207 1801 quidem
3238 1733 3510 1788 volentem

216 1820 328 1867 lem
360 1820 414 1864 ει
440 1809 663 1879 δίωβιίθί
684 1848 698 1873 ν
732 1816 788 1860 ¹¹¹
814 1805 975 1861 homo
999 1803 1256 1857 ambmm'
1293 1799 1459 1895 ""595
1488 1806 1663 1851 autem
1689 1810 1808 1866 qum
1838 1803 1888 1865 Β
1913 1836 2103 1881 cuncta
2122 1826 2304 1894 partiri
2329 1824 2395 1878 ad
2412 1799 2740 1880 difl‘erentias
2760 1799 3182 1895 propositionum
3207 1840 3311 1880 non
3331 1824 3506 1880 s-ilum

216 1919 283 1960 ex
316 1903 466 1957 ﬁnito
494 1914 547 1957 et
583 1898 815 1970 simplici
851 1908 968 1961 est,
1001 1896 1206 1965 species
1233 1903 1356 1948 sunt
1385 1892 1502 1945 duae
1524 1933 1538 1955 ,
1570 1905 1689 1959 quae
1718 1898 1811 1942 aut

216 1992 524 2064 universale
571 2008 763 2046 nomen
811 1989 1063 2058 sobjicit,
1105 1996 1163 2040 ut
1204 1987 1363 2038 boino
1405 1981 1683 2045 ambulat,
1721 1987 1813 2034 aut

217 2086 524 2158 singulare,
557 2098 614 2139 ut
641 2087 889 2141 Socrates
916 2080 1172 2135 ambulat.
1208 2079 1381 2146 Quare
1410 2076 1483 2131 ita
1516 2074 1572 2129 ﬁt
1595 2073 1809 2129 divisio.

220 2180 472 2236 Omnium
500 2178 925 2233 enuntiationum
953 2172 1295 2243 simplicium,
1326 2186 1444 2240 qua:
1469 2169 1677 2223 duobus
1705 2181 1815 2221 ter-

221 2276 384 2330 minis
403 2280 674 2335 constant,
700 2272 819 2324 alia:
842 2281 963 2324 sunt
988 2284 1052 2321 ex
1080 2264 1289 2320 inﬁnito
1313 2263 1527 2317 nomine
1549 2263 1810 2331 subjecto,

222 2371 342 2424 alite
369 2383 497 2424 vero
523 2383 587 2422 ex
622 2366 774 2421 ﬁnito
805 2374 860 2420 et
896 2362 1146 2445 simplici.
1198 2361 1392 2414 Earum
1435 2373 1554 2427 quae
1584 2356 1814 2425 simplex

222 2465 423 2521 habent
449 2462 786 2531 subjectum,
814 2458 934 2513 alia-
964 2467 1087 2513 sunt
1115 2471 1235 2525 qua:
1265 2451 1563 2507 universale
1587 2449 1815 2519 simplex

223 2560 547 2630 subjiciunt,
602 2555 722 2610 alia:
751 2569 871 2623 qua:
898 2552 1188 2622 singulare.
1239 2548 1409 2618 Supra
1459 2563 1587 2601 vero
1636 2544 1820 2600 docuit

228 2667 348 2721 quae
378 2649 483 2703 sint
513 2644 832 2701 diﬁ'erenlia:
875 2641 1300 2711 prepositionum
1320 2679 1334 2702 ,
1366 2635 1593 2705 simplex
1622 2649 1817 2688 nomen

231 2745 284 2798 in
316 2740 560 2811 subjecto
589 2739 920 2808 ponentium.
974 2733 1126 2800 Quod
1158 2733 1279 2786 alia:
1313 2739 1435 2783 sunt
1462 2725 1817 2791 universales,

229 2837 349 2892 alite
375 2846 501 2891 sunt
527 2833 901 2903 particulares,
923 2829 1043 2883 alia:
1065 2834 1191 2882 sunt
1213 2824 1522 2889 itidelluilm,
1549 2834 1603 2879 et
1629 2836 1821 2875 secun-

226 2930 355 2987 dum
378 2929 727 3000 quantitatem
756 2923 971 2995 quidem
1000 2924 1102 2976 hoc
1128 2920 1286 2974 modo
1314 2917 1590 2973 differunt.
1613 2914 1821 2971 Secun-

229 3024 359 3080 dum
400 3023 708 3093 qualitatem
748 3033 910 3084 vero,
954 3016 1094 3087 quod
1137 3014 1256 3068 alia:
1299 3010 1636 3074 afﬁrmatian
1672 3017 1819 3072 sunt,

230 3102 359 3174 aliter
390 3115 667 3185 negativae.
711 3112 856 3168 idem
893 3123 1106 3181 quoque
1150 3108 1202 3161 in
1243 3106 1326 3159 bis
1369 3101 1824 3174 propositionibus

1916 1920 2124 1975 inﬁnita
2167 1934 2381 1974 sumere
2410 1920 2627 1973 nomina
2648 1960 2663 1985 ,
2706 1918 2801 1973 sed
2830 1920 2989 1973 etiam
3021 1918 3209 1973 verba.
3243 1917 3349 1972 Sed
3381 1932 3513 1984 quo-

1917 2013 2058 2085 niam
2107 2021 2330 2067 noverat
2376 2027 2571 2066 nomen
2621 2012 2834 2080 quidem
2883 2010 3145 2065 inﬁnitum
3188 2024 3514 2065 conservare

1918 2103 2340 2173 propositionem
2382 2119 2538 2173 quam
2582 2103 2871 2158 invi-uisset
2897 2148 2912 2173 ,
2946 2104 3074 2157 utsi
3103 2104 3156 2159 in
3194 2102 3512 2157 a‘flirinativa

1918 2195 2209 2264 diceretur,
2228 2194 2603 2250 afﬁrmativam
2627 2206 2867 2251 serv:iret
2888 2197 3333 2261 enuntiationem,
3356 2207 3410 2249 ut
3430 2205 3515 2251 est

1919 2305 2025 2343 non
2057 2289 2220 2343 homo
2247 2290 2506 2344 ambulat.
2540 2289 2597 2346 Si
2629 2290 2871 2361 negativa
2897 2331 2912 2356 ,
2946 2291 3244 2359 negativam
3276 2298 3517 2346 servaret

1920 2376 2371 2450 enuntia'tionem,
2404 2384 2647 2454 negativa
2679 2396 2855 2439 autem
2884 2393 3001 2449 est,
3030 2394 3085 2436 ut
3112 2393 3193 2437 est
3221 2399 3326 2436 non
3355 2383 3517 2435 homo

1921 2477 2173 2530 ambulat.
2208 2474 2379 2529 Verba
2408 2489 2537 2528 vero
2564 2490 2683 2543 quae
2712 2486 2835 2528 sunt
2865 2473 3070 2528 inﬁnita
3096 2473 3278 2541 juncta
3306 2472 3358 2527 in
3391 2487 3516 2541 pr0=

1923 2569 2189 2637 positione
2220 2582 2325 2621 non
2367 2566 2782 2621 afﬁrmationem
2806 2608 2821 2631 ,
2858 2567 2951 2620 sed
2992 2568 3250 2637 perlici-re
3281 2566 3519 2636 negatio-

1922 2675 2067 2722 nem,
2102 2659 2300 2714 idcirczi
2331 2659 2397 2713 de
2430 2659 2511 2712 bis
2543 2659 2773 2714 reticuit.
2809 2658 2962 2726 Quod
2997 2660 3076 2712 lite
3108 2658 3277 2727 magis
3307 2674 3424 2726 qua:
3451 2674 3519 2713 ex

1924 2753 2090 2807 verbo
2130 2751 2343 2807 inlinito
2381 2763 2506 2806 sunt
2551 2752 2617 2807 ad
2683 2767 2842 2806 unam
2895 2751 3205 2820 qualitatem
3253 2751 3522 2820 pertinent

1925 2844 2336 2913 proiiositionis,
2369 2844 2421 2899 id
2449 2854 2532 2900 est
2560 2846 2626 2898 ad
2669 2847 2991 2915 ncga’tivatn.
3039 2843 3266 2914 Semper
3292 2844 3433 2898 enirn
3465 2844 3524 2899 ﬁt

1926 2955 1991 2994 ex
2028 2938 2238 2993 inﬁnito
2277 2940 2447 2994 verbo
2480 2938 2714 3010 negatio.
2761 2939 2885 2995 Haec
2929 2938 3091 3008 igitur
3132 2938 3389 3009 colligens
3425 2938 3519 2993 ait.

1925 3033 2190 3099 Quoniam
2237 3045 2415 3088 autem
2469 3044 2550 3087 est
2613 3036 2679 3089 de
2727 3034 2907 3103 aliquo
2953 3033 3196 3103 subjecto
3239 3032 3525 3089 afﬁrmatio

1928 3126 2235 3195 signiﬁcans
2256 3126 2478 3193 aliquid,
2504 3125 2556 3179 id
2580 3136 2661 3181 est
2684 3125 3005 3194 praidicans,
3034 3128 3134 3180 llOC
3162 3136 3244 3181 est
3270 3126 3525 3195 quoniam

230 3228 349 3284 quae
380 3228 444 3266 ex
476 3209 683 3265 inﬁnito
729 3205 947 3261 nomine
990 3200 1234 3271 subjecto
1271 3198 1641 3253 enuntiantur.
1686 3193 1819 3248 Alia:

1931 3217 2105 3272 omnis
2136 3218 2432 3287 propositio
2462 3230 2544 3272 est
2574 3233 2644 3273 ex
2676 3217 2921 3288 subjecto
2950 3228 3004 3273 et
3042 3219 3354 3289 praedicata,
3387 3219 3530 3288 quod

233 3320 466 3376 namque
494 3318 680 3361 earum
715 3298 1006 3356 indeﬁnite
1038 3304 1201 3359 sunt,
1233 3294 1352 3348 alia:
1383 3290 1638 3346 deﬁnitae.
1673 3288 1819 3342 Deﬁ-
1854 3322 1863 3349 ι

233 3399 464 3454 nitarum
494 3396 613 3451 alite
640 3402 765 3451 sunt
794 3389 1122 3447 universales
1141 3427 1156 3451 ,
1186 3387 1305 3441 alite
1333 3384 1703 3453 particulares,
1738 3382 1824 3436 bic

235 3505 445 3562 quoque
471 3487 765 3545 secundum
794 3483 1166 3555 quantitatem,
1196 3494 1295 3535 nec
1320 3478 1497 3533 minus
1526 3475 1823 3531 secundum

236 3582 547 3654 qualitatem
580 3579 784 3635 eaedem
825 3574 1153 3630 inﬁnitarum
1182 3586 1393 3642 quoque
1422 3570 1698 3623 nominum
1720 3612 1734 3637 ,
1771 3570 1825 3621 in
1864 3606 1871 3621 ι

235 3670 693 3747 propositionibus
720 3667 1039 3723 diﬁ‘erentiat
1068 3673 1214 3720 sunt.
1248 3664 1497 3717 Dicimus
1521 3660 1663 3717 enim
1693 3659 1828 3712 alias

238 3778 357 3820 esse
386 3761 734 3817 afﬁrmativas
756 3800 771 3822 ,
799 3758 933 3813 alias
961 3755 1270 3826 negativas;
1299 3753 1537 3822 subjecta
1570 3764 1698 3805 vero
1727 3748 1828 3804 de-

240 3859 460 3929 scriptio
481 3857 660 3922 docet,
684 3869 803 3925 qute
830 3854 937 3906 sint
955 3848 1289 3905 alﬁrmativa:
1309 3846 1603 3915 simplices,
1630 3852 1686 3898 et
1711 3856 1830 3913 qua:

243 3963 368 4007 sunt
394 3949 678 4020 negativae,
703 3956 755 4001 et
777 3957 964 4000 rursus
990 3958 1109 4012 qua:
1140 3950 1265 3995 sunt
1292 3937 1625 3993 afﬁrmatin
1647 3951 1716 3990 ex
1744 3936 1832 3989 in-

240 4041 396 4096 ﬁnito
427 4042 642 4095 nomine
668 4079 684 4103 ,
716 4048 771 4091 et
809 4051 929 4106 qua:
974 4032 1233 4104 negativa:
1260 4073 1274 4095 ,
1319 4045 1518 4099 easque
1560 4042 1747 4082 omnes
1775 4027 1832 4081 in

242 4132 478 4202 propriis
519 4127 1056 4185 deterininationibns
1101 4123 1475 4194 adjunxiinus,
1514 4136 1615 4175 nec
1656 4122 1834 4173 minus
1872 4170 1875 4171 ν

242 4224 402 4278 etiam
453 4221 752 4277 indeﬁnitas
795 4220 850 4274 in
903 4229 1128 4287 utraque
1174 4215 1354 4283 specie
1405 4210 1832 4280 propositionum

241 4315 540 4387 posuimus,
558 4314 819 4383 singulare
834 4311 1151 4365 habentibus
1168 4306 1487 4375 subjectum,
1504 4300 1835 4371 simplicibus

241 4405 697 4478 propositionibus
747 4404 984 4474 rejectis.
1040 4401 1177 4454 Sunt
1231 4400 1374 4453 enim
1431 4394 1654 4450 inﬁnita:
1713 4407 1836 4462 pro-

243 4500 533 4569 positiones
564 4498 835 4567 simplices
862 4496 986 4550 bae:
1023 4495 1183 4548 homo
1227 4490 1500 4553 ambulat,
1533 4487 1697 4542 homo
1728 4501 1835 4541 non

241 4593 506 4655 ambulat;
540 4598 726 4646 contra
768 4604 859 4645 eas
897 4603 1027 4644 vero
1070 4586 1256 4642 divisa:
1298 4582 1593 4639 secundum
1636 4596 1834 4636 nomen
1864 4580 1919 4644 Ι)

243 4684 507 4741 inﬁnitum
555 4686 639 4738 lia:
674 4702 688 4737 :
724 4698 828 4737 non
866 4681 1030 4735 homo
1069 4679 1348 4741 ambulat,
1379 4692 1485 4730 non
1525 4675 1686 4729 homo
1733 4689 1840 4728 non

244 4778 503 4842 ambulat;
523 4776 855 4833 universales
875 4790 941 4831 ex
959 4772 1189 4844 simplici
1210 4771 1455 4841 subjecto
1478 4769 1694 4826 nomine
1716 4776 1844 4824 sunt

245 4873 374 4926 itte:
405 4873 580 4927 omnis
628 4871 790 4924 bomo
838 4868 1119 4932 ambulat,
1165 4865 1340 4920 nullus
1385 4865 1546 4919 homo
1580 4862 1836 4937 ambulat.

242 4965 442 5021 Contra
475 4962 569 5017 bas
595 4978 724 5018 vero
752 4942 943 5017 divisa:
983 4977 1050 5015 ex
1080 4960 1288 5014 inﬁnito
1316 4959 1534 5013 nomine
1564 4959 1842 5011 universa-

244 5058 323 5112 les
347 5073 362 5110 :
388 5052 562 5109 omnis
590 5069 695 5107 non
727 5055 888 5106 homo
915 5052 1173 5117 ambulat,
1204 5050 1380 5105 nullus
1405 5066 1510 5103 non
1542 5048 1701 5101 homo
1729 5061 1844 5103 am:

243 5146 414 5203 bulat.
450 5147 653 5201 Rursus
684 5143 1030 5212 particulares
1058 5159 1124 5197 ex
1163 5142 1398 5209 simplici
1448 5139 1665 5195 nomine
1710 5138 1844 5194 sub-

242 5240 388 5314 jecto
416 5248 541 5294 sunt
570 5240 651 5292 hie
676 5253 690 5292 :
715 5236 929 5308 quidam
963 5235 1125 5290 homo
1152 5234 1411 5298 ambulat,
1436 5233 1654 5303 quidam
1682 5231 1844 5286 homo

246 5350 355 5389 non
386 5332 643 5387 ambulat.
691 5330 897 5385 Rursus
936 5327 1285 5396 particulares
1311 5338 1498 5397 contra
1532 5324 1628 5376 bas
1653 5322 1843 5377 divisa:

248 5442 313 5483 ex
348 5426 558 5480 inlinito
597 5425 814 5480 nomine
854 5422 1098 5492 subjecto
1140 5429 1266 5475 sunt
1307 5418 1391 5471 lue
1422 5435 1435 5470 :
1470 5415 1686 5485 quidam
1737 5430 1840 5469 non

250 5521 414 5573 boino
442 5518 703 5584 ambulat,
731 5516 948 5587 quidam
980 5529 1086 5569 non
1114 5512 1277 5565 homo
1301 5525 1409 5565 non
1437 5509 1698 5564 ambulat.
1733 5508 1845 5563 lloc

250 5625 429 5668 autem
464 5612 704 5683 subjecta
735 5610 1091 5680 descriptione
1125 5605 1448 5661 declaratur.

431 5795 727 5851 Indeﬁnitze
776 5812 843 5850 ex
884 5790 1113 5863 simplici
1157 5790 1372 5847 nomine
1400 5786 1660 5863 subjecto.

249 5867 425 5926 llomo
452 5869 690 5924 ambulat
994 5861 1002 5863 θ
1049 5863 1219 5917 llomo
1250 5878 1353 5918 non
1387 5861 1625 5917 ambulat

533 5966 809 6029 Panos.
856 5959 1055 6023 LXIV
1070 6003 1084 6018 .

1929 3320 2107 3367 autem
2138 3310 2439 3381 subjectum
2471 3321 2586 3376 est,
2623 3309 2705 3364 vel
2738 3325 2934 3363 nomen
2955 3350 2970 3376 ,
3003 3311 3089 3365 vel
3114 3312 3527 3367 innomiuatum.

1931 3407 2523 3461 lnaominatumautem
2550 3406 2792 3473 estquod
2813 3405 3146 3473 propositum
3178 3421 3373 3461 nomen
3403 3406 3533 3460 sub-
3570 3408 3587 3420 ‘

1931 3504 2059 3567 ruit,
2088 3509 2145 3555 ut
2175 3512 2256 3557 est
2289 3507 2393 3554 non
2427 3500 2610 3555 homo.
2640 3499 2844 3555 Nomen
2878 3502 3022 3556 enim
3050 3501 3190 3573 quod
3231 3510 3314 3555 est
3366 3501 3531 3554 homo

1932 3592 2111 3647 dill‘ert
2133 3594 2364 3648 nominis
2388 3596 2577 3649 inﬁniti
2602 3597 2919 3664 privatione,
2946 3597 3086 3665 quod
3108 3603 3191 3649 est
3213 3609 3318 3647 non
3346 3592 3530 3661 homo,

1933 3694 2093 3757 atque
2141 3687 2261 3743 ideo
2304 3696 2359 3743 et
2405 3687 2794 3745 innomiuatum
2839 3692 3067 3744 vocavit.
3119 3686 3304 3754 Qualis
3351 3694 3533 3741 autem

1936 3780 2131 3836 debeat
2158 3797 2275 3836 csse
2304 3784 2599 3853 propositio
2625 3786 2692 3839 de
2719 3800 2820 3854 qua
2848 3793 3061 3849 tractat,
3085 3781 3295 3837 ostendi
3324 3779 3534 3846 dicens,

1937 3890 2104 3929 unum
2138 3887 2314 3930 autem
2346 3886 2564 3943 Oportet
2589 3893 2708 3933 esse
2739 3889 2793 3933 et
2815 3880 2880 3932 de
2918 3892 3023 3931 uno
3061 3875 3164 3930 hoc
3196 3872 3337 3943 quod
3370 3879 3455 3926 est
3483 3872 3539 3929 in

1938 3964 2318 4032 afﬁrmatione,
2344 3968 2394 4023 id
2417 3978 2587 4023 estex
2615 3969 2824 4024 duobus
2847 3967 3087 4023 terminis
3116 3964 3539 4035 propositionem

1938 4073 2192 4130 oportere
2238 4063 2558 4118 consistere.
2612 4062 3011 4118 Commemorat
3049 4074 3261 4132 quoque
3301 4059 3428 4129 quid
3470 4058 3541 4114 sit

1942 4156 2333 4209 innomiuatum
2356 4172 2415 4209 se
2438 4171 2598 4225 supra
2622 4157 2843 4222 dixisse,
2867 4155 3119 4223 quoniam
3143 4154 3283 4222 quod
3312 4151 3541 4206 dicimus

1942 4264 2049 4303 non
2096 4248 2257 4302 homo
2281 4290 2295 4314 ,
2342 4265 2539 4303 nomen
2579 4250 2795 4317 quidem
2825 4248 3143 4305 Aristoteles
3173 4263 3279 4302 non
3311 4247 3538 4312 diceret,

1941 4343 2037 4397 sed
2067 4342 2206 4411 quod
2238 4356 2432 4395 nomen
2464 4342 2783 4411 simpliciter
2813 4357 2919 4395 non
2943 4352 3161 4396 vocaret
3182 4381 3198 4406 ,
3231 4340 3331 4395 lioc
3355 4339 3543 4395 addito

1874 4442 1881 4455 '
1945 4433 2154 4489 inﬁnito
2191 4450 2385 4489 nomen
2427 4436 2632 4490 diceret
2674 4434 2946 4489 inﬁnitum
2973 4476 2987 4501 ,
3040 4435 3242 4491 idcirco
3289 4435 3543 4507 quoniam

1945 4541 2106 4580 unum
2138 4527 2352 4596 quidem
2382 4528 2683 4597 signiﬁcat,
2720 4527 2813 4581 sed
2848 4525 3135 4592 inﬁnitum,
3168 4543 3363 4583 nomen
3394 4530 3540 4583 enim

1946 4621 2088 4690 quod
2121 4621 2290 4692 ipsam
2334 4621 2778 4691 signiﬁcationem
2809 4619 2926 4691 ejus
2955 4621 3099 4691 quod
3126 4622 3356 4677 dicimus
3387 4623 3548 4675 homo

1950 4718 2125 4783 tollit,
2164 4717 2215 4771 id
2248 4726 2331 4772 est
2362 4732 2467 4770 non
2499 4716 2662 4772 bomo
2685 4758 2701 4781 ,
2742 4733 2902 4769 unum
2935 4727 3018 4771 est
3042 4758 3057 4780 ,
3099 4725 3153 4771 et
3179 4732 3339 4770 unam
3369 4730 3464 4784 per
3490 4727 3551 4769 se

1950 4809 2396 4880 signiﬁcationem
2420 4810 2746 4876 subripiens.
2773 4810 2933 4863 Multa
2960 4820 3086 4865 sunt
3106 4824 3227 4880 qua:
3250 4809 3552 4879 intelligen-

1952 4904 2085 4957 titttn
2116 4902 2364 4957 sensibus
2392 4905 2786 4970 relnquuntur,
2816 4916 3205 4958 commemorat
3230 4906 3388 4959 etiam
3418 4916 3553 4970 quo-

1953 4998 2119 5065 niam,
2152 5011 2257 5050 non
2284 5000 2446 5051 currit
2478 4999 2699 5051 Verbum
2731 4998 2981 5061 superius
3018 4996 3285 5051 inﬁnitum
3317 4993 3551 5060 vocavit,

1952 5099 2005 5145 et
2037 5104 2142 5143 non
2177 5090 2494 5158 simpliciter
2524 5092 2767 5145 verbum.
2810 5091 3071 5157 Quoniam
3097 5106 3223 5159 ergo
3255 5086 3452 5156 aliquid
3484 5086 3555 5140 de

1952 5184 2131 5252 aliquo
2159 5185 2446 5238 aflirmatio
2470 5194 2573 5247 est,
2607 5184 2709 5240 hoc
2738 5195 2914 5238 atttcm
2942 5185 3083 5254 quod
3116 5184 3417 5250 subjectum
3447 5188 3552 5245 est,

1952 5286 2042 5328 aut
2071 5290 2267 5331 nomen
2297 5290 2418 5331 esse
2449 5285 2684 5344 Oportet.
2717 5288 2802 5331 aut
2836 5277 3251 5335 innomiuatum,
3286 5272 3335 5327 id
3364 5280 3447 5327 est
3476 5271 3558 5325 in-

1952 5369 2161 5424 ﬁnitum
2204 5385 2422 5425 nomen.
2465 5372 2671 5441 Duplex
2720 5371 3102 5441 p'OpUSitionlS
3150 5368 3361 5439 species
3403 5368 3558 5423 inve-

1960 5468 2123 5522 nitur.
2152 5466 2338 5522 Omnis
2361 5467 2501 5521 enim
2527 5469 2813 5521 afﬁrmatio
2842 5466 2920 5521 vel
2954 5481 3022 5521 ex
3053 5466 3203 5519 ﬁnito
3234 5463 3449 5518 nomine
3473 5469 3560 5517 est

1958 5570 2013 5616 et
2040 5549 2217 5616 'verbo
2240 5600 2255 5626 ,
2289 5561 2372 5615 vel
2404 5576 2469 5615 ex
2503 5560 2711 5614 inﬁnito
2763 5562 2979 5612 nomine
3026 5566 3080 5611 et
3124 5556 3286 5611 verbo
3309 5596 3323 5619 ,
3366 5553 3562 5610 eodem

1959 5669 2171 5724 quoque
2204 5653 2361 5707 modo
2390 5664 2444 5708 et
2474 5655 2706 5722 negatio.
2741 5650 2919 5719 Neque
2950 5649 3092 5704 enim
3127 5648 3427 5716 reperietur
3456 5662 3561 5701 nn-

1959 5762 2121 5816 quam
2162 5746 2265 5800 ulla
2321 5746 2653 5810 afﬁrmatio,
2708 5744 2861 5811 cujus
2920 5742 3130 5811 negatio
3184 5739 3410 5795 inveniri
3456 5753 3564 5801 non

1960 5839 2150 5914 possit.
2206 5839 2355 5905 Quod
2400 5839 2444 5894 si
2494 5836 2692 5907 duplex
2733 5843 2815 5891 est
2852 5833 3057 5905 species
3104 5832 3563 5898 alﬁrmatiouum,

3254 5927 3327 5988 17
