4090 6342
456 263 560 325 523

1678 267 1787 325 AN.
1830 263 2038 323 MANL.
2077 259 2234 319 BEV.
2276 257 2497 317 BOETII

3646 262 3755 322 526

457 383 660 453 duplex
695 396 909 455 quoque
936 390 1021 440 est
1047 378 1256 453 species
1277 380 1655 452 negationum,
1680 380 1813 435 illud
1839 391 2054 450 quoque
2080 379 2136 439 Δ
2159 370 2391 427 dicimus
2442 387 2552 427 non
2599 371 2782 439 homo,
2828 384 2894 425 an
2942 371 3208 429 inﬁnitum
3248 386 3443 435 nomen
3485 388 3651 447 esset,
3681 398 3752 441 an

455 487 848 533 commemorat
876 476 1019 547 quod
1067 490 1225 545 supra
1266 474 1377 548 jam
1424 473 1578 530 dixit.
1627 473 1759 529 Nam
1810 474 1935 529 licet
1983 486 2047 526 ex

458 579 675 635 nomine
702 591 756 636 et
782 580 968 644 verbo,
1005 587 1059 634 et
1100 590 1288 632 rursus
1310 592 1370 631 ex
1405 591 1471 631 eo
1500 576 1641 645 quod
1684 591 1792 633 non
1820 585 1907 629 est
1950 588 2050 629 no-

460 689 604 737 men,
638 673 734 728 sed
765 671 1031 727 inﬁnitum
1063 685 1282 737 nomen,
1314 679 1369 725 et
1396 670 1562 724 verbo
1590 670 1653 723 ﬁt
1678 668 1968 723 afﬁrmatio
1997 676 2052 723 et

458 766 673 834 negatio
715 765 1076 831 prmdicativa,
1108 756 1165 817 id
1192 771 1276 818 est
1304 763 1633 833 categorica,
1668 771 1726 817 ut
1766 772 1947 816 autem
1980 761 2052 815 sit

373 858 383 865 '
458 865 653 926 praeter
675 858 897 912 verbum
928 858 1031 910 ulla
1058 855 1346 911 afﬁrmatio
1370 866 1531 925 atque
1554 855 1894 923 negatio,aut
1914 868 2052 924 prm-

461 959 544 1001 ter
574 948 625 1002 id
655 948 797 1018 quod
835 949 977 1003 idem
1018 948 1286 1018 signiﬁcet
1324 949 1547 1003 verbum
1581 950 1661 1002 vel
1696 949 1747 1001 in
1793 947 2052 1001 subaudi-

457 1044 627 1108 tione,
654 1044 739 1098 vel
767 1044 949 1112 aliquo
995 1044 1103 1097 alio
1146 1043 1327 1106 modo,
1359 1042 1473 1096 ﬁeri
1519 1057 1624 1095 non
1664 1050 1861 1111 potest.
1893 1040 2054 1095 Ponit

458 1151 668 1206 quoque
699 1138 861 1192 verba
892 1152 1013 1205 qua:
1044 1151 1181 1206 pene
1210 1136 1262 1190 in
1290 1136 1539 1191 omnibus
1562 1134 2050 1205 prepositionibus,

455 1241 549 1284 aut
597 1232 706 1298 ipsa
738 1229 955 1294 cadant,
985 1238 1074 1283 aut
1103 1244 1223 1298 qua:
1273 1228 1412 1284 idem
1464 1228 1695 1283 valeant.
1744 1229 1836 1281 Est
1883 1227 2049 1293 enim,

458 1320 662 1387 inquit,
698 1321 781 1375 vel
824 1320 926 1374 erit
950 1362 965 1384 ,
997 1321 1079 1375 vel
1113 1320 1238 1385 fuit,
1272 1319 1355 1374 vel
1388 1333 1725 1390 quaecunque
1775 1318 1880 1373 alia
1921 1333 2051 1372 con-

455 1413 759 1483 signiﬁcant
787 1420 1022 1480 tempus,
1046 1410 1205 1466 verba
1237 1421 1382 1475 sunt,
1417 1421 1472 1465 ut
1503 1411 1682 1466 doceri
1714 1427 1778 1466 cx
1811 1410 1893 1464 bis
1926 1425 2051 1480 pos-

455 1522 642 1561 sumus
683 1522 803 1575 quce
849 1514 972 1561 ante
1016 1506 1187 1574 posita
1218 1512 1365 1572 sunt,
1395 1516 1557 1576 atque
1599 1519 1882 1571 concessa,
1926 1519 2048 1559 cum

453 1597 706 1651 difﬁnitio
749 1596 1061 1663 verborum,
1094 1596 1313 1651 daretur
1336 1638 1351 1662 ,
1388 1596 1548 1651 verba
1595 1610 1721 1660 esse
1759 1612 1879 1664 quae
1919 1612 2052 1650 con-

452 1691 819 1760 signiﬁcarent
871 1700 1103 1759 tempus.
1153 1689 1333 1756 Quare
1376 1690 1421 1743 si
1470 1689 1587 1744 haec
1640 1689 2051 1759 consigniﬁcant

2155 479 2285 519 vero
2328 464 2537 520 ﬁnitum
2565 478 2687 519 cum
2735 467 3017 535 negatione
3055 468 3422 538 conjunctum.
3458 471 3563 528 Sed
3612 491 3753 544 quo-

2153 559 2295 614 niam
2334 559 2612 614 Aristoteli
2662 558 2837 629 placet
2880 560 3061 615 verbis
3120 563 3435 631 negationes
3485 552 3753 635 oportere

2159 653 2432 723 conjungi,
2482 652 2687 706 inlinita
2737 652 2907 722 magis
2952 652 3112 708 verba
3158 656 3392 726 ambigui
3444 656 3755 714 intellectus

2157 758 2304 818 sunt,
2337 766 2403 806 an
2428 751 2632 806 inﬁnita
2668 751 2969 818 videantur,
3001 768 3069 807 an
3101 768 3224 809 cum
3258 758 3542 827 negatione
3573 759 3750 814 ﬁnita.

2155 843 2331 912 Atque
2380 844 2501 898 ideo
2546 843 2619 897 ita
2667 843 2996 898 discernitur
3038 858 3311 916 sumptum
3360 863 3482 903 cum
3528 842 3753 904 nomine

2156 933 2421 988 inﬁnitum
2453 934 2675 990 verbum
2720 935 2934 1004 negotio
2962 938 3019 989 ﬁt
3055 948 3111 992 et
3149 940 3393 1009 negativa
3427 944 3750 1010 propositio,

2155 1034 2215 1078 ut
2245 1037 2349 1093 est,
2379 1027 2541 1080 homo
2569 1041 2677 1081 non
2706 1027 2963 1083 ambulat.
2999 1028 3099 1082 Per
3122 1044 3182 1085 se
3214 1046 3341 1086 vero
3381 1032 3584 1086 dictum
3628 1035 3752 1086 inli—

2157 1118 2326 1172 nitum
2366 1118 2587 1174 verbum
2626 1130 2731 1187 est,
2763 1130 2821 1173 ut
2860 1134 2966 1174 non
2995 1120 3255 1177 ambulat.
3304 1128 3477 1193 Atque
3509 1124 3630 1178 ideo
3662 1125 3753 1179 hic

2156 1212 2325 1266 solam
2374 1212 2732 1268 diﬁ'erentiam
2780 1217 3054 1269 nominum
3096 1227 3150 1270 et
3181 1215 3510 1271 inﬁnitorum
3568 1218 3752 1271 nomi-

2156 1319 2283 1359 num
2312 1305 2364 1359 in
2396 1306 2851 1376 propositioiiibus
2877 1308 3047 1373 dedit,
3080 1323 3187 1363 non
3219 1312 3381 1365 etiam
3411 1312 3751 1367 inﬁnitorum

2155 1399 2464 1469 verborum,
2506 1400 2707 1455 idcirco
2760 1402 2902 1471 quod
2951 1401 3020 1457 de
3066 1404 3367 1473 ceujunctis
3402 1406 3751 1475 loquebatur,

2155 1490 2360 1545 scilicet
2387 1493 2456 1546 de
2493 1494 2803 1548 nominibus
2853 1493 2938 1548 vel
2982 1494 3209 1549 inﬁnitis
3251 1497 3559 1551 nominibus
3588 1509 3757 1568 atque

2154 1583 2359 1640 verbis.
2393 1587 2453 1638 lu
2476 1600 2581 1655 qua
2607 1586 2983 1656 conjunctione
3014 1586 3065 1640 id
3091 1588 3232 1660 quod
3265 1604 3360 1659 per
3386 1604 3448 1644 se
3478 1588 3756 1645 inﬁnitum

2156 1676 2379 1730 verbum
2409 1676 2620 1742 dicitur,
2652 1680 2865 1747 negatio
2893 1690 2995 1735 est.
3028 1678 3213 1749 Neque
3249 1682 3391 1735 enim
3432 1692 3647 1751 Oportet
3673 1684 3759 1737 si-

450 1797 684 1851 tempus,
721 1798 827 1836 non
860 1792 942 1837 est
969 1781 1189 1836 dubium
1217 1782 1345 1852 quin
1368 1780 1535 1836 verba
1563 1781 1669 1836 sint
1689 1798 1703 1846 ;
1723 1780 1818 1835 sed
1850 1791 2048 1850 praeter
2076 1765 2129 1831 Β
2150 1787 2242 1830 cut
2268 1777 2444 1833 omnis
2476 1783 2769 1848 preposito
2801 1790 2892 1836 aut
2922 1796 2989 1836 ex
3017 1782 3168 1836 ﬁnito
3199 1784 3416 1838 nomine
3444 1795 3535 1837 aut
3560 1799 3625 1838 ex
3658 1786 3757 1839 in-

450 1874 569 1929 hIBC
611 1886 703 1929 aut
733 1886 927 1945 praeter
957 1875 1094 1929 idem
1138 1875 1394 1943 valentia,
1428 1875 1569 1929 nulla
1609 1876 1911 1947 pr0positio
1940 1883 2044 1929 est.

449 1966 621 2022 Recte
654 1968 817 2037 igitur
854 1967 1053 2023 dictum
1082 1976 1165 2022 est
1203 1976 1400 2038 praeter
1445 1969 1606 2022 verba
1648 1967 2047 2037 prtedicativam

448 2060 872 2128 prOjiositionem
903 2076 1009 2114 non
1042 2074 1201 2129 posse
1240 2060 1516 2115 constitui.
1549 2059 1702 2115 Juste
1736 2067 1914 2115 tamen
1953 2060 2050 2114 ali-

449 2150 568 2220 quis
595 2151 945 2220 quaestionem
980 2152 1221 2206 videatur
1250 2166 1525 2220 Opponere
1546 2192 1559 2215 ,
1591 2167 1689 2206 cur
1712 2148 1828 2221 jam
1852 2152 2050 2208 dixerit

450 2251 646 2310 praeter
697 2243 918 2298 verbum
967 2242 1367 2317 enuntiationes
1424 2243 1566 2297 nulla
1619 2245 1829 2298 ratione
1887 2258 2045 2313 posse

448 2337 722 2403 constitui,
748 2354 889 2393 nunc
921 2339 1061 2393 idem
1090 2341 1300 2408 repetit,
1328 2338 1476 2407 quasi
1502 2338 1634 2391 nihil
1666 2338 1734 2392 de
1767 2340 1868 2393 hoc
1888 2347 2050 2393 antea

449 2430 807 2499 prmdixisset,
838 2430 931 2484 sed
960 2430 1291 2500 superfluum
1330 2428 1508 2483 videri
1543 2443 1647 2483 non
1690 2428 1872 2484 debet.
1903 2429 2051 2498 Quo-

447 2526 591 2579 niam
636 2527 779 2579 enim
832 2525 1039 2579 ﬁnitum
1072 2540 1265 2578 nomen
1310 2539 1431 2577 cum
1469 2525 1711 2594 negativa
1759 2526 2049 2593 particula,

448 2633 647 2672 nomen
690 2628 772 2672 est
824 2617 1109 2681 inﬁnitum,
1146 2617 1352 2671 idcirco
1386 2624 1662 2685 putaretur
1692 2615 1925 2673 fortasse
1952 2634 2051 2673 ne-

444 2713 591 2780 gatio
621 2726 761 2779 esse,
798 2711 937 2781 quod
969 2711 1198 2767 dicimus
1221 2724 1325 2765 non
1354 2709 1535 2764 homo.
1568 2709 1723 2777 Quod
1749 2710 1796 2765 si
1828 2710 1943 2765 lucc
1971 2717 2055 2765 est

444 2804 679 2873 negatio,
712 2804 874 2858 homo
903 2813 988 2859 est
1017 2804 1328 2859 afﬁrmatio.
1362 2801 1437 2858 Ne
1476 2803 1529 2857 in
1561 2802 1704 2859 hunc
1739 2819 1871 2874 ergo
1901 2806 2053 2875 quis-

443 2910 605 2964 quam
662 2895 929 2949 Iaberetur
970 2911 1238 2963 errorem,
1272 2896 1377 2953 hoc
1434 2897 1590 2961 dixit,
1623 2903 1677 2951 et
1704 2910 1943 2967 congrue
1966 2911 2054 2950 re-

443 2989 657 3058 petivit,
693 2989 947 3058 quoniam
976 2999 1172 3058 praeter
1193 2989 1418 3045 verbum
1460 2989 1760 3044 enuntiatio
1790 3003 1914 3043 esse
1944 3002 2051 3041 non

422 3066 641 3159 ‘potest,
692 3102 941 3161 tanquam
984 3092 1029 3144 si
1062 3091 1290 3156 diceret,
1323 3106 1483 3145 nemo
1531 3092 1823 3148 arbitretur
1865 3090 2048 3146 inlini-

446 3188 558 3235 tum
588 3197 783 3236 nomen
809 3195 932 3236 esse
954 3182 1317 3250 negationem,
1352 3197 1452 3236 nec
1491 3198 1687 3237 nomen
1728 3182 2047 3237 afﬁrmatio-
2074 3155 2126 3231 6

444 3293 593 3333 nem.
624 3276 824 3331 Przcter
844 3278 1068 3332 verbum
1090 3276 1236 3333 enim
1260 3278 1546 3333 afﬁrmatio
1567 3290 1623 3335 et
1654 3280 1867 3350 negatio
1899 3280 2047 3335 nulla

441 3380 623 3441 potest
673 3385 906 3439 unquam
951 3370 1162 3426 ratione
1192 3372 1468 3427 constitui.
1504 3373 1559 3426 lu
1593 3373 1697 3428 hoc
1728 3372 1861 3427 illud
1913 3388 2048 3441 quo-

442 3477 548 3534 que
570 3470 852 3517 notaverat
876 3462 1020 3532 quod
1051 3464 1274 3520 verbum
1310 3463 1575 3521 inﬁnitum
1609 3477 1663 3520 et
1701 3466 2043 3536 negationem

442 3555 792 3625 signiﬁcaret,
820 3564 875 3613 et
905 3556 1173 3613 inﬁnitum
1206 3560 1452 3614 verbum.
1486 3560 1542 3616 ld
1592 3560 1738 3616 enim
1786 3560 1927 3631 quod
1964 3562 2041 3616 di-

442 3650 615 3705 cimus
642 3665 747 3705 non
795 3650 1037 3706 ambulat
1063 3661 1115 3708 et
1149 3650 1417 3707 inﬁnitum
1454 3654 1680 3710 verbum
1723 3665 1827 3723 est,
1861 3666 1916 3710 et
1949 3671 2047 3711 ne-

442 3743 611 3813 gatio,
634 3743 730 3798 sed
764 3758 858 3811 per
879 3758 938 3798 se
970 3744 1186 3813 quidem
1218 3746 1263 3799 si
1286 3745 1494 3800 dicatur
1516 3748 1745 3817 simplex
1782 3749 1901 3804 sine
1942 3750 2048 3803 ali-

443 3836 640 3905 quibus
674 3835 796 3888 aliis
822 3835 1215 3903 adjectionibus
1259 3839 1524 3893 inﬁnitum
1559 3842 1784 3896 verbum
1809 3849 1915 3897 est.
1948 3844 2043 3900 Sin

441 3939 571 3981 vero
599 3940 722 3980 cum
764 3927 983 3981 nomine
1023 3937 1117 3982 aut
1140 3942 1263 3983 cum
1305 3930 1517 3985 inﬁnito
1552 3932 1771 3989 nomine
1802 3934 2044 4002 profera-

439 4028 549 4085 tur,
578 4034 686 4073 non
724 4019 833 4089 jam
864 4021 1091 4076 verbum
1125 4022 1415 4089 inﬁnitum,
1462 4024 1557 4079 sed
1590 4027 1807 4097 negatio
1841 4030 2044 4095 accipi-

439 4122 549 4180 tur,
585 4122 641 4166 ut
672 4129 800 4178 non,
829 4115 1070 4184 negatiVa
1115 4114 1396 4184 particula,
1425 4116 1613 4186 juncta
1644 4134 1767 4174 cum
1801 4120 2043 4176 ambulat

443 4206 711 4261 inﬁnitum
745 4208 968 4263 verbum
1018 4208 1218 4263 efﬁciat
1266 4226 1373 4265 non
1405 4212 1671 4276 ambulat,
1706 4213 1798 4267 sed
1833 4215 1884 4269 in
1915 4230 2040 4284 pro-

439 4298 708 4367 positione
737 4315 857 4369 qua:
888 4308 970 4355 est
995 4299 1159 4355 homo
1192 4316 1298 4357 non
1330 4302 1594 4370 ambulat,
1626 4304 1899 4360 hominem
1933 4322 2038 4361 non

441 4389 719 4445 ambulare
740 4390 1007 4460 designat,
1039 4402 1199 4461 atque
1237 4394 1360 4449 ideo
1403 4398 1479 4449 ait
1524 4396 1767 4464 subjecta
1817 4399 2035 4467 quidem

441 4482 495 4536 in
524 4484 985 4553 propositionibus
1008 4500 1167 4555 posse
1190 4500 1313 4542 esse
1342 4488 1426 4542 vel
1452 4488 1696 4553 nomina,
1716 4490 1801 4557 vel
1832 4490 2040 4545 inﬁnita

2155 1868 2308 1923 ﬁnito
2335 1880 2565 1938 constat,
2604 1873 2657 1927 id
2687 1889 2900 1944 quoque
2930 1885 3021 1929 aut
3052 1891 3115 1930 ex
3150 1876 3300 1930 ﬁnito
3332 1878 3517 1940 verbo,
3548 1887 3637 1930 aut
3675 1892 3755 1933 ex

2153 1959 2367 2015 inﬁnito
2395 1972 2669 2017 constare.
2696 1962 2966 2018 lnlinitum
2998 1966 3140 2019 enim
3167 1968 3386 2020 verbum
3414 1969 3468 2021 in
3502 1970 3753 2035 proposi-

2155 2053 2393 2109 tionibus
2415 2071 2522 2109 non
2559 2067 2664 2121 est,
2697 2056 2790 2111 sed
2821 2056 3029 2126 quoties
3054 2057 3251 2126 aliquid
3284 2062 3375 2128 (ut
3405 2058 3605 2112 dictum
3630 2060 3758 2129 est)

2157 2146 2263 2201 tale
2292 2162 2390 2216 per
2417 2160 2478 2201 se
2511 2151 2749 2217 ponitur,
2775 2150 2982 2203 ﬁnitum
3014 2150 3233 2219 quidem
3267 2152 3488 2204 verbum
3516 2160 3619 2217 est,
3651 2152 3757 2205 sed

2157 2241 2233 2295 illi
2263 2242 2549 2310 conjuncta
2587 2243 2802 2312 negatio
2831 2252 2995 2297 totam
3023 2245 3439 2313 propositionem
3471 2242 3649 2313 privat
3687 2260 3761 2299 ac

2156 2332 2408 2398 destruit,
2433 2342 2488 2386 et
2518 2334 2742 2386 verbum
2766 2336 2982 2403 quidem
3015 2334 3281 2387 inﬁnitum
3299 2336 3543 2403 junctum
3576 2338 3761 2389 nomi-

2159 2425 2318 2480 nibus
2346 2428 2685 2495 negationem
2716 2437 2773 2481 ut
2802 2428 2960 2483 faciat
2999 2443 3224 2484 necesse
3254 2439 3359 2494 est,
3389 2444 3584 2485 nomen
3621 2444 3785 2486 vero

2160 2521 2428 2576 inlinitum
2466 2523 2711 2591 junctum
2759 2524 2924 2578 verbo
2957 2538 3062 2579 non
3110 2537 3336 2579 necesse
3384 2534 3557 2579 estut
3589 2525 3760 2580 faciat

2159 2617 2697 2686 negationem.Quod
2728 2618 2872 2671 enim
2900 2618 3131 2672 dicimus
3163 2634 3269 2672 non
3301 2618 3463 2671 homo
3490 2618 3755 2683 ambulat,

2160 2712 2465 2778 afﬁrmatio,
2496 2726 2602 2766 non
2645 2714 2859 2781 negatio
2898 2724 3001 2766 est.
3046 2713 3188 2783 Ergo
3215 2726 3470 2783 quoniam
3517 2712 3760 2766 affirma-

2161 2808 2363 2863 tionem
2395 2815 2612 2876 oportet
2638 2807 2839 2877 aliquid
2868 2805 2937 2861 de
2973 2806 3154 2877 aliquo
3192 2806 3525 2877 signiﬁcare,
3554 2821 3757 2861 nomen

2161 2910 2340 2955 autem
2386 2900 2656 2955 inﬁnitum
2701 2909 2786 2955 est
2831 2900 3053 2970 aliquid,
3086 2900 3300 2969 qu0ties
3345 2901 3590 2966 dicimus,
3635 2916 3754 2954 non

2162 2996 2326 3050 homo
2353 2995 2616 3062 ambulat,
2646 2994 3089 3059 ambulationem,
3122 2994 3173 3048 id
3203 3004 3287 3050 est
3314 2994 3517 3062 aliquid
3547 2994 3613 3049 de
3642 3009 3757 3053 non

2162 3087 2403 3158 homine,
2436 3089 2489 3144 id
2529 3098 2614 3144 est
2656 3090 2726 3144 de
2751 3089 2931 3158 aliquo
2973 3087 3349 3158 praedicamus.
3382 3087 3487 3143 Sed
3530 3088 3575 3141 si
3605 3088 3753 3141 dica-

2153 3194 2275 3236 tnns
2305 3198 2412 3237 non
2442 3183 2706 3249 ambulat,
2738 3197 2846 3237 non
2876 3184 3053 3252 potius
3078 3182 3146 3237 de
3174 3182 3358 3251 aliquo
3398 3181 3753 3252 praedicamus

2151 3275 2376 3345 aliquid,
2409 3276 2506 3331 sed
2534 3275 2604 3329 ab
2633 3274 2817 3345 aliquo
2845 3275 3223 3340 tollimus.Qui
3246 3275 3392 3329 enim
3422 3274 3556 3329 dicit
3586 3274 3751 3327 homo

2152 3387 2262 3427 non
2305 3372 2559 3437 ambulat,
2606 3371 3026 3425 ambulationem
3071 3369 3141 3424 ab
3187 3370 3405 3424 bonuiue
3454 3370 3611 3435 tollit,
3641 3384 3750 3427 non

2150 3466 2220 3519 de
2252 3464 2470 3519 homine
2516 3464 2795 3534 prmdicat.
2821 3464 2999 3531 Quare
3027 3466 3241 3534 negatio
3272 3465 3449 3535 potius
3479 3480 3633 3535 quam
3656 3469 3737 3518 af-

2151 3556 2395 3611 ﬁrmatio
2428 3565 2532 3612 est.
2563 3555 2621 3612 Si
2651 3557 2796 3612 enim
2838 3556 3124 3612 afﬁrmatio
3160 3566 3326 3621 esset,
3355 3556 3406 3609 id
3446 3567 3528 3610 est
3558 3557 3601 3610 si
3630 3571 3753 3611 ver-

2152 3648 2281 3703 bum
2325 3656 2472 3703 esset
2514 3649 2806 3712 intinitum,
2839 3648 3041 3718 aliquid
3073 3648 3139 3703 de
3182 3650 3362 3719 aliquo
3410 3651 3749 3717 praedicaret.

2151 3741 2305 3797 Nunc
2354 3753 2533 3796 autem
2564 3742 2764 3811 aliquid
2795 3743 2862 3796 ab
2912 3743 3094 3811 aliquo
3126 3744 3283 3798 tollit.
3317 3743 3430 3797 Non
3477 3753 3563 3799 est
3592 3746 3753 3814 igitur

2152 3837 2379 3889 verbum
2410 3835 2697 3904 inﬁnitum,
2721 3834 2814 3890 sed
2845 3836 3022 3906 p0tius
3044 3839 3279 3907 negatio,
3307 3836 3517 3906 quoties
3547 3838 3602 3891 in
3636 3846 3750 3891 tota

2151 3930 2387 3985 sumitur
2416 3929 2801 3999 propositione.
2822 3928 3111 3985 Numerum
3140 3944 3269 3985 vero
3297 3930 3749 4001 propositionum,

2152 4036 2287 4092 quas
2331 4036 2430 4075 nos
2459 4036 2619 4090 supra
2661 4022 2875 4092 quoque
2904 4023 3310 4092 descripsimus,
3340 4024 3452 4093 ipse
3493 4022 3748 4091 subjecit,

2151 4120 2209 4167 et
2247 4112 2480 4167 infinitas
2505 4113 2720 4182 quidem
2752 4115 2918 4183 prius,
2952 4125 3073 4183 post
3112 4128 3239 4169 vero
3281 4114 3745 4185 contrajacentes;

2151 4206 2294 4275 quod
2338 4208 2380 4261 si
2425 4208 2546 4276 quis
2577 4206 2642 4261 ad
2674 4208 2761 4261 illa
2809 4210 3103 4264 revertitur
3130 4209 3210 4263 vel
3255 4210 3341 4265 hic
3370 4209 3602 4266 intendit
3629 4209 3745 4261 ani-

2151 4315 2321 4363 mum,
2340 4299 2393 4353 in
2431 4315 2538 4370 quo
2566 4300 2646 4355 vel
2671 4310 2850 4355 nostra
2884 4302 2965 4356 vel
2995 4303 3302 4357 Aristotelis
3332 4302 3620 4374 dispositio
3640 4300 3746 4355 dis~

2151 4403 2356 4462 crepet,
2389 4392 2673 4463 diligenter
2712 4395 2974 4463 agnoscit.
3004 4394 3114 4449 Nos
3155 4397 3298 4450 enim
3346 4407 3399 4450 et
3447 4394 3750 4451 contrarias

2155 4485 2533 4555 proposuimus
2553 4493 2606 4540 et
2624 4485 3045 4543 subcontrarias.
3075 4488 3390 4544 Aristoteles
3417 4504 3548 4545 vero
3574 4488 3750 4546 solum

442 4580 697 4640 nomina,
760 4578 1044 4646 praedicata
1096 4596 1227 4636 vero
1283 4591 1481 4651 praeter
1534 4581 1699 4635 verba
1758 4598 1878 4637 esse
1934 4554 2569 4640 nunncOntradictorie
2618 4578 2835 4634 sibimet
2890 4583 3316 4651 contrajacentes
3369 4582 3751 4652 oppositasque

443 4686 621 4745 posse.
638 4670 768 4725 Nam
801 4673 914 4728 sive
941 4674 993 4726 in
1018 4673 1466 4729 afﬁrmationibus
1486 4675 1607 4745 quis
1630 4686 1812 4745 ponat,
1836 4677 1887 4731 id
1921 4694 2044 4734 ver-

443 4761 569 4816 bum
606 4763 723 4817 sine
753 4762 916 4818 dubio
943 4764 1274 4833 praedicavit,
1308 4765 1418 4820 sive
1452 4767 1501 4821 in
1535 4768 1928 4839 negationibus,
1961 4782 2046 4826 est

444 4869 550 4907 non
583 4853 846 4907 inﬁnitum
878 4855 1125 4922 verbum,
1158 4855 1252 4911 sed
1304 4868 1510 4913 tantum
1554 4860 1800 4927 verbum,
1832 4862 1916 4916 cui
1948 4862 2045 4917 ad-

443 4946 553 4999 dita
599 4960 704 5000 non
759 4946 1020 5015 particula
1074 4955 1242 5002 totam
1291 4950 1604 5020 qualitatem
1655 4954 2042 5023 propositionis

408 5052 511 5103 ,ex
541 5037 858 5092 afﬁrmativa
900 5039 951 5093 in
985 5039 1284 5110 negativam
1337 5053 1651 5098 commutat.
1686 5045 1864 5110 Quare
1895 5057 2043 5101 reete

442 5129 647 5184 nullam
673 5128 1029 5193 diﬁ'erentiam
1053 5134 1485 5203 pmpositionum
1507 5135 1576 5190 de
1607 5135 1836 5191 inﬁnitis
1862 5138 2044 5194 verbis

441 5220 812 5277 fecit.luﬁnita
842 5227 985 5278 enim
1015 5224 1176 5280 verba
1207 5236 1331 5281 tunc
1354 5237 1479 5282 sunt
1508 5229 1734 5293 inlinita,
1766 5244 1889 5284 cum
1923 5230 2040 5285 sola

440 5324 587 5368 sunt.
622 5314 680 5371 Si
727 5331 856 5371 vero
902 5331 1023 5371 cum
1076 5317 1284 5373 inﬁnito
1341 5322 1558 5376 nomine
1606 5324 1899 5392 jungantur
1950 5331 2046 5377 aut

438 5403 593 5461 ﬁnito
647 5410 904 5476 nomine,
968 5426 1072 5467 non
1133 5411 1339 5467 inﬁnita
1386 5416 1546 5470 verba
1588 5416 1698 5486 jam
1756 5429 1899 5484 sum,
1944 5419 2041 5473 sed

440 5497 610 5554 ﬁnita.
660 5499 794 5555 Cum
854 5504 1139 5573 negatione
1193 5514 1370 5560 tamen
1404 5508 1457 5560 in
1521 5516 1629 5562 tota
1670 5512 2042 5579 propositione

440 5591 831 5662 intelliguntur.
865 5595 921 5650 Si
952 5611 1103 5667 ergo,
1136 5597 1591 5667 quemadmodum
1627 5600 1793 5656 Stoici
1830 5603 2040 5668 volunt,

439 5684 509 5738 ad
576 5688 791 5742 nomina
851 5691 1159 5759 negationes
1225 5702 1537 5760 ponentur,
1598 5702 1657 5749 ut
1709 5706 1854 5761 esset
1927 5712 2037 5753 non

440 5775 605 5833 homo
641 5780 878 5837 ambulat
910 5787 1139 5854 negatio,
1164 5786 1473 5859 ~mbiguum
1507 5800 1629 5844 esse
1673 5798 1880 5858 posset,
1912 5805 2037 5848 cum

2153 4670 2896 4741 proposuit;sedAristoteles
2921 4689 3023 4728 non
3047 4675 3218 4730 solum
3250 4674 3302 4729 in
3333 4675 3584 4744 prm‘senti
3616 4684 3752 4729 tem-

2153 4779 2285 4834 pore
2330 4764 2544 4818 easdem
2601 4767 3024 4835 propositionum
3068 4766 3199 4822 dicit
3248 4782 3368 4822 esse
3420 4764 3751 4822 diﬁ‘erentias

2151 4871 2287 4925 quas
2332 4855 2631 4926 proposuit,
2672 4856 2766 4911 sed
2814 4859 2977 4913 etiam
3021 4859 3073 4912 in
3125 4859 3244 4911 aliis
3289 4872 3503 4929 quoque
3541 4857 3751 4912 duobus

2153 4948 2484 5017 temporibus
2514 4964 2634 5018 qua:
2664 4951 2999 5005 extrinsecus
3016 4957 3173 5005 sunt:
3200 4952 3535 5005 extrinsecus
3563 4957 3746 5006 autem

2157 5052 2396 5109 tempora
2430 5052 2584 5095 vocat
2605 5058 2721 5112 quae
2749 5053 2945 5111 praeter
2977 5057 3214 5112 prmsens
3245 5050 3388 5107 sunt,
3414 5043 3747 5112 praeteritum

2155 5136 2363 5191 scilicet
2392 5145 2446 5189 et
2474 5135 2731 5190 futurum.

2210 5227 2452 5294 Quando
2480 5238 2646 5281 autem
2676 5235 2750 5281 est
2784 5228 2989 5281 tertium
3017 5228 3261 5297 adjacent
3291 5227 3620 5295 praedicatur,
3651 5228 3751 5281 du-

2156 5321 2357 5390 pliciter
2386 5332 2507 5375 tunc
2532 5322 2773 5373 dicuntur
2814 5321 3179 5390 oppositiones.
3218 5319 3345 5375 Dico
3370 5330 3561 5389 autem,
3587 5330 3643 5375 ut
3671 5330 3753 5376 est

2147 5418 2325 5486 justus
2356 5414 2524 5468 homo.
2559 5415 2648 5467 Est
2692 5415 2896 5469 tertium
2922 5416 3036 5468 dico
3064 5417 3302 5488 adjacere
3328 5433 3512 5472 nomen
3537 5418 3616 5472 vel
3634 5431 3753 5471 ver-

2158 5507 2276 5561 bum
2306 5509 2360 5560 in
2405 5507 2759 5577 afﬁrmatione.
2803 5510 2975 5571 Quare
3013 5518 3236 5575 quatuor
3260 5519 3408 5563 erunt
3446 5509 3580 5577 iste,
3609 5526 3753 5582 qua-

2155 5622 2269 5658 rum
2293 5605 2410 5658 dum
2448 5605 2651 5675 quidem
2679 5604 2747 5657 ad
2776 5604 3175 5675 ofﬁrmationem
3212 5616 3261 5659 et
3290 5609 3606 5678 negationem
3637 5622 3752 5662 seu

2156 5696 2411 5751 habebunt
2436 5696 2714 5749 secundum
2737 5697 3171 5761 consequentiam,
3197 5705 3251 5749 ut
3280 5698 3608 5768 privationes.
3628 5698 3754 5752 dum

2160 5807 2273 5844 vero
2313 5790 2535 5843 minime.
2580 5789 2706 5843 Dico
2734 5798 2905 5843 autem
2931 5790 3171 5846 quoniam
3217 5797 3311 5856 est,
3356 5800 3442 5843 aut
3482 5803 3621 5844 metu
3650 5808 3751 5843 uu-
