4090 6342
302 321 412 387 535

1035 325 1103 383 IN
1140 326 1400 384 LIBRUM
1438 326 1527 384 os
1565 322 2214 385 INTERPRETATIONE
2259 324 2488 383 EDITIO
2526 296 2873 386 saeuum;

3481 314 3597 393 536

306 439 514 513 iacebit,
544 448 636 495 aut
678 456 783 496 non
812 443 975 513 justo.
1012 443 1182 509 Quare
1224 444 1375 498 etiam
1405 443 1627 512 negatio.
1662 442 1893 509 Quatuor
2002 439 2404 509 propositionis.
2437 441 2544 497 Sed
2596 442 2776 513 potius
2831 439 3225 496 demonstratio
3279 436 3597 511 qualitatis,
3679 498 3691 507 _

306 551 432 606 ergo
472 542 644 589 erunt.
690 533 1036 607 Intelligimus
1071 553 1186 591 vero
1226 537 1360 607 quod
1387 538 1573 591 dicitur
1609 552 1671 591 ea:
1694 537 1757 590 iis
1784 550 1899 605 qum

306 628 594 693 subscripta
636 638 775 691 sunt,
810 639 882 681 est
906 630 1081 700 justus
1122 632 1294 684 homo.
1326 628 1497 702 Hujus
1527 630 1749 699 negatio,
1796 644 1900 682 non

307 724 570 788 estjustus
597 718 771 774 homo.
802 718 897 774 Est
922 739 1020 775 non
1057 725 1233 793 justus
1263 722 1432 776 homo.
1466 720 1643 793 Hujus
1674 723 1897 792 negatio,

304 828 412 866 non
446 823 516 866 est
542 830 643 868 uon
659 817 834 886 justus
869 820 1038 873 homo.
1062 816 1154 871 Est
1180 819 1311 871 enim
1340 819 1433 871 hoc
1464 819 1577 872 loco
1601 828 1646 873 et
1678 836 1776 872 non
1805 827 1898 883 est,

306 907 446 975 iusto
478 916 524 958 et
553 922 656 960 non
672 908 817 979 justo
848 909 1067 980 adjuvet.
1097 908 1227 963 ch
1269 910 1446 981 igitur,
1471 910 1902 979 quemadmodum

304 1001 359 1052 in
393 1002 712 1054 resolutoriis
736 1001 928 1055 dictum
953 1016 1047 1067 est,
1071 1004 1145 1057 sic
1174 1012 1294 1058 sunt
1324 1005 1595 1075 disposita.

379 1090 535 1157 Quod
584 1099 758 1146 autem
806 1093 1003 1147 dicitur
1032 1095 1416 1162 perobscurum
1462 1104 1547 1149 est
1596 1104 1650 1148 et
1692 1093 1905 1163 exposi-

309 1172 480 1237 ttnn'a
509 1184 747 1251 pluribus
774 1186 1033 1248 incurate,
1057 1202 1285 1256 quorum
1319 1202 1439 1241 cum
1465 1186 1669 1255 judicio
1690 1202 1905 1251 compe-

314 1275 441 1327 tenti
476 1277 804 1329 cnumenbo
835 1280 1147 1333 sententias.
1174 1278 1464 1348 Postquam
1489 1279 1555 1334 de
1597 1280 1680 1334 his
1710 1274 1919 1349 propo-'

310 1367 597 1422 sitionibus
618 1370 913 1436 expedivit,
946 1387 1064 1434 ιιυτε
1091 1372 1303 1426 duobus
1332 1375 1685 1427 constiterant
1717 1374 1905 1426 termi-

309 1459 417 1524 nis,
450 1471 506 1515 et
529 1462 832 1529 subjectum
865 1463 1163 1519 habui-rant
1192 1474 1283 1520 aut
1314 1481 1532 1531 nomen,
1560 1475 1653 1520 aut
1676 1467 1769 1535 (ut
1793 1464 1908 1534 ipse

308 1553 854 1622 aitiionoiuinttum,
891 1557 942 1610 id
971 1567 1053 1615 est
1086 1559 1351 1613 iniinitum
1399 1576 1617 1615 nomen.
1648 1560 1801 1614 Nunc
1838 1560 1908 1614 ad

309 1647 616 1700 casu-misit
648 1646 699 1700 in
743 1648 934 1718 quibus
971 1661 1054 1704 est
1099 1652 1316 1708 tertium
1360 1653 1613 1721 adiacens
1646 1653 1907 1723 praedica-

310 1748 405 1795 tur
435 1756 539 1795 uno
578 1741 816 1812 subjecto
854 1744 1066 1799 duobus
1109 1747 1432 1817 praedicatis,
1463 1758 1519 1802 ut
1562 1748 1615 1802 in
1656 1764 1723 1803 eo
1766 1749 1907 1818 quod

2006 530 2109 586 hoc
2128 531 2270 587 enim
2313 534 2453 603 quod
2485 534 2713 588 dicimus
2738 542 2841 599 est,
2884 546 2993 587 non
3036 528 3317 587 constituit
3344 528 3595 601 proposi-
3692 538 3693 545 ‘

2006 625 2205 681 tionem
2238 634 2428 691 totam,
2452 627 2545 683 sed
2580 630 2752 697 qualis
2782 628 2870 695 sit,
2887 627 2938 681 id
2962 634 3045 683 est
3062 625 3313 696 quoniam
3337 631 3423 680 est
3450 621 3603 679 amr-

2007 717 2207 770 mativa
2261 718 2619 785 demonstrat,
2650 728 2807 785 atque
2861 718 2982 771 ideo
3033 731 3141 771 non
3192 715 3335 770 dixit
3383 715 3603 770 tertium

2008 806 2329 873 praedicatur
2356 819 2586 870 tantum,
2610 809 2702 863 sed
2728 808 2944 864 tertium
2974 807 3229 878 adiacens
3252 804 3605 877 praedicatur.

2006 895 2122 952 Non
2151 899 2292 953 enim
2318 896 2548 968 positum
2576 910 2659 955 est
2686 901 2902 953 tertium
2928 899 3249 968 prtedicatur
3271 899 3468 954 solum.
3493 896 3602 956 Sed

2007 996 2259 1066 adiacens
2305 998 2521 1053 tertium
2553 978 2790 1054 secundo
2822 998 2977 1065 loco,
3021 1007 3073 1052 et
3116 994 3604 1065 (quemadmodum

1957 1088 1960 1091 λ
2008 1085 2209 1142 dictum
2256 1090 2372 1159 est)
2404 1076 2710 1143 accidenter
2754 1087 3095 1156 praedicatur.
3129 1086 3315 1142 Potest
3344 1096 3522 1141 autem
3554 1096 3613 1141 et

2009 1177 2088 1230 sic
2117 1176 2363 1249 intelligi,
2416 1177 2619 1232 idcirco
2650 1176 2851 1231 dixisse
2897 1174 3246 1231 Aristotelem
3298 1184 3380 1231 est
3427 1175 3480 1230 in
3527 1175 3613 1230 his

2012 1269 2225 1322 tertium
2260 1268 2515 1337 adiacens
2545 1266 2853 1338 pradicari,
2885 1266 3141 1336 quoniam
3190 1268 3363 1337 possit
3399 1268 3611 1338 aliquo-

2012 1361 2113 1416 ties
2153 1370 2207 1416 et
2248 1376 2448 1431 perse
2502 1361 2804 1430 praedicari,
2838 1366 2897 1413 ut
2932 1360 2976 1413 si
3010 1359 3129 1427 quis
3175 1358 3321 1414 dicat
3360 1358 3615 1415 Socrates
3654 1382 3659 1383 ν

2012 1452 2364 1521 philosOphus
2389 1460 2491 1515 est,
2510 1460 2568 1505 ut
2592 1449 2886 1520 propositio
2914 1448 3031 1504 haec
3052 1449 3154 1503 hoc
3176 1446 3614 1505 Sentiatz’Socra-

2014 1562 2095 1605 tes
2121 1553 2474 1621 philosophus
2503 1551 2649 1605 vivit.
2670 1551 2761 1604 Est
2787 1550 2929 1605 enim
2977 1563 3074 1619 pro
3096 1549 3227 1603 vivit
3259 1552 3488 1617 positum
3508 1557 3612 1606 est.

2011 1642 2069 1698 Si
2102 1645 2220 1713 quis
2246 1660 2375 1714 ergo
2404 1644 2483 1698 sic
2512 1637 2673 1707 dicat,
2702 1645 2807 1699 duo
2840 1645 3189 1697 inveniuntur
3218 1640 3483 1713 subiecta.
3514 1642 3613 1699 Est

2015 1750 2148 1788 vero
2187 1737 2363 1791 solum
2416 1737 2759 1806 prwdicatur,
2806 1752 2910 1790 non
2952 1736 3114 1789 etiam
3152 1735 3429 1805 adiacens.
3462 1734 3614 1805 Quod

312 1831 567 1896 dicimus,
601 1835 761 1889 homo
788 1836 965 1904 iustus
1012 1847 1115 1902 est,
1166 1838 1328 1893 homo
1359 1840 1657 1907 subjectum
1709 1849 1812 1907 est,
1855 1850 1910 1895 et

2015 1830 2158 1882 enim
2208 1828 2437 1884 dicimus
2492 1830 2745 1886 Socrates
2796 1829 3172 1898 phil050phus,
3206 1838 3438 1901 utraque
3490 1830 3615 1888 sub.

310 1922 490 1993 justus
511 1937 559 1981 et
590 1939 693 1993 est,
725 1936 950 1997 utraque
980 1930 1360 1999 praedicantur.
1395 1931 1537 2001 Ergo
1578 1931 1629 1985 in
1663 1931 1763 1985 hoc
1802 1930 1913 1985 duo

312 2028 438 2072 sunt
460 2021 767 2089 praedicata,
822 2036 983 2076 unum
1039 2039 1166 2078 vero
1214 2023 1536 2093 subjectum,
1576 2032 1630 2078 et
1678 2022 1911 2079 fortasse

313 2112 510 2173 ιιιειυιε
552 2113 787 2182 inquirat
838 2131 934 2170 cur
975 2114 1046 2169 ita
1095 2116 1310 2171 dixerit.
1363 2117 1588 2183 Quando
1618 2126 1797 2171 autem
1828 2125 1913 2172 est

316 2205 532 2260 tertium
555 2207 807 2274 adiacens
836 2208 1176 2277 praadicatur,
1210 2227 1316 2265 non
1355 2226 1497 2264 enim
1525 2210 1746 2265 tertium
1774 2227 1910 2280 pra:-

314 2294 544 2363 dicutur,
574 2305 669 2353 sed
716 2280 1032 2355 secundum.
1083 2303 1195 2355 Duo
1223 2306 1365 2357 enim
1412 2311 1538 2357 sunt
1566 2317 1689 2374 qua:
1721 2304 1915 2373 praedi-

313 2400 523 2457 cantur,
561 2407 724 2446 unum
755 2408 882 2448 vero
924 2394 1226 2464 subjectum
1259 2404 1362 2450 est.
1407 2396 1515 2450 Sed
1562 2412 1668 2450 non
1713 2398 1784 2451 ita
1830 2395 1914 2451 di-

311 2488 460 2535 ctum
491 2493 575 2536 eSt
602 2484 756 2552 quasi
786 2494 868 2538 est
914 2485 964 2537 in
1002 2488 1369 2555 propositione
1399 2503 1521 2558 quae
1565 2487 1717 2555 dicit,
1750 2487 1914 2543 homo

310 2570 487 2647 justus
512 2574 617 2641 est,
643 2577 857 2631 tertium
890 2578 1290 2647 prmdicaretur.
1324 2582 1427 2636 Sed
1476 2583 1729 2652 quoniam
1759 2584 1912 2652 adia-

314 2676 399 2722 cet
426 2671 645 2722 tertium
678 2679 731 2723 et
749 2669 1102 2740 .prmdicatur,
1129 2686 1258 2741 ergo
1282 2673 1421 2742 quod
1450 2674 1647 2728 dicitur
1674 2677 1909 2739 tertium,

316 2758 378 2813 ad
410 2761 658 2828 adiacere
684 2762 944 2829 refertur;
978 2768 1175 2819 etenim
1208 2767 1258 2819 in
1284 2781 1345 2819 ea
1384 2767 1497 2835 ipsa
1546 2769 1915 2837 propositione

313 2865 434 2921 quae
481 2852 631 2917 dicit,
684 2852 846 2907 homo
883 2854 1063 2924 justus
1117 2864 1221 2920 est,
1266 2866 1352 2910 est
1408 2857 1624 2911 tertium
1673 2859 1911 2928 adiacet,

310 2946 663 3013 pradicatnm
691 2956 868 3001 autem
896 2947 1009 3017 iam
1042 2963 1146 3002 nou
1185 2949 1424 3013 tertium,
1451 2950 1544 3005 sed
1590 2953 1911 3008 secundum.

315 3033 463 3104 Ergo
487 3036 695 3091 tertium
727 3049 1066 3094 numeratum
1090 3040 1223 3108 adiat
1245 3050 1317 3105 et,
1341 3040 1633 3095 secundum
1656 3057 1788 3097 Vero
1818 3060 1916 3097 nu-

311 3138 580 3182 meratum
608 3130 948 3198 praedicatur,
975 3130 1078 3187 hoc
1104 3142 1185 3185 est
1215 3132 1373 3202 igitur
1394 3130 1536 3201 quod
1565 3134 1657 3186 ait.
1686 3132 1915 3200 Quando

2009 1922 2150 1992 jecta
2177 1930 2322 1975 sunt.
2357 1923 2445 1977 Est
2469 1922 2612 1976 enim
2644 1919 2967 1991 praedicatur
2994 1921 3201 1989 solum;
3231 1925 3275 1977 si
3298 1928 3418 1995 quis
3442 1934 3619 1985 autem

2015 2011 2157 2067 dicat
2176 2012 2254 2067 sic
2280 2029 2292 2065 :
2322 2012 2575 2066 Socrates
2607 2010 2958 2082 philoSophus
2976 2019 3079 2079 est,
3100 2024 3156 2068 ut
3176 2028 3283 2069 non
3299 2014 3620 2084 jamSocra-
3680 2068 3687 2077 ,

2016 2114 2122 2159 tem
2171 2104 2553 2175 philosophum
2592 2119 2715 2173 esse
2771 2112 2933 2173 atque
2964 2106 3167 2169 vivere,
3216 2107 3310 2161 sed
3337 2106 3620 2164 Socratem

2018 2197 2382 2267 philosophari
2414 2207 2465 2249 et
2499 2190 2883 2268 philosophum
2910 2212 3031 2253 esse
3056 2198 3427 2254 enuntiatione
3454 2194 3621 2270 signi-

2019 2290 2167 2355 ticet,
2223 2299 2350 2345 tunc
2406 2291 2681 2346 invenitur
2721 2307 2882 2346 unum
2916 2292 3215 2363 subjectum
3264 2301 3321 2348 et
3348 2292 3456 2347 duo
3486 2308 3624 2365 prte-

2018 2383 2214 2437 dicata.
2264 2385 2516 2438 Socrates
2565 2383 2708 2437 enim
2760 2383 3064 2453 subjectum
3110 2397 3221 2451 eSI,
3274 2384 3626 2457 philosophus

2017 2487 2195 2530 autem
2226 2487 2279 2530 et
2306 2487 2386 2531 est
2414 2477 2724 2546 praedicata,
2757 2493 2986 2548 quorum
3019 2478 3376 2549 philosophus
3405 2480 3624 2551 quidem

2019 2566 2390 2639 principaliter
2435 2568 2777 2638 praedicatur.
2840 2572 2933 2625 Εει
2987 2580 3167 2626 autem
3222 2571 3479 2641 adiacens
3526 2587 3626 2629 no-

2019 2661 2172 2725 mini,
2203 2661 2343 2729 quod
2394 2672 2477 2716 est
2522 2660 2899 2732 pbilosmibus,
2940 2670 2999 2718 et
3047 2662 3221 2733 ipsum
3265 2662 3620 2734 praedicatur,

2018 2754 2114 2810 sed
2164 2768 2269 2808 non
2343 2753 2667 2822 simpliciter
2734 2752 3091 2824 praedicatur,
3169 2754 3267 2808 sed
3338 2754 3623 2825 adiacens.

2019 2847 2157 2903 Sunt
2198 2857 2376 2903 auten
2403 2846 2521 2902 aliae
2555 2846 2954 2918 propositiOnes
3003 2850 3107 2904 hoc
3138 2848 3338 2904 modo:
3370 2848 3458 2905 Sot
3478 2861 3627 2908 rates

2022 2943 2073 2995 in
2130 2941 2322 3012 Lycaeo
2372 2942 2626 3011 disputat.
2694 2941 2759 2995 Et
2829 2950 2957 2995 sunt
3005 2940 3087 2995 hic
3158 2956 3225 2997 ex
3285 2941 3457 3001 tribus
3516 2952 3628 2999 ter-

2020 3036 2200 3090 minis.
2257 3035 2363 3090 Sed
2414 3032 2483 3089 de
2523 3033 2623 3089 hac
2665 3033 2878 3088 interim
2944 3033 3375 3103 prepositionum
3428 3044 3628 3093 natura

2023 3127 2155 3182 nihil
2195 3136 2406 3193 tractat,
2456 3123 2555 3182 sed
2615 3123 2684 3181 de
2734 3125 2817 3179 his
2870 3125 3045 3180 solum
3079 3128 3131 3179 in
3159 3127 3359 3197 quibus
3398 3136 3484 3184 est
3513 3138 3628 3184 tel-

309 3226 395 3274 est
421 3222 636 3275 tertium
670 3220 922 3291 adiacens
954 3222 1299 3291 praedicatur,
1349 3239 1454 3278 uno
1509 3224 1762 3294 quoniam
1798 3240 1906 3280 ter-
1937 3221 1986 3288 ο
2019 3226 2153 3277 tium
2205 3220 2458 3289 adiacens
2509 3218 2855 3289 praedicatur,
2906 3227 2965 3273 ut
2986 3227 3069 3274 est
3100 3220 3265 3275 homo
3304 3219 3483 3289 iustus
3511 3228 3624 3289 est,

311 3311 446 3364 tium
495 3312 837 3381 przedicatur,
884 3313 979 3368 sed
1026 3315 1351 3383 praedicatur
1381 3316 1593 3370 tertium
1624 3317 1903 3385 adiacens,

311 3403 364 3458 id
394 3413 481 3461 est
509 3407 668 3460 tertio
703 3409 840 3461 loco.
875 3406 1022 3461 Facit
1051 3406 1214 3477 igitur
1243 3423 1384 3463 nunc
1428 3410 1480 3462 in
1531 3408 1616 3463 his
1661 3412 1908 3479 proposi-

308 3498 548 3554 tionibus
573 3499 1061 3554 considerationem
1096 3502 1148 3553 in
1178 3499 1372 3569 quibus
1409 3508 1492 3554 est
1519 3508 1735 3555 tertium
1762 3502 1914 3569 adja-

309 3602 440 3644 cens
475 3599 581 3655 est,
613 3591 909 3645 secundum
960 3590 1336 3660 praedicatum,
1369 3601 1424 3645 et
1465 3592 1604 3645 sicut
1646 3591 1699 3645 in
1744 3593 1827 3646 his
1859 3594 1911 3649 in

310 3682 510 3751 quibus
550 3692 758 3738 tantum
810 3683 1136 3753 praedicatur
1164 3694 1268 3751 est,
1310 3701 1414 3740 non
1464 3686 1623 3739 etiam
1656 3685 1911 3755 adiacens

312 3777 715 3845 praedicabitur,
742 3789 799 3832 ut
840 3777 1002 3834 homo
1030 3788 1112 3834 est
1140 3780 1208 3835 de
1249 3779 1493 3850 subjecto
1522 3781 1912 3837 consideratio-

311 3884 434 3924 nem
468 3870 627 3937 fecit,
658 3881 790 3940 quot
820 3870 994 3927 modis
1024 3872 1325 3943 subjectum
1357 3885 1627 3945 sumptum
1659 3874 1911 3931 ditl'eren-

311 3963 413 4017 tias
441 3962 642 4018 laceret
663 3964 1111 4039 propositionum.
1148 3970 1255 4021 Aut
1293 3967 1436 4021 enim
1475 3983 1668 4023 nomen
1698 3970 1913 4026 dicebat

311 4069 438 4109 esse
459 4056 887 4124 subiertum,aut
921 4056 1186 4114 iniinitum
1221 4076 1438 4119 nomen.
1460 4063 1531 4115 lla
1567 4061 1651 4115 hic
1681 4078 1820 4117 nunc
1843 4063 1911 4117 de

314 4148 610 4216 praedicata
623 4136 939 4217 loquitur,et
962 4151 1030 4205 de
1053 4151 1327 4219 prmdicati
1354 4153 1669 4208 differentiis
1696 4166 1909 4211 tractat.

313 4240 371 4293 In
422 4239 508 4294 his
555 4242 694 4295 enim
745 4243 1202 4313 propositionibus
1233 4245 1283 4297 in
1332 4246 1523 4314 quibus
1554 4256 1636 4300 cst
1686 4252 1908 4302 tertium

266 4358 273 4365 -
313 4333 566 4404 IdiaCens
595 4337 935 4404 praedicatur,
969 4347 1239 4408 sumptum
1266 4340 1615 4407 prazdicatum
1652 4343 1782 4395 alias
1814 4358 1912 4397 no-

314 4441 459 4494 men,
486 4429 618 4482 alias
642 4429 905 4484 infinitum
955 4445 1151 4485 nomen
1191 4430 1319 4484 facit
1348 4431 1680 4488 tliii‘erentias
1717 4450 1914 4503 prapo-

314 4518 591 4575 sitionum.
628 4521 979 4576 Praedicatuui
1011 4531 1190 4577 autem
1222 4524 1345 4578 dico
1373 4527 1426 4579 in
1448 4541 1509 4579 ea
1545 4529 1913 4596 propositione

2017 3316 2111 3372 sed
2144 3315 2213 3372 de
2240 3314 2325 3369 his
2356 3315 2492 3369 duas
2517 3313 2732 3385 quidem
2760 3313 3153 3383 oppositiones.
3187 3314 3455 3385 Quocirca
3479 3323 3630 3373 recte

2015 3409 2138 3463 duae
2161 3406 2527 3476 oppositiones
2551 3413 2784 3476 quatuor
2828 3408 3255 3475 propositionum
3307 3415 3451 3463 sunt.
3498 3403 3618 3463 Hoc

2015 3510 2193 3557 autem
2226 3497 2535 3570 huiusmodi
2565 3505 2669 3553 est.
2719 3496 2948 3567 Quando
2986 3507 3070 3553 est
3100 3498 3323 3553 tertium
3368 3497 3628 3569 adiacens

2016 3593 2360 3663 praedicatur.
2412 3591 2553 3662 quod
2603 3590 2978 3661 principaliter
3026 3589 3353 3659 przedicatur
3393 3601 3485 3649 aut
3525 3605 3625 3647 no-

2018 3702 2139 3740 men
2167 3689 2292 3749 erit,
2325 3692 2417 3737 aut
2457 3681 2724 3738 inﬁnitum
2755 3697 2974 3737 nomen.
3011 3681 3078 3737 Et
3107 3684 3221 3737 haec
3258 3691 3355 3738 aut
3381 3682 3623 3741 afﬁrma-

2020 3782 2128 3838 tive
2168 3781 2505 3853 praedicanda
2544 3789 2692 3844 sunt,
2728 3787 2819 3833 aut
2852 3780 3118 3847 negative.
3171 3778 3436 3845 Quocirca
3487 3780 3621 3835 sim-

2017 3876 2174 3948 plicis
2196 3875 2430 3948 nominis
2452 3871 2739 3928 afﬁrmatio
2762 3881 2817 3927 et
2837 3871 3101 3941 simplicis
3125 3872 3357 3926 n'omiois
3376 3873 3626 3943 negatio,

2017 3984 2123 4025 una
2145 3979 2227 4025 est
2253 3966 2544 4038 oppositio,
2570 3974 2626 4023 et
2647 3965 2769 4020 dua:
2802 3964 3219 4034 propositiones.
3252 3962 3488 4019 Finitnm
3518 3979 3618 4018 au-

2020 4074 2128 4118 tem
2172 4073 2223 4118 et
2259 4055 2521 4116 inli‘nitum
2568 4058 2658 4115 hic
2714 4073 2821 4113 non
2870 4058 3193 4127 subiectum,
3247 4057 3340 4113 sed
3388 4057 3626 4115 sumitur

2020 4155 2390 4223 praedicatum,
2429 4161 2487 4208 ut
2512 4153 2563 4206 in
2595 4167 2662 4206 eo
2692 4150 2835 4222 quod
2864 4158 2967 4214 est,
3015 4149 3176 4206 homo
3201 4149 3379 4220 iustus
3409 4160 3513 4217 est,
3539 4152 3626 4219 iu-

2018 4255 2133 4300 stus
2161 4245 2501 4314 praedicatur,
2528 4243 2630 4297 hoc
2663 4253 2842 4298 autem
2875 4257 3071 4297 nomen
3095 4241 3218 4311 erit,
3244 4251 3336 4298 aut
3353 4238 3624 4299 infinitum

2022 4357 2239 4396 nomen.
2277 4340 2433 4395 Fiunt
2461 4354 2591 4409 ergo
2620 4354 2685 4393 ex
2716 4338 2797 4392 his
2836 4338 2958 4392 duae
3007 4329 3394 4393 afﬁrmationes
3430 4346 3485 4394 et
3525 4353 3626 4393 ne-

2018 4435 2285 4503 gationes,
2314 4435 2475 4483 homo
2502 4429 2683 4499 justus
2712 4439 2815 4493 est,
2849 4427 3011 4483 homo
3043 4438 3126 4483 est
3148 4443 3253 4483 non
3280 4431 3476 4498 iustus,
3511 4444 3620 4485 non

2022 4535 2105 4579 est
2132 4540 2237 4580 non
2266 4524 2442 4595 iustus
2486 4524 2667 4588 homo,
2704 4539 2809 4578 non
2842 4532 2926 4579 est
2991 4522 3172 4593 justus
3226 4520 3410 4579 homo.
3444 4522 3623 4594 Atque

309 4626 433 4680 quae
483 4615 754 4681 proponit,
787 4613 950 4668 homo
999 4616 1176 4683 iustus
1225 4627 1328 4682 est,
1374 4618 1570 4685 justus,
1622 4619 1722 4675 hoc
1768 4623 1913 4678 enim
1944 4622 1999 4686 D
2025 4619 2127 4673 hoc
2153 4618 2367 4687 quidem
2398 4617 2787 4672 inindrﬁnitis.
2823 4617 3102 4672 Posterius
3146 4631 3324 4673 autem
3350 4631 3625 4673 monstra-

313 4704 664 4773 praedicatum
690 4707 757 4760 de
783 4707 999 4763 homine
1038 4719 1141 4777 est,
1181 4720 1262 4763 est
1297 4720 1475 4765 autem
1511 4729 1619 4767 non
1652 4717 1912 4784 praedica-

312 4808 418 4849 tur.
451 4796 558 4851 Sed
594 4799 808 4852 tertium
831 4801 1087 4867 adiacens
1111 4800 1448 4869 prirdicatur,
1480 4803 1531 4857 id
1558 4816 1640 4860 est
1670 4808 1912 4862 secundo

314 4888 457 4951 loco,
491 4898 546 4941 et
576 4889 830 4959 adiacens
868 4891 1036 4960 iusto,
1071 4893 1286 4947 tertium
1319 4910 1449 4949 vero
1481 4898 1532 4950 in
1566 4907 1673 4953 tota
1707 4915 1910 4971 propo-

312 4982 511 5037 sitione
560 4983 902 5054 praedicatur,
934 4999 1038 5039 non
1085 4987 1241 5056 quasi
1286 4990 1530 5057 qnzedam
1575 5007 1702 5062 pars
1742 5000 1909 5052 totius

1000 5076 1298 5134 Allirmatio
1325 5082 1574 5150 simplex.

1002 5170 1174 5225 llomo
1196 5173 1372 5241 justus
1401 5181 1505 5228 est.

1004 5263 1305 5320 Afilrmatio
1331 5281 1395 5320 ex
1424 5265 1657 5323 infinito.

1001 5358 1175 5413 Homo
1207 5375 1310 5413 non
1339 5360 1519 5427 justus
1545 5369 1648 5415 est.
1727 5363 2009 5434 Oppositio
2037 5380 2165 5422 una.

315 5472 601 5544 Simplices
638 5472 691 5526 itt
724 5473 1059 5542 supraposita
1107 5472 1468 5541 descriptione
1514 5472 1914 5542 praposittones

315 5564 525 5630 vocavi,
557 5563 609 5617 in
650 5564 844 5633 quibus
867 5579 1060 5619 nomen
1096 5564 1438 5633 praedicatur,
1473 5573 1531 5617 ut
1552 5564 1712 5618 homo
1738 5565 1917 5635 justus

313 5667 421 5723 est,
455 5659 619 5712 homo
642 5658 817 5727 justus
845 5674 950 5713 non
975 5668 1077 5713 est.
1099 5658 1172 5710 Ex
1202 5654 1426 5710 infinitis
1448 5668 1623 5710 autem
1649 5657 1917 5726 inquibus

314 5768 513 5806 nomen
552 5753 827 5807 inlinitum
860 5752 1226 5822 principaliter
1273 5747 1613 5827 pracdicatur,
1660 5756 1718 5801 ut
1754 5746 1916 5802 homo

300 5857 423 5923 non
447 5843 619 5901 iustus
642 5855 745 5904 est.
780 5845 941 5900 homo
978 5860 1081 5905 non
1117 5843 1285 5898 iustus
1315 5855 1419 5895 non
1445 5847 1547 5894 est.
1576 5837 1704 5895 Sive

1726 5178 2007 5251 Oppositio
2036 5195 2165 5237 una.

2022 4712 2168 4767 bitur
2192 4719 2295 4766 hoc
2320 4711 2482 4765 etiam
2509 4711 2559 4765 in
2592 4709 2674 4764 his
2689 4726 2833 4775 esse,
2857 4726 2976 4781 quae
2996 4710 3503 4766 determinationem
3531 4710 3626 4767 ba-
3679 4714 3688 4724 ’

2022 4807 2150 4860 bent
2174 4805 2594 4860 universalitatis
2639 4806 2721 4859 vel
2756 4805 3213 4872 particularitatis.
3244 4805 3397 4863 Nunc
3447 4816 3627 4864 autem

2022 4908 2212 4961 horum
2279 4905 2417 4960 ordo
2465 4904 2739 4975 subjectus
2794 4921 3074 4962 numerum
3121 4909 3627 4979 oppositionemqoa

2019 4998 2282 5054 declarat.

2463 5084 2684 5155 Negatio
2730 5087 2976 5157 simplex.

2460 5175 2637 5232 Homo
2659 5176 2836 5247 iustus
2860 5190 2963 5233 nun
2992 5189 3087 5235 est

2448 5267 2670 5337 Negatio
2698 5283 2762 5324 ex
2792 5269 3017 5326 inlinito.

2452 5361 2626 5417 Homo
2657 5378 2759 5419 non
2787 5364 2962 5435 iustus
2995 5383 3099 5423 non
3125 5379 3226 5424 est.

2025 5488 2108 5533 est
2133 5479 2305 5546 primo
2325 5475 2649 5549 praedicatur
2685 5480 2798 5534 sive
2827 5489 3034 5548 postea,
3076 5481 3215 5537 idem
3242 5490 3343 5537 est.
3376 5482 3486 5539 Nec
3519 5484 3622 5538 hoc

2026 5570 2202 5625 turbet
2229 5570 2372 5640 quod
2407 5571 2721 5627 Aristoteles
2744 5583 2847 5641 est,
2895 5574 3126 5643 primum
3158 5575 3318 5639 dixit,
3349 5591 3446 5633 uos
3494 5592 3623 5632 vero
3676 5614 3691 5635 ,ν

2029 5673 2385 5730 postremum;
2427 5664 2519 5718 scd
2560 5664 2698 5718 idem
2744 5674 2845 5729 est,
2891 5666 3021 5719 ﬁunt
3063 5665 3222 5737 igitur
3250 5670 3623 5737 oppositiones
3666 5650 3671 5675 ὲ

2030 5754 2169 5818 dum,
2203 5756 2599 5826 propositiones
2632 5770 2760 5809 vero
2787 5764 3033 5825 quatuor,
3062 5767 3116 5812 et
3138 5758 3219 5813 lue
3239 5771 3468 5829 quatuor
3497 5775 3623 5835 pro-

2030 5847 2319 5912 positiones
2340 5863 2402 5901 cx
2436 5849 2651 5903 senario
2682 5848 3107 5918 propositionum
3139 5867 3363 5910 numero
3394 5853 3460 5910 ad
3490 5868 3620 5925 pau-
