4090 6342
510 355 613 420 52';
1745 353 1856 411 AN.
1898 350 2107 411 nuc.

2222 349 2300 425 :v.
2341 349 2565 411 socru
2788 403 2794 430 ί
2890 331 2894 336 ’
3052 308 3053 311 γ
3259 416 3263 420 ,
3689 346 3792 410 sas

511 482 657 537 ciora
689 475 922 533 reductio
952 482 1089 528 sunt.
1112 473 1191 549 Si
1226 476 1366 529 enim
1413 469 1690 538 simplices
1718 482 1772 526 et
1798 489 1859 526 ex
1891 471 2097 526 duobus
2126 472 2177 532 Α
2204 468 2541 539 ρτιεόίεπῑιιτ.
2573 434 2836 537 Quonitim
2877 476 3132 538 quantum
3180 462 3246 523 ad
3294 460 3534 522 ordinem
3573 481 3683 521 non
3726 468 3793 522 ad

514 570 756 628 terminis
785 569 1023 632 fuis~ent,
1060 568 1158 621 hoc
1187 566 1345 621 modo
1373 575 1574 625 ειευιιι.
1610 564 1767 618 homo
1806 576 1906 629 est,
1940 564 2099 619 homo

514 680 620 718 non
646 676 745 728 est,
773 664 946 727 justus
967 659 1258 727 est,justus
1289 675 1390 712 non
1418 667 1520 719 est,
1548 656 1837 726 oonjustus
1858 665 1963 720 est,
1992 670 2098 708 non

514 754 685 825 justus
710 768 812 805 non
836 759 1008 815 cst,et
1034 760 1209 805 essent
1244 751 1323 803 hae
1345 765 1442 804 sex
1461 750 1884 817 propositiones.
1914 748 2101 802 Posset

512 846 726 915 qu'dein
759 844 915 908 adjici
952 844 1050 897 hoc
1075 844 1255 906 etiam,
1293 851 1347 894 ut
1374 842 1440 896 de
1480 841 1689 895 infinito
1720 841 1934 893 nomine
1973 839 2101 892 sub-

510 938 651 1008 jecto
684 938 868 992 fierent
901 936 1312 1003 propositiones,
1337 946 1389 987 ut
1418 944 1522 1001 est,
1549 951 1652 987 non
1680 933 1841 986 homo
1863 940 1964 999 est,
1993 946 2096 985 nou

512 1031 675 1084 homo
704 1046 810 1083 non
839 1026 1080 1085 est.'Sed
1105 1030 1169 1082 de
1198 1028 1277 1081 his
1302 1026 1562 1090 posterius
1583 1025 1729 1080 dicit.
1749 1024 1898 1079 Nunc
1921 1036 2097 1078 autem

510 1141 604 1181 sex
656 1126 760 1181 illac
786 1125 1059 1195 simplices
1088 1126 1141 1177 in
1172 1132 1399 1191 quatuor
1428 1122 1662 1178 reductae
1706 1129 1849 1182 sunt,
1900 1119 2100 1173 idcirco

510 1219 651 1290 quod
686 1235 771 1275 res
814 1219 1083 1289 simplices
1126 1218 1325 1288 junctae
1368 1217 1682 1272 naturaliter
1711 1216 1937 1271 redeunt
1967 1230 2100 1284 pau-

494 1313 705 1389 ciores.
736 1312 1059 1380 Conjunctio
1083 1311 1224 1364 enim
1259 1312 1371 1380 ipsa
1415 1326 1692 1364 numerum
1728 1308 1937 1372 minuit,
1970 1315 2029 1361 ut
2056 1307 2102 1360 si

509 1404 612 1457 sint
637 1403 820 1459 decem
842 1419 950 1468 res,
975 1414 1028 1457 et
1061 1404 1283 1471 singula:
1304 1403 1527 1471 singulis
1543 1396 1855 1472 jungaotur,
1880 1408 1937 1454 ut
1961 1399 2102 1453 bime

511 1496 662 1561 fiant,
682 1496 956 1566 quinarius
976 1511 1231 1550 numerus
1258 1495 1647 1564 conjunctionis
1678 1492 1838 1548 redit.
1861 1493 1933 1547 ha
1959 1493 2101 1547 enim

510 1589 616 1645 hoc
663 1589 824 1643 modo
853 1603 945 1644 sex
978 1598 1133 1643 erant
1172 1588 1563 1657 propositiones
1604 1595 1686 1639 (ut
1728 1601 1888 1654 supra
1921 1582 2101 1652 docui)

509 1698 632 1754 qua:
656 1691 711 1736 et
737 1682 1049 1750 simpliciter
1064 1682 1393 1743 dicerentur,
1423 1681 1515 1734 sed
1547 1679 1628 1733 ha:
1652 1680 1888 1733 astricta:
1910 1688 2032 1731 sunt
2051 1684 2106 1730 et

510 1774 889 1846 conjunctione
910 1768 1185 1830 diminuta:
1210 1785 1351 1827 sunt.
1385 1772 1517 1826 Nam
1540 1772 1681 1841 quod
1710 1777 2106 1839 proposuerunt
2146 1812 2153 1815 .

2205 567 2349 637 pried
2374 570 2635 621 catonem
2667 566 2919 630 refertur,
2951 567 3135 621 subter
3162 564 3413 635 exposuit
3437 577 3560 634 quot
3606 563 3800 619 ﬁerent

2205 661 2599 729 propositiones
2648 661 2830 714 dICt‘ﬂS
2875 675 2891 715 :
2941 660 3117 727 Quare
3152 642 3381 726 quatuor
3437 658 3550 713 istae
3595 656 3801 731 erunt?

2204 753 2348 810 Dixit
2382 765 2557 811 autem
2587 755 2640 809 in
2683 754 2765 808 his
2791 766 3020 823 quatuor
3046 769 3387 809 communem
3417 752 3803 816 accidentiam,

2203 864 2361 919 quam
2418 850 2575 916 paulo
2606 857 2726 918 post
2773 849 3058 915 diligenter
3105 861 3391 915 expOoam.
3423 844 3574 912 Quod
3621 854 3804 897 autem

2203 942 2396 996 accidit
2448 939 2550 994 hoc
2600 949 2726 995 est:
2761 940 2892 994 Cum
2945 940 3053 994 sint
3098 954 3329 1009 quatuor
3381 938 3804 1008 prOpositiones,

2204 1046 2337 1102 quas
2365 1032 2640 1102 positurus
2666 1039 2770 1097 est,
2813 1032 2933 1084 dua:
2976 1030 3210 1097 ipsarum
3242 1043 3363 1084 sese
3393 1028 3459 1082 ad
3491 1028 3811 1081 affirmatio-

2206 1140 2328 1179 nem
2372 1135 2425 1180 et
2478 1124 2818 1195 negatioiiem
2867 1125 2935 1177 ita
2969 1122 3246 1179 habebunt
3274 1123 3567 1179 secundum
3611 1135 3813 1175 conse-

2206 1218 2503 1284 quentiam,
2561 1227 2619 1271 ut
2675 1217 3022 1285 privationes,
3055 1216 3174 1271 dum
3223 1231 3352 1271 vero
3402 1215 3643 1270 minime.
3698 1213 3813 1268 Sed

2208 1309 2344 1362 hanc
2374 1310 2425 1363 in
2461 1309 2543 1363 his
2593 1310 3058 1379 propositionibus
3102 1308 3453 1365 accidentiam
3495 1308 3656 1375 paulo
3686 1315 3817 1376 post

2207 1400 2609 1456 demonstrabo.
2655 1401 2805 1455 Nunc
2832 1412 3010 1456 autem
3042 1402 3171 1456 illud
3211 1403 3583 1470 respiciamus,
3619 1414 3819 1467 quem-

2207 1494 2495 1549 admodum
2523 1495 2652 1565 ipsm
2676 1502 2905 1564 quatuor
2944 1493 3059 1549 fieri
3091 1492 3487 1563 propositiones
3516 1492 3685 1545 dicat.
3718 1489 3819 1543 Ait

2208 1588 2375 1653 enim,
2403 1589 2529 1643 Dico
2559 1598 2734 1642 autem
2758 1590 3010 1658 quoniam
3035 1597 3224 1643 estaut
3244 1586 3389 1655 justo
3410 1584 3703 1653 adjacebit,
3725 1591 3820 1635 aut

2208 1696 2319 1734 non
2339 1680 2506 1751 justo.
2541 1679 2656 1735 Fiet
2696 1682 2838 1735 enim
2865 1679 3061 1749 duplex
3095 1679 3413 1749 propositio.
3444 1679 3498 1731 Si
3528 1687 3622 1731 aut
3665 1676 3821 1745 justo

2212 1783 2304 1828 aut
2335 1788 2441 1827 non
2464 1773 2611 1844 justo
2629 1783 2713 1829 est
2738 1774 2949 1844 :idjacet
2979 1774 3079 1828 hoc
3108 1774 3289 1840 modo,
3316 1781 3399 1827 est
3421 1772 3601 1841 justus
3627 1769 3819 1835 homo,

510 1869 917 1938 istm'qualuor,
950 1867 1109 1921 homo
1138 1875 1239 1929 est,
1295 1868 1453 1918 homo
1486 1880 1591 1918 non
1638 1872 1742 1929 est,
1780 1861 1957 1931 justus
1999 1869 2102 1929 est,
2136 1860 2296 1947 Best
2329 1883 2434 1921 non
2455 1867 2633 1936 jusms
2662 1866 2843 1920 homo.
2871 1866 3067 1934 Quare,
3100 1866 3290 1930 inquit,
3317 1867 3360 1920 si
3383 1874 3466 1920 est
3488 1862 3824 1917 affirmativo

496 1952 921 2033 justusnonest.
938 1960 1028 2015 the
1051 1959 1459 2029 conjunctiones
1481 1957 1532 2010 in
1555 1958 1687 2011 duas
1704 1954 1938 2010 reductae
1961 1966 2106 2021 sunt,

494 2038 731 2125 junctus
758 2056 899 2109 enim
932 2055 1091 2108 homo
1123 2068 1244 2107 cum
1263 2050 1410 2121 justo
1436 2051 1571 2105 duas
1604 2050 2001 2119 propositiones
2029 2048 2111 2102 fe-

514 2158 721 2212 cerunt,
758 2148 917 2202 homo
944 2146 1119 2215 justus
1150 2157 1252 2212 est,
1302 2144 1464 2199 homo
1490 2145 1666 2212 justus
1696 2159 1800 2198 non
1838 2151 1941 2197 est.
1970 2143 2111 2197 Rur-

492 2222 609 2295 ‘sus
637 2238 703 2294 ad
733 2241 983 2295 eumdem
1011 2239 1186 2307 ipsum
1221 2238 1493 2291 hominem
1524 2234 1790 2290 infinitum
1822 2251 1942 2290 cum
1975 2251 2112 2303 pra:-

517 2330 747 2387 dicatur.
776 2332 908 2387 Aliae
929 2332 1047 2386 dure
1071 2330 1469 2400 propositiones
1492 2344 1557 2383 ex
1583 2328 1791 2383 infinito
1822 2329 2114 2397 praedicam

492 2412 912 2479 rationabiliter
954 2424 1220 2489 oriuntur,
1270 2422 1432 2475 homo
1463 2437 1568 2475 non
1610 2421 1787 2490 justus
1817 2429 1915 2486 est,
1954 2420 2114 2474 homo

516 2531 625 2573 non
648 2516 829 2587 justus
858 2532 964 2571 non
1011 2523 1115 2583 est,
1158 2530 1383 2585 quarum
1425 2514 1547 2569 duae
1575 2514 1943 2584 oppositiones
1970 2523 2114 2580 sunt,

490 2592 916 2681 'propositiones
950 2625 1075 2665 vero
1104 2617 1355 2679 quatuor.
1392 2607 1467 2662 ita
1512 2606 1677 2680 igitur
1702 2621 1769 2662 ex
1797 2622 1891 2661 sex
1924 2621 2120 2675 pr0po-

516 2701 829 2771 sitionibus,
854 2702 907 2757 id
931 2711 1009 2757 est
1034 2700 1218 2767 homo,
1238 2715 1346 2755 non
1369 2712 1451 2755 est
1476 2699 1660 2766 homo,
1685 2707 1768 2755 est
1785 2697 1983 2769 justus,
2011 2712 2120 2752 non

492 2788 604 2852 ἐει
642 2795 817 2866 justus
871 2806 953 2851 est
982 2794 1324 2864 non'justus,
1359 2810 1466 2849 non
1504 2802 1588 2849 est
1622 2807 1727 2847 non
1762 2791 1965 2863 justus.
1992 2792 2121 2860 Quae

490 2876 643 2945 Icum
670 2890 783 2944 sint
805 2902 899 2942 sex
940 2886 1361 2957 propositiones,
1392 2894 1504 2940 tres
1546 2894 1752 2938 tantum
1784 2883 1985 2938 habent
2025 2899 2123 2951 op-

490 2966 837 3056 positiones,
884 2980 1047 3035 homo
1074 2980 1221 3049 justo
1248 2989 1303 3034 et
1334 2982 1459 3033 hom
1486 3001 1496 3024 ι
1534 2993 1642 3032 non
1672 2978 1819 3047 justo
1845 2978 2124 3046 subjectus

494 3064 753 3147 'quatuor
781 3073 925 3131 solas
950 3074 1347 3143 propositiones
1381 3071 1531 3138 fecit,
1562 3072 1829 3141 duplicem
1862 3088 1993 3128 vero
2022 3087 2123 3141 0p-

492 3147 865 3239 'positionem.
884 3165 987 3233 Qui
1014 3179 1142 3219 vero
1167 3164 1415 3218 dixerunt
1440 3163 1839 3220 numerosiores
1863 3166 1977 3219 fieri
2004 3179 2127 3234 pro-

2216 1959 2377 2016 modo
2406 1961 2660 2029 positum,
2687 1974 2828 2015 nunc
2856 1960 3071 2029 quidem
3099 1973 3219 2013 cum
3247 1948 3414 2028 justo,
3456 1972 3601 2011 nunc
3630 1964 3823 2009 autem

2217 2070 2338 2109 cum
2371 2067 2479 2107 non
2502 2052 2648 2123 justo
2666 2053 2905 2122 geminas
2934 2053 3057 2107 fecit
3080 2051 3475 2120 propositiones
3506 2049 3715 2103 scilicet
3738 2044 3825 2100 af.

2219 2146 2537 2211 firmativas,
2574 2145 2713 2199 idem
2760 2159 2972 2215 quoque
3008 2152 3091 2197 est
3120 2158 3241 2197 cum
3270 2142 3556 2211 negatione
3592 2139 3819 2207 conjun-

2198 2252 2389 2315 Actum,
2422 2240 2471 2293 id
2502 2250 2585 2294 est
2616 2253 2746 2304 non,
2778 2237 3021 2307 geminas
3046 2252 3259 2307 quoque
3308 2236 3434 2289 facit
3483 2234 3824 2305 negationes,

2222 2349 2318 2389 cas
2349 2332 2552 2389 scilicet
2580 2346 2702 2401 quae
2736 2341 2884 2395 ειιηι,
2925 2345 3029 2383 non
3058 2338 3141 2384 est
3181 2329 3341 2383 homo
3364 2326 3565 2396 justus,
3602 2341 3707 2379 non
3738 2331 3827 2379 est

2224 2425 2387 2480 homo
2414 2440 2519 2479 non
2554 2427 2766 2493 justus:
2800 2424 2901 2476 hoc
2928 2431 3010 2476 est
3039 2429 3218 2475 autem
3244 2418 3385 2489 quod
3407 2419 3481 2471 ait
3513 2434 3529 2472 :
3566 2417 3698 2471 Dico
3724 2431 3829 2469 au-

2200 2498 2333 2573 tem
2366 2518 2618 2587 quopiam
2651 2527 2756 2581 est,
2784 2526 2873 2571 aut
2900 2515 3048 2587 justo
3078 2524 3170 2569 aut
3211 2528 3316 2569 non
3339 2513 3486 2581 justo
3527 2509 3826 2582 adjacebit.

2227 2606 2284 2663 Si
2310 2610 2453 2664 enim
2492 2608 2704 2679 adjacet
2722 2608 2890 2678 justo,
2926 2607 3052 2663 facit
3092 2608 3232 2661 hanc
3258 2604 3697 2670 affirmationem,
3740 2612 3833 2660 est

2200 2774 2201 2777 η
2223 2701 2401 2773 justus
2424 2703 2588 2758 homo
2612 2719 2627 2769 ;
2656 2704 2701 2757 si
2730 2702 2940 2773 adjacet
2961 2718 3066 2757 non
3086 2702 3254 2772 justo,
3281 2701 3405 2755 facit
3430 2700 3568 2755 hanc
3594 2700 3832 2754 affirma-

2231 2796 2451 2863 tionem,
2493 2807 2578 2853 est
2623 2814 2729 2852 non
2756 2797 2935 2865 justus
2972 2798 3155 2852 homo.
3186 2796 3366 2863 Quare
3412 2796 3569 2850 etiam
3608 2794 3835 2865 negatio

2226 2885 2412 2958 juncta
2458 2905 2579 2945 cum
2609 2899 2689 2946 est
2734 2889 2874 2944 idem
2925 2889 3073 2945 facit.
3121 2888 3248 2944 Ilaec
3276 2888 3440 2961 igitur
3469 2889 3677 2959 negatio
3700 2894 3835 2958 qna

2201 2974 2316 3059 ςεει
2347 3000 2471 3051 ηοη,
2506 2984 2751 3051 copulata
2778 2983 2928 3053 justo
2958 2993 3015 3039 et
3044 3000 3149 3039 non
3175 2982 3344 3054 justo,
3373 2980 3506 3038 duas
3553 2982 3710 3039 faciet
3734 3000 3835 3041 ne-

2202 3075 2472 3151 .gationes
2493 3085 2680 3128 contra
2711 3089 2823 3139 eas,
2860 3090 2993 3145 quas
3024 3091 3185 3146 supra
3216 3075 3472 3143 diximus“,
3500 3076 3831 3146 pr0positio-

2235 3178 2352 3218 nes.
2385 3163 2440 3218 Si
2486 3164 2627 3218 enim
2657 3163 2885 3220 addatur
2905 3166 3070 3235 justo,
3104 3167 3264 3222 talem
3294 3165 3423 3222 facit
3461 3167 3827 3239 negationem,

520 3257 815 3329 positiones
843 3271 908 3311 ex
940 3255 1022 3311 his
1052 3256 1105 3309 in
1133 3254 1327 3325 quibus
1363 3264 1447 3309 est
1484 3255 1741 3324 adjacens
1773 3248 2196 3326 prmdicatur,C
2229 3268 2336 3307 non
2370 3264 2454 3307 est
2476 3254 2652 3323 justus
2679 3253 2860 3322 homo,
2887 3256 2934 3310 si
2956 3273 3063 3312 non
3088 3257 3252 3327 justo.
3286 3274 3394 3314 non
3416 3266 3499 3315 est
3526 3274 3635 3315 non
3654 3260 3833 3329 justus

492 3346 682 3421 'quam
711 3364 781 3405 ex
809 3347 893 3404 his
927 3363 1045 3420 quae
1090 3347 1300 3403 duobus
1332 3348 1575 3403 terminis
1616 3359 1950 3416 constarent,
2001 3350 2121 3405 illos

520 3457 632 3500 non
661 3440 987 3498 intellexisse
1017 3456 1200 3496 rerum
1223 3449 1471 3497 naturam
1504 3440 1850 3499 manifestum
1873 3453 1977 3510 est,
2003 3460 2124 3513 quae

493 3522 597 3617 :ita
626 3535 749 3603 fert,
797 3545 854 3591 ut
880 3550 1093 3605 semper
1121 3550 1187 3592 ex
1237 3535 1480 3604 pluribus
1517 3537 1849 3605 simplicibus
1889 3539 2123 3592 rariores

495 3628 747 3711 Oredeaut
775 3644 863 3684 res
888 3627 1276 3699 paucioresque
1305 3628 1627 3700 conjunctae.
1647 3628 1735 3683 Ait
1763 3629 1923 3699 igitur
1952 3630 2005 3684 in
2038 3629 2122 3685 his

521 3722 579 3778 in
608 3721 803 3793 quibus
842 3730 926 3777 est
972 3722 1190 3778 tertium
1240 3721 1496 3794 adjacens
1544 3724 1888 3791 praedicatur,
1924 3732 1981 3777 ut
2022 3722 2124 3779 hoc

500 3800 666 3883 quod
694 3814 765 3867 ait
797 3813 1015 3868 tertium
1046 3830 1152 3869 non
1183 3814 1249 3868 ad
1274 3801 1712 3885 prazilicationem
1742 3816 2007 3871 referatur
2032 3831 2127 3884 po-

498 3904 629 3960 'tius
658 3918 818 3975 quam
846 3904 912 3958 ad
940 3904 1209 3968 ordinem,
1244 3917 1299 3959 ut
1330 3906 1444 3974 ipse
1475 3905 1719 3959 distinxit
1741 3906 1928 3961 dicens
1954 3924 1967 3959 :
1999 3905 2126 3961 Dico

498 4003 704 4069 autem
736 4004 794 4050 ut
822 4006 905 4051 est
928 3994 1108 4067 justus
1141 3998 1319 4055 homo.
1352 4008 1436 4049 est
1470 3995 1684 4051 tertium
1718 3996 1839 4051 dico
1881 3997 2129 4066 adjicere
2176 4018 2179 4023 ·

526 4101 722 4142 nomen
750 4088 833 4142 vel
867 4087 1085 4143 verbum
1122 4088 1174 4141 in
1205 4085 1589 4151 aftirmatione,
1631 4103 1762 4153 non,
1792 4087 1987 4158 inquit,
2024 4099 2130 4143 ter-

527 4178 658 4233 tium
691 4179 989 4249 praedicari.
1044 4179 1148 4235 Sed
1194 4178 1446 4249 adjacere
1478 4180 1715 4242 teutium,
1747 4178 1841 4233 sed
1888 4178 1953 4233 ad
1983 4178 2130 4234 ordi-

500 4268 651 4326 ‘nem
678 4271 901 4335 scilicet,
934 4287 1038 4325 non
1067 4271 1135 4326 ad
1169 4273 1602 4341 przcilicationem
1635 4270 1800 4326 refert
1828 4282 1883 4326 ut
1912 4272 2127 4328 tertium

497 4356 744 4436 quidem
793 4366 1084 4438 adjaceret.
1132 4365 1400 4437 Adjacens
1430 4381 1607 4422 autem
1641 4368 2043 4438 prtedicaretur,
2078 4367 2131 4423 id

529 4469 741 4515 estnon
775 4461 1091 4532 simpliciter
1133 4462 1536 4532 praedicaretur.
1576 4460 1759 4530 Neque
1800 4463 1942 4515 enim
1974 4476 2133 4531 supe-

528 4552 644 4609 rius
673 4563 755 4609 est
782 4557 1149 4619 terminatum,
1190 4565 1248 4609 ut
1291 4556 1342 4609 in
1376 4556 1763 4623 propositione,
1791 4563 1897 4621 est,
1928 4555 1994 4609 sit
2026 4564 2133 4608 ter-

2233 3342 2420 3397 homo.
2458 3344 2571 3399 [loc
2601 3356 2779 3399 autem
2812 3360 2907 3401 cur
2927 3350 3130 3413 evenit,
3160 3349 3409 3418 quoniam
3433 3360 3518 3406 est
3538 3361 3592 3405 et
3619 3367 3727 3407 non
3748 3360 3833 3406 est

2224 3442 2394 3505 justo,
2416 3446 2472 3491 et
2495 3451 2600 3491 non
2623 3438 2767 3507 justo
2796 3440 3027 3507 adjacet,
3055 3450 3137 3495 est
3165 3456 3285 3496 cum
3308 3442 3455 3512 justo
3477 3458 3532 3498 et
3562 3459 3665 3499 non
3681 3442 3834 3513 justo

2227 3528 2363 3584 duas
2383 3528 2583 3585 faciens
2596 3532 3011 3602 pronositiones.
3026 3534 3139 3589 Non
3154 3544 3235 3590 est
3260 3537 3450 3591 iterum
3471 3538 3688 3605 negatio
3708 3549 3835 3591 cum

2224 3623 2372 3694 justo
2394 3632 2577 3680 etnon
2602 3625 2749 3696 justo
2770 3626 2903 3682 alias
2926 3628 3057 3684 duas
3108 3631 3443 3700 negationes.
3505 3632 3582 3685 Ex
3638 3631 3836 3701 quibus

2230 3728 2464 3788 quatuor
2484 3720 2604 3774 duo:
2634 3720 3005 3790 oppositiones
3033 3733 3175 3789 sunt,
3220 3725 3366 3778 utait
3390 3739 3573 3793 supra.
3604 3726 3836 3794 Quando

2230 3821 2314 3865 est
2342 3815 2559 3867 tertium
2590 3812 2844 3883 adjacens
2861 3816 3203 3884 praedicatur,
3235 3816 3522 3886 dupliciter
3576 3819 3837 3875 dicuntur

2231 3894 2623 3968 oppositiones.
2676 3903 2856 3970 Quare
2918 3921 3109 3960 sensus
3159 3923 3278 3963 sese
3334 3916 3475 3962 totus
3515 3908 3619 3963 hoc
3670 3910 3837 3965 modo

2234 3990 2422 4045 habet:
2443 3992 2546 4047 Sed
2562 3999 2812 4062 quoniam
2830 4004 3135 4067 estquoque
3158 3999 3260 4053 alia
3286 3998 3567 4064 descriptio
3583 4000 3691 4055 loci
3717 4018 3836 4072 qua:

2234 4085 2313 4141 sic
2342 4085 2474 4142 dicit
2505 4105 2516 4139 :
2546 4089 2672 4143 Dico
2699 4101 2874 4145 autem
2903 4093 3154 4162 quoniam
3177 4101 3259 4148 est
3288 4104 3380 4148 aut
3401 4080 3602 4149 homini
3623 4095 3839 4164 adjace-

2232 4178 2332 4246 bit,
2360 4190 2452 4235 aut
2481 4196 2585 4236 non
2626 4184 2850 4248 homini,
2881 4201 3047 4253 quare
3069 4198 3121 4240 et
3153 4188 3401 4255 negatio;
3447 4199 3682 4258 quatuor
3706 4204 3833 4258 ergo

2235 4277 2632 4344 propOsitiones
2660 4278 3210 4349 erunt.lntelligimus
3232 4293 3409 4337 autem
3429 4284 3568 4354 quod
3600 4286 3834 4341 diximus

2235 4392 2301 4433 ex
2327 4376 2407 4431 his
2434 4394 2553 4449 quae
2571 4381 2871 4448 subscripta
2899 4392 3043 4437 sunt.
3080 4384 3175 4438 Est
3213 4384 3392 4454 justus
3447 4386 3631 4450 homo,
3678 4388 3837 4457 liujus

2214 4471 2472 4538 negatio,
2497 4489 2603 4526 non
2630 4483 2711 4526 cst
2746 4474 2922 4541 justus
2966 4477 3145 4530 homo.
3178 4477 3273 4531 Est
3301 4493 3407 4532 non
3443 4478 3623 4547 justus
3655 4479 3835 4544 homo,

2241 4563 2399 4632 hujus
2422 4565 2657 4631 negatio,
2700 4582 2806 4621 non
2838 4579 2918 4622 est
2965 4584 3069 4622 non
3123 4569 3294 4638 justus
3335 4570 3517 4635 homo,
3576 4580 3662 4626 est
3694 4572 3836 4625 enim

500 4636 731 4704 ‘minus.
765 4649 941 4720 Atque
995 4649 1116 4705 ideo
1167 4651 1211 4703 si
1255 4652 1374 4719 quis
1423 4651 1691 4705 resolvere
1724 4650 2122 4719 praepositiones

2238 4655 2478 4711 hoclocii
2506 4668 2560 4712 et
2588 4674 2695 4713 non
2719 4670 2823 4725 est,
2861 4660 3059 4714 homini
3090 4673 3143 4716 et
3193 4678 3298 4716 non
3359 4663 3560 4717 homini
3602 4664 3834 4734 adjaCet,

530 4740 663 4795 velit
686 4743 738 4796 in
761 4742 874 4797 suis
907 4742 1169 4807 terminis,
1204 4741 1292 4796 ille
1322 4757 1428 4797 non
1472 4742 1691 4798 τιοεοινίι
1720 4742 1773 4796 in
1813 4753 1913 4797 est.
1940 4742 2047 4798 Sed
2077 4744 2132 4798 in

502 4822 505 4835 λ
533 4849 600 4891 eo
620 4833 759 4906 quod
791 4844 875 4889 est
904 4834 1063 4890 homo
1081 4836 1346 4905 etjustus,
1372 4845 1426 4890 et
1451 4845 1607 4890 erunt
1629 4836 1735 4892 duo
1764 4836 1979 4891 termini
2008 4836 2135 4891 sub-

499 4926 708 5001 ‘jectus
759 4928 995 4998 quidem,
1033 4930 1213 4988 homo,
1262 4930 1581 4998 pra'dicatus
1604 4948 1757 4999 vero,
1805 4932 2004 5001 justus.
2041 4933 2136 4987 Est

533 5028 713 5074 autem
750 5020 891 5091 quod
918 5018 1173 5090 adjacens
1206 5020 1526 5088 praedicatur
1553 5032 1606 5077 et
1631 5024 1847 5077 tertium
1879 5023 2136 5092 adjacens

533 5136 642 5175 nou
674 5120 727 5175 in
762 5120 1025 5183 torminis,
1069 5121 1161 5175 sed
1209 5120 1261 5174 in
1304 5123 1557 5191 qualitate
1599 5128 1776 5191 potius
1806 5123 2135 5192 propositio-

534 5213 620 5269 nis
647 5212 949 5287 (utdictum
980 5213 1084 5279 est)
1118 5214 1402 5280 accipitur.
1446 5214 1649 5268 Nomen
1693 5224 1871 5269 autem
1899 5214 1979 5268 vel
2018 5229 2138 5267 ver-

535 5306 662 5362 bum
695 5308 771 5360 ait
796 5315 880 5361 est
910 5314 1130 5376 propter
1161 5308 1297 5361 hanc
1328 5321 1570 5372 causam,
1616 5307 1829 5360 tertium
1864 5307 2005 5360 enim
2039 5320 2136 5360 no-

535 5414 659 5456 men
710 5400 955 5467 adjacere
983 5399 1121 5453 dixit
1164 5410 1265 5462 est,
1302 5409 1359 5453 ut
1387 5400 1604 5454 doceret
1638 5404 1805 5469 prima
1853 5401 1959 5456 duo
1990 5415 2136 5462 esse.

537 5489 699 5546 homo
726 5491 933 5547 scilicet
969 5502 1022 5546 et
1049 5494 1244 5559 justus,
1280 5492 1479 5546 idcirco
1510 5506 1688 5547 amem
1719 5495 1796 5547 ait
1829 5508 2023 5547 nomen
2053 5491 2140 5546 vel

508 5591 785 5655 'verbum,
817 5593 1069 5662 quoniam
1120 5590 1279 5647 verba
1334 5606 1549 5661 quoque
1593 5594 1806 5647 nomina
1851 5604 1995 5648 sunt.
2030 5592 2143 5647 lloc

539 5692 717 5737 autem
752 5684 896 5753 prius
924 5682 1057 5736 dixit
1100 5681 1310 5741 dicens,
1347 5683 1458 5749 ipsa
1491 5682 1615 5749 quid
1638 5699 1705 5736 im
1758 5683 2052 5736 secndum
2083 5698 2143 5739 se

540 5772 682 5829 dicta
717 5779 876 5829 verba
907 5775 1121 5829 nomina
1154 5784 1298 5827 sunt.
1338 5774 1624 5843 Postquam
1658 5758 1817 5846 igitur
1835 5778 1988 5841 dixit,
2013 5778 2139 5847 quid

537 5865 701 5920 vellet
729 5866 1015 5929 ostendere
1039 5881 1134 5936 per
1152 5867 1205 5925 id
1228 5868 1373 5938 quod
1392 5869 1486 5938 ait,
1522 5880 1604 5927 est
1636 5871 1853 5927 tertium
1877 5866 2139 5940 adjacent

2239 4750 2486 4805 turbabat
2517 4754 2879 4819 expositores,
2911 4764 2965 4809 et
3000 4754 3315 4810 dubitabant
3365 4758 3491 4826 quid
3536 4757 3640 4812 hoc
3693 4766 3839 4814 esset

2217 4844 2381 4917 .quud
2404 4860 2526 4900 cum
2554 4860 2714 4915 supra
2759 4846 3025 4902 dixisset:
3065 4848 3191 4902 Dico
3240 4858 3415 4903 autem
3457 4851 3710 4920 quoniam
3754 4858 3838 4906 est

2241 4946 2333 4992 aut
2389 4937 2590 4992 homini
2645 4939 2928 5009 adjacebit,
2971 4949 3063 4994 aut
3129 4956 3234 4996 non
3293 4941 3518 5012 homini,
3551 4944 3604 4998 in
3650 4960 3836 5001 eorum

2244 5031 2490 5100 exemplo
2511 5040 2561 5085 et
2585 5030 2939 5102 diSpositiune
2970 5042 3052 5088 est
3079 5049 3185 5088 non
3217 5037 3468 5104 apposuit
3503 5036 3729 5105 homini,
3750 5044 3838 5091 aut

2245 5150 2350 5189 nou
2384 5134 2608 5200 homini,
2632 5136 2723 5190 sed
2752 5136 2897 5205 justo
2938 5152 3041 5191 non
3068 5138 3213 5207 justo
3242 5140 3449 5195 dicens.
3484 5139 3840 5211 intelligimus

2245 5244 2375 5284 vero
2405 5229 2548 5299 quod
2577 5227 2774 5284 dicitur
2795 5246 2860 5285 ex
2891 5231 2955 5285 iis
2986 5247 3106 5300 qua:
3135 5233 3437 5302 subscripta
3465 5240 3610 5299 sunt,
3636 5240 3719 5288 est
3754 5232 3841 5302 ju-

2245 5330 2359 5377 slus
2388 5322 2569 5384 homo,
2600 5321 2759 5391 hujus
2789 5324 3021 5391 negatio,
3047 5339 3151 5379 non
3183 5335 3265 5379 est
3287 5324 3469 5394 .justus
3499 5323 3682 5380 homo.
3743 5325 3838 5379 Est

2248 5430 2354 5469 non
2378 5413 2553 5482 justus
2578 5414 2759 5481 homo,
2793 5414 2948 5484 hujus
2981 5417 3193 5485 negatio
3213 5461 3227 5485 ,
3255 5432 3359 5491 non
3388 5425 3471 5471 est
3515 5433 3623 5474 non
3664 5418 3838 5485 justus

2211 5578 2219 5584 ι
2258 5505 2440 5572 homo,
2467 5517 2519 5561 et
2551 5518 2827 5576 postquam
2852 5508 2995 5577 justo
3025 5521 3079 5564 et
3110 5509 3379 5578 nonjusto
3403 5520 3485 5565 est
3513 5519 3569 5565 et
3622 5526 3726 5565 non
3761 5514 3839 5562 cst

2255 5598 2501 5667 apposuit
2519 5599 2659 5667 quod
2690 5610 2815 5654 ante
2838 5616 2940 5655 non
2964 5600 3116 5667 dixit,
3139 5601 3232 5655 sed
3264 5601 3329 5655 ad
3352 5602 3620 5656 hoioinein
3653 5611 3707 5655 ει
3734 5615 3837 5655 non

2215 5758 2219 5769 .
2256 5690 2527 5745 hominem
2555 5692 2903 5761 estadjacere
2934 5678 3229 5760 proposuit.
3278 5693 3464 5748 I’osto-a
3513 5693 3671 5749 infert
3701 5711 3716 5746 -.
3752 5696 3837 5748 Est

2254 5793 2430 5837 autem
2472 5782 2572 5837 hoc
2605 5784 2722 5838 loco
2754 5784 2951 5839 homini
3005 5783 3233 5855 adjaccl,
3263 5797 3317 5842 et
3348 5804 3451 5842 non
3493 5788 3715 5853 homini,
3751 5785 3836 5856 qui

2254 5874 2663 5945 posueratjusto
2694 5885 2872 5933 etnon
2894 5875 3064 5949 justo,
3109 5888 3193 5936 est
3230 5888 3283 5934 et
3323 5896 3427 5935 non
3456 5892 3537 5937 est
3569 5879 3831 5950 adjacerc.
