4090 6342
257 379 364 439 529

983 376 1049 434 l-N
1085 374 1472 434 LIBRUM-DE
1509 370 2164 433 INTERPRETATIONE
2207 372 2436 429 EDITIO
2472 370 2815 429 SECUNDA.

3438 367 3544 427 530

256 495 415 553 Unde
430 492 745 550 Alexander
776 506 988 565 quoque
1014 494 1145 550 dicit
1160 496 1437 565 scripturae
1463 466 1585 549 esse
1613 494 1846 563 culpam,
1878 495 1930 556 Α
1955 491 2092 547 sicut
2119 490 2270 560 prius
2295 504 2508 560 quoque
2531 489 2879 559 exposuimus
2922 507 2934 542 :
2966 487 3064 543 Est
3092 487 3235 544 enim
3282 485 3386 541 hoc
3426 487 3553 542 loco

256 602 364 642 non
397 586 701 657 philosophi
726 594 872 641 recte
911 585 1168 651 dicentis,
1210 592 1265 639 et
1303 584 1692 639 emendandam
1736 600 1855 643 esse

255 680 601 747 sc'ipturam,
636 678 729 732 sed
754 692 861 733 non
888 693 1013 732 eum
1058 678 1292 748 oportuit
1334 676 1608 741 confundi,
1661 677 1704 730 si
1760 692 1854 732 nro

253 770 480 827 homine
504 779 560 826 et
590 785 696 825 non
724 770 1152 841 hominejustum
1180 779 1234 824 et
1275 784 1379 824 non
1423 769 1618 831 i-ustum
1650 768 1849 823 intulit.

256 864 385 921 Haec
407 864 550 919 enim
580 864 826 933 exempla
851 876 972 919 sunt
1002 865 1178 933 potius
1215 878 1372 934 quam
1426 862 1852 933 propositionum

253 957 573 1024 necessitas,
593 957 732 1027 quod
758 956 901 1012 enim
931 956 1068 1011 dixit
1094 965 1178 1011 est
1207 955 1616 1013 bomini.et-non
1647 954 1852 1011 homini

253 1048 506 1117 adjacere
530 1050 602 1103 ita
637 1048 887 1118 sumpsit,
943 1058 1194 1118 tanquam
1243 1047 1289 1103 si
1318 1049 1493 1104 homo
1523 1050 1849 1119 praedicare-

255 1149 360 1207 tur,
389 1149 446 1194 ut
478 1141 621 1196 ineo
648 1140 792 1211 quod
819 1147 903 1196 est
929 1141 1179 1197 Socrates
1207 1140 1369 1198 homo
1416 1151 1519 1210 est,
1541 1142 1625 1197 vel
1664 1157 1852 1199 rursus

257 1232 504 1288 Socrates
525 1247 631 1289 non
681 1237 960 1290 homoest.
1007 1236 1148 1305 Ergo
1195 1237 1379 1291 volens
1432 1250 1647 1292 sumere
1681 1237 1851 1307 quod-

258 1340 467 1397 cunque
507 1326 880 1397 prrcdicatum,
909 1344 1051 1385 nunc
1071 1330 1285 1400 quidem
1311 1332 1559 1402 simplex,
1586 1347 1727 1389 nunc
1749 1347 1849 1388 au-

253 1430 361 1476 tem
390 1420 680 1489 inﬁnitum,
712 1422 1107 1494 iutulitjustnm
1153 1434 1208 1480 et
1236 1440 1343 1479 non
1383 1426 1584 1495 justum
1642 1424 1851 1482 indiffe-

251 1520 437 1567 renter
486 1512 709 1578 habens,
748 1528 816 1568 an
864 1513 1025 1569 homo
1045 1522 1101 1568 et
1130 1530 1237 1569 non
1260 1514 1422 1570 homo
1446 1514 1846 1585 praedicaretur,

250 1605 518 1672 anjustus
542 1612 723 1659 etnon
740 1604 938 1674 justus,
956 1606 1132 1662 solum
1156 1605 1208 1661 in
1243 1606 1533 1676 praedicato
1576 1610 1712 1665 alias
1760 1625 1849 1665 su-

248 1701 495 1747 meretur
514 1707 734 1760 nomen,
780 1693 916 1749 alias
967 1694 1238 1750 inﬁnitum
1289 1711 1513 1752 nomen.
1557 1698 1675 1753 Non
1718 1714 1867 1773 ergo.

248 1787 501 1856 oportuit
540 1786 901 1842 Alexandrum
959 1788 1292 1845 conturbari.
1320 1784 1598 1862 ’Aliosque
1647 1793 1701 1847 in
1748 1794 1848 1849 hac

1960 590 2014 637 et
2043 595 2148 636 non
2179 589 2283 648 est,
2307 581 2451 651 justo
2477 589 2533 644 et
2561 595 2665 635 non
2690 579 2837 650 justo
2868 580 3099 650 adjacet.
3133 579 3237 634 Sed
3265 577 3399 635 ordo
3435 576 3555 647 qui-

1958 673 2079 729 dem
2107 673 2270 726 totius
2306 672 2591 727 seutentiae
2634 671 2919 743 diligenter
2972 671 3247 742 expositus
3285 679 3391 736 est,
3440 669 3555 726 sive

1958 764 2048 821 illa
2078 764 2297 834 scriptio
2336 763 2427 829 sit,
2461 765 2574 818 sive
2596 763 2708 830 illa,
2738 772 2927 818 neutra
2972 764 3115 818 enim
3169 762 3424 817 mutanda
3447 768 3552 819 est.

1956 859 2026 913 Et
2054 874 2156 912 una
2184 855 2401 928 quidem
2432 857 2553 927 plus
2585 857 2746 911 habet
2767 856 3033 923 exercitii,
3076 856 3242 910 altera
3262 870 3391 910 vero
3422 854 3555 909 laci-

1956 948 2145 1016 litatis,
2176 949 2270 1004 sed
2302 948 2370 1003 ad
2405 962 2563 1002 uuam
2607 946 3018 1017 intelligentiam
3076 957 3302 1017 utraque
3358 960 3555 1017 perve-

1954 1041 2127 1095 ninnt.
2161 1040 2350 1095 Restat
2371 1040 2535 1109 igitur
2558 1047 2617 1093 ut
2642 1038 2785 1107 quod
2815 1037 2888 1092 ait
2919 1055 2933 1093 :
2964 1040 3139 1105 Quare
3179 1038 3379 1093 idcirco
3422 1050 3556 1105 qua-

1953 1142 2074 1190 tuor
2093 1135 2209 1189 ista:
2238 1139 2419 1198 erunt,
2452 1116 2676 1202 quarum
2708 1130 2923 1201 quidem
2949 1129 3069 1185 dum
3120 1130 3188 1185 ad
3238 1129 3553 1186 afﬁrmatio-

1954 1245 2078 1285 nern
2099 1245 2220 1285 sese
2250 1230 2452 1284 habent
2471 1227 2768 1284 secundum
2798 1228 3259 1296 consequentiam,
3283 1237 3344 1282 ut
3380 1226 3556 1298 priva-

1953 1324 2151 1394 tiones,
2198 1324 2318 1379 dure
2369 1336 2498 1378 vero
2542 1322 2783 1387 minime,
2834 1319 3145 1391 diligentius
3199 1334 3553 1390 exponamus.

1953 1417 2130 1473 Locus
2158 1417 2302 1471 enim
2320 1430 2511 1488 magna
2534 1414 2797 1470 brevitate
2820 1413 3142 1469 constrictus
3166 1419 3268 1475 est,
3298 1420 3354 1467 et
3390 1404 3555 1466 nimia

1950 1509 2248 1566 subtilitate
2272 1524 2336 1565 ac
2358 1509 2690 1565 obscuritate
2719 1507 2979 1574 difﬁcilis,
3007 1515 3063 1563 et
3087 1508 3233 1562 hunc
3260 1505 3471 1577 quidem
3498 1505 3556 1561 in

1953 1605 2126 1676 prima
2149 1604 2385 1660 editione
2408 1601 2568 1674 hujus
2594 1603 2777 1672 operis
2828 1609 3261 1658 transcurrentes
3303 1599 3556 1670 exposui~

1950 1713 2093 1764 mus,
2124 1706 2287 1767 atque
2311 1696 2365 1751 in
2396 1710 2462 1751 eo
2488 1694 2885 1762 brevissimam,
2910 1705 2968 1750 ut
3004 1694 3058 1749 in
3089 1695 3209 1749 aliis
3228 1708 3439 1766 quoque
3460 1692 3556 1748 de-

1950 1791 2131 1847 dinms
2157 1790 2575 1860 expositionem.
2607 1790 2759 1844 Nunc
2785 1799 2963 1844 autem
2986 1788 3114 1859 quid
3146 1788 3199 1842 in
3257 1801 3316 1843 se
3360 1800 3554 1842 sensus

249 1878 550 1949 scriptione
578 1880 633 1934 in
662 1896 765 1949 qua
809 1895 909 1936 nos
954 1882 1303 1952 philosophus
1320 1899 1607 1963 ‘cxercere
1655 1885 1844 1960 voluit,
1877 1881 1927 1943 B
1955 1883 2150 1938 habeat
2182 1882 2316 1949 veri,
2352 1882 2557 1951 quidve
2589 1880 2691 1935 hac
2740 1880 3002 1935 brevitate
3052 1879 3255 1945 latitet,
3294 1888 3556 1948 quantum

245 1972 394 2028 sicut
422 1972 798 2043 Porphyrium,
823 1986 878 2029 et
901 1975 1216 2030 llerminum
1268 1991 1373 2030 non
1429 1976 1694 2045 turbabat,
1754 1981 1847 2049 qui

250 2065 439 2120 dicunt
467 2067 714 2135 exempla
741 2066 827 2122 hic
849 2081 972 2123 esse
995 2068 1130 2123 ﬁniti
1157 2066 1430 2136 prtedicati
1457 2079 1509 2124 et
1541 2069 1753 2137 inﬁniti,
1793 2071 1846 2126 in

251 2158 443 2228 quibus
467 2159 609 2228 quod
637 2158 771 2214 liber
799 2160 1142 2229 prredicatum
1163 2162 1253 2226 sit,
1286 2176 1438 2231 aeque
1477 2162 1646 2232 accipi
1695 2177 1848 2233 opor-

252 2261 389 2319 tere,
414 2253 501 2308 vel
526 2253 606 2308 sic
634 2268 755 2308 cum
791 2253 1015 2310 dixisset
1068 2254 1272 2310 hoinini
1302 2264 1358 2310 et
1386 2270 1489 2310 non
1520 2255 1724 2311 homini
1752 2256 1848 2311 ad-

250 2345 555 2414 jacere,est
577 2352 632 2400 et
656 2359 765 2400 non
793 2356 899 2414 est,
929 2345 1112 2400 album
1143 2354 1198 2400 et
1247 2360 1353 2401 non
1403 2347 1609 2412 album,
1664 2361 1848 2416 posrea

250 2435 525 2493 intulisset
549 2436 840 2493 sulﬁcerel.
874 2438 989 2495 Hoc
1016 2440 1156 2494 enim
1189 2451 1244 2495 et
1298 2442 1423 2495 illud
1479 2442 1846 2510 praedicatum,

251 2529 384 2583 alias
414 2528 646 2596 ﬁnitum,
675 2531 809 2586 alias
835 2532 1103 2587 inﬁnitum
1131 2548 1345 2591 sumere
1375 2535 1428 2589 in
1446 2536 1852 2606 quibuscunque

255 2623 562 2680 nominibus
589 2640 743 2695 atque
763 2635 1001 2696 oportet,
1028 2634 1083 2682 et
1112 2627 1254 2697 quod
1299 2628 1500 2683 homini
1551 2630 1625 2683 ait
1644 2639 1697 2685 et
1744 2646 1851 2688 non

257 2714 461 2771 homini
499 2717 747 2784 adjacere
775 2728 877 2783 εει,
903 2729 958 2774 ει
987 2730 1168 2790 p05tea
1215 2721 1395 2776 intulit
1438 2721 1585 2792 justo
1636 2732 1691 2780 et
1745 2739 1887 2798 non.

259 2808 421 2881 justo,
458 2817 514 2865 et
540 2810 767 2880 subjecit
809 2812 1104 2877 hominem,
1147 2827 1253 2867 non
1308 2814 1379 2867 ita
1433 2813 1725 2884 putandum
1772 2824 1855 2871 est
1898 2884 1899 2887 η

254 2912 509 2973 tanquam
530 2903 598 2959 de
617 2902 892 2974 subjectis,
918 2902 971 2959 id
992 2913 1076 2960 est
1102 2905 1338 2974 homine,
1373 2915 1427 2961 et
1475 2921 1581 2961 non
1636 2907 1856 2964 homine

254 2995 413 3065 loqui
432 2997 675 3064 voluerit,
700 3006 757 3052 et
780 3005 962 3065 postea
995 3012 1089 3067 per
1113 3012 1351 3054 errorem
1379 2999 1617 3055 intulerit
1642 3000 1695 3055 in
1728 3016 1856 3071 pra:-

256 3088 447 3145 dicato
466 3090 607 3160 jnSto
628 3097 684 3145 et
709 3106 816 3145 non
845 3091 1013 3161 justo,
1042 3091 1137 3147 sed
1170 3093 1343 3161 potius
1368 3093 1540 3163 ipsum
1569 3093 1775 3149 homini
1804 3105 1858 3150 et

257 3199 367 3239 non
389 3184 589 3239 homini
619 3184 691 3239 ita
720 3186 971 3255 sumpsit,
1009 3195 1259 3256 tanquam
1308 3186 1360 3241 in
1395 3186 1573 3257 aliquo
1603 3188 1857 3257 prwdica-

262 3289 426 3347 retur,
460 3288 517 3333 ut
540 3280 679 3333 sicut
702 3279 903 3335 dictum
935 3290 1038 3346 est,
1064 3282 1311 3336 Socrates
1339 3281 1503 3335 homo
1526 3290 1630 3346 εει,
1658 3280 1851 3339 Socra-

264 3382 341 3429 tes
367 3387 471 3428 non
502 3372 665 3427 homo
689 3384 793 3439 est,
848 3373 937 3429 hic
960 3388 1089 3444 ergo
1120 3374 1283 3429 homo
1304 3383 1358 3428 et
1386 3390 1491 3429 non
1526 3375 1685 3429 homo
1716 3392 1853 3445 pra:-

260 3467 485 3522 dicatur.
522 3466 726 3522 Rursus
760 3468 805 3522 si
854 3468 973 3539 quis
1030 3468 1169 3523 dicat
1202 3468 1363 3522 homo
1392 3468 1575 3539 justus
1612 3476 1716 3532 est,
1750 3468 1849 3522 hu-

261 3585 348 3626 mo
375 3585 483 3626 non
504 3569 677 3640 justus
708 3582 812 3637 εει,
864 3570 997 3625 nihil
1024 3569 1221 3624 diﬁ'ert.
1251 3569 1451 3639 Eodem
1498 3572 1642 3625 enim
1693 3570 1853 3626 modo

262 3664 605 3735 praedicatum
639 3663 692 3719 in
729 3678 830 3717 una
889 3662 1255 3733 propositione
1311 3663 1537 3732 simplex
1584 3671 1851 3730 sumptum

263 3769 362 3815 est.
393 3757 451 3814 lu
478 3758 646 3813 altera
679 3758 962 3821 inﬁnitum,
997 3756 1145 3811 velut
1167 3756 1211 3810 si
1241 3756 1416 3810 dicam
1465 3755 1555 3810 nix
1582 3756 1702 3811 alba
1748 3766 1853 3821 est,

264 3852 351 3907 nix
382 3867 488 3906 non
517 3851 636 3905 alba
663 3860 766 3917 est,
806 3850 998 3904 eodem
1055 3848 1237 3912 modo,
1271 3864 1376 3902 non
1418 3863 1546 3918 ergo
1593 3848 1856 3917 culpanda

261 3953 347 3999 est
366 3946 628 4013 scriptura
655 3958 775 4013 quae
802 3956 923 3996 cum
990 3932 1135 4010 prius
1163 3942 1535 4011 pr0posuisset
1577 3940 1778 3995 homini
1804 3950 1859 3996 et

261 4049 370 4089 non
402 4032 604 4087 homini
632 4032 879 4103 adjacere
902 4042 987 4087 est
1006 4030 1207 4102 justum
1235 4041 1289 4087 et
1310 4047 1417 4086 non
1428 4031 1629 4102 justum
1655 4032 1852 4086 intulit.

263 4125 410 4181 Nihil
434 4126 574 4179 enim
600 4124 823 4181 interest
875 4126 987 4180 sive
1021 4125 1218 4193 justum
1244 4136 1334 4179 aut
1355 4141 1460 4178 non
1484 4124 1687 4193 justum
1718 4140 1857 4193 pne-

262 4216 497 4282 dicetur,
525 4220 635 4272 sive
657 4217 817 4272 homo
846 4226 939 4271 aut
966 4231 1071 4271 nou
1103 4217 1287 4283 homo,
1323 4216 1615 4271 dunnuodo
1662 4217 1859 4284 prtedi-

263 4313 530 4368 cationem
563 4310 697 4365 alias
734 4311 1017 4377 inﬁnitam,
1045 4310 1178 4365 alias
1234 4319 1410 4364 sumat
1458 4308 1681 4373 ﬁnitam,
1734 4320 1860 4365 tunc

263 4419 385 4460 cum
407 4413 491 4459 est
522 4403 735 4458 tertium
784 4402 1034 4474 adjaceus
1075 4400 1415 4472 praedicatur.
1466 4401 1731 4456 Exercere
1763 4401 1859 4470 igi-

266 4508 350 4554 tur
406 4498 813 4569 intelligentiam
881 4508 1117 4552 nosuam
1198 4498 1573 4565 actiOnemque
1623 4494 1860 4564 philoso-

264 4591 400 4663 phus
447 4591 614 4646 voluit
644 4605 821 4645 rerum
850 4589 1089 4645 omnium
1133 4589 1537 4658 solertissimus,
1570 4601 1674 4641 non
1720 4586 1854 4641 scri-

1904 3264 1929 3290 Ἰ

1881 3268 1929 3330 C

1950 1978 2175 2034 facultas
2199 1976 2454 2047 suppetit,
2490 1990 2588 2032 nos
2617 1975 2717 2052 ipsi
2756 1973 3168 2044 patelaciemus,
3200 1982 3255 2030 et
3292 1982 3554 2044 quantum

1950 2070 2091 2126 valet
2112 2068 2349 2123 animum
2376 2068 2547 2123 lector
2571 2067 2830 2122 intendat.
2854 2066 2948 2121 Cui
2970 2066 3017 2121 si
3062 2066 3199 2119 forte
3248 2066 3408 2134 paulo
3458 2064 3555 2119 ob.

1951 2163 2191 2220 seuriora
2219 2160 2493 2224 videntur,
2514 2175 2695 2216 rerum
2727 2162 2949 2231 imputet
3001 2159 3324 2225 difﬁcultati,
3352 2158 3399 2214 si
3428 2172 3556 2214 vero

1952 2256 2193 2329 planiora
2215 2270 2381 2326 quam
2410 2258 2702 2323 putaverit,
2752 2269 2852 2310 suo
2896 2254 3125 2324 gratiam
3174 2251 3391 2308 debebit
3430 2265 3556 2307 acus

1952 2349 2103 2404 mini.
2137 2348 2242 2405 Sed
2274 2349 2420 2415 prius
2446 2346 2573 2418 quid
2603 2346 2671 2402 de
2702 2346 2804 2402 hoc
2836 2346 2956 2400 loco
2995 2342 3280 2400 Herminus
3325 2342 3557 2398 arbitre-

1954 2452 2062 2508 tur,
2088 2457 2247 2512 quam
2272 2441 2605 2513 possibiliter
2629 2439 2931 2511 expediam.
2964 2438 3057 2494 Ait
3074 2437 3361 2494 Herminus
3385 2437 3557 2494 tribus

1955 2535 2130 2591 modis
2160 2550 2281 2590 cum
2325 2535 2537 2591 inﬁnito
2581 2535 2802 2590 nomine
2830 2532 3222 2604 propositiones
3242 2547 3398 2603 posse
3436 2545 3558 2602 pro-

1954 2627 2107 2698 ferri,
2134 2639 2223 2682 aut
2255 2629 2398 2683 enim
2430 2629 2699 2683 inﬁnitum
2732 2627 3033 2697 subjertum
3069 2625 3288 2695 habent,
3342 2638 3398 2680 ut
3447 2638 3557 2683 non

1956 2721 2120 2777 homo
2136 2721 2315 2793 justus
2343 2734 2447 2788 εει,
2480 2729 2574 2775 aut
2604 2719 2867 2775 inﬁnitum
2903 2718 3275 2790 praedicatum,
3307 2724 3365 2772 ut
3395 2715 3557 2772 homo

1956 2840 2064 2880 non
2088 2824 2264 2894 justus
2292 2832 2395 2889 est,
2417 2831 2511 2878 aut
2551 2821 2818 2877 inﬁnitum
2854 2818 3155 2891 s'nhjectum
3179 2829 3235 2875 et
3286 2819 3554 2875 inﬁnitum

1960 2924 2327 2996 praedicatum,
2358 2932 2544 2978 utnon
2569 2922 2729 2976 homo
2753 2935 2857 2976 non
2886 2921 3062 2990 justus
3082 2928 3186 2975 est.
3221 2920 3417 2975 Harum
3454 2918 3555 2988 igi-

1960 3026 2069 3083 tur,
2100 3017 2292 3087 iuquit,
2314 3030 2650 3086 quaecunque
2680 3014 2746 3069 ad
2768 3014 3113 3083 praedicatum
3147 3015 3431 3069 terminum
3463 3013 3557 3068 ha-

1959 3112 2298 3170 hentnomen
2330 3112 2615 3173 inﬁnitum,
2649 3108 2855 3165 similes
2894 3119 3017 3176 sunt
3052 3106 3134 3161 his
3157 3122 3277 3175 quae
3329 3108 3558 3176 aliquam

1960 3204 2279 3260 denuntiant
2310 3205 2690 3273 privationem.
2723 3170 3048 3255 Denuritiant
3088 3211 3267 3253 autem
3308 3199 3559 3268 privatiov

1960 3306 2081 3355 nem
2111 3298 2191 3352 ha:
2222 3313 2343 3368 quae
2373 3297 2579 3361 dicunt,
2624 3298 2785 3349 homo
2839 3291 3070 3362 injuslus
3123 3301 3226 3358 est,
3282 3289 3443 3345 homo
3484 3291 3559 3345 iu-

1952 3394 2128 3464 justns
2182 3398 2441 3455 nonest;
2524 3402 2650 3459 ergo
2717 3384 3051 3449 istiusmodi,
3086 3397 3208 3454 quae
3235 3390 3560 3452 proponunt,

1956 3484 2120 3540 homo
2185 3481 2414 3550 injuslus
2452 3487 2574 3544 est,
2657 3477 2817 3530 homo
2860 3476 3037 3544 justus
3096 3488 3201 3527 non
3260 3482 3363 3528 ενι.
3398 3471 3559 3538 Ιιίπ.

1958 3577 2177 3647 inquit,
2217 3573 2566 3629 consentiunt
2636 3585 2756 3641 quae
2822 3576 2949 3622 sunt
2996 3582 3064 3622 ex
3155 3566 3366 3620 inﬁnito
3420 3579 3562 3633 prse-

1959 3679 2135 3733 dicato
2177 3721 2191 3742 ,
2235 3684 2293 3729 ut
2344 3690 2408 3729 ea
2457 3687 2575 3742 qua:
2634 3680 2718 3726 est
2785 3670 2946 3724 homo
3010 3683 3115 3723 non
3180 3667 3358 3736 justus
3419 3673 3559 3733 est,

2177 3721 2191 3746 ν

1942 3768 2123 3823 homo
2170 3782 2273 3821 non
2325 3767 2501 3834 justus
2557 3777 2662 3816 non
2711 3769 2815 3815 est.
2880 3757 3025 3813 Idem
3085 3758 3226 3812 enim
3285 3770 3388 3822 εει,

1961 3869 2098 3939 quit,
2122 3880 2181 3922 es
2211 3881 2241 3919 e
2274 3865 2546 3918 hominem
2575 3862 2851 3929 injustum,
2877 3858 3017 3920 quod
3043 3857 3318 3911 hominem
3345 3871 3449 3910 non
3481 3856 3562 3925 juc

1962 3972 2126 4015 stum.
2158 3959 2269 4014 Illte
2295 3972 2423 4012 vero
2449 3971 2569 4026 quae
2600 3954 2799 4008 habent
2824 3964 2917 4005 aut
2938 3951 3237 4017 subjectum
3268 3950 3559 4014 inﬁnitum,

1938 4063 2022 4109 'ut
2047 4062 2148 4119 est,
2180 4069 2286 4107 non
2324 4051 2483 4104 homo
2505 4049 2681 4118 jusms
2708 4055 2813 4108 est,
2846 4055 2935 4098 aut
2966 4056 3192 4112 utraque
3234 4042 3459 4107 inliuita,
3506 4051 3562 4097 ut

1964 4158 2068 4214 est,
2121 4163 2226 4203 nou
2280 4149 2441 4199 homo
2473 4159 2577 4197 non
2608 4143 2781 4211 justus
2825 4148 2928 4205 est,
2979 4154 3084 4191 non
3128 4137 3467 4189 consentiunt
3496 4135 3563 4192 ad

1934 4240 2311 4313 'privatoriam
2364 4235 2805 4304 propositionem.
2853 4245 2974 4299 quae
3009 4240 3093 4283 est
3124 4229 3285 4282 homo
3333 4228 3562 4295 injustus

1964 4343 2069 4390 εει.
2102 4331 2254 4387 Νιιιςίι
2284 4330 2427 4383 enim
2454 4326 2747 4381 similitudo
2771 4333 2854 4378 est
2876 4324 2991 4388 ejus
3024 4319 3404 4388 propositionis
3443 4332 3562 4386 qua!

1963 4436 2068 4489 est,
2092 4442 2195 4479 non
2230 4424 2390 4478 homo
2420 4421 2597 4491 justus
2626 4426 2729 4483 est,
2753 4427 2803 4470 et
2835 4416 2951 4482 ejus
2974 4429 3091 4482 quae
3109 4412 3177 4466 di.
3198 4411 3259 4474 it,
3293 4411 3452 4465 homo
3474 4409 3559 4464 in-

1961 4520 2138 4589 justus
2168 4525 2270 4571 est.
2305 4515 2412 4570 Nec
2434 4528 2561 4567 vero
2582 4512 2699 4581 ejus
2720 4524 2839 4579 qua:
2866 4505 3114 4576 proponit
3138 4521 3240 4557 non
3271 4506 3559 4558 homo-non

1959 4613 2135 4684 justus
2161 4620 2263 4676 est,
2308 4621 2355 4663 et
2387 4607 2504 4677 ejus
2525 4621 2640 4677 qua:
2681 4600 2944 4664 enuntiat,
2985 4600 3144 4653 homo
3185 4598 3413 4667 injustus
3454 4613 3560 4653 non

3478 3757 3563 3810 iu-

265 4657 417 4757 ptura
448 4685 577 4740 falsa
604 4682 967 4750 contundere;
1002 4684 1216 4753 quando
1245 4692 1424 4738 autem
1455 4657 1663 4750 eaquae
1692 4696 1853 4749 supra

1959 4657 2064 4760 est.
2086 4657 2445 4771 Namq‘ueillre
2471 4657 2590 4767 quis:
2616 4692 2878 4749 inﬁnitum
2906 4704 3099 4744 nomen
3128 4688 3325 4742 habent
3350 4689 3399 4742 in
3426 4678 3576 4757 prie;

265 4780 398 4839 dixit
424 4782 686 4853 colligens
713 4781 787 4836 ait
816 4798 831 4834 :
864 4780 956 4835 Est
982 4782 1127 4835 enim
1157 4780 1258 4834 hoc
1278 4780 1396 4835 loco
1426 4821 1441 4846 ,
1473 4786 1528 4833 et
1579 4793 1686 4833 non
1739 4788 1853 4850 est,

267 4876 469 4932 homini
500 4876 731 4944 adjacet.
767 4873 870 4928 hoc
899 4874 1084 4939 sentit,
1113 4874 1364 4943 quoniam
1392 4873 1445 4927 in
1474 4873 1572 4929 hac
1612 4878 1856 4945 proposi-
1928 4892 1929 4895 ‘

266 4972 430 5040 tione,
462 4983 585 5040 qua:
608 4968 757 5035 dicit,
790 4969 951 5023 homo
985 4968 1162 5038 justus
1183 4977 1286 5033 est,
1331 4983 1488 5038 quam
1541 4983 1700 5039 supra
1732 4966 1856 5039 pro-

266 5073 538 5134 posuerat;
562 5056 742 5133 jus’tus
764 5062 832 5117 de
859 5062 1075 5116 homine
1130 5061 1471 5131 praedicatur.
1531 5062 1629 5117 Est
1675 5075 1857 5120 autem

267 5159 517 5228 adjacens
544 5157 689 5225 juttto
717 5155 977 5225 adjacebit
1000 5165 1055 5211 et
1079 5155 1305 5222 homini,
1337 5164 1392 5210 et
1446 5156 1499 5210 in
1536 5170 1599 5210 ea
1625 5174 1744 5227 quae
1782 5158 1864 5212 di-

266 5251 358 5318 cit,
391 5250 558 5305 homo
577 5249 756 5319 justus
788 5264 893 5303 non
917 5259 1021 5315 est,
1045 5247 1295 5318 quoniam
1320 5248 1496 5319 justus
1545 5249 1864 5318 prtedicatur

266 5352 332 5407 de
351 5352 597 5417 homine,
621 5366 729 5405 non
755 5362 838 5437 εει
863 5362 1042 5408 autem
1065 5351 1297 5421 adjacet.
1337 5350 1453 5405 Non
1497 5362 1580 5406 est
1606 5367 1735 5422 ergo
1762 5352 1863 5407 ho-

267 5446 396 5501 mini
420 5460 637 5517 quoque
665 5443 949 5514 adjacebit.
982 5443 1093 5499 Hoc
1114 5444 1257 5499 enim
1284 5452 1388 5509 est,
1446 5443 1590 5513 quod
1642 5443 1739 5511 ait,
1780 5455 1866 5501 est
1922 5454 1933 5461 '

1928 4814 1931 4817 ’
1965 4804 2253 4867 dicatione,
2285 4800 2366 4853 huc
2396 4793 2703 4866 privatoriis
2742 4791 3104 4847 consentiunt.
3141 4789 3246 4844 Ilia?
3277 4806 3403 4844 vero
3436 4805 3560 4859 pro-

1965 4898 2259 4968 ροείιιοηεε
2290 4907 2409 4962 qua:
2439 4897 2531 4944 aut
2560 4887 2858 4957 subjectum
2914 4877 3109 4938 habent
3146 4882 3433 4945 inﬁni'um,
3468 4890 3561 4935 aut

1967 5000 2191 5059 utraque
2230 4985 2455 5050 inﬁnita,
2476 4990 2477 4993 ‘
2498 4979 2804 5052 privatoriis
2834 4979 2992 5047 longe
3023 4976 3248 5029 diversae
3278 4982 3419 5029 sunt.
3452 4974 3558 5029 Sed

1968 5082 2055 5137 hic
2084 5078 2370 5134 llermiuus
2392 5077 2548 5146 longe
2570 5090 2597 5127 a
2631 5082 2741 5127 toto
2770 5072 3096 5125 intellectum
3123 5079 3177 5125 et
3203 5069 3411 5123 ratione
3430 5083 3557 5122 sen-

1925 5180 1929 5185 ’
1971 5173 2151 5230 tentia:
2174 5171 2487 5241 discrepans
2509 5168 2607 5221 has
2631 5165 2971 5233 interposuit,
2989 5179 3107 5233 qua:
3129 5171 3298 5217 autex
3321 5163 3561 5231 utrisque

1926 5272 1929 5273 ⁷
1968 5264 2210 5333 inﬁnitis,
2244 5256 2423 5317 autex
2453 5259 2695 5329 subjecto
2723 5259 2915 5311 ﬁerent
2937 5256 3161 5309 inﬁnito.
3199 5253 3350 5320 Quod
3377 5261 3557 5307 autent

1930 5375 2110 5421 ‘esset
2159 5363 2301 5434 quod
2347 5361 2421 5416 ait
2465 5358 2758 5415 secundum
2810 5355 3271 5425 consequentiam,
3321 5353 3404 5407 vel
3437 5369 3559 5422 quae

1968 5459 2088 5513 dure
2119 5455 2378 5510 haberent
2408 5467 2468 5508 se
2495 5454 2789 5508 secundum
2822 5446 3253 5517 consequentiam
3297 5454 3354 5499 ut
3382 5446 3558 5515 priva-

1924 5548 1933 5553 ’
1974 5550 2171 5615 tiones,
2203 5563 2322 5618 qua:
2351 5560 2480 5601 vero
2510 5559 2617 5600 non
2647 5547 2917 5613 exponent
2938 5539 3071 5595 nihil
3090 5539 3302 5610 planum
3332 5537 3480 5605 fecit,
3506 5545 3562 5592 et

1925 5624 1932 5641 ’
1971 5660 2161 5701 sensus
2192 5641 2362 5697 nihilo
2389 5639 2560 5711 magis
2579 5649 2711 5719 ante
2732 5636 3125 5707 expositionem
3144 5631 3381 5687 Hermini
3399 5647 3557 5702 quant

1924 5724 1931 5741 ί
1974 5747 2094 5808 post
2119 5734 2510 5807 expositionem
2539 5733 2834 5789 obscurum
2862 5738 2963 5784 est.
2982 5726 3091 5783 Nos
3120 5737 3296 5781 autem
3323 5725 3560 5796 Porphy-

1930 5828 1935 5833 ’
1972 5834 2110 5889 rium
2141 5839 2459 5901 sequentes,
2488 5831 2646 5899 eique
2675 5823 2990 5883 doctissimo
3020 5820 3137 5878 viro
3166 5823 3560 5878 consentientes

1974 5926 2076 5984 hoc
2093 5923 2336 5994 dicimus,
2371 5935 2490 5981 esse
2510 5927 2741 5994 quatuor
2765 5915 3177 5992 propositiones,
3196 5929 3418 5990 quarum
3434 5914 3560 5971 duas

268 5553 412 5606 enim
434 5549 539 5606 hoc
560 5550 681 5606 loco
707 5556 763 5604 ει
776 5564 881 5604 non
901 5556 985 5605 est
1012 5548 1213 5603 homini
1240 5547 1466 5615 adjacet.
1498 5547 1631 5602 Nam
1681 5547 1727 5602 si
1774 5548 1863 5619 ju-

268 5664 383 5709 stus
406 5653 726 5725 praedicatur
754 5650 825 5707 de
849 5651 1087 5717 homine,
1119 5658 1203 5707 est
1227 5657 1407 5704 autem
1432 5658 1485 5704 et
1515 5666 1620 5705 non
1647 5659 1727 5705 est
1770 5650 1865 5705 ad-

267 5746 596 5819 iacetjuslo,
621 5755 676 5803 et
704 5745 923 5801 homini
956 5759 1167 5816 quoque
1216 5741 1502 5813 adjacebit,
1558 5751 1617 5797 ut
1662 5740 1863 5797 dictum

270 5849 373 5897 est.
438 5839 590 5897 lianc
656 5853 867 5913 quoque
923 5840 1245 5909 scripturam
1307 5836 1696 5893 emendandam
1742 5850 1863 5892 esse

273 5933 581 5996 Alexander
608 5934 878 6008 opinatur,
913 5932 1322 6005 faciendumque
1345 5946 1464 5991 esse
1522 5930 1624 5992 hoc
1676 5929 1860 5999 modo,
