4090 6342
521 389 618 450 551

1747 377 1863 435 ΔΝ.
1902 365 2112 432 ῐιὶιὶὶπίἰι.
2149 361 2300 426 BEV.
2346 358 2569 420 BGETII

3702 357 3807 411 ὥς).

527 509 736 591 quidem
765 523 830 563 ex
865 505 1027 561 ﬁnitis
1057 500 1362 559 nominibus
1404 506 1552 567 sunt,
1579 495 1702 552 dure
1730 511 1859 551 vero
1888 508 1955 548 ex
1993 489 2117 547 inli-
2145 490 2196 551 Α
2222 495 2433 551 quoque
2483 492 2608 591 una"
2644 474 3001 591 afﬁrmativna,
3029 472 3519 591 alteramnegatisa,
3553 486 3657 528 nec
3703 488 3813 527 non

524 586 653 658 nitis
684 599 987 655 nominibus
1011 595 1340 666 praedicatis.
1365 595 1502 647 Sunt
1525 601 1703 645 autem
1725 606 1790 644 ex
1819 586 1982 642 ﬁnitis
2010 602 2109 640 no~

526 694 761 750 minibus
794 694 892 745 hoc
935 690 1117 751 modo,
1148 686 1455 745 afﬁrmatio.
1488 695 1568 739 est
1603 684 1776 752 justus
1805 686 1984 743 homo,
2019 692 2127 733 ne-.

528 784 689 855 gatin,
717 798 821 836 non
850 790 931 834 est
956 779 1131 850 justus
1161 777 1340 831 homo.
1376 776 1450 829 Ex
1484 773 1705 829 inﬁnitis
1736 788 1863 827 vero
1886 769 2115 824 numini-

528 876 628 931 bus
687 872 1007 944 praedicatis,
1048 870 1329 924 afﬁrmatio
1373 877 1454 921 est
1502 883 1619 936 qua:
1676 866 1823 931 dtcit,
1879 874 1961 920 est
2011 880 2116 917 non

525 970 703 1040 justus
754 967 936 1031 homo,
991 964 1204 1034 negatio
1247 977 1362 1030 qua:
1413 958 1684 1027 preponit,
1735 973 1840 1011 non
1882 966 1965 1012 est
2010 972 2115 1010 non

527 1062 702 1133 justus
733 1058 914 1113 homo.
950 1057 1053 1113 Sed
1088 1058 1181 1109 has
1210 1070 1272 1108 ex
1322 1051 1542 1106 infinitis
1571 1048 1876 1105 nominibus
1923 1049 2118 1119 przedi-

530 1154 665 1208 catis
692 1150 1081 1223 propositiones
1109 1144 1164 1201 in
1196 1145 1401 1214 reliquo
1431 1160 1677 1200 sermone
1702 1142 1934 1197 inﬁnitas
1961 1158 2122 1198 voca-

531 1248 729 1309 bimus.
775 1255 832 1301 ut
860 1240 1142 1299 afﬁrmatio
1195 1242 1400 1297 inﬁnita
1444 1240 1508 1294 sit
1542 1240 1592 1293 in
1627 1244 1723 1292 liae
1762 1239 2118 1309 expositione,

532 1357 594 1397 ea
624 1356 745 1413 qua:
773 1340 920 1406 dicit,
951 1351 1032 1392 BSt
1081 1351 1183 1389 non
1214 1337 1389 1403 justus
1440 1328 1617 1399 homo,
1653 1334 1860 1403 negatio
1893 1332 2119 1398 inﬁnita,

532 1449 593 1491 ea
623 1450 740 1503 quis.
768 1430 923 1497 dicit,
958 1447 1060 1485 non
1092 1438 1174 1484 est
1214 1445 1319 1483 non
1345 1427 1523 1497 justus
1555 1428 1736 1491 h-mo,
1771 1435 1828 1480 ιιι
1855 1429 1996 1495 quod
2043 1426 2124 1482 di-

532 1526 667 1580 ctuti
700 1538 912 1581 eramus
942 1521 1363 1592 prepositiuneni
1391 1533 1455 1573 ex
1489 1519 1695 1574 infinito
1738 1520 1953 1573 nomine
1980 1535 2114 1589 prae.

532 1616 733 1681 dicato,
768 1617 905 1669 hanc
949 1613 1209 1668 infinitain
1244 1614 1599 1673 nominemus,
1640 1612 1758 1665 illas
1786 1625 1961 1666 autem
1991 1614 2124 1665 duas

534 1724 654 1779 qua:
684 1708 883 1761 nullum
917 1723 1108 1762 nomen
1143 1706 1339 1759 habent
1377 1704 1664 1765 inﬁnitum,
1698 1718 1796 1759 nec
1824 1705 2121 1772 subjectum

534 1815 636 1855 nec
666 1799 1036 1868 praedicatum,
1070 1796 1343 1866 simplices
1372 1813 1648 1859 vui-emus.
1681 1798 1814 1851 Sunt
1835 1813 1963 1866 ergo
1986 1796 2121 1851 sim-

2220 576 2378 631 etiatn
2408 573 2515 626 sint
2545 570 2663 625 alia:
2708 572 2825 623 duae
2859 569 3097 631 infinitas,
3151 567 3470 622 afﬁrmativa
3518 582 3706 622 rursus
3757 578 3814 619 et

2222 668 2484 735 negativa,
2515 664 2632 717 dico
2655 662 2906 730 quoniam
2934 660 3386 730 quemadmodum
3418 674 3477 714 se
3506 659 3816 730 privatoria

2223 756 2636 827 propositiones,
2665 752 2954 806 afﬁrmatio
2989 751 3198 805 scilicet
3227 762 3277 805 et
3303 750 3540 821 negatio,
3569 750 3637 804 ad
3667 747 3818 804 affir-

2223 850 2483 907 mationes
2507 858 2562 903 et
2606 846 2916 916 negationes
2960 846 3232 916 simplices
3282 844 3588 909 habuerint,
3630 845 3709 898 sic
3755 856 3821 898 se

2224 945 2493 1000 habebunt
2519 954 2573 997 et
2603 957 2721 1011 qua:
2751 950 2876 994 sunt
2902 938 3120 993 infinitae
3149 937 3215 991 ad
3259 938 3474 993 easdem
3504 937 3656 1007 ipsas
3679 939 3821 991 sim-

2222 1036 2412 1108 plices,
2435 1034 2488 1089 id
2514 1044 2597 1089 est
2625 1032 2918 1087 secundum
2946 1029 3389 1099 consequentiam
3415 1045 3432 1095 ;
3462 1030 3605 1097 quod
3635 1039 3825 1084 autem

2223 1131 2343 1186 dico
2369 1134 2472 1183 ta!e
2494 1137 2593 1190 est,
2619 1126 2973 1191 disponantur
3004 1123 3151 1192 prius
3172 1122 3291 1176 dum
3320 1122 3618 1191 simplices,
3652 1120 3704 1175 id
3730 1128 3825 1176 est

2223 1220 2505 1275 affirmatio
2525 1234 2643 1282 quin
2673 1217 2824 1282 dicit,
2849 1226 2931 1271 est
2956 1215 3133 1285 justus
3157 1214 3339 1280 homo,
3373 1224 3426 1269 et
3448 1229 3635 1269 rursus
3663 1228 3831 1284 nega.

2224 1314 2301 1368 tio
2328 1329 2445 1381 quae
2471 1311 2621 1376 dicit,
2656 1326 2762 1365 non
2795 1320 2877 1365 est
2919 1309 3097 1379 justus
3145 1308 3329 1364 homo.
3380 1310 3494 1365 Sub
3525 1309 3610 1365 his
3637 1319 3830 1366 autem

2224 1405 2574 1475 disponantur
2633 1402 2966 1473 privatoriaa,
3026 1403 3128 1456 sub
3180 1401 3545 1457 afﬁrmatione
3601 1402 3831 1471 quidem

2224 1507 2452 1575 simplici
2482 1505 2769 1575 privatoria
2799 1502 3066 1573 negativa,
3092 1503 3193 1558 sub
3224 1504 3471 1573 negativa
3495 1504 3727 1573 simplici
3745 1502 3833 1557 af-

2226 1596 2495 1651 ﬁrmativa
2525 1597 2839 1666 privatoria,
2882 1604 2941 1649 ut
2965 1595 3068 1650 sub
3095 1609 3160 1651 ea
3203 1611 3322 1661 quae
3352 1594 3505 1660 dicit,
3538 1605 3623 1649 est
3662 1595 3835 1649 homo

2220 1693 2418 1763 justus,
2451 1702 2682 1761 ponatur
2708 1706 2826 1760 qua:
2855 1688 2988 1744 dicit
3016 1706 3122 1743 non
3161 1698 3246 1743 est
3284 1689 3446 1743 homo
3484 1688 3744 1758 injustus,
3776 1698 3839 1743 et

2226 1789 2326 1843 sub
2354 1802 2415 1841 ea
2445 1802 2565 1857 quae
2606 1784 2738 1840 dicit
2789 1801 2893 1839 non
2943 1794 3028 1840 est
3067 1784 3229 1839 homo
3262 1785 3467 1853 justus,
3502 1793 3735 1851 ponatur
3765 1797 3834 1837 ea

534 1890 699 1962 plices
737 1892 1131 1962 propositiones
1164 1890 1268 1956 hae,
1324 1901 1407 1945 est
1456 1892 1614 1944 homo
1641 1890 1839 1961 justus,
1888 1906 1991 1946 non
2040 1903 2123 1947 est

2238 1896 2346 1950 qua!
2375 1879 2627 1950 proponit
2651 1888 2735 1933 est
2756 1877 2917 1932 homo
2939 1877 3191 1946 iniustus.
3223 1876 3428 1930 Rursus
3459 1875 3561 1928 sub
3591 1874 3836 1941 privato-

533 1984 697 2041 homo
740 1978 938 2056 justus.
993 1984 1327 2040 Privatorias
1357 1994 1536 2039 autem
1571 1987 1960 2054 propositiones
1991 2002 2125 2041 voco

535 2094 867 2150 quaecunque
911 2077 1107 2133 habent
1158 2074 1531 2146 privationem.
1587 2075 1893 2132 Privatoria:
1945 2088 2123 2133 autem

534 2172 659 2232 Sunt
690 2175 791 2232 hoc
822 2176 1002 2240 modo,
1028 2184 1111 2230 est
1136 2175 1363 2245 injustus
1392 2170 1571 2239 homo,
1608 2176 1721 2230 haec
1751 2177 1892 2231 enim
1919 2176 2127 2246 justitia

536 2262 836 2337 subit‘ctum
869 2270 1063 2341 privat,
1100 2284 1147 2324 et
1195 2286 1379 2324 rursus
1414 2286 1517 2323 non
1540 2278 1635 2325 ‘est
1687 2271 1913 2342 injustus
1944 2273 2127 2335 homo,

536 2361 655 2420 hac
702 2356 887 2419 rursus
936 2362 1195 2435 injustitia
1246 2363 1541 2433 subjectum
1592 2363 1782 2432 privat.
1835 2364 1974 2435 Ergo
2003 2381 2123 2419 cum

541 2456 651 2512 sint
677 2458 796 2512 dua:
825 2456 1216 2528 propositiones
1246 2454 1540 2526 simplici-8,
1574 2472 1673 2510 una
1702 2456 2016 2511 afﬁrmativa
2050 2457 2130 2511 al-

537 2556 653 2606 tera
701 2548 969 2621 negativa,
1022 2558 1076 2605 et
1106 2546 1213 2603 sint
1258 2548 1376 2603 alia:
1408 2547 1525 2602 dine
1573 2548 1899 2618 privatorite,
1943 2565 2127 2605 earum

780 2642 1099 2700 Aflirmatio.
1182 2642 1271 2698 Est
1295 2643 1472 2713 justus
1506 2641 1687 2697 homo.

774 2735 1016 2807 Negatio.
1176 2736 1291 2791 Non
1331 2745 1413 2791 est
1435 2734 1615 2806 justus
1649 2735 1832 2789 homo.

780 2822 1019 2895 Negatio.
1177 2827 1291 2881 Non
1335 2837 1417 2881 est
1463 2842 1568 2881 non
1613 2826 1788 2894 justus
1831 2823 2011 2879 homo.

537 2919 633 2977 His
656 2920 815 2990 igitur
847 2922 916 2974 ita
944 2921 1218 2991 dispositis
1245 2920 1365 2975 dico
1394 2922 1647 2991 quoniam
1670 2921 2122 2991 quemadmodum

538 3026 598 3069 se
627 3013 824 3068 habent
864 3013 1197 3082 privatoriae,
1230 3014 1280 3067 id
1309 3022 1425 3078 est,
1460 3013 1748 3068 afﬁrmatio
1788 3024 1841 3068 et
1888 3014 2120 3084 n:-gatio,

540 3122 660 3174 qua:
680 3105 867 3161 dicunt
886 3115 968 3161 est
992 3105 1221 3173 iniustus
1243 3105 1402 3158 homo
1420 3147 1433 3170 ,
1461 3121 1564 3158 non
1587 3116 1669 3160 est
1694 3106 1918 3174 iniustus
1944 3108 2123 3173 hoino,

2118 2640 2425 2707 Simplices.

2119 2732 2451 2788 Privatorize.
2530 2728 2625 2782 Est
2646 2730 2821 2797 justus
2853 2728 3033 2780 homo.

2115 2822 2361 2879 Inﬁnita.

2229 1974 2322 2028 riis
2348 1972 2704 2041 disponantur
2735 1969 2980 2031 inﬁnitae,
3014 1968 3116 2023 sub
3137 1968 3493 2023 afﬁrmatione
3510 1966 3837 2031 afﬁrmatio,

2228 2074 2328 2129 sub
2359 2072 2639 2142 negatione
2669 2071 2899 2140 negatio.
2930 2068 3045 2123 Sub
3072 2069 3429 2123 afﬁrmatione
3472 2066 3689 2138 quidem
3711 2065 3838 2135 pri~

2232 2164 2457 2227 vatoria,
2490 2178 2611 2232 quae
2641 2161 2776 2217 dicit
2807 2172 2892 2216 est
2922 2160 3152 2229 injustus
3193 2160 3375 2224 homo.
3404 2159 3721 2227 disponatur
3753 2157 3839 2212 af-

2233 2255 2490 2312 ﬁrmativa
2514 2254 2744 2318 inﬁnita,
2777 2263 2864 2309 est
2885 2270 2990 2310 non
3018 2254 3196 2323 justus
3228 2254 3420 2317 homo;
3446 2252 3547 2306 sub
3577 2250 3835 2320 negati“

2232 2363 2364 2402 Vero
2393 2347 2675 2417 privatoria
2708 2361 2826 2415 qua:
2855 2346 2985 2401 dicit
3018 2360 3123 2400 non
3155 2352 3239 2399 est
3266 2343 3497 2414 iujustus
3528 2343 3712 2407 homo,
3733 2357 3837 2412 po-

2235 2457 2391 2503 natur
2420 2448 2668 2516 negativa
2700 2445 2931 2513 inﬁnita,
2959 2460 3077 2514 quas
3099 2442 3253 2509 dicit,
3285 2459 3391 2498 non
3413 2453 3492 2498 est
3518 2458 3627 2498 non
3651 2442 3840 2513 justus

2242 2549 2425 2603 homo.
2458 2546 2571 2601 Hoc
2592 2554 2771 2600 autem
2811 2545 3047 2614 subjecta
3074 2544 3368 2615 descriptio
3403 2544 3603 2599 docet:

2531 2637 2645 2692 Non
2670 2647 2750 2691 est
2776 2638 2955 2706 justus
2987 2636 3166 2691 homo.
3243 2634 3487 2705 Negatio.

3246 2725 3572 2780 Alﬁrtnatio.

2532 2804 2625 2873 Est
2655 2835 2760 2872 non
2787 2820 2964 2887 justus
2998 2819 3177 2871 homo.
3256 2816 3577 2871 Aﬁirmatio.

2227 2915 2483 2986 quoniam
2520 2931 2625 2967 non
2672 2923 2756 2968 est
2789 2913 3019 2983 injustus
3065 2917 3247 2978 homo,
3278 2925 3399 2965 nam
3430 2912 3516 2981 qui
3541 2914 3715 2979 justus
3744 2920 3842 2971 es.

2229 3012 2423 3072 hoino,
2455 3024 2557 3061 non
2600 3016 2684 3062 est
2732 3008 2962 3075 injustas
3011 3010 3191 3060 homo.
3238 3006 3492 3073 Sequitur
3517 3019 3641 3075 ergo
3672 3005 3838 3058 afﬁr-

2232 3101 2522 3156 mationem
2569 3100 2870 3165 sitnpl'cem
2919 3098 3207 3166 privatoria
3258 3097 3494 3167 negatio,
3525 3105 3581 3150 ut
3625 3096 3671 3149 si
3700 3110 3837 3151 vera

542 3198 610 3252 ad
657 3198 929 3259 simplices
976 3212 1095 3265 qua:
1142 3205 1444 3267 proponunt
1481 3205 1565 3252 est
1589 3197 1765 3264 justus
1796 3204 1803 3241 ί
1829 3210 1954 3251 omo
1974 3238 1988 3263 ,
2022 3212 2129 3251 non
2156 3203 2204 3271 ο
2238 3196 2394 3249 fuerit
2419 3193 2706 3249 afﬁrmatio
2733 3193 2982 3261 simplex,
3004 3207 3129 3247 tera
3158 3206 3371 3263 quoque
3398 3192 3465 3245 sit
3494 3190 3704 3260 negatio
3727 3192 3837 3258 pri-

541 3298 627 3344 est
665 3287 842 3360 justus
894 3289 1082 3355 homo,
1136 3289 1429 3343 secundum
1475 3287 1914 3358 consequentiam
1956 3286 2036 3342 sic
2072 3301 2131 3342 se

544 3372 818 3437 habebunt
857 3380 1017 3436 etiam
1065 3380 1286 3434 inuita:
1332 3382 1723 3450 propositiones
1766 3382 2052 3435 affirmatio
2080 3390 2135 3435 et

545 3475 792 3545 negatio,
821 3473 905 3529 ha:
934 3474 1139 3530 scilicet
1163 3489 1283 3544 qua:
1312 3482 1469 3537 sunt,
1502 3483 1584 3528 est
1612 3490 1713 3527 non
1739 3471 1918 3543 justus
1950 3473 2131 3537 homo,

546 3582 652 3622 non
683 3575 766 3622 est
794 3583 897 3620 non
935 3566 1113 3637 justus
1145 3567 1335 3634 homo,
1369 3568 1433 3619 ad
1466 3566 1681 3620 easdem
1713 3566 1986 3631 simi-lices
2013 3580 2133 3635 qua:

545 3652 701 3723 sunt.
729 3666 813 3715 est
838 3657 1015 3729 justus
1048 3659 1238 3725 homo,
1270 3674 1378 3713 non
1410 3669 1491 3712 est
1514 3656 1694 3728 justus
1725 3657 1905 3712 homo.
1943 3657 2136 3713 V;dea-

549 3769 671 3809 mus
697 3768 816 3824 qua:
854 3755 923 3806 sit
949 3752 1271 3821 simplicium
1298 3761 1349 3805 et
1374 3755 1782 3821 privatoriatum
1805 3766 2139 3821 consequen-

547 3849 653 3913 tia,
686 3855 743 3899 ut
773 3853 948 3899 utrum
990 3861 1049 3899 se
1093 3847 1171 3900 sic
1204 3847 1437 3899 habeant
1477 3846 1697 3899 inﬁnitie
1737 3846 1801 3899 ad
1834 3846 2136 3915 simplices,

548 3936 997 4008 quemadmodum
1030 3950 1089 3989 se
1116 3935 1313 3990 habent
1342 3935 1646 4005 privatorize
1672 3936 1739 3990 ad
1766 3937 1980 3991 easdem
2011 3938 2138 3990 sim-

551 4027 749 4101 plices,
779 4037 1185 4097 cognoscamus.
1214 4028 1493 4094 Dispnsita:
1524 4027 1681 4095 igitur
1726 4037 1851 4081 sunt
1882 4029 1931 4080 in
1969 4027 2141 4095 primo

553 4120 765 4192 quidem
817 4120 1006 4175 ordine
1052 4119 1325 4187 simplices
1374 4117 1803 4188 propositiones,
1852 4118 2140 4173 afﬁrmatio

552 4213 778 4283 simplex
806 4226 927 4280 quas
952 4212 1111 4275 dicit,
1140 4220 1222 4267 est
1248 4211 1420 4280 justus
1449 4210 1639 4271 homo,
1669 4219 1722 4264 et
1764 4211 1974 4279 negatio
2014 4212 2144 4264 sim-

553 4305 675 4375 plex
708 4321 827 4377 quae
852 4305 1000 4374 dicit,
1032 4320 1139 4361 non
1170 4315 1250 4359 est
1272 4304 1449 4375 justus
1480 4307 1662 4359 homo.
1695 4304 1808 4359 Sub
1840 4304 1946 4368 his,
1981 4304 2034 4358 id
2062 4312 2146 4359 est

553 4396 656 4452 sub
681 4396 1040 4452 afﬁrmatione
1070 4397 1330 4466 simplici,
1365 4397 1486 4450 dua:
1518 4394 1861 4466 negationes,
1904 4410 2004 4449 una
2040 4397 2146 4464 pri-

553 4490 766 4551 vatoria
807 4505 927 4561 quae
975 4500 1057 4547 est
1104 4505 1209 4545 non
1256 4498 1341 4546 est
1391 4489 1618 4560 injttsttts
1665 4490 1858 4558 homo,
1891 4499 1947 4544 et
1974 4489 2142 4543 altera

2236 3290 2476 3357 vatoria,
2528 3299 2581 3342 ct
2626 3286 3000 3341 afﬁrmationis
3045 3286 3303 3355 simplicis
3348 3287 3622 3341 veritatem
3665 3299 3835 3353 nega-

2240 3384 2399 3439 tionis
2448 3383 2749 3453 privatorite
2792 3383 2989 3435 veritas
3031 3389 3410 3450 consequitur.
3442 3382 3515 3435 At
3556 3393 3683 3433 vero
3722 3391 3843 3433 non

2239 3491 2533 3531 econverso
2572 3484 2687 3537 est,
2720 3488 2890 3542 neque
2931 3475 3072 3527 enim
3102 3471 3392 3526 afﬁrmatio
3418 3470 3634 3539 simplex
3665 3482 3836 3536 nega-

2243 3572 2441 3622 tionem
2469 3568 2712 3633 sequitur
2737 3564 3102 3634 privaturiatn.
3130 3563 3261 3616 Nam
3292 3561 3339 3616 si
3365 3576 3551 3616 verum
3578 3569 3656 3615 est
3682 3560 3844 3612 dice-

2242 3675 2331 3725 re,
2364 3658 2616 3728 quoniam
2648 3672 2755 3712 non
2782 3667 2866 3711 est
2898 3656 3125 3724 injustus
3150 3654 3331 3718 homo,
3362 3669 3465 3708 non
3491 3651 3709 3707 omnino
3739 3666 3845 3703 ve-

2243 3770 2358 3807 rum
2410 3761 2491 3807 est
2540 3751 2720 3807 dicere
2765 3754 3018 3820 quoniam
3066 3760 3149 3804 est
3193 3749 3370 3819 justus
3418 3749 3597 3802 homo.
3647 3746 3844 3801 Potest

2243 3849 2385 3902 enim
2413 3863 2538 3902 vere
2561 3846 2628 3901 de
2657 3861 2795 3914 equo
2822 3846 2924 3899 dici
2952 3840 3202 3914 quoniain
3231 3857 3402 3912 equus
3429 3856 3533 3896 non
3568 3849 3650 3896 est
3695 3838 3848 3909 inju-

2243 3949 2358 3994 stus
2389 3940 2583 4009 homo,
2619 3955 2791 4008 neque
2834 3939 2978 3993 enim
3000 3938 3220 3991 omnino
3265 3937 3424 3989 homo
3452 3944 3549 3989 cst.
3602 3935 3669 3986 lit
3716 3933 3845 3988 ideo

2244 4046 2342 4085 nec
2390 4030 2619 4100 injustus
2649 4032 2806 4083 homo
2837 4038 2949 4093 est,
2978 4029 3070 4083 sed
3102 4044 3205 4082 non
3236 4035 3410 4096 potest
3430 4025 3529 4079 dici
3555 4023 3623 4079 de
3652 4038 3801 4093 equo
3823 4068 3839 4091 ,

2250 4123 2497 4192 quoniam
2527 4137 2695 4190 equus
2740 4130 2823 4175 est
2860 4121 3036 4190 justus
3068 4120 3228 4173 homo
3256 4137 3269 4181 ;
3300 4118 3373 4172 ita
3400 4133 3527 4187 ergo
3556 4116 3846 4172 Veritatem

2249 4216 2552 4285 piivatoria:
2586 4217 2881 4282 negationis
2910 4229 3015 4267 non
3044 4221 3287 4281 sequitur
3331 4212 3528 4266 veritas
3571 4208 3843 4277 simplicis

2246 4306 2643 4371 afﬁrmationis,
2693 4314 2852 4374 atque
2903 4306 3024 4359 ideo
3075 4320 3172 4357 nec
3225 4303 3473 4358 continua
3532 4299 3835 4369 propositio

2248 4401 2371 4455 hinc
2413 4409 2467 4454 et
2508 4408 2793 4461 comuncta
2840 4397 3063 4466 proponi
3109 4396 3440 4465 proferrique
3481 4402 3677 4461 potest.
3710 4391 3837 4446 Non

2249 4495 2390 4549 enim
2437 4507 2563 4546 vera
2617 4489 2909 4559 propositio
2953 4497 3037 4544 est
3084 4489 3131 4543 si
3179 4487 3301 4558 quis
3338 4487 3515 4551 dicat,
3545 4488 3590 4541 si
3621 4500 3725 4539 non
3754 4493 3848 4540 est

552 4583 759 4638 inﬁnita
805 4598 925 4652 qua:
971 4594 1055 4639 est
1100 4599 1209 4638 non
1254 4592 1335 4638 est
1373 4583 1604 4651 injustus
1633 4582 1816 4639 homo.
1846 4582 1959 4638 Sub
1988 4598 2148 4653 nega-
2169 4593 2223 4655 ι)
2251 4585 2480 4656 injustus
2524 4585 2718 4646 homo,
2751 4592 2834 4637 est
2872 4582 3049 4652 justus
3083 4583 3264 4647 homo,
3294 4582 3363 4637 de
3403 4596 3543 4651 equo
3569 4581 3712 4635 enim
3741 4594 3843 4635 ve-

546 4676 699 4731 tione
736 4689 866 4731 vero
895 4674 1128 4746 simplici
1161 4691 1280 4746 quae
1306 4675 1461 4739 dicit,
1493 4691 1600 4729 non
1633 4684 1716 4730 est
1738 4674 1915 4745 justus
1948 4674 2141 4740 homo,

554 4765 673 4820 dua:
700 4765 1119 4832 afﬁrmationes,
1150 4782 1253 4820 una
1287 4766 1581 4837 privatoria
1611 4781 1732 4836 quae
1762 4767 1921 4834 dicit,
1954 4775 2037 4822 est
2065 4767 2147 4821 in-

553 4859 731 4928 iustus
761 4859 941 4926 homo,
975 4860 1138 4914 altera
1172 4860 1373 4916 inﬁnita
1400 4874 1520 4929 qua:
1544 4859 1694 4927 dicit,
1721 4870 1804 4917 est
1836 4874 1942 4914 non
1971 4859 2151 4927 justus

555 4950 741 5007 homo.
788 4951 920 5005 Illud
965 4953 1277 5022 quoquein
1324 4953 1687 5022 descriptione
1737 4951 2026 5008 videndum
2065 4959 2149 5006 est

558 5045 700 5113 quod
741 5045 1069 5115 angulariter
1107 5059 1166 5098 se
1196 5045 1581 5100 afﬁrmationes
1613 5045 2030 5115 negatiouesque
2058 5056 2146 5097 re-

556 5138 817 5208 spiciunt,
850 5151 970 5189 nam
1000 5136 1282 5191 alﬁrmatio
1309 5153 1426 5205 qtne
1456 5148 1533 5191 est
1567 5135 1794 5199 simplex
1821 5178 1834 5199 ,
1863 5135 2147 5199 est-justus

560 5229 744 5293 homo,
783 5228 1112 5295 angulariter
1152 5243 1211 5281 se
1252 5236 1437 5283 contra
1478 5237 1730 5294 utrasque
1757 5223 1978 5294 respicit
2004 5222 2147 5276 afﬁr-

563 5323 847 5388 mationi-s,
874 5321 1133 5376 inﬁnitam
1155 5322 1357 5377 scilicet
1377 5334 1431 5376 et
1455 5321 1794 5389 privatoriam
1812 5363 1827 5385 ,
1853 5333 1971 5386 quae
1997 5326 2143 5381 sunt,

558 5422 644 5468 est
672 5428 778 5468 non
804 5412 982 5482 justus
1012 5414 1203 5477 homo,
1236 5422 1317 5466 est
1344 5411 1571 5480 injustus
1605 5409 1785 5464 homo.
1821 5409 2024 5462 Rursus
2053 5421 2149 5461 ne-

559 5507 705 5571 gatio
730 5506 959 5575 simplex
997 5521 1118 5576 qua:
1161 5513 1245 5560 est
1272 5544 1288 5569 ,
1319 5519 1424 5557 non
1452 5514 1537 5559 est
1560 5503 1732 5571 justus
1762 5502 1947 5567 homo,
1977 5514 2148 5570 augu-

562 5599 746 5653 lariter
775 5598 994 5668 respicit
1021 5597 1156 5653 duas
1184 5596 1495 5665 negationes
1516 5634 1531 5659 ,
1564 5594 1826 5649 infinitam
1857 5594 2063 5648 scilicet
2094 5603 2147 5649 et

562 5692 909 5760 privatoriam
929 5733 946 5761 ,
974 5700 1031 5747 et
1059 5692 1113 5747 in
1144 5690 1370 5745 veritate
1396 5688 1692 5757 simplicem
1733 5687 2145 5744 afﬁrmationem

562 5787 906 5852 privatoriain
954 5786 1168 5855 negatio
1195 5783 1458 5852 sequitur,
1489 5795 1611 5836 nam
1656 5781 1702 5836 si
1735 5796 1917 5835 verum
1947 5790 2029 5836 est
2056 5780 2141 5834 di-

559 5890 680 5937 cere
724 5881 976 5948 quoniam
1028 5889 1112 5934 est
1153 5878 1330 5948 justus
1379 5876 1573 5939 homo.
1605 5890 1791 5934 verum
1837 5885 1919 5933 est
1961 5876 2143 5935 dicere

2254 4694 2371 4732 rum
2402 4686 2485 4730 est
2505 4676 2585 4746 (ut
2625 4675 2824 4729 dictum
2850 4675 2955 4741 est)
2996 4675 3117 4744 quia
3150 4690 3257 4728 non
3282 4684 3363 4729 est
3393 4673 3621 4742 injustus
3651 4671 3845 4739 homo,

2212 4790 2221 4795 ·
2251 4786 2357 4825 non
2391 4782 2566 4823 tamen
2603 4783 2790 4823 verum
2822 4779 2904 4822 est
2932 4782 3052 4823 esse
3077 4767 3278 4832 justum
3313 4768 3587 4822 hominem
3617 4780 3845 4833 equum.

2250 4861 2426 4928 Quare
2475 4859 2813 4927 negationem
2871 4859 3214 4928 privatoriam
3266 4858 3489 4927 simplex
3547 4856 3844 4913 afﬁrmatio

2254 4965 2381 5004 non,
2407 4950 2662 5018 sequitur.
2711 4949 3059 5003 Monstratum
3088 4957 3171 5004 est
3215 4948 3374 5019 igitur
3411 4949 3664 5019 quoniam
3692 4949 3847 5004 afﬁr-

2256 5043 2547 5098 mationem
2590 5042 2887 5111 simplicem
2938 5044 3151 5111 negatio
3182 5044 3469 5112 privatoria
3502 5054 3847 5113 sequeretur,

2254 5138 2594 5205 negationem
2622 5149 2750 5189 vero
2782 5135 3125 5203 privatoriam
3156 5136 3385 5205 simplex
3418 5136 3706 5191 affirmatio
3734 5150 3850 5191 non

2254 5238 2593 5296 sequeretur.
2642 5226 2847 5281 Rursus
2894 5226 3170 5281 videamus
3213 5236 3266 5280 et
3308 5226 3363 5280 in
3406 5226 3648 5294 opposita
3693 5237 3854 5293 parte

2250 5319 2423 5389 qualis
2453 5330 2521 5373 sn
2548 5318 2964 5386 consequentia,
2995 5318 3046 5372 in
3086 5317 3299 5373 diversa
3329 5319 3472 5374 enim
3515 5316 3665 5387 parte
3693 5316 3854 5369 affir-

2259 5411 2549 5465 inationem
2580 5407 2797 5478 quidem
2831 5410 3173 5478 privatoriam
3204 5410 3446 5481 sequitur
3473 5409 3684 5480 negatio
3714 5408 3854 5462 sim-

2260 5504 2380 5574 ple:
2405 5547 2420 5572 ,
2451 5504 2787 5575 negationem
2820 5519 2950 5559 vero
2975 5504 3270 5574 simplicem
3299 5504 3583 5560 afﬁrmatio
3610 5504 3854 5579 privato—

2259 5600 2338 5654 ria
2370 5613 2474 5652 non
2503 5598 2765 5670 sequitur.
2796 5597 2928 5652 Nam
2969 5600 3013 5653 si
3040 5614 3225 5654 verum
3269 5611 3353 5655 est
3382 5598 3562 5654 dicere
3590 5600 3851 5667 quoniam

2257 5700 2341 5749 est
2372 5691 2604 5761 iniustus
2639 5692 2829 5757 homo,
2852 5706 3037 5747 verum
3061 5705 3140 5747 est
3164 5691 3343 5748 dicere
3365 5693 3613 5761 quoniam
3638 5708 3741 5745 non
3765 5701 3853 5748 est

2251 5785 2428 5856 justus
2452 5785 2629 5851 homo,
2656 5785 2748 5857 qui
2771 5786 2912 5840 enim
2944 5784 3171 5855 injustus
3200 5798 3302 5852 est,
3326 5786 3501 5858 justus
3526 5800 3758 5843 nonest.
3792 5794 3851 5841 ει

2256 5877 2598 5934 ειιιιωειίνω
2641 5878 2978 5950 privatorim,
3024 5879 3142 5950 ejus
3192 5882 3395 5937 scilicet
3423 5894 3542 5953 quae
3567 5878 3729 5946 dicit,
3754 5887 3841 5939 est
