4090 6342
290 390 411 451 553
1051 394 1116 450 fN
1149 393 1407 452 LIBRUM
1442 392 1535 463 ps
1577 376 2224 445 lNTERPRETATlONE
2264 389 2495 446 nomo
2532 390 2866 447 saeuum.
3490 392 3593 446 εδδ

290 474 532 589 injustas
562 508 760 576 homo,
792 517 1073 565 veritatem
1101 513 1344 581 sequitur
1372 509 1613 580 negativa
1659 506 1889 575 simplex
1918 507 1974 569 Α
2000 504 2290 575 privatnria
2312 502 2598 561 afﬁrmatio
2622 516 2677 561 et
2706 506 2910 562 inﬁnita
2941 506 3228 561 afﬁrmatio
3254 506 3395 561 idem
3425 506 3592 576 signi-

289 602 419 671 qua:
446 609 559 668 est,
594 614 699 655 non
741 608 825 655 est
850 600 1025 669 justus
1056 599 1249 665 homo,
1285 600 1387 655 hoc
1417 611 1593 655 autem
1626 615 1729 653 non
1760 613 1889 653 con-

289 692 546 747 vertitur.
580 691 762 763 Neque
792 693 937 747 enim
968 693 1271 763 simplicem
1314 693 1617 763 negativam
1649 690 1891 761 sequitur

291 783 595 853 privatoria
624 783 1120 839 afﬁrmativa.Nam
1150 784 1197 839 si
1222 799 1407 838 verum
1438 792 1524 839 est
1546 782 1727 838 dicere
1757 795 1889 851 quo-

289 878 440 932 niam
493 890 602 931 non
651 883 736 931 est
774 876 951 945 iustus
980 874 1174 946 homo,
1209 890 1313 930 non
1346 885 1429 931 est
1457 874 1676 929 omnino
1703 887 1888 927 verum

287 967 552 1039 quoniam
583 977 666 1024 est
694 968 923 1038 injustus
950 966 1133 1032 homo,
1159 967 1227 1023 de
1248 982 1387 1037 equo
1414 966 1557 1023 enim
1594 976 1778 1021 verum
1806 975 1891 1018 est

285 1052 476 1115 dicere
503 1060 760 1132 quoniam
791 1074 963 1132 equus
992 1076 1099 1115 non
1126 1071 1208 1115 est
1228 1061 1402 1129 justus
1428 1059 1588 1114 homo
1607 1102 1621 1125 ,
1648 1075 1768 1114 nam
1797 1060 1889 1130 qui

289 1152 517 1206 omnino
568 1150 730 1207 homo
778 1166 885 1206 non
935 1159 1046 1216 est,
1098 1165 1196 1207 nec
1233 1150 1413 1223 justus
1457 1151 1616 1206 homo
1651 1161 1751 1207 est.
1782 1151 1890 1206 Sed

292 1256 396 1298 non
424 1241 499 1297 de
530 1243 721 1298 eodem
754 1256 894 1311 equo
914 1251 1097 1311 potest
1121 1242 1231 1296 dici
1256 1256 1382 1295 vere
1425 1245 1692 1312 quoniam
1719 1256 1888 1311 equus

288 1342 372 1392 est
402 1332 639 1405 injustus
683 1337 876 1399 homo,
909 1348 1030 1388 nam
1064 1335 1152 1404 qui
1184 1333 1346 1389 homo
1371 1348 1476 1388 non
1522 1343 1626 1401 est,
1684 1348 1784 1388 nec
1809 1337 1890 1386 itt-

284 1427 465 1499 justus
499 1424 664 1481 homo
690 1439 813 1481 esse
856 1433 1050 1492 potest.
1084 1425 1264 1493 Quare
1309 1424 1587 1479 veritatem
1630 1425 1889 1493 negativae

285 1518 557 1587 simplicis
586 1533 695 1573 non
724 1501 967 1588 sequitur
994 1519 1193 1573 veritas
1239 1518 1542 1586 privatorite
1587 1518 1891 1571 aliiimatio-

286 1610 415 1679 nis,
443 1610 726 1666 veritatem
759 1620 940 1666 autem
971 1610 1345 1665 affirmationis
1376 1610 1678 1679 privatoriat
1707 1610 1888 1679 sequi-

284 1711 383 1758 tur
411 1717 483 1759 ex
530 1688 853 1759 necessitate
894 1705 1092 1760 veritas
1135 1704 1391 1776 simplicis
1432 1703 1716 1774 negativae.
1746 1704 1890 1770 Quo-

285 1795 441 1850 circa
486 1805 836 1850 monstratum
881 1804 968 1852 est
1009 1796 1111 1850 boc
1135 1794 1190 1851 in
1221 1797 1493 1866 utrisque,
1536 1795 1787 1866 quoniam
1809 1795 1889 1848 af-

1996 599 2186 665 ﬁcant,
2215 597 2425 667 sibique
2451 600 2811 654 consentiunt.
2836 599 3086 670 Sequitur
3104 596 3467 667 ergosimplex
3499 614 3593 652 ne-

1993 691 2137 761 gatio
2177 706 2296 758 quae
2322 699 2435 756 est,
2474 704 2580 744 non
2611 700 2695 746 est
2721 690 2898 761 justus
2933 693 3114 755 homo,
3147 688 3408 743 inﬁnitam
3440 686 3589 741 affir-

1996 782 2285 837 mationem
2323 796 2444 851 qua
2476 782 2633 849 dicit,
2662 790 2751 839 est
2788 796 2895 836 non
2924 780 3104 852 justus
3133 780 3324 848 homo,
3360 779 3454 835 sed
3488 779 3591 835 hoc

1992 889 2287 930 econverso
2337 889 2444 929 non
2491 873 2690 929 evenit.
2741 873 2893 929 Nunc
2969 871 3115 928 enim
3163 872 3588 926 demonstratum

1994 980 2078 1021 est
2101 968 2244 1037 quod
2268 965 2573 1036 simplicem
2595 966 3006 1020 afﬁrmationem
3029 976 3348 1033 sequeretur
3378 960 3586 1017 inﬁnita

1994 1059 2230 1129 negatio,
2245 1070 2299 1114 et
2318 1042 2545 1127 simple:
2568 1056 2780 1129 negatio
2803 1056 3082 1113 veritatem
3106 1054 3329 1111 inﬁnitae
3351 1054 3586 1107 affirma-

1995 1151 2158 1206 tionis
2173 1161 2508 1221 sequeretur,
2527 1152 2619 1206 sed
2634 1166 2738 1205 non
2757 1159 2842 1205 est
2863 1149 3170 1217 conversio,
3200 1158 3258 1201 ut
3290 1160 3476 1202 rursus
3504 1145 3587 1198 in-

1996 1248 2200 1303 ﬁnitam
2226 1246 2564 1317 negationem
2586 1255 2842 1315 sequatur
2864 1244 3011 1298 ﬁnita
3040 1241 3350 1307 afﬁrmatio,
3378 1251 3433 1296 et
3456 1239 3588 1294 sim-

1997 1342 2191 1409 plicem
2209 1339 2546 1409 negationem
2566 1337 2772 1392 inﬁnita
2791 1351 2978 1392 rursus
2995 1335 3281 1391 affirmatio
3297 1347 3588 1401 consequa-

1997 1444 2106 1489 tur.
2130 1435 2267 1487 Nam
2287 1433 2334 1487 si
2356 1432 2497 1488 idem
2523 1432 2813 1498 privatoria
2842 1429 3054 1499 negatio
3085 1444 3204 1497 qua:
3227 1435 3340 1494 est,
3366 1440 3473 1479 non
3502 1434 3589 1479 est

1996 1528 2227 1598 injustus
2251 1529 2433 1593 homo,
2459 1533 2513 1580 et
2537 1524 2747 1579 inﬁnita
2774 1523 2988 1593 negatio
3012 1518 3329 1590 signiﬁcant,
3360 1532 3479 1587 qua:
3504 1526 3588 1571 est

1997 1635 2105 1675 non
2128 1627 2211 1674 est
2235 1634 2340 1674 non
2358 1617 2535 1688 justus
2561 1618 2743 1683 homo,
2770 1616 3024 1685 quoniam
3049 1610 3338 1668 afﬁrmatio
3360 1608 3588 1678 simplex

1994 1726 2115 1782 quae
2143 1712 2276 1767 dicit
2304 1711 2581 1780 estjustus
2611 1710 2794 1777 homo,
2825 1722 2929 1764 non
2959 1710 3200 1779 sequitur
3232 1706 3575 1777 privatoriam

1994 1809 2336 1876 negationem
2367 1821 2487 1876 quae
2515 1814 2616 1870 est,
2655 1819 2762 1859 non
2789 1812 2872 1859 est
2909 1801 3086 1872 justus
3112 1801 3298 1867 homo,
3328 1810 3385 1854 ut
3427 1812 3588 1868 supra

284 1886 653 1945 ﬁrmationem
698 1888 916 1959 quidetu
962 1889 1261 1959 simplicem
1311 1898 1628 1958 sequeretur
1673 1889 1885 1957 negatio

1991 1898 2436 1963 monstravimus,
2481 1896 2669 1951 eadem
2716 1895 2835 1964 ipsa
2882 1892 3107 1961 simplex
3154 1890 3440 1946 affirmatio
3469 1903 3590 1958 quae

283 1982 611 2051 privatoria,
643 1984 984 2053 negationem
1015 1998 1141 2037 vero
1172 1982 1514 2051 privatoriam
1554 1996 1659 2035 non
1704 1981 1884 2051 sequi-

283 2084 380 2129 tur
431 2075 724 2130 afﬁrmatio
751 2077 1002 2146 simplex.
1034 2075 1237 2130 Rursus
1265 2074 1676 2129 affirmationem
1709 2076 1887 2144 priva-

288 2168 491 2223 toriam
522 2168 770 2239 sequitur
817 2169 1029 2239 negatio
1073 2168 1298 2237 simplex
1325 2206 1341 2231 ,
1373 2167 1711 2237 negationem
1756 2169 1887 2223 sim-

286 2259 486 2328 plicem
519 2275 625 2313 non
657 2261 900 2329 sequitur
948 2258 1233 2314 afﬁrmatio
1280 2258 1588 2328 privatoria.
1616 2257 1713 2313 His
1758 2274 1886 2328 ergo

285 2349 362 2406 ita
396 2350 588 2420 positis
619 2351 689 2405 de
717 2350 938 2405 infinitis
970 2351 1384 2421 privatoriisque
1415 2360 1725 2406 tractemus.
1762 2351 1884 2405 Pri-

283 2444 519 2497 vatoria:
566 2457 798 2513 namque
845 2454 898 2498 et
950 2442 1171 2497 infinita:
1223 2442 1606 2498 afﬁrmationes
1653 2443 1888 2497 affirma-

286 2534 564 2599 tionibus,
590 2522 597 2529 ’
622 2537 934 2604 negationes
977 2532 1324 2589 consentiunt
1371 2532 1744 2604 negationibus
1785 2534 1888 2590 hoc

288 2630 479 2683 modo.
519 2627 817 2684 Affirtnatio
844 2628 986 2682 enim
1019 2628 1307 2696 privatoria
1339 2644 1460 2697 quae
1488 2629 1649 2693 dicit,
1681 2638 1763 2683 est
1799 2627 1886 2683 in-

289 2720 466 2791 iustus
514 2720 701 2784 homo,
750 2721 1017 2775 consentit
1066 2719 1291 2775 inﬁnita:
1339 2720 1717 2785 affirmationi,
1768 2735 1887 2790 quae

286 2814 424 2869 dicit
452 2827 561 2868 non
612 2821 695 2868 est
738 2810 915 2883 justus
962 2812 1153 2878 homo,
1204 2813 1345 2868 idem
1394 2812 1536 2868 enim
1584 2812 1890 2882 significant

287 2915 536 2976 utraeque
568 2906 862 2976 privatoria
893 2908 1182 2961 afﬁrmatio
1227 2916 1282 2962 et
1328 2906 1536 2961 inﬁnita
1568 2906 1882 2973 affirmatio,

289 3009 349 3056 et
385 3014 684 3069 quanquam
716 3001 767 3053 in
811 3000 986 3067 aliqua
1038 3000 1303 3054 sermonis
1355 2998 1654 3067 prolatione
1683 3000 1888 3057 discre-

291 3101 465 3161 pent,
499 3100 670 3146 tamen
703 3090 1098 3160 significatione
1139 3092 1212 3145 nil
1251 3092 1563 3160 discrepant
1587 3130 1603 3157 ,
1635 3090 1735 3146 nisi
1769 3101 1887 3146 tan-

288 3193 409 3238 tum
437 3183 579 3254 quod
609 3197 768 3253 quem
797 3182 888 3237 illa
916 3183 1171 3252 iujustutu
1200 3182 1370 3251 ponit,
1401 3182 1453 3235 id
1482 3194 1565 3237 est
1596 3183 1887 3252 privatoria

1989 1989 2264 2061 proponit,
2305 1998 2387 2043 est
2422 1988 2602 2058 justus
2645 1988 2830 2055 homo,
2884 2002 2992 2041 non
3042 1984 3287 2055 sequitur
3323 1982 3589 2038 inﬁnitam

1988 2082 2328 2150 negationem
2359 2094 2479 2147 qua:
2511 2079 2779 2145 enuntiat,
2802 2094 2907 2133 non
2950 2087 3033 2134 est
3072 2093 3180 2132 non
3201 2076 3376 2147 justus
3405 2078 3587 2129 homo.

1989 2176 2196 2231 Rursus
2234 2176 2287 2230 in
2324 2185 2473 2245 parte
2511 2175 2684 2230 altera
2726 2176 2772 2228 si
2817 2175 3106 2229 affirmatio
3152 2174 3439 2243 pt-ivatoria
3469 2188 3588 2242 qum

1991 2268 2245 2335 proponit
2274 2277 2357 2321 est
2386 2268 2620 2335 injustas
2660 2266 2847 2330 homo,
2878 2266 3025 2323 idem
3054 2267 3320 2335 significat
3353 2281 3473 2320 eum
3506 2266 3586 2319 in-

1990 2361 2141 2417 ﬁnita
2170 2360 2552 2425 afﬁrmatione,
2585 2375 2704 2429 quas
2727 2360 2880 2426 dicit,
2921 2369 3004 2416 est
3046 2375 3151 2414 non
3178 2358 3354 2428 justus
3385 2360 3584 2411 homo:

1990 2450 2283 2522 prit’atoria
2332 2460 2510 2504 autem
2562 2450 2853 2505 alfirmatio
2890 2465 3011 2520 quae
3056 2450 3307 2520 proponit
3342 2458 3425 2503 est
3452 2450 3587 2518 inju-

1990 2554 2109 2600 stus
2139 2543 2322 2608 homo,
2366 2558 2471 2597 non
2519 2544 2843 2613 sequebatur
2884 2543 3186 2613 simplicem
3219 2544 3583 2623 negationem,

1992 2652 2112 2705 quae
2141 2637 2270 2689 dicit
2297 2650 2401 2689 non
2438 2644 2518 2689 est
2548 2634 2725 2704 justus
2758 2635 2941 2700 homo,
2971 2650 3072 2691 nec
3102 2634 3347 2692 eamdem
3374 2650 3587 2706 quoque

1991 2726 2290 2795 simplicem
2323 2728 2660 2795 negationem
2692 2743 2813 2796 quin
2839 2730 3092 2797 proponit
3144 2744 3253 2783 non
3299 2738 3383 2783 est
3404 2727 3585 2797 justus

1996 2817 2183 2881 homo,
2222 2819 2467 2888 sequitur
2512 2819 2785 2874 indeﬁnita
2826 2818 3111 2874 afﬁrmatio
3150 2835 3267 2889 quas
3307 2819 3457 2883 dicit,
3504 2828 3586 2873 est

1994 2928 2103 2969 non
2132 2914 2309 2983 justus
2356 2914 2540 2968 homo.
2588 2912 2693 2970 Sed
2736 2928 3041 2983 quanquam
3084 2912 3172 2968 hic
3222 2914 3359 2968 ratio
3395 2926 3584 2967 conse-

1993 3006 2230 3077 quentia:
2275 3013 2328 3060 et
2356 3006 2653 3061 necessitas
2693 3014 2975 3073 monstret,
3008 3021 3108 3062 nos
3138 3015 3314 3061 tamen
3356 3006 3410 3061 id
3443 3005 3584 3075 quod

1993 3101 2481 3155 demonstravimus
2502 3101 2733 3167 ratione,
2756 3100 3018 3171 exemplis
3039 3116 3252 3171 quoque
3267 3100 3578 3156 doceamus.

1994 3194 2124 3247 Dice
2149 3190 2293 3248 enim
2329 3192 2744 3248 afﬁrmationem
2775 3192 3074 3263 simplicem
3100 3210 3218 3263 quae
3245 3194 3374 3246 dicit
3402 3201 3485 3247 est
3498 3190 3585 3260 ju-

290 3279 411 3330 ιιωο
444 3278 593 3346 Plinii
617 3290 742 3332 8580
768 3290 873 3330 00"
898 3276 1102 3344 ,ἰυεῐυω
1123 3315 1139 3342 υ
1173 3285 1227 3330 ει
1252 3290 1437 3330 rursus
1468 3277 1684 3347 negatio
1710 3278 1886 3347 priva-
1912 3268 1960 3332 C
1992 3294 2108 3338 stus
2133 3284 2316 3351 homo,
2338 3283 2491 3352 sequi
2519 3282 2778 3338 inﬁnitain
2801 3284 3140 3354 negationem
3162 3299 3281 3354 quae
3301 3284 3452 3347 dicit,
3479 3299 3584 3337 nun

290 3370 431 3425 toria
476 3386 598 3440 qua:
648 3379 761 3435 est,
816 3385 922 3424 non
969 3379 1052 3425 est
1106 3371 1335 3440 injustus
1384 3372 1569 3438 Immo,
1618 3374 1889 3429 consentit

288 3472 458 3534 atque
500 3464 795 3520 concordat
839 3464 886 3518 ei
932 3464 1201 3531 negationi
1231 3478 1350 3533 qua:
1377 3472 1461 3518 est
1499 3464 1709 3520 inﬁnita
1732 3506 1746 3529 ,
1779 3481 1885 3521 non

287 3566 509 3614 estnon
534 3556 714 3627 justus
743 3558 924 3611 homo.
954 3557 1048 3611 liae
1077 3571 1311 3626 quoque,
1362 3557 1413 3611 id
1442 3565 1525 3611 est
1573 3560 1887 3626 negationes

289 3651 437 3721 quod
482 3649 585 3705 sibi
633 3651 686 3704 in
728 3651 1111 3720 consequentia
1148 3650 1497 3705 consentiunt
1546 3651 1883 3706 manifestum

290 3754 399 3800 est.
454 3743 709 3812 Sequitur
767 3753 945 3798 autem
1002 3742 1305 3812 simplicem
1354 3742 1770 3797 afﬁrmationem
1822 3759 1885 3798 ea

290 3849 416 3905 qua:
446 3833 605 3899 dicit,
638 3844 718 3888 est
741 3832 918 3904 justus
951 3832 1111 3889 ltomn
1131 3874 1147 3900 ,
1181 3833 1467 3903 privatoria
1512 3835 1724 3904 negatio
1766 3850 1886 3905 quae

293 3926 459 3993 dicit,
491 3943 597 3980 non
625 3937 708 3980 est
737 3924 965 3995 injustus
996 3928 1186 3991 homo,
1236 3930 1479 3997 sequitur
1524 3942 1653 3998 ergo
1694 3928 1884 3982 eadem

294 4021 473 4087 ipsam
529 4021 828 4087 simplicem
880 4020 1290 4074 affirtnatiouem
1359 4020 1564 4074 inﬁnita
1637 4022 1880 4090 negatio,

295 4109 361 4163 id
389 4118 475 4164 est
499 4125 613 4163 eam
637 4126 755 4179 quae
778 4111 910 4164 dicit
936 4121 1020 4165 est
1053 4111 1228 4179 justus
1260 4111 1420 4164 homo
1439 4151 1455 4176 ,
1484 4127 1545 4166 ea
1588 4128 1707 4182 qua:
1755 4129 1882 4182 pro-

294 4204 456 4273 ponit
483 4216 587 4257 non
615 4212 694 4257 est
720 4218 827 4257 non
854 4201 1032 4271 justus
1062 4203 1241 4258 homo.
1281 4203 1413 4257 Nam
1452 4204 1554 4259 sibi
1593 4206 1885 4274 privatoria

292 4294 515 4361 negatio
552 4304 605 4348 et
634 4295 841 4349 infinita
867 4298 1245 4362 consentiunt,
1276 4297 1320 4348 si
1351 4310 1470 4350 eam
1507 4297 1747 4366 sequitur
1778 4299 1885 4366 pri-

291 4387 505 4441 vatoria
563 4389 808 4459 negatio,
862 4389 1108 4443 eamdem
1155 4403 1367 4458 quoque
1415 4389 1620 4444 inﬁnita
1673 4393 1885 4461 negatio

290 4479 671 4548 consequitur,
701 4478 795 4533 sed
836 4478 1250 4534 afﬁrmationem
1279 4479 1574 4549 simplicem
1605 4496 1723 4551 qua:
1754 4497 1881 4552 prn-

290 4572 445 4641 ponit
488 4580 571 4626 est
612 4570 788 4639 justus
838 4569 1022 4636 homo,
1068 4572 1355 4639 privatoria
1398 4573 1611 4639 negatio
1645 4573 1885 4642 sequitur

1991 3385 2076 3428 est
2108 3391 2212 3428 non
2242 3374 2419 3443 justus
2463 3376 2646 3439 homo,
2684 3375 2825 3429 sicut
2852 3376 3097 3430 eamdem
3127 3390 3339 3445 quoque
3376 3375 3583 3443 simpli-

1991 3483 2110 3523 cem
2161 3467 2578 3523 aflirmationem
2632 3470 2957 3537 sequebatur
3006 3470 3295 3536 privatoria
3343 3468 3579 3536 negatio,

1991 3574 2112 3629 qua:
2139 3561 2388 3628 proponit
2415 3575 2521 3613 non
2553 3568 2638 3614 est
2678 3558 2907 3627 injustus
2937 3560 3122 3623 bomo,
3166 3574 3289 3611 nam
3318 3560 3364 3612 si
3396 3574 3583 3612 verum

1991 3662 2075 3707 est
2103 3652 2286 3706 dicere
2328 3652 2581 3720 quoniam
2608 3662 2691 3707 est
2717 3652 2892 3718 justus
2936 3651 3119 3716 homo,
3154 3664 3340 3705 verum
3370 3664 3584 3719 quoque

1990 3744 2059 3799 de
2101 3742 2290 3797 eodem
2344 3753 2430 3797 est
2460 3742 2641 3797 dicere
2687 3744 2940 3813 quoniam
2987 3757 3094 3795 non
3136 3750 3219 3795 est
3263 3755 3367 3794 non
3403 3738 3583 3809 justus

1991 3836 2175 3890 homo.
2207 3834 2340 3889 Nam
2367 3836 2458 3903 qui
2481 3833 2660 3904 justus
2688 3844 2791 3899 est,
2826 3849 2935 3889 non
2971 3844 3056 3889 est
3082 3848 3189 3888 non
3215 3833 3414 3903 justus,
3447 3832 3584 3888 sicut

1990 3932 2175 3983 verum
2215 3936 2333 3983 erat
2380 3928 2584 3993 dicere,
2632 3929 2885 3998 quoniam
2932 3927 3071 3983 idem
3116 3928 3205 3996 qui
3245 3926 3426 3996 justus
3475 3935 3578 3990 est,

1936 4096 1942 4103 .
1989 4035 2095 4075 nou
2123 4030 2207 4075 est
2238 4021 2488 4090 injustus,
2518 4036 2686 4091 quare
2724 4022 3023 4091 simplicem
3054 4018 3470 4074 afﬁrmationem
3494 4032 3584 4073 se-

1986 4114 2171 4182 quitur
2201 4111 2404 4168 inﬁnita
2430 4112 2665 4183 negatio,
2699 4113 2838 4168 sicut
2864 4110 3107 4168 eamdem
3137 4125 3352 4181 quoque
3374 4109 3584 4179 simpli-

1986 4217 2103 4256 cem
2161 4202 2451 4272 privatoria
2513 4205 2730 4275 negatio
2794 4205 3135 4273 sequebatur.
3183 4204 3288 4259 Sed
3336 4206 3437 4259 hoc
3475 4219 3581 4257 non

1985 4297 2341 4360 convertitur,
2372 4311 2547 4367 neque
2593 4298 2776 4350 statim
2808 4311 2998 4351 verum
3042 4307 3145 4363 est,
3178 4297 3430 4367 quoniam
3472 4312 3582 4351 non

1986 4395 2071 4440 est
2110 4401 2215 4440 non
2248 4387 2424 4455 justus
2476 4388 2639 4441 homo
2686 4387 2935 4443 eumdem
2982 4402 3103 4443 esse
3126 4387 3355 4460 justum,
3408 4404 3579 4458 equus

1988 4481 2132 4532 enim
2165 4494 2271 4533 non
2304 4488 2516 4534 estnon
2544 4480 2718 4547 justus
2748 4478 2934 4546 homo,
2978 4494 3149 4548 neque
3178 4481 3321 4533 enim
3362 4480 3603 4535 omnino

1990 4569 2153 4625 homo
2182 4577 2287 4625 est.
2320 4569 2471 4637 Quod
2504 4578 2681 4624 autem
2729 4571 2949 4623 omnino
2995 4571 3155 4624 homo
3182 4585 3288 4623 non
3337 4580 3441 4635 est,
3474 4585 3581 4625 non

290 4676 419 4731 quae
460 4661 623 4727 dicit,
675 4676 780 4717 non
826 4671 910 4717 est
950 4661 1182 4732 injustas
1211 4662 1391 4716 bomo.
1423 4664 1600 4731 Quare
1640 4645 1966 4735 sequiturD
1990 4664 2188 4732 poterit
2216 4678 2336 4717 esse
2379 4663 2541 4716 homo
2568 4677 2674 4715 non
2710 4658 2911 4731 justus,
2942 4660 3037 4715 sed
3082 4660 3150 4716 de
3190 4676 3349 4731 equo,
3381 4661 3449 4717 de
3475 4677 3583 4731 quo

289 4756 459 4811 etiam
488 4759 733 4813 eamdem
779 4756 1079 4825 simplicem
1120 4756 1534 4813 afiirmationem
1566 4774 1685 4828 qua:
1715 4775 1884 4814 enun-

292 4849 395 4902 tiat
423 4858 507 4902 est
530 4848 708 4917 justus
738 4848 900 4902 homo
920 4887 937 4913 ,
965 4847 1171 4903 inﬁnita
1202 4851 1412 4919 negatio
1441 4865 1562 4920 qua:
1590 4850 1741 4918 dicit,
1776 4868 1882 4907 non

289 4949 383 4995 est
425 4955 532 4994 non
574 4941 751 5009 justus
789 4940 971 4994 homo.
1018 4940 1224 4996 Rursus
1249 4956 1285 4996 e
1308 4940 1524 4997 diversa
1554 4953 1707 5013 parte
1738 4943 1881 4999 idem

288 5032 504 5098 evenit,
535 5031 788 5101 quoniam
817 5031 1227 5089 afﬁrntationem
1257 5036 1604 5104 privatoriam
1645 5052 1769 5107 quze
1804 5039 1884 5091 di-

289 5125 398 5188 cit,
429 5133 513 5177 est
544 5123 769 5192 injustas
807 5122 993 5191 homo,
1030 5125 1352 5194 sequebatur
1382 5126 1624 5194 negativa
1656 5128 1885 5198 simplex

289 5235 416 5290 quae
448 5224 700 5290 proponit
728 5235 834 5275 non
861 5228 946 5275 est
967 5219 1147 5290 justus
1174 5222 1355 5276 homo.
1389 5220 1639 5291 Sequitur
1667 5238 1883 5294 quoque

290 5313 559 5368 inﬁnitam
602 5313 1013 5369 afﬁrmationem
1062 5329 1182 5382 quae
1228 5314 1394 5381 dicit,
1426 5325 1510 5370 est
1558 5330 1663 5369 non
1705 5316 1884 5386 justus

1989 4770 2173 4811 verum
2203 4765 2287 4810 est
2312 4755 2493 4810 dicere
2519 4760 2772 4825 quoniam
2804 4770 2907 4808 non
2940 4765 3023 4812 est
3056 4772 3160 4811 non
3183 4755 3363 4828 jusms
3392 4756 3578 4826 homo,

1989 4867 2095 4906 non
2137 4859 2217 4904 est
2260 4850 2328 4905 de
2379 4864 2445 4905 eo
2495 4865 2681 4904 verum
2740 4849 2923 4904 dicere
2976 4853 3231 4921 quoniam
3280 4861 3362 4905 est
3406 4852 3580 4919 justus

1989 4943 2171 4996 homo.
2206 4940 2354 4995 Sicut
2398 4950 2452 4995 et
2482 4942 2550 4995 de
2587 4938 2778 4995 eodem
2823 4955 2962 5010 equo
2993 4955 3186 4997 verum
3219 4948 3362 4996 esset
3400 4941 3581 4995 dicere

1992 5035 2335 5106 privatoriam
2369 5033 2709 5104 negationem
2740 5048 2861 5104 qua
2890 5036 3165 5104 preponit,
3197 5050 3303 5087 non
3327 5043 3409 5088 est
3439 5032 3580 5101 inju-

1990 5142 2105 5186 stus
2136 5132 2319 5186 homo.
2367 5130 2491 5184 litec
2531 5128 2676 5185 enim
2720 5138 2932 5198 poterat
2980 5128 3142 5183 etiam
3185 5127 3254 5182 de
3284 5140 3423 5197 equo
3450 5125 3579 5191 dici,

1992 5242 2090 5282 nec
2126 5235 2242 5281 erat
2295 5238 2483 5280 verum
2532 5223 2788 5294 quoniam
2840 5232 3156 5294 sequeretur
3201 5223 3358 5287 itane,
3401 5218 3456 5273 id
3498 5228 3582 5275 est

1989 5317 2337 5388 privatoriam
2372 5319 2713 5387 negationem
2756 5315 2983 5384 simplex
3012 5314 3302 5369 afﬁrmatio
3345 5328 3464 5382 qua:
3501 5312 3582 5366 di-

292 5411 477 5474 botno,
506 5410 732 5479 simplex
763 5411 975 5481 negatio
1000 5425 1119 5481 quae
1147 5411 1427 5479 preponit,
1459 5425 1565 5464 non
1598 5419 1683 5466 est
1705 5411 1905 5481 justum
1987 5413 2081 5479 cit,
2117 5421 2199 5465 est
2229 5408 2408 5478 justus
2448 5409 2629 5463 homo.
2671 5408 2852 5476 Quare
2883 5424 2989 5463 non
3039 5407 3279 5476 sequitur
3319 5404 3581 5460 inﬁnitam

293 5509 481 5575 homo,
516 5520 637 5563 nam
668 5505 714 5562 si
744 5507 1028 5577 privatoria
1068 5506 1354 5561 afﬁrmatio
1398 5515 1454 5561 et
1498 5504 1702 5561 inﬁnita
1745 5522 1880 5562 con-

294 5600 565 5667 sentiunt,
610 5613 732 5669 qua:
778 5599 1068 5669 propositio
1111 5599 1353 5667 sequitur
1383 5599 1726 5667 privatoriam
1748 5640 1762 5663 ,
1790 5614 1881 5655 ea-

295 5693 418 5748 dem
450 5693 693 5763 sequitur
731 5693 1011 5748 inﬁnitam.
1056 5691 1163 5747 Sed
1200 5690 1542 5760 privatoriam
1572 5691 1883 5746 afﬁrmatio-

300 5804 447 5856 nem,
474 5802 593 5858 quae
618 5787 779 5853 dicit,
805 5797 888 5842 est
912 5786 1139 5856 iniustus
1172 5786 1353 5849 homo,
1384 5786 1625 5854 sequitur
1652 5785 1882 5857 simplex

304 5882 535 5955 negatio,
584 5896 703 5953 quat
749 5883 1027 5953 preponit,
1061 5897 1165 5939 non
1209 5891 1290 5938 est
1328 5879 1510 5953 justus
1555 5881 1743 5952 homo,
1783 5881 1881 5940 sed

1991 5504 2331 5574 negationem
2362 5518 2481 5573 qua:
2524 5511 2628 5571 est,
2674 5519 2776 5556 non
2809 5511 2893 5558 est
2925 5518 3032 5556 non
3058 5501 3236 5571 justus
3262 5500 3424 5557 homo
3452 5499 3582 5553 sim-
3624 5548 3625 5551 η

1992 5599 2115 5670 plex
2146 5597 2437 5653 affirmatio
2458 5613 2578 5667 quze
2610 5596 2879 5667 proponit,
2908 5604 2989 5650 est
3018 5594 3192 5663 justus
3223 5592 3409 5657 homo,
3443 5595 3582 5648 sicut

1992 5706 2093 5747 nec
2122 5690 2271 5747 illam
2300 5690 2515 5761 quidem
2556 5704 2676 5759 qua:
2708 5687 2977 5744 consentit
3016 5685 3238 5740 inﬁnitae
3282 5684 3575 5757 negationi,

1991 5788 2044 5844 id
2087 5798 2167 5843 est
2212 5786 2556 5856 privatoriam
2605 5786 2941 5854 negationem
2997 5796 3115 5850 qua:
3147 5781 3418 5850 proponit,
3472 5793 3577 5832 non

1994 5894 2073 5939 eet
2112 5880 2342 5950 iujustus
2382 5882 2565 5948 homo,
2622 5893 2684 5934 ea
2734 5890 2856 5949 qua
2895 5874 3047 5943 dicit,
3090 5884 3173 5931 est
3196 5873 3374 5947 justus
3418 5884 3579 5929 nomo
