4090 6342
481 354 585 414 555

1727 354 1833 410 AN.
1876 352 2083 409 MANL.
2122 352 2277 412 SEV.
2322 353 2543 411 ΒΟΕΊῚΙ

3669 353 3771 411 556

481 469 713 540 simplex
768 469 1055 523 afﬁrriiitio
1085 469 1452 538 sequebatur.
1494 467 1852 524 Concludenti
1909 469 2069 538 igitur
2097 472 2148 530 Λ
2176 482 2274 524 nes
2322 472 2570 526 similiter
2599 446 2747 534 sunt,
2792 477 2848 524 ut
2894 483 3037 540 saepe
3087 484 3251 538 supra
3296 468 3618 537 monstravi,
3649 468 3770 525 duae

480 569 767 626 dicendum
818 576 898 621 est
937 567 1187 637 quoniam
1230 566 1642 621 afﬁrmationem
1686 568 1902 636 quidem
1943 566 2073 621 sim-

479 661 674 735 plicem
717 661 959 730 sequitur
989 659 1193 715 inﬁnita
1232 662 1464 731 negatio,
1513 661 1651 715 sicut
1682 677 1799 716 eam
1836 662 2077 730 privato-

478 755 556 811 ria
596 754 939 823 sequebatur.
984 754 1252 808 inﬁnitam
1296 769 1425 808 vero
1469 754 1806 823 negationem
1841 770 1945 809 non
1987 770 2075 811 se-

479 846 666 914 quitur
705 845 937 913 simplex.
964 846 1270 910 afﬁrmatio,
1303 848 1439 901 sicut
1467 862 1566 901 nec
1598 848 1932 917 negationem
1964 848 2078 917 pri-

476 946 736 998 vatoriam
777 945 1122 1013 sequebatur.
1164 944 1369 999 Rursus
1418 946 1468 998 in
1513 957 1665 1013 parte
1706 944 1874 998 altera
1930 943 2071 999 idem

476 1050 773 1090 econverso
797 1036 998 1089 evenit.
1043 1035 1466 1089 Afﬁrmationem
1514 1034 1655 1088 enim
1689 1035 1955 1087 inﬁnitam
1983 1049 2072 1089 se-

479 1130 662 1197 quitur
693 1128 904 1195 negatio
935 1126 1186 1193 simplex,
1213 1126 1349 1179 sicut
1377 1126 1721 1194 privatoriam
1747 1139 1964 1193 quoque
1995 1124 2074 1178 af-

478 1220 846 1275 ﬂrmatiouem
876 1219 1062 1273 eadem
1088 1219 1315 1287 simplex
1343 1219 1555 1285 negatio
1579 1216 1923 1287 sequebatur;
1948 1231 2073 1270 nam

475 1313 567 1382 qui
600 1321 681 1367 est
707 1327 811 1367 non
836 1311 1016 1381 justus
1046 1311 1231 1375 homo,
1276 1311 1367 1364 ille
1392 1326 1458 1364 ex
1506 1309 1824 1363 necessitate
1855 1323 1960 1362 non
1991 1315 2077 1361 est

474 1404 668 1476 iustus,
703 1405 841 1459 sicut
872 1405 1033 1457 etiam
1067 1406 1156 1474 qui
1189 1415 1271 1459 est
1302 1405 1530 1469 iniustus
1553 1404 1734 1468 homo,
1765 1404 1855 1459 ille
1881 1419 1947 1459 ex
1977 1418 2072 1458 ne-

475 1497 730 1553 cessitate
762 1511 868 1549 non
902 1504 986 1550 est
1010 1495 1184 1563 justus
1218 1495 1391 1549 homo.
1434 1498 1503 1549 At
1531 1511 1658 1549 vero
1705 1495 1746 1547 si
1780 1510 1965 1549 verum
1992 1504 2075 1548 est

476 1588 661 1645 dicere
691 1588 941 1658 quoniam
994 1604 1098 1641 non
1132 1587 1418 1657 estjustus
1464 1588 1646 1655 homo,
1702 1603 1805 1640 non
1852 1586 2072 1640 omnino

476 1696 702 1737 necesse
726 1680 976 1734 estillum
1010 1694 1130 1734 esse
1179 1693 1283 1733 nou
1307 1678 1512 1749 justum
1552 1678 1848 1733 hominem.
1890 1678 2073 1745 Equus

476 1774 622 1830 enim
656 1789 762 1827 non
810 1782 892 1827 est
917 1773 1095 1844 justus
1144 1771 1327 1835 homo,
1373 1787 1494 1825 nam
1524 1772 1613 1841 qui
1652 1771 1870 1825 omnino
1910 1769 2073 1825 homo

2181 579 2311 619 vero
2365 565 2586 619 minime
2636 564 2835 620 habent
2874 566 3339 637 consequentiam.
3390 564 3573 636 Neque
3628 568 3773 622 enim

2178 658 2476 727 negativam
2525 658 2788 713 inﬁnitam
2838 660 3062 728 simplex
3119 661 3364 730 sequitur
3411 661 3767 729 alﬁrtnativa,

2176 760 2270 804 aut
2292 751 2496 805 inﬁnita
2532 750 2856 805 afﬁrinativa
2909 752 3209 819 simplicem
3257 754 3558 823 negativam
3590 754 3771 825 sequi-

2177 856 2286 910 tur,
2314 846 2452 901 sicut
2480 846 2534 901 in
2559 845 2946 913 privationibus
2969 861 3185 916 quoque
3212 844 3331 901 fuit.
3358 848 3414 901 In
3441 846 3766 916 privationi-

2179 938 2279 994 bus
2307 956 2537 1011 namque
2569 955 2667 995 nec
2698 939 2987 994 afﬁrmatio
3030 940 3264 1010 simplex
3302 940 3647 1009 privatorian.
3676 957 3776 998 ne-

2176 1034 2443 1103 gationcm
2502 1033 2867 1100 sequebatur,
2927 1048 3026 1087 nec
3076 1034 3376 1100 simplicem
3429 1035 3771 1099 negationem

2179 1124 2469 1191 privatoria
2499 1124 2788 1179 afﬁrmatio
2817 1136 3105 1179 conSPcuta
3136 1137 3237 1180 est.
3271 1126 3474 1183 Sensus
3505 1142 3636 1196 ergo
3667 1127 3774 1183 bu-

2173 1216 2410 1286 jusmodi
2463 1225 2545 1270 est
2578 1233 2589 1269 :
2622 1216 2863 1283 Quatuor
2911 1218 3027 1271 istce
3077 1227 3254 1282 erunt,
3308 1218 3360 1271 id
3415 1228 3500 1273 est
3541 1229 3776 1287 quatuor

2175 1316 2593 1388 propositiones,
2622 1332 2689 1372 ex
2711 1317 2905 1387 quibus
2935 1316 3203 1386 duplicem
3229 1316 3345 1372 ﬁeri
3373 1318 3773 1387 oppositionem

2176 1420 2408 1485 dixerat,
2443 1429 2670 1487 quatuor
2699 1427 2876 1474 autem
2924 1420 3041 1475 istzc
3070 1429 3196 1473 sunt
3218 1421 3337 1474 dum:
3368 1419 3664 1488 simplices,
3702 1420 3778 1474 af-

2178 1513 2466 1581 ﬁrmativa,
2490 1524 2573 1569 est
2599 1513 2776 1583 justus
2806 1512 2989 1576 homo,
3030 1516 3301 1581 negativa,
3336 1528 3443 1567 non
3483 1523 3567 1566 est
3590 1512 3775 1581 justus

2176 1605 2362 1673 homo,
2401 1615 2455 1659 et
2498 1605 2618 1659 dum
2660 1604 2903 1670 inﬁnitze,
2936 1603 3284 1673 afﬁrmativa,
3326 1612 3410 1657 est
3457 1619 3567 1658 non
3596 1606 3776 1671 justus

2178 1697 2363 1764 homo,
2389 1700 2654 1767 negativa,
2702 1710 2810 1751 non
2850 1704 2934 1750 est
2965 1711 3070 1751 non
3095 1695 3272 1764 justus
3305 1694 3486 1752 homo.
3512 1695 3775 1763 Quarum,

2179 1795 2370 1864 inquit,
2420 1794 2562 1861 dum,
2615 1794 2859 1863 negativa
2907 1793 3116 1847 scilicet
3161 1791 3367 1846 inﬁnita
3416 1802 3472 1847 et
3527 1792 3777 1862 negativa

474 1883 584 1922 non
604 1876 712 1932 est,
743 1881 843 1922 nec
864 1865 1042 1937 justus
1071 1866 1233 1920 homo
1276 1880 1397 1919 esse
1426 1874 1625 1934 potest,
1660 1865 1753 1918 sed
1801 1863 1979 1918 nullus
2005 1863 2072 1917 de
2104 1864 2153 1925 B
2179 1890 2428 1959 simplex.
2453 1890 2534 1944 sic
2572 1904 2631 1944 se
2668 1889 2939 1944 habebam
2974 1888 3040 1941 ad
3060 1882 3486 1941 'amrmaﬁonem
3535 1895 3590 1942 ει
3618 1902 3775 1956 ηερ,

474 1958 668 2016 eodem
700 1959 881 2016 dicere
922 1968 1099 2028 potest
1127 1960 1382 2027 quoniam
1413 1973 1585 2028 equus
1635 1966 1719 2011 est
1761 1973 1867 2010 non
1895 1956 2075 2025 justus

474 2052 659 2117 homo;
726 2053 867 2123 quod
899 2053 1043 2108 enim
1093 2052 1252 2105 homo
1301 2066 1407 2105 non
1460 2061 1563 2119 est,
1607 2066 1706 2106 nec
1753 2065 1858 2104 non
1897 2050 2076 2119 justus

475 2146 642 2202 homo
667 2162 786 2202 esse
818 2156 1013 2217 potest,
1061 2148 1201 2201 sicut
1232 2145 1394 2200 etiam
1434 2162 1556 2200 cum
1596 2146 1923 2211 diceremus,
1968 2160 2073 2198 non

475 2248 559 2294 est
580 2240 759 2309 jusms
787 2243 969 2309 homo,
1018 2255 1122 2294 non
1167 2240 1492 2309 sequebatur
1524 2239 1809 2308 privatoria
1841 2242 2075 2292 afﬁrma-

475 2331 555 2386 tio
580 2347 699 2402 qua:
727 2332 876 2396 dicit,
910 2341 993 2387 est
1022 2332 1258 2403 injustus
1291 2332 1475 2397 homo,
1511 2346 1681 2400 equus
1706 2346 1935 2399 namque
1965 2345 2073 2386 non

475 2433 560 2480 est
585 2425 763 2493 justus
786 2425 967 2487 homtr.
996 2427 1092 2481 sed
1123 2427 1190 2481 de
1212 2428 1402 2481 eodem
1435 2441 1574 2496 equo
1604 2440 1764 2480 nemo
1783 2425 1915 2479 dicit
1942 2432 2075 2495 quo-

473 2518 621 2575 niam
652 2529 735 2575 est
784 2519 1016 2590 ingustus
1059 2522 1242 2574 homo.
1297 2520 1491 2575 lterum
1526 2521 1685 2589 igitur
1732 2518 2074 2574 concludenti

474 2610 763 2666 dicendum
807 2624 888 2667 est
919 2612 1335 2667 afﬁrmationem
1375 2612 1640 2666 inﬁnitam
1674 2612 1824 2681 sequi
1859 2610 2071 2679 simpli-

474 2715 591 2757 cem
624 2703 988 2774 negationem,
1036 2704 1169 2757 sicut
1200 2702 1492 2757 affirmatio
1525 2717 1741 2773 quoque
1780 2703 2072 2772 privatoria

473 2797 821 2867 sequebatur,
853 2798 946 2853 sed
983 2813 1089 2852 non
1121 2800 1475 2853 convertitur.
1508 2798 1693 2868 Neque
1718 2799 1860 2852 enim
1891 2798 2073 2868 sequi-

476 2893 565 2942 tur
612 2887 914 2960 simplicem
959 2888 1297 2958 negationem
1345 2888 1551 2942 inﬁnita
1583 2888 1891 2950 afﬁrmatio,
1933 2891 2073 2943 sicut

474 2996 594 3039 eam
625 2997 725 3037 nec
768 2984 1058 3052 privatoria
1102 2984 1389 3037 afﬁrmatio
1435 2988 1779 3053 sequebatur.
1825 2985 1913 3042 Sic
1942 3001 2072 3055 ergo

474 3091 596 3133 cum
629 3078 741 3130 sint
765 3080 998 3146 quatuor
1022 3078 1440 3147 pr0positiones,
1474 3080 1594 3131 due
1624 3079 1918 3148 simplices,
1950 3080 2072 3133 dure

473 3169 699 3225 inﬁnita:
738 3178 883 3236 sunt,
917 3184 1144 3239 quarum
1176 3178 1407 3240 quatuor
1454 3172 1574 3224 duae
1616 3173 1887 3239 snnplices
1918 3181 2064 3238 sunt,

2180 1985 2384 2038 tionem
2441 1983 2733 2038 secundum
2772 1980 3239 2049 consequentiam,
3288 1979 3341 2034 id
3391 1990 3478 2034 est
3528 1979 3599 2033 ita
3638 1980 3775 2033 alias

2180 2079 2316 2134 duas
2344 2078 2751 2143 afﬁrmationes,
2777 2074 3078 2130 similicem
3102 2081 3157 2127 et
3183 2073 3469 2139 inﬁnitam,
3496 2072 3625 2141 ipsa:
3652 2071 3779 2126 dum

2180 2175 2496 2244 negationes
2536 2181 2856 2242 sequuntur,
2903 2178 2961 2224 ut
2988 2183 3081 2224 eas
3111 2167 3439 2237 privationes
3473 2166 3777 2237 sequeban-

2179 2276 2286 2322 tur.
2323 2268 2450 2320 Duie
2479 2278 2609 2319 vero
2642 2265 2883 2323 minime.
2934 2261 2985 2317 id
3015 2270 3098 2314 est
3140 2259 3372 2329 simplex
3411 2258 3699 2314 afﬁrmatio
3723 2267 3779 2317 et

2177 2359 2385 2415 inﬁnita
2437 2356 2767 2425 afﬁrmatio,
2821 2370 2926 2409 non
2983 2366 3105 2408 sese
3160 2350 3431 2405 habebunt
3475 2349 3780 2406 secundum

2179 2451 2643 2519 consequentiam,
2674 2450 2818 2518 ipsa:
2845 2446 2966 2499 dua:
3001 2443 3385 2499 afﬁrmationes
3413 2443 3481 2497 ad
3511 2443 3648 2499 duas
3674 2459 3780 2499 ne-

2179 2544 2443 2613 gationes,
2491 2541 2754 2595 inﬁnitam
2788 2538 2998 2593 scilicet
3037 2546 3090 2592 et
3135 2536 3459 2607 simplicem,
3491 2552 3628 2605 quas
3667 2553 3783 2594 non

2179 2636 2568 2704 sequebmtur,
2601 2634 2740 2703 sicut
2767 2647 2868 2686 nec
2888 2631 3091 2686 dudum
3125 2630 3222 2683 has
3252 2630 3562 2697 negationes
3592 2631 3784 2699 priva-

2100 2774 2103 2779 .
2179 2728 2331 2782 toria:
2358 2741 2572 2796 quoque
2609 2723 2994 2779 afﬁrmationes
3035 2731 3237 2777 secuta:
3265 2732 3410 2777 sunt.
3456 2722 3606 2791 Quod
3634 2738 3781 2781 vero

2179 2821 2251 2873 ait
2301 2818 2597 2872 secundum
2649 2815 3095 2885 consequentiam
3145 2813 3211 2868 ad
3256 2812 3663 2870 afﬁrmationem
3710 2824 3779 2872 et

2180 2915 2537 2982 negationem,
2574 2925 2678 2964 non
2714 2911 2783 2964 ita
2807 2908 3216 2978 intelligendum
3255 2916 3361 2973 est,
3389 2908 3532 2979 quasi
3557 2924 3658 2963 una
3684 2909 3774 2966 sit

2178 3006 2465 3060 afﬁrmatio
2491 3012 2582 3056 aut
2622 3016 2727 3056 una
2754 3002 2986 3056 necalio.
3024 3000 3127 3056 Sed
3158 3002 3413 3070 quoniam
3456 3002 3509 3057 in
3535 3011 3778 3071 quatuor

2178 3095 2660 3169 propositionibus,
2692 3094 2745 3147 in
2770 3093 2961 3162 quibus
2991 3092 3110 3147 dua:
3134 3092 3350 3160 quidem
3379 3094 3774 3153 afﬁrmatione!

2179 3199 2357 3255 erunt,
2393 3189 2512 3242 dum
2542 3202 2673 3241 vero
2721 3186 3055 3255 negationes,
3106 3184 3492 3241 afﬁrmationes
3536 3186 3771 3256 simplex

473 3274 559 3321 est
586 3268 766 3334 justus
792 3265 975 3331 homo,
1007 3280 1114 3319 non
1148 3273 1232 3320 est
1256 3264 1434 3334 justus
1464 3263 1649 3329 homo,
1683 3264 1803 3319 dna:
1826 3280 1953 3320 vero
1989 3266 2072 3319 in-
2096 3251 2143 3314 C
2176 3251 2393 3355 qum,“
2425 3289 2510 3335 est
2534 3281 2707 3348 jusms
2744 3251 2927 3342 ιηξιηο⁹
2962 3276 3165 3333 inani“,
3215 3287 3393 3332 amem
3425 3288 3509 3333 εει
3546 3251 3656 3333 ,κη’
3674 3278 3775 3350 iu,

474 3358 663 3422 ﬁnitae,
717 3368 800 3414 est
849 3374 953 3413 non
980 3358 1156 3427 justus
1208 3360 1391 3424 homo,
1447 3372 1554 3412 non
1600 3366 1690 3413 est
1742 3375 1848 3412 non
1892 3359 2073 3427 justus

474 3448 660 3505 homo.
689 3451 753 3504 Et
780 3451 969 3504 barum
998 3458 1231 3519 quatuor
1254 3449 1376 3504 dua:
1402 3451 1640 3517 quidem,
1672 3448 1725 3504 id
1753 3459 1835 3503 est
1861 3453 2072 3519 negatio

474 3539 686 3596 inﬁnita
716 3551 771 3597 et
810 3541 1025 3611 negatio
1071 3540 1319 3611 simplex,
1355 3554 1655 3610 Sequuntur
1703 3543 1855 3607 duas,
1892 3544 1944 3598 id
1988 3554 2074 3599 est

473 3638 688 3707 negatio
736 3635 943 3691 infinita
994 3636 1291 3705 simplicem
1347 3636 1779 3705 afﬁrmationem,
1836 3649 1898 3692 ea
1949 3653 2073 3708 qua:

474 3727 627 3795 dicit,
661 3744 769 3782 non
798 3740 881 3783 est
912 3744 1017 3782 non
1060 3729 1239 3797 justus
1273 3729 1454 3796 homo,
1509 3743 1627 3784 eam
1670 3746 1788 3799 qua:
1818 3730 2075 3786 dicit-est

474 3821 649 3891 justus
679 3822 863 3877 homo.
904 3822 1319 3878 afﬁrmationem
1355 3839 1483 3879 vero
1517 3824 1779 3879 inﬁnitam
1832 3826 2075 3897 sequitur

477 3924 693 3991 negatio
722 3922 974 3990 simplex.
1006 3924 1435 3980 Af'ﬁrmationem
1466 3942 1610 3982 enim
1652 3927 1918 3983 inﬁnitam
1952 3945 2075 3998 qua:

478 4005 629 4083 dicit,
662 4025 745 4070 est
775 4031 879 4070 non
906 4016 1082 4085 justus
1114 4021 1294 4082 homo,
1347 4019 1591 4089 sequitur
1634 4034 1697 4074 ea
1727 4037 1847 4091 qua;
1880 4038 2076 4091 prepo-

479 4110 582 4175 nit,
614 4125 722 4163 non
752 4109 1034 4179 estjustns
1060 4111 1222 4164 homo
1247 4113 1493 4181 negativa
1515 4112 1766 4181 simplex,
1796 4114 1916 4167 dua:
1944 4129 2074 4169 vero

480 4203 623 4265 aliae,
658 4202 711 4258 id
741 4211 826 4259 est
854 4204 1143 4259 afﬁrmatio
1172 4206 1399 4275 simplex
1430 4215 1485 4260 et
1514 4208 1799 4262 affirmatio
1844 4208 2071 4279 inﬁnita,

480 4310 588 4352 non
638 4308 939 4367 sequuntur
980 4299 1322 4367 negationem
1370 4301 1634 4356 inﬁnitam
1678 4310 1735 4356 et
1776 4303 2074 4373 simplicem

482 4391 846 4460 negationem.
882 4391 992 4447 Hoc
1030 4402 1209 4448 autem
1249 4396 1412 4449 etiam
1447 4396 1500 4449 in
1534 4396 1839 4463 privatoriis
1868 4402 2072 4467 evenit,

481 4490 543 4536 ut
571 4481 855 4538 afﬁrmatio
894 4486 1186 4554 privatoria
1224 4502 1332 4539 non
1375 4496 1630 4556 sequatur
1656 4487 1957 4559 simplicem
1992 4506 2078 4545 ne-

482 4580 777 4647 gationem.
809 4592 932 4633 cum
960 4580 1048 4634 illa
1077 4581 1305 4650 simplex
1336 4583 1550 4651 negatio
1569 4594 1847 4652 sequatur,
1878 4593 1934 4639 et
1959 4600 2077 4639 rur-

484 4683 578 4723 sus
616 4671 829 4739 negatio
859 4671 1145 4740 privatoria
1182 4684 1438 4740 sequatur
1482 4671 1897 4728 al’ﬁrmationem
1947 4677 2077 4729 sim-
2105 4644 2159 4705 D

483 4763 701 4833 plicem,
735 4778 856 4818 cum
887 4763 1114 4834 simplex
1154 4765 1438 4823 afﬁrmatio
1472 4783 1576 4821 non
1608 4777 1863 4839 sequatur
1890 4771 2074 4840 priva-

485 4858 680 4911 toriam
720 4857 1080 4927 negationem.
1115 4858 1279 4915 Recte
1316 4861 1475 4931 igitur
1514 4861 1717 4915 dictum
1749 4870 1848 4927 est,
1886 4862 2077 4919 barum

487 4946 734 5018 quatubr.
788 4949 839 5003 id
880 4958 963 5003 est
1003 4951 1228 5007 duarum
1277 4953 1600 5024 simplicium
1647 4955 2074 5024 propositionum

486 5056 543 5100 et
564 5045 787 5101 duarum
818 5046 1170 5113 inﬁnitarum,
1196 5048 1330 5102 duas
1350 5048 1558 5104 duabus
1586 5063 1710 5105 esse
1739 5064 2080 5121 consequen-

489 5146 590 5211 tes,
634 5152 689 5196 et
745 5140 943 5195 habere
989 5143 1274 5211 quamdam
1320 5142 1764 5213 consequentiam
1810 5144 1876 5197 ad
1918 5123 2083 5209 alias;

488 5234 628 5289 sicut
654 5234 857 5289 inﬁnita
906 5237 1117 5305 negatio
1162 5244 1216 5289 et
1260 5234 1485 5304 simplex
1525 5236 1739 5306 negatio
1774 5245 2077 5306 sequuntur

489 5326 788 5397 simplicem
819 5327 1231 5383 afﬁrmationem
1262 5336 1316 5382 et
1346 5327 1609 5382 inﬁnitam
1638 5326 2074 5394 afﬁrmationem,

489 5421 627 5475 sicut
658 5421 980 5489 privationes
1006 5437 1241 5492 quoque,
1273 5435 1397 5475 nam
1447 5429 1502 5475 et
1543 5421 1836 5491 privatoria
1863 5422 2079 5492 negatio

491 5516 817 5586 sequebatur
843 5515 1142 5587 simplicem
1174 5514 1609 5581 afﬁrmationem,
1644 5526 1698 5569 et
1724 5515 1950 5585 simplex
1981 5530 2080 5569 ne-

490 5608 639 5679 gatio
674 5609 999 5678 sequebatur
1040 5611 1389 5680 privatoriam
1442 5607 1879 5662 afﬁrmationem.
1936 5607 2080 5678 Ergo

493 5703 613 5758 dua:
644 5704 842 5760 habent
865 5703 1325 5774 consequentiam,
1356 5701 1408 5757 id
1440 5710 1524 5758 est
1553 5700 1759 5756 inﬁnita
1787 5699 2000 5771 negatio
2028 5707 2086 5755 et

494 5795 729 5865 simplex
758 5797 973 5869 negatio
1014 5795 1078 5852 ad
1118 5794 1421 5868 simplicem
1465 5805 1520 5851 et
1549 5793 1812 5850 inﬁnitam
1842 5793 2081 5849 afﬁrma-

497 5893 696 5962 tiones,
726 5892 866 5949 sicut
896 5892 1221 5964 privationes
1247 5907 1483 5966 quoque,
1507 5907 1737 5965 namque
1759 5898 1814 5950 et
1833 5889 2086 5962 privatio-

2178 3388 2296 3432 stus
2325 3375 2510 3436 homo,
2557 3371 2869 3440 negationes
2910 3380 3087 3424 autem
3127 3370 3355 3439 simplex
3393 3369 3628 3440 quidem,
3656 3385 3774 3426 non

2178 3482 2260 3527 est
2287 3469 2463 3540 justus
2494 3468 2678 3533 homo,
2718 3465 2924 3519 inﬁnita
2971 3472 3175 3525 autem,
3210 3478 3317 3518 non
3347 3471 3432 3517 est
3463 3480 3564 3517 non
3586 3463 3773 3533 justus

2180 3561 2363 3617 homo.
2396 3559 2660 3629 Quoniam
2700 3556 3087 3612 afﬁrmationes
3128 3554 3263 3610 duas
3306 3554 3603 3623 simplicem
3645 3556 3775 3625 qui-

2179 3655 2325 3721 dem,
2356 3655 2630 3724 e~tjustus
2670 3654 2851 3715 homo,
2899 3651 3161 3705 inﬁnitam
3192 3659 3392 3715 autem,
3440 3659 3523 3706 est
3549 3664 3652 3706 non
3678 3650 3776 3719 ju-

2180 3758 2295 3804 stus
2341 3748 2526 3813 homo,
2587 3747 2710 3800 duae
2756 3744 3068 3815 negationes
3110 3743 3493 3811 sequebantur,
3541 3743 3774 3811 simplex

2179 3841 2395 3910 negatio
2423 3854 2544 3909 qum
2572 3847 2675 3902 est,
2711 3826 2937 3891 nonest
2961 3834 3139 3905 justus
3173 3836 3355 3904 homo,
3399 3833 3658 3890 inﬁnitam
3684 3836 3775 3890 af-

2182 3936 2537 3990 ﬁrmationem
2570 3947 2689 4003 quat:
2716 3932 2865 3996 dicit,
2892 3940 2975 3985 est
3004 3945 3110 3984 non
3131 3930 3309 3999 justus
3338 3930 3514 3996 homo,
3553 3938 3610 3985 et
3635 3946 3770 3987 rur-

2180 4043 2273 4083 sus
2309 4026 2515 4080 inﬁnita
2548 4025 2760 4092 negatio
2788 4022 3083 4092 simplicem
3132 4022 3539 4077 al'ﬁrmatiouem
3570 4037 3773 4090 seque-

2181 4119 2357 4174 batur.
2389 4115 2652 4184 Quoniam
2706 4130 2835 4184 ergo
2861 4116 2942 4183 (ut
2971 4114 3173 4168 dictum
3222 4111 3326 4183 est)
3356 4112 3489 4167 duas
3534 4114 3776 4168 afﬁrma-

2182 4214 2355 4267 tiones
2412 4221 2465 4265 et
2514 4210 2810 4277 simplicem
2851 4216 2906 4263 et
2952 4208 3236 4270 inﬁnitam,
3286 4205 3408 4260 dua:
3449 4212 3771 4277 negationes

2182 4304 2407 4371 simplex
2437 4310 2491 4357 et
2522 4301 2726 4356 inﬁnita
2752 4298 3131 4368 sequebantur,
3158 4298 3260 4352 boc
3283 4306 3466 4352 autem
3494 4307 3549 4353 et
3572 4297 3622 4352 in
3649 4298 3770 4365 pri-

2183 4400 2485 4455 vationibus
2515 4405 2651 4458 erat.
2687 4395 2889 4450 idcirco
2919 4395 3119 4448 dictum
3144 4401 3226 4446 cst
3254 4391 3320 4446 ad
3350 4389 3771 4446 afﬁrmationem

2182 4502 2237 4548 et
2259 4492 2597 4559 negationem
2645 4487 2940 4543 secundum
2988 4484 3431 4552 consequentiam
3462 4486 3542 4540 sic
3578 4498 3637 4538 se
3666 4482 3772 4536 ba-

2184 4585 2315 4640 berc
2339 4583 2525 4638 barum
2548 4591 2777 4652 quatuor
2804 4578 3231 4648 propositionum
3254 4575 3411 4641 duas,
3442 4576 3578 4631 sicut
3604 4577 3770 4632 etiam

2185 4656 2245 4737 se
2274 4680 2599 4750 privationes
2633 4676 2911 4731 baberent.
2944 4672 3024 4728 Ad
3065 4671 3478 4727 afﬁrmationem
3506 4681 3682 4726 autem
3712 4681 3774 4729 et

2148 4778 2151 4779 ⁷
2185 4774 2522 4841 negationem
2569 4769 2725 4833 dixit,
2759 4766 2903 4837 quod
2935 4767 3067 4819 duas
3110 4763 3497 4819 afﬁrmationes
3526 4763 3646 4818 duae
3673 4778 3773 4818 nc-

2184 4864 2428 4933 gationes
2470 4870 2952 4929 consequerentur.
3004 4856 3121 4909 dua:
3150 4869 3279 4909 viro
3311 4854 3552 4922 minime,
3584 4852 3637 4908 id
3682 4863 3773 4909 est

2184 4959 2303 5013 dua:
2339 4953 2732 5008 afﬁrmationes
2777 4948 3091 5020 negationes
3143 4947 3277 5000 (luas
3325 4960 3430 5000 non
3475 4960 3773 5014 sequeren-

2186 5058 2291 5115 tur,
2338 5063 2509 5118 neque
2548 5045 2691 5099 enim
2750 5041 3075 5111 sequebatur
3118 5037 3454 5109 negationem
3506 5036 3771 5093 inﬁnitam

2142 5158 2147 5163 '
2185 5138 2413 5209 simplex
2441 5135 2745 5195 affirmatio,
2790 5144 2880 5187 aut
2920 5129 3218 5200 simplicem
3253 5130 3587 5198 negationem
3620 5128 3771 5185 ﬁnita

2185 5231 2491 5295 afﬁrmatio,
2517 5231 2655 5284 sicut
2680 5242 2779 5281 nec
2800 5226 2852 5280 in
2882 5221 3273 5295 privatiouibus
3294 5228 3432 5287 erat,
3454 5218 3599 5290 quod
3619 5234 3769 5288 saepe

2187 5342 2345 5395 supra
2402 5331 2752 5378 monstratum
2805 5326 2905 5373 est.
2948 5315 3028 5372 Ne
3071 5315 3192 5386 quis
3234 5325 3414 5369 autem
3469 5327 3568 5369 nos
3613 5312 3763 5367 arbi-

2116 5418 2127 5427 ’
2189 5424 2361 5473 tretur
2385 5415 2453 5471 de
2477 5413 2668 5469 eodem
2699 5424 2895 5482 genere
2923 5407 3351 5480 propositionum
3377 5404 3582 5470 dicere,
3614 5402 3767 5474 sequi

2139 5523 2145 5528 ‘
2188 5510 2501 5582 negationes
2530 5504 2935 5561 afﬁrmationes.
2969 5501 3152 5570 Neque
3181 5497 3325 5554 enim
3352 5497 3581 5552 dicimus
3611 5509 3772 5564 nega-

2188 5605 2385 5659 tionem
2438 5598 2733 5669 simplicem
2783 5593 2932 5665 sequi
2985 5588 3396 5647 afﬁrmationem
3444 5585 3769 5655 simplicem.

2191 5697 2302 5753 lioc
2334 5694 2475 5750 enim
2510 5688 2842 5763 impossibile
2870 5696 2973 5753 est,
3006 5698 3275 5755 nunquam
3313 5682 3457 5739 enim
3498 5679 3603 5735 sibi
3631 5694 3767 5734 con-

2189 5789 2424 5847 sentiunt
2451 5785 2679 5856 simplex
2705 5779 3014 5848 afﬁrmatio,
3045 5776 3382 5848 simplexque
3409 5773 3642 5853 negatio,
3670 5784 3775 5826 nec

2190 5897 2376 5946 rursus
2419 5882 2626 5940 inﬁnita
2657 5877 2893 5950 negatio,
2922 5884 2977 5935 et
3016 5872 3228 5933 inﬁnita
3256 5867 3564 5937 afﬁrmatio,
3594 5879 3776 5941 neque
