4090 6342
365 273 471 335 537

1126 278 1191 336 IN
1226 279 1485 341 LIBRUM
1523 280 1612 338 DE
1650 272 2291 339 INTERPRETATIONE
2330 276 2556 333 EDITIO
2594 276 2931 335 SECUNDA.

3543 279 3645 335 558

364 401 506 457 enim
541 398 652 455 ﬁeri
682 407 858 470 potest
888 411 947 457 ut
992 410 1084 457 aut
1122 405 1337 474 negatio
1363 418 1485 474 qua:
1522 404 1675 470 dicit,
1720 416 1827 457 non
1870 408 1953 455 est
1978 400 2029 459 Α
2055 410 2174 466 quae
2200 397 2469 465 proponit,
2499 409 2604 450 non
2632 404 2717 451 est
2739 395 2915 464 justus
2944 392 3125 459 homo,
3140 406 3390 463 quoniam
3410 393 3639 464 privato-

360 490 541 563 justus
591 491 771 559 homo,
821 493 1164 549 afﬁrmationi
1206 510 1326 565 quae
1354 493 1628 565 proponit,
1674 501 1756 549 est
1780 492 1955 562 justus

364 582 549 648 homo,
583 584 902 651 consentiat,
935 594 1025 639 aut
1063 584 1358 640 afﬁrmatio
1395 602 1515 657 quae
1550 586 1700 654 dicit,
1734 593 1818 638 est
1848 598 1953 637 non

359 685 539 745 Justus
585 676 765 742 homo,
814 679 1116 735 consentiat
1162 681 1436 751 negationi
1487 696 1606 751 quae
1647 678 1951 743 dicit,,non

362 777 447 821 est
478 783 584 821 non
608 768 783 837 justus
808 769 989 824 homo.
1023 770 1150 825 Eam
1179 771 1321 826 enim
1344 786 1462 841 qua:
1491 771 1642 835 dicit,
1674 782 1757 826 est
1780 770 1954 840 justus

361 858 526 914 homo
574 861 871 926 simplicem
915 862 1331 919 afﬁrmationem
1375 865 1618 934 sequitur
1661 862 1952 934 privatoria

358 951 575 1017 negatio
633 969 753 1022 qua:
802 954 976 1021 diett,
1032 970 1137 1010 non
1192 966 1277 1010 est
1317 956 1546 1026 iujustus
1598 956 1801 1020 homo,
1853 954 1947 1009 sed

361 1046 665 1113 negativam
697 1047 942 1117 inquiunt
984 1048 1245 1103 inﬁnitam
1273 1064 1392 1118 qute
1420 1057 1538 1112 est,
1584 1064 1689 1103 non
1722 1056 1807 1104 est
1843 1060 1975 1102 non'

360 1138 533 1206 justus
564 1138 758 1204 homo,
801 1155 906 1194 nou
934 1141 1179 1212 sequitur
1219 1140 1538 1196 afﬁrmativa
1574 1142 1800 1212 simplex
1831 1157 1951 1211 quae

361 1230 508 1295 dicit,
533 1240 618 1285 est
634 1235 810 1301 justus
844 1234 1023 1289 homo.
1056 1235 1198 1305 Ergo
1218 1235 1673 1304 quemadmodum
1707 1237 1947 1307 negativa

356 1325 647 1393 privatoria
685 1341 805 1395 quae
832 1337 934 1393 est,
970 1342 1075 1381 non
1107 1336 1192 1383 est
1223 1328 1453 1397 injustus
1485 1330 1678 1391 homo,
1710 1331 1951 1399 sequitur

355 1415 733 1471 afﬁrmativam
766 1418 1067 1485 simplicem
1101 1435 1220 1490 qua:
1252 1420 1410 1488 dicit,
1439 1432 1520 1475 est
1558 1421 1736 1491 justus
1763 1422 1947 1488 homo,

354 1524 465 1563 non
515 1508 704 1564 eodem
756 1511 914 1565 modo
961 1512 1151 1567 eadem
1196 1514 1425 1583 simplex
1469 1514 1786 1581 afﬁrmatio,
1829 1531 1949 1586 qua:

352 1600 519 1666 dicit,
564 1613 644 1655 est
668 1602 846 1671 justus
884 1603 1067 1669 homo,
1108 1606 1356 1674 sequitur
1404 1606 1665 1663 inﬁnitam
1704 1609 1946 1677 negatio-

353 1708 485 1749 nem
514 1710 629 1763 quce
670 1695 827 1764 dicit,
863 1711 968 1751 non
1013 1706 1096 1752 est
1135 1716 1240 1753 non
1287 1699 1465 1769 justus
1510 1702 1696 1756 homo.
1741 1701 1967 1767 Quibus

2021 521 2025 525 ’
2060 490 2138 544 ria
2168 487 2457 544 afﬁrmatio
2485 506 2603 560 qua:
2629 489 2758 544 dicit
2778 532 2790 553 ,
2818 499 2902 545 est
2944 489 3171 557 injustus
3201 489 3391 556 homo,
3424 505 3528 543 non
3558 505 3643 559 se-_

2057 582 2239 653 quitur
2267 580 2568 653 simplicem
2600 581 2938 651 negationem
2969 596 3089 648 quat
3119 582 3394 648 proponit,
3429 596 3534 634 non
3561 591 3645 636 est

2052 672 2229 744 justus
2259 674 2445 729 homo.
2472 674 2625 742 Quod
2666 674 2711 730 si
2742 673 3030 741 privatoria
3065 672 3351 728 affirmatio
3390 688 3642 742 sequere-

2056 772 2144 820 tur
2183 764 2483 834 simplicem
2532 764 2906 835 negationem,
2953 773 3269 833 sequeretur
3317 763 3434 817 siue
3479 762 3642 820 dubio

2055 855 2262 911 infinita
2288 870 2501 927 quoque
2524 854 2808 909 affirmatio
2841 853 3084 909 eamdem
3126 853 3425 922 simplicem
3470 869 3636 923 nega-

2056 950 2279 1005 tionem.
2316 949 2465 1004 Nunc
2504 959 2682 1003 autem
2726 945 2979 1017 quoniam
3021 946 3308 1015 privatoria
3355 945 3641 1000 affirmatio

2053 1039 2350 1108 simplicem
2400 1039 2739 1108 negationem
2796 1053 2903 1092 non
2959 1037 3234 1105 sequitur,
3280 1052 3379 1092 nec
3434 1037 3638 1091 inﬁnita

2054 1130 2340 1186 affirmatio
2369 1130 2673 1200 simplicem
2705 1129 2947 1199 sequitur
2967 1128 3326 1198 negationem,
3357 1128 3640 1185 afﬁrmatio

2051 1222 2194 1279 enim
2227 1212 2513 1293 privatoria
2546 1232 2600 1277 et
2630 1222 2919 1277 afﬁrmatio
2944 1220 3148 1275 infinita
3179 1220 3393 1275 sibimet
3413 1235 3640 1276 consen-

2052 1317 2209 1371 tiunt.
2245 1317 2322 1371 Illi
2343 1333 2475 1373 vero
2502 1318 2590 1388 qui
2611 1315 3029 1386 discrepantiam
3047 1314 3333 1370 ostendere
3354 1314 3640 1372 voluerunt

2050 1410 2381 1466 inﬁnitarum
2432 1421 2487 1467 et
2523 1412 2936 1482 privatoriarum
2964 1405 3364 1480 consequentia:
3402 1409 3469 1464 ad
3508 1410 3640 1465 sim-

2051 1506 2274 1576 plicem,
2308 1506 2451 1577 quod
2492 1520 2614 1561 cum
2646 1506 2858 1576 negatio
2893 1505 3123 1573 simplex
3151 1514 3463 1574 sequeretur
3496 1504 3641 1559 afﬁr-

2051 1600 2349 1655 mationem
2395 1599 2769 1670 privatoriam,
2805 1614 2912 1654 non
2942 1599 3132 1655 eodem
3162 1597 3324 1653 modo
3353 1597 3641 1655 afﬁrmatio

2051 1691 2257 1748 inﬁnita
2292 1704 2612 1763 sequeretur
2643 1693 2945 1763 simplicem
2985 1692 3322 1761 negationem
3346 1735 3361 1759 ,
3410 1706 3519 1746 non
3565 1691 3640 1747 ita

351 1784 640 1840 dicendum
689 1794 773 1840 est
823 1802 929 1841 non
979 1803 1073 1843 eos
1127 1789 1263 1844 hanc
1313 1794 1753 1865 consequentiam
1802 1802 1947 1849 recte
1977 1784 2289 1856 Boportuit
2315 1785 2496 1855 colligi
2520 1781 3286 1853 discrepantiam,sedpotius,
3311 1782 3357 1836 si
3380 1780 3641 1852 quemad-

346 1876 691 1947 intelligere,
740 1893 838 1932 nec
866 1880 1155 1951 quidquam
1200 1881 1254 1936 in
1287 1881 1385 1936 hac
1413 1883 1717 1952 ltujusmodi
1750 1898 1944 1955 propo-

346 1969 610 2023 sitionum
638 1972 1023 2039 consequentia
1050 1973 1381 2043 discrepare.
1412 1975 1518 2030 Cur
1539 1978 1682 2030 enim
1711 1977 1812 2031 hoc
1840 1993 1943 2031 non

348 2072 712 2129 notaverunt,
752 2064 893 2133 quod
933 2080 1039 2120 non
1092 2067 1335 2136 sequitur
1390 2069 1728 2139 negationem
1771 2070 1948 2124 inﬁni-

346 2166 457 2211 tam
518 2173 640 2221 qua:
694 2167 809 2227 est,
859 2172 963 2212 non
1021 2167 1103 2213 est
1150 2174 1258 2214 non
1306 2160 1484 2229 justus
1528 2154 1745 2227 homo,
1798 2162 1946 2217 finita

346 2248 643 2302 affirmatio
669 2264 787 2317 quae
818 2249 966 2313 dicit,
998 2250 1277 2320 estjustus
1304 2252 1500 2307 homo?
1520 2252 1651 2308 Nam
1678 2253 1778 2309 hoc
1812 2255 1946 2311 nihil

346 2342 601 2396 mirabile
631 2342 793 2396 debet
820 2343 1009 2399 videri.
1048 2343 1250 2400 Idcirco
1277 2345 1419 2400 enim
1454 2348 1677 2419 simplex
1707 2348 1946 2405 affirma-

348 2438 426 2490 tio
448 2450 566 2506 qua:
590 2434 739 2500 dicit,
767 2448 844 2491 est
864 2437 1039 2505 justus
1066 2438 1248 2502 homo,
1279 2454 1385 2493 non
1419 2440 1661 2511 sequitur
1684 2441 1946 2499 inﬁnitam

346 2526 694 2595 negationem
740 2543 859 2598 qua:
900 2529 1060 2593 dicit,
1112 2544 1219 2585 non
1269 2540 1355 2587 est
1400 2548 1505 2587 non
1541 2533 1719 2602 justus
1754 2535 1945 2604 homo,

347 2621 607 2690 quoniam
654 2635 752 2674 nec
785 2634 941 2677 antea
982 2622 1328 2692 privatoriam
1377 2625 1722 2695 sequebatur.
1763 2627 1948 2698 Neque

350 2713 498 2767 cnim
526 2713 853 2782 sequebatur
876 2714 1063 2768 eadem
1088 2715 1313 2786 simplex
1333 2716 1625 2772 afﬁrmatio
1653 2734 1773 2788 qua-
1795 2718 1945 2784 dicit,

348 2814 435 2859 er~t
460 2807 640 2872 justus
681 2805 863 2870 homo,
887 2809 1232 2887 privatoriam
1257 2815 1632 2881 negationem,
1661 2829 1780 2882 qua:
1818 2814 1949 2870 dicit

352 2911 463 2951 non
494 2907 577 2950 est
603 2897 837 2966 injnsms
866 2899 1048 2967 homo,
1080 2910 1135 2956 et
1164 2916 1227 2956 ea
1256 2916 1414 2957 causa
1444 2912 1528 2957 est
1549 2920 1648 2959 cur
1680 2906 1947 2961 infinitam

352 3002 568 3058 quoque
595 3007 696 3044 non
738 2991 1004 3061 sequitur.
1046 2992 1255 3048 inﬁnita
1289 2996 1433 3049 enim
1455 3009 1509 3051 et
1539 2998 1826 3066 privatoria
1867 3005 1949 3069 (ut

349 3097 512 3152 supra
549 3100 690 3154 stt-pe
725 3085 834 3153 jam
867 3085 1071 3141 dictum
1108 3086 1213 3159 est)
1239 3088 1341 3144 sibi
1370 3092 1736 3147 εοιιευιιιίυηι.
1770 3093 1946 3162 Quare

2053 1872 2275 1932 modum
2299 1875 2619 1931 affirmativa
2650 1874 2938 1945 privatoria
2970 1889 3089 1944 quae
3117 1872 3270 1937 dicit,
3296 1880 3380 1928 est
3411 1872 3641 1944 iniustus

2052 1971 2249 2039 homo,
2275 1987 2381 2027 non
2424 1973 2493 2026 ita
2526 1971 2732 2027 inﬁnita
2774 1969 3061 2052 afﬁrmatio
3088 1985 3209 2039 quas
3233 1969 3481 2024 enuntiat
3503 2010 3518 2032 ,
3556 1976 3642 2025 est

2049 2078 2157 2119 non
2178 2065 2354 2133 justus
2383 2065 2566 2132 homo,
2599 2080 2708 2119 non
2733 2070 3048 2134 sequeretur
3072 2060 3371 2132 simplicem
3393 2059 3641 2131 negatio-

2051 2172 2175 2213 nem
2207 2172 2326 2227 qua:
2354 2164 2471 2221 est,
2506 2171 2611 2211 non
2638 2164 2721 2211 est
2752 2155 2928 2225 justus
2960 2156 3141 2216 homo,
3177 2162 3302 2208 tunc
3327 2159 3643 2223 oportuerat

2052 2248 2232 2304 dicere
2273 2247 2479 2318 aliquid
2503 2248 2815 2319 discrepare
2841 2245 3280 2318 consequentiam
3320 2244 3642 2316 privatoria-

2050 2361 2170 2402 rum
2202 2354 2258 2400 et
2298 2343 2630 2398 inﬁnitarum
2676 2344 2740 2397 ad
2771 2342 3068 2414 simplices.
3091 2341 3247 2398 Nunc
3291 2348 3470 2396 autem
3517 2353 3643 2396 cum

2050 2440 2242 2495 eodem
2274 2437 2437 2492 modo
2460 2435 2750 2506 privatoria
2780 2434 3066 2490 afﬁrmatio
3089 2449 3197 2490 non
3218 2440 3477 2504 sequatur
3503 2432 3644 2489 sim-

2054 2532 2251 2603 plicem
2294 2532 2634 2600 negationem
2659 2570 2675 2594 ,
2715 2543 2823 2599 quo
2853 2528 3062 2584 inﬁnita
3095 2528 3383 2584 affirmatio
3408 2542 3515 2583 non
3559 2541 3643 2583 se-

2049 2630 2235 2699 quitur
2262 2626 2505 2681 eamdem
2546 2624 2848 2695 simplicem
2880 2624 3226 2693 negationem
3249 2664 3264 2688 ,
3296 2620 3642 2679 manifestum

2051 2734 2134 2780 est
2164 2724 2366 2778 nullam
2389 2736 2511 2777 esse
2536 2720 2589 2775 in
2614 2720 2699 2773 his
2714 2720 3155 2789 discrepantiam,
3181 2718 3289 2772 imo
3310 2718 3363 2772 in
3394 2715 3644 2773 omnibus

2052 2816 2387 2870 simillimam
2425 2812 2907 2883 consequentiam,
2940 2820 2995 2866 et
3036 2809 3160 2865 illos
3190 2809 3323 2864 nihil
3374 2822 3468 2878 per
3505 2807 3645 2863 hanc

2051 2913 2342 2972 rationem,
2373 2922 2533 2978 quam
2567 2907 2756 2960 volunt
2780 2903 2980 2959 addere
3011 2912 3160 2957 recte
3196 2900 3467 2956 disserere
3488 2940 3505 2966 ,
3535 2900 3644 2956 imo

2052 3003 2230 3072 potius
2253 3002 2547 3071 majoribus
2570 2999 2853 3053 obscuram
2879 2994 3205 3051 sententiam
3227 2992 3644 3067 obscuritatibus

2053 3094 2364 3162 implicare,
2409 3093 2503 3148 sed
2553 3090 2727 3161 potius
2772 3089 2848 3144 ita
2894 3085 3299 3154 intelligendum
3339 3094 3452 3153 est,
3502 3092 3563 3140 ut
3590 3084 3645 3140 id

347 3176 494 3233 nulla
555 3189 640 3232 est
688 3179 1045 3249 discrepantia
1073 3225 1088 3249 ,
1138 3196 1263 3236 nam
1300 3181 1347 3235 si
1390 3183 1618 3253 simplex
1659 3184 1951 3242 afﬁrmatio
1976 3186 2024 3249 ϐ
2056 3188 2198 3257 quod
2228 3189 2304 3241 ait
2334 3205 2346 3239 :
2379 3186 2616 3251 Quarum
2652 3183 2771 3237 dua:
2799 3181 3015 3252 quidem
3046 3180 3112 3234 ad
3142 3177 3557 3234 afﬁrmationem
3589 3185 3645 3233 et

346 3267 690 3339 negationem
738 3270 1085 3339 privatoriam
1120 3281 1457 3343 sequeretur,
1504 3273 1693 3328 eodem
1735 3291 1949 3345 quoque

348 3365 512 3417 modo
544 3363 801 3417 infinitam
830 3365 1176 3433 negationem
1203 3380 1551 3437 sequeretur,
1586 3383 1728 3423 nunc
1766 3379 1945 3425 autem

346 3457 603 3527 quoniam
651 3457 875 3526 simplex
918 3454 1205 3513 afﬁrmatio
1246 3461 1591 3528 privatoriam
1636 3462 1942 3529 negativam

347 3566 455 3608 non
495 3551 768 3620 sequitur,
799 3568 899 3608 nec
925 3551 1185 3607 infinitam
1214 3567 1430 3623 quoque
1456 3554 1699 3620 sequitur
1737 3555 1945 3625 negati-

344 3658 491 3698 vam.
534 3644 610 3698 Illi
642 3651 819 3697 autem
849 3644 938 3714 qui
961 3654 1309 3711 sumpserunt
1337 3644 1595 3714 quoniam
1625 3656 1950 3713 sequeretur

347 3736 643 3805 privatoria
690 3735 901 3806 negatio
945 3736 1265 3807 simplicem,
1299 3737 1750 3802 afﬁrmationem,
1796 3750 1849 3793 et
1895 3741 1948 3794 in

349 3828 544 3885 eadem
588 3831 970 3897 consequentia
1002 3829 1309 3900 discrepare
1336 3829 1608 3894 dixerunt,
1641 3832 1784 3903 quod
1819 3833 1950 3887 sim-

347 3921 477 3991 plex
508 3921 793 3977 affirmatio
817 3938 921 3977 non
949 3938 1267 3994 sequemur
1289 3924 1556 3981 inﬁnitam
1582 3929 1943 3998 negationem,

349 4030 461 4069 non
488 4014 559 4069 ita
590 4018 826 4085 oportuit
852 4016 1270 4083 discrepantiam
1300 4033 1546 4084 sumere,
1571 4020 1666 4075 sed
1698 4022 1870 4091 magis
1899 4023 1946 4077 si

352 4109 801 4180 quemadmodum
851 4112 1137 4178 priratoria
1179 4115 1396 4182 negatio
1437 4125 1763 4181 sequeretur
1804 4115 1948 4169 afﬁr-

346 4201 642 4256 mationcm
669 4201 1003 4269 simplicem,
1036 4206 1117 4257 sfc
1146 4201 1350 4256 infinita
1382 4204 1596 4273 negatio
1621 4219 1726 4258 non
1755 4220 1944 4275 seque-

344 4306 500 4352 retur
523 4295 829 4363 simplicem
854 4295 1291 4363 afﬁrtnationem,
1324 4307 1449 4351 tunc
1479 4296 1534 4351 in
1559 4298 1946 4366 consequentia

343 4388 703 4453 discreparet,
735 4403 879 4443 nunc
904 4398 1084 4443 autem
1116 4388 1259 4441 nulla
1282 4396 1367 4442 est
1396 4392 1615 4443 omnino
1636 4388 1947 4458 discrepan-

344 4484 441 4536 tia.
467 4484 643 4549 Atque
674 4481 728 4535 in
756 4479 855 4533 ha:
894 4480 1109 4549 quidem
1135 4489 1287 4550 parte
1321 4480 1452 4534 nihil
1483 4484 1703 4535 omnino
1728 4479 1943 4537 discreo

2060 3282 2399 3353 negationem
2426 3293 2547 3335 sese
2571 3276 2842 3332 habebunt
2862 3273 3157 3331 secundum
3179 3271 3642 3342 consequentiam,

2052 3385 2113 3433 ut
2154 3376 2517 3445 privationcs,
2550 3372 2673 3426 dote
2705 3384 2838 3425 vero
2890 3368 3149 3435 minime,
3203 3367 3276 3421 ita
3320 3366 3644 3436 accipiamus

2052 3480 2305 3537 tanquam
2339 3469 2381 3520 si
2409 3465 2480 3519 ita
2525 3464 2771 3527 dixisset,
2799 3471 3029 3532 quatuor
3057 3458 3481 3531 propositionum
3507 3458 3643 3513 dua-

2004 3626 2011 3629 ,
2052 3578 2170 3617 rum
2215 3555 2569 3630 simplicium,
2623 3559 2848 3611 duarum
2906 3568 3036 3610 vero
3091 3553 3463 3617 inﬁnitarum,
3512 3551 3645 3608 duas

2054 3654 2461 3711 afﬁrmationes.
2484 3649 2535 3704 id
2549 3658 2632 3704 est
2651 3647 2947 3717 simplicem
2966 3654 3021 3700 et
3042 3645 3328 3709 inﬁnitam,
3348 3650 3644 3714 sequuntur

2051 3748 2173 3803 dua:
2206 3743 2550 3816 negationes,
2600 3741 2828 3810 simplex
2867 3748 2922 3795 et
2962 3738 3170 3793 inﬁnita
3211 3738 3451 3803 scilicet,
3504 3736 3645 3793 sicut

2051 3841 2385 3913 privationes
2420 3850 2654 3907 quoque.
2696 3834 2752 3889 In
2787 3831 3180 3904 privationibus
3207 3830 3355 3886 enim
3407 3828 3644 3887 afﬁrma-

2053 3937 2213 3988 tiram
2256 3930 2558 4001 simplicem
2607 3926 2932 3997 sequebatur
2978 3924 3268 4001 privatoria
3296 3924 3547 3995 negatio,
3589 3931 3645 3980 et

2050 4026 2282 4096 simplex
2336 4024 2548 4094 negatio
2580 4019 2924 4092 privatoriam
2953 4016 3393 4082 afﬁrmationem,
3420 4015 3645 4087 reliqua)

2049 4135 2179 4175 vero
2202 4119 2324 4173 dum
2344 4159 2361 4182 ,
2389 4117 2441 4171 id
2470 4124 2555 4172 est
2583 4112 2811 4184 simplex
2856 4108 3147 4165 affirmatio
3176 4118 3230 4164 et
3257 4106 3464 4163 inﬁnita
3491 4106 3644 4162 afﬁr-

2050 4213 2236 4279 ntatio,
2270 4209 2468 4264 nullam
2501 4206 2702 4261 habent
2730 4202 3167 4273 consequentiam
3191 4200 3257 4254 ad
3288 4200 3638 4272 negationes,
3667 4253 3674 4260 .

2050 4303 2102 4359 id
2131 4313 2209 4357 est
2234 4301 2301 4356 ad
2324 4299 2623 4371 simplicem
2650 4306 2705 4353 et
2724 4296 3009 4360 inﬁnitam,
3032 4294 3171 4350 sicut
3194 4308 3292 4350 nec
3317 4284 3643 4363 privationes

2048 4409 2295 4465 quoque,
2354 4407 2480 4447 nam
2530 4390 2818 4445 afﬁrmatio
2848 4389 3137 4459 privatoria
3178 4401 3286 4441 non
3317 4384 3643 4456 sequebatur

2051 4487 2387 4557 negationem
2413 4483 2737 4553 simplicem,
2763 4496 2862 4537 nec
2888 4480 3120 4549 simplex
3152 4477 3441 4534 afﬁrmatio
3466 4478 3644 4549 priva-

344 4582 475 4643 rant
495 4582 658 4639 atque
674 4570 1009 4635 discordant;
1032 4571 1311 4627 videamus
1334 4587 1477 4626 nunc
1500 4573 1551 4627 in
1576 4571 1745 4626 altera
1772 4584 1941 4642 parte,
1971 4570 2026 4635 Β
2054 4582 2242 4634 iniam
2297 4579 2637 4648 negationem
2660 4617 2676 4642 ,
2724 4583 2783 4631 ut
2809 4574 3055 4630 dicamus
3101 4571 3204 4627 hoc
3242 4570 3425 4626 modo.
3464 4570 3643 4639 Quare

342 4681 502 4735 quam
535 4666 609 4719 IIII
638 4680 761 4720 esse
788 4665 1207 4735 discrepantiam
1234 4666 1423 4722 dicunt
1452 4664 1786 4722 iufinitarum
1816 4682 1947 4723 con-

342 4760 640 4828 sequentite
684 4767 741 4812 et
780 4759 1190 4827 privatoriarum
1230 4760 1297 4814 ad
1326 4760 1630 4830 simplices,
1666 4768 1723 4816 ut
1770 4760 1822 4815 in
1878 4775 1946 4817 ea

341 4866 558 4919 quoque
597 4849 641 4903 si
687 4849 812 4919 quid
852 4865 978 4904 vere
1015 4844 1353 4921 discrepent,
1389 4833 1693 4909 videamus.
1752 4854 1946 4908 Dicunt

340 4946 484 4997 cnim
527 4941 876 4997 afﬁrmationi
909 4944 1124 5013 quidem
1159 4945 1465 5014 privatorize
1486 4988 1499 5011 ,
1527 4963 1645 5017 quae
1675 4948 1826 5013 dicit,
1860 4955 1945 5004 est

339 5034 575 5104 injustus
608 5036 801 5104 homo,
827 5037 1251 5113 consentientem
1283 5052 1403 5093 esse
1444 5046 1499 5093 et
1526 5040 1943 5096 concordantem

341 5127 647 5197 simplicem
675 5129 976 5201 negativam
998 5145 1117 5199 quae
1145 5130 1295 5195 dicit,
1321 5145 1428 5184 non
1453 5130 1728 5199 estjustus
1758 5131 1941 5200 homo,

342 5227 398 5275 et
427 5224 568 5273 sicut
598 5220 809 5288 negatio
844 5220 1137 5288 privatoria
1171 5221 1418 5290 sequitur
1447 5220 1748 5292 simplicem
1797 5222 1945 5279 afﬁr-

341 5314 659 5380 :nationem,
690 5313 842 5367 aiunt
861 5315 1114 5383 quoniam
1146 5330 1253 5370 non
1282 5314 1365 5407 ita.
1379 5313 1620 5383 sequitur
1643 5314 1942 5395 simplicem

344 5408 685 5474 negationem
717 5422 837 5476 quae
867 5406 1015 5473 dicit,
1047 5422 1154 5461 non
1183 5419 1267 5461 est
1290 5406 1468 5476 justus
1498 5406 1698 5474 homo,
1730 5407 1941 5465 inﬁnita

344 5498 635 5552 afﬁrmatio
664 5513 782 5569 qua:
811 5497 962 5564 dicit,
998 5508 1079 5554 est
1110 5515 1211 5553 non
1234 5496 1413 5568 justus
1434 5497 1617 5552 homo.
1646 5497 1772 5553 Haec
1796 5501 1941 5555 enim

345 5590 491 5645 illam
535 5606 641 5646 non
680 5591 941 5661 sequitur.
988 5591 1193 5659 Quibus
1237 5584 1527 5647 dicendum
1579 5599 1663 5646 est
1713 5607 1936 5661 rursus,

343 5684 595 5753 quoniam
622 5683 824 5739 idcirco
853 5683 1064 5740 inﬁnita
1088 5682 1375 5739 affirmatio
1396 5697 1517 5754 quas
1539 5681 1693 5751 dicit,
1718 5695 1803 5740 est
1830 5699 1941 5741 non

336 5775 519 5847 justus
572 5778 735 5835 homo
762 5820 780 5849 ,
823 5792 932 5837 non
963 5778 1205 5850 sequitur
1233 5776 1537 5851 simplicem
1593 5777 1937 5856 negationem

1998 4667 2004 4671 ’
2053 4683 2283 4745 quatuor
2336 4672 2453 4727 ista:
2494 4678 2654 4726 erunt
2682 4667 2803 4725 dua:
2841 4666 3149 4737 simplices,
3200 4665 3322 4720 duae
3378 4662 3638 4732 inﬁnitae,

2054 4781 2303 4837 quarum,
2338 4763 2389 4818 id
2419 4770 2503 4818 est
2526 4762 2754 4817 duarum
2784 4758 3107 4828 simplicium
3130 4764 3186 4813 et
3207 4754 3434 4811 duarum
3465 4754 3641 4811 infinio

2057 4869 2227 4913 lorum
2251 4899 2265 4921 ,
2316 4856 2434 4911 duas
2462 4855 2712 4925 quidem,
2750 4852 2803 4907 id
2852 4858 2936 4907 est
2978 4852 3293 4922 negationes
3321 4850 3549 4919 simplex
3588 4859 3642 4904 et

2053 4951 2259 5007 infinita
2291 4950 2357 5005 ad
2387 4949 2521 5004 duas
2558 4946 2947 5002 afﬁrmationes
2981 4950 3299 5015 sequuntur,
3324 4942 3377 4995 id
3398 4951 3482 4995 est
3507 4941 3639 4994 sim-

2054 5046 2243 5117 plicem
2272 5053 2327 5099 et
2358 5043 2640 5099 inﬁnitam.
2676 5042 2789 5097 Iloc
2814 5050 2895 5096 est
2924 5040 3067 5095 enim
3099 5037 3239 5109 quod
3269 5037 3363 5101 ait,
3396 5036 3462 5089 ad
3491 5035 3640 5090 afﬁr-

2052 5140 2339 5195 mationem
2369 5147 2425 5193 et
2453 5136 2793 5207 negationem
2816 5135 2895 5191 sic
2932 5149 2993 5190 se
3038 5133 3311 5189 habebunt
3341 5129 3639 5185 secundum

2049 5232 2524 5304 consequentiam,
2557 5232 2609 5288 id
2651 5241 2734 5287 est
2775 5238 3183 5302 consequuntur
3221 5228 3531 5299 negationes
3572 5226 3639 5281 ad

2049 5344 2141 5384 eas
2171 5344 2291 5399 qua:
2318 5336 2446 5383 sunt
2488 5326 2918 5391 afﬁrmationes,
2966 5323 3108 5380 sicut
3148 5323 3198 5376 in
3245 5320 3638 5391 privationibus

2048 5437 2260 5494 quoque
2305 5421 2617 5487 dicebatur,
2664 5418 2787 5475 dua:
2835 5432 2993 5483 vero,
3040 5415 3093 5471 id
3123 5423 3206 5470 est
3250 5413 3637 5467 afﬁrmationes

2043 5518 2271 5588 simplex
2316 5525 2369 5573 et
2399 5516 2605 5571 infinita
2633 5527 2741 5569 non
2780 5511 2980 5568 habent
3014 5524 3073 5565 se
3102 5506 3396 5564 secundum
3443 5518 3636 5559 conse-

2045 5611 2318 5682 quentiam
2365 5609 2431 5665 ad
2483 5609 2617 5664 duas
2650 5603 2995 5677 negationes,
3028 5601 3081 5656 id
3108 5609 3192 5657 est
3234 5598 3531 5669 simplicem
3577 5604 3635 5653 et

2044 5705 2333 5774 infinitam,
2357 5705 2495 5760 sicut
2517 5700 2846 5775 privationes
2866 5709 3080 5769 quoque
3100 5709 3161 5752 se
3184 5692 3481 5751 secundum
3502 5706 3634 5749 con-

1986 5820 1997 5827 κ
2042 5797 2374 5867 sequendam
2407 5810 2519 5854 non
2547 5791 2837 5862 habebant,
2861 5803 2986 5848 nam
3016 5786 3365 5861 privatoriam
3393 5783 3635 5859 negatioo
