4060 6330
523 386 630 445 539

1741 394 1855 451 AN.
1896 393 2102 451 MANL.
2140 392 2295 453 SEV.
2339 399 2563 458 BOETII

3691 411 3795 471 540

524 523 646 564 nem
692 524 798 565 non
830 509 1149 581 sequebatur
1176 509 1464 567 afﬁrmatio
1502 510 1727 581 simplex
1759 552 1774 576 ,
1826 525 1925 566 nec
1970 508 2370 572 sim-Atotam
2428 521 2707 575 sententia:
2754 521 2866 577 vim
2914 534 2970 581 et
3014 524 3374 595 prolixitatem
3422 529 3790 605 digessimus,

524 603 715 673 plicem
766 604 1101 673 negationem
1154 603 1438 673 privatoria
1492 604 1795 662 afﬁrmatio.
1848 605 1943 661 Est
1995 606 2100 661 alia

522 711 733 764 quoque
776 695 1073 764 simplicior
1113 697 1409 766 expositio,
1440 713 1600 767 quam
1643 696 1953 753 Alexander
1984 708 2104 767 post

520 786 714 839 inultas
761 785 893 839 alias
930 785 1329 854 expositiones,
1360 787 1414 842 in
1452 785 1646 858 quibus
1680 789 2099 856 animadvertit,

520 878 684 932 vdidit
713 877 814 932 hoc
848 878 1179 934 modo:Cum
1213 882 1341 947 sint,
1367 882 1559 950 inquit,
1592 892 1821 953 quatuor
1855 884 2101 953 proposi-

519 973 712 1035 tiones,
744 987 969 1041 quarum
996 973 1119 1029 dua)
1159 984 1281 1030 sunt
1312 976 1550 1047 inﬁnitae,
1580 978 1699 1032 dum
1737 993 1866 1035 vero
1886 979 2097 1049 simpli-

518 1078 626 1129 ces,
650 1065 794 1130 duaa,
817 1066 1010 1136 inquit,
1053 1066 1271 1122 inﬁnitae
1292 1070 1569 1139 aequaliter
1595 1084 1655 1125 se
1680 1070 1876 1127 habent
1901 1088 2096 1129 secun-

517 1156 640 1210 dum
664 1156 1075 1213 afﬁrmationem
1092 1168 1146 1214 et
1169 1162 1501 1229 negationem
1523 1164 1590 1218 ad
1615 1166 1950 1233 privatorias,
1977 1169 2097 1225 dum

517 1263 643 1304 vero
688 1251 958 1319 simplices
1008 1252 1073 1305 ad
1125 1253 1338 1308 easdem
1382 1257 1700 1323 privatorias
1736 1276 1795 1315 se
1839 1263 2099 1319 similiter

515 1354 620 1393 non
676 1339 874 1395 habent
924 1340 1023 1397 hoc
1075 1342 1279 1397 modo:
1311 1344 1638 1402 Afﬁrmativa
1690 1350 1831 1406 enim
1883 1351 2091 1409 inﬁnita

515 1433 780 1486 consentit
800 1431 1134 1488 afﬁrtnativm
1162 1436 1487 1504 privatoriae.
1532 1439 1602 1491 Ea
1635 1441 1779 1495 enim
1808 1458 1926 1510 qua:
1961 1443 2096 1500 dicit

515 1520 717 1575 inﬁnita
740 1522 1051 1587 afﬁrmatio,
1079 1534 1163 1579 est
1192 1539 1296 1579 non
1318 1526 1492 1594 justus
1523 1528 1711 1592 homo,
1745 1534 1792 1586 ei
1824 1536 2093 1591 con-emit

514 1612 854 1668 afﬁrmationi
890 1616 1189 1682 privatoria:
1210 1633 1328 1687 qua:
1349 1618 1501 1683 dicit,
1534 1630 1618 1675 est
1646 1621 1876 1691 injustus
1901 1626 2086 1694 homo,

514 1715 576 1756 ea
606 1717 733 1758 vero
763 1704 965 1759 inﬁnita
999 1709 1208 1777 negatio
1237 1725 1357 1775 quas
1374 1710 1523 1774 dicit,
1544 1715 1657 1767 'non
1683 1724 1764 1768 est
1796 1732 1899 1771 non
1915 1718 2090 1787 justus

514 1794 697 1862 homo,
712 1798 1013 1867 privatoria:
1025 1800 1292 1869 negationi
1307 1804 1573 1858 consentit
1589 1821 1708 1872 quae
1725 1806 1875 1873 dicit.
1894 1825 1999 1865 non
2011 1820 2091 1865 cst

2206 622 2371 675 quare
2408 617 2659 679 quoniam
2709 617 2985 681 superiore
3026 619 3186 688 digne
3236 625 3321 689 (ut
3376 623 3507 677 mihi
3556 624 3794 696 videtur)

2205 703 2597 767 expressimus,
2628 707 2903 775 sequentis
2935 716 3117 764 textus
3163 713 3405 768 ordinem
3437 718 3788 772 sententiam-

2206 802 2309 858 que
2335 789 2608 847 videamus

2283 880 2524 937 Similiter
2552 892 2722 937 autem
2748 901 2801 939 se
2829 896 3034 953 navent,
3076 899 3121 942 et
3150 906 3195 943 st
3220 896 3521 949 universalis
3552 913 3774 952 nominis

2205 972 2272 1026 sit
2292 973 2587 1042 afﬁrmatio,
2621 986 2674 1028 ut
2702 978 2863 1031 omnis
2890 990 2961 1032 est
2989 980 3142 1035 homo
3179 986 3376 1053 justus.
3408 986 3652 1057 Negotia,
3691 1008 3788 1045 non

2202 1066 2364 1119 omnis
2391 1075 2463 1121 est
2486 1065 2637 1120 homo
2650 1069 2846 1140 justus,
2867 1073 3027 1125 omnis
3053 1084 3127 1127 est
3150 1074 3299 1129 homo
3329 1092 3431 1131 non
3454 1080 3655 1151 justus,
3688 1099 3786 1136 ιιηη

2201 1156 2366 1209 omnis
2392 1165 2465 1210 est
2492 1157 2642 1211 homo
2670 1176 2768 1213 non
2789 1162 2985 1231 justus.
3020 1163 3124 1219 Sed
3154 1182 3255 1219 non
3299 1168 3538 1223 similiter
3564 1174 3787 1243 angulo-

2200 1262 2279 1300 res
2310 1250 2554 1319 contingit
2580 1264 2723 1305 veras
2744 1267 2872 1316 esse,
2904 1255 3150 1324 contingit
3177 1271 3348 1311 autem
3371 1262 3675 1331 aliquando.

2273 1339 2347 1394 De
2378 1340 2597 1397 inﬁnitis
2636 1345 2875 1414 quaedam
2932 1349 3387 1417 prapositionibus
3433 1356 3775 1423 praelocutus,

2198 1449 2341 1489 nunc
2363 1434 2429 1488 de
2458 1434 2522 1489 iis
2548 1452 2668 1505 qua:
2698 1438 3067 1493 determinata:
3094 1451 3219 1496 sunt
3246 1447 3539 1499 secundum
3570 1450 3781 1503 univer-

2197 1528 2423 1582 salitatis
2452 1540 2505 1583 et
2548 1529 2981 1600 particularitatis
3028 1534 3384 1602 adjectionem
3424 1539 3579 1601 dicit,
3633 1544 3774 1611 quod

2196 1620 2358 1675 etiam
2388 1608 2518 1690 ipsae
2566 1621 2811 1676 similiter
2866 1638 2926 1678 se
2983 1625 3213 1681 habeant
3265 1628 3408 1684 sicut
3437 1630 3543 1686 illa:
3570 1649 3780 1702 quoque

2194 1724 2315 1777 qua:
2340 1711 2457 1765 sine
2496 1712 2639 1766 nulla
2666 1714 3112 1771 determinatione
3153 1718 3486 1787 dicebantur,
3550 1724 3774 1793 simplex

2196 1800 2402 1855 scilicet
2424 1805 2713 1874 propesitio
2745 1814 2905 1874 atque
2936 1807 3161 1862 inﬁnita.
3203 1810 3353 1875 Quod
3384 1828 3514 1867 vero
3543 1817 3654 1871 ait:
3689 1819 3771 1872 Si-

515 1886 744 1953 injuslus
772 1889 952 1954 homo,
981 1900 1140 1961 atque
1171 1892 1252 1947 ha,
1281 1895 1492 1962 quidem
1530 1896 1671 1963 dum,
1701 1900 1750 1953 id
1776 1912 1858 1955 εει
1887 1903 2090 1958 ίηηιήιε
2121 1893 2171 1955 Β
2197 1892 2395 1946 utiliter
2422 1904 2601 1947 autem
2656 1910 2715 1949 se
2768 1895 2965 1951 habent
3023 1908 3076 1952 et
3102 1900 3145 1953 si
3177 1902 3491 1956 universalis
3545 1907 3772 1962 nominis

512 1982 799 2036 afﬁrmatio
821 1991 875 2038 et
902 1984 1106 2040 inﬁnita
1135 1988 1363 2056 negatio,
1393 1988 1466 2042 ita
1494 2002 1615 2044 sese
1641 1991 1837 2047 habent
1856 1994 1922 2049 ad
1945 1980 2091 2051 aftir-

513 2077 800 2131 motionem
824 2086 876 2131 et
898 2078 1256 2147 negationem,
1278 2089 1335 2134 ut
1356 2082 1700 2149 privationes,
1726 2086 1776 2140 id
1792 2097 1874 2141 est
1900 2091 2089 2144 eadem

513 2168 878 2225 afﬁrmantvel
898 2181 1114 2241 negant,
1133 2188 1252 2242 quae
1270 2174 1595 2243 privationes
1616 2177 1980 2236 afﬁrinantvel
1995 2199 2088 2238 ne-

514 2269 661 2331 gant,
690 2262 808 2317 duae
828 2279 955 2319 vero
973 2264 1212 2331 minime,
1236 2268 1287 2321 id
1305 2277 1389 2323 est
1415 2269 1533 2325 duae
1556 2271 1848 2340 simplices,
1870 2276 2087 2331 minime

512 2352 585 2406 ita
608 2367 668 2408 se
698 2352 897 2408 habent
937 2354 1003 2408 ad
1042 2356 1453 2413 afﬁrmationem
1496 2370 1550 2415 et
1579 2366 1917 2432 negationem
1950 2369 2087 2423 sicut

510 2443 858 2512 privationes,
881 2460 1003 2500 nam
1033 2449 1254 2503 omnino
1272 2464 1376 2505 non
1396 2453 1662 2523 contingit
1682 2456 1908 2525 simplex
1941 2458 2088 2514 afﬁr-

512 2537 677 2611 matio
691 2539 1028 2607 privatoriam
1049 2540 1479 2600 afﬁrmationem.
1498 2547 1571 2601 Ea
1596 2548 1738 2602 enim
1769 2566 1888 2619 quae
1923 2552 2077 2619 dicit,

507 2637 593 2684 est
616 2629 794 2700 jusws
836 2631 1020 2698 homo,
1050 2649 1155 2688 non
1194 2639 1462 2692 consentit
1488 2641 1535 2692 ei
1568 2654 1684 2709 qua:
1709 2642 1878 2710 dicit,‘
1894 2655 1977 2700 est
2005 2648 2086 2702 in-

506 2716 682 2788 iustus
714 2721 903 2790 homo,
949 2737 1050 2778 nec
1080 2739 1264 2780 rursus
1286 2730 1496 2797 negatio
1520 2731 1750 2798 simplex
1781 2737 2086 2801 privatoria:

509 2811 775 2881 negationi
800 2815 1083 2870 consentit.
1110 2817 1180 2870 Ea
1204 2819 1345 2873 enim
1368 2836 1486 2889 qum
1506 2821 1654 2889 dicit,
1680 2839 1786 2879 non
1802 2835 1885 2882 est
1908 2829 2086 2897 justus

510 2903 700 2971 homo,
756 2923 876 2976 quae
900 2919 982 2963 est
1010 2912 1235 2977 simplex
1266 2915 1496 2982 negatio,
1524 2915 1814 2983 plurimum
1858 2920 2086 2980 dissidet

505 2996 575 3051 ab
602 3012 664 3052 ea
686 3013 805 3076 quae
834 3000 982 3063 dicit,
1013 3016 1118 3055 non
1146 3010 1228 3056 est
1251 3004 1477 3073 iujustus
1503 3006 1684 3072 homo,
1715 3024 1832 3079 que
1864 3023 1944 3065 est
1976 3017 2084 3083 pri-

506 3092 709 3146 vatoria
753 3094 996 3161 negatio;
1026 3109 1156 3162 ergo
1196 3111 1317 3150 cum
1358 3099 1463 3153 sint
1507 3109 1764 3169 quatuor,
1799 3104 2083 3161 afﬁrmatio

506 3180 731 3248 simplex
781 3192 835 3235 et
874 3185 1085 3252 negatio
1124 3185 1397 3254 simplex,
1441 3190 1727 3246 afﬁrmatio
1774 3194 1976 3251 inﬁnita
2027 3210 2081 3255 et

505 3272 718 3339 negatio
739 3273 983 3340 inﬁnita,
1002 3275 1187 3333 harum
1214 3278 1352 3346 duae,
1382 3280 1433 3335 id
1454 3292 1537 3338 est
1565 3284 1852 3342 afﬁrmatio
1873 3290 2077 3346 inﬁnita

505 3371 561 3417 et
585 3365 795 3433 negatio
818 3364 1044 3432 inﬁnita,
1071 3368 1140 3423 ita
1164 3368 1366 3441 aliquid
1405 3374 1673 3431 afﬁrmant
1696 3380 1777 3433 vel
1803 3395 1995 3451 negant
2024 3397 2079 3441 ut

507 3457 852 3522 privationes.
887 3458 998 3514 Hoc
1028 3471 1110 3515 est
1135 3463 1281 3540 enim
1310 3466 1454 3535 quod
1486 3470 1588 3534 ait,
1634 3470 1705 3524 ita
1734 3487 1851 3529 se~e
1880 3476 2078 3535 habent

500 3548 567 3602 ad
596 3547 1006 3611 afﬁrmationem
1031 3562 1082 3609 et
1108 3546 1468 3626 negationem,
1502 3572 1559 3615 ut
1587 3564 1929 3635 privationes,
1956 3572 2076 3628 duae

500 3652 626 3695 vero
670 3641 911 3700 tninime.
959 3645 1139 3718 Neque
1176 3652 1320 3705 enim
1363 3653 1434 3707 ita
1475 3652 1746 3712 afﬁrmant
1784 3670 1837 3716 et
1881 3674 2077 3734 negant
2112 3664 2119 3669 ’

497 3732 615 3790 duae
661 3736 930 3806 simplices
958 3783 974 3804 ,
1022 3742 1161 3798 sicut
1212 3746 1332 3799 dote
1387 3746 1732 3816 privatorite,
1787 3732 2074 3814 afﬁrmatio

495 3842 723 3899 namque
753 3832 977 3901 simplex
999 3835 1066 3890 ab
1093 3835 1447 3893 afﬁrmatione
1477 3844 1760 3910 privatoria
1784 3846 2070 3919 discrepat,

494 3929 545 3974 et
565 3934 750 3976 rursus
769 3923 982 3993 negatio
1001 3923 1230 3992 simplex
1255 3942 1284 3981 a
1303 3930 1587 3997 negatione
1612 3935 1895 4001 privatoria
1918 3940 2072 4008 longe

492 4009 718 4067 dissidet
739 4023 899 4082 atque
914 4014 1205 4082 discordat,
1220 4019 1313 4073 sed
1334 4018 1447 4074 haec
1465 4023 1545 4091 (ut
1565 4023 1824 4097 diximus)
1841 4030 2073 4086 Alt-xan-

490 4098 572 4153 dri
591 4103 854 4169 expositio
874 4114 956 4156 est
985 4114 1100 4173 post
1128 4108 1321 4163 multas
1344 4110 1478 4166 alias
1500 4111 1816 4184 simplicior,
1850 4135 1953 4177 non
1988 4135 2067 4177 ta-

489 4206 612 4246 men
654 4195 982 4264 repudianda
1003 4238 1020 4264 ,
1050 4200 1143 4254 sed
1169 4201 1254 4256 illa
1283 4207 1530 4274 superior
1558 4212 1740 4266 verior
1769 4228 1891 4272 esse
1921 4220 2070 4276 vide-

488 4287 593 4347 tur,
642 4285 784 4351 quod
825 4288 1140 4347 Aristoteles
1164 4292 1282 4364 ipse
1323 4304 1568 4364 testatur,
1610 4307 1685 4357 ait
1727 4307 1871 4362 enim
1909 4315 2067 4381 paulo

485 4382 606 4441 post
619 4391 633 4429 :
647 4373 773 4430 Haec
785 4376 963 4448 igitur,
979 4377 1426 4451 quemadmodum
1444 4388 1498 4446 in
1515 4393 1850 4454 resolutoriis
1863 4373 2063 4459 dictum

482 4472 592 4529 est,
642 4467 722 4523 sic
751 4478 876 4529 sunt
928 4472 1203 4542 disposita.
1241 4478 1388 4535 Hanc
1434 4482 1577 4551 enim
1622 4494 2063 4561 consequentiam

482 4569 643 4623 quam
670 4573 831 4628 supra
861 4562 913 4617 in
957 4568 1219 4633 superiori
1248 4572 1581 4645 expositione
1610 4585 1901 4638 memoravi
1948 4589 2058 4653 pri-

2196 1983 2480 2038 afﬁrmatio
2508 1985 2599 2051 sit,
2640 1986 2727 2040 alii
2762 1990 2830 2041 ita
2859 1990 3253 2059 intellexerunt,
3291 1996 3513 2066 utquod
3561 2001 3659 2062 ait,
3689 2001 3769 2056 Si-

2195 2076 2394 2129 militer
2424 2077 2689 2132 referatur
2725 2080 2790 2134 ad
2820 2097 3098 2137 numerum
3130 2087 3556 2154 propositionum
3592 2102 3646 2145 et
3683 2109 3769 2162 op-

2194 2168 2537 2235 positionum.
2592 2170 2723 2224 Nam
2758 2172 2895 2227 sicut
2928 2174 2978 2227 in
3027 2174 3110 2230 his
3139 2192 3255 2246 quae
3305 2179 3524 2235 inﬁnitae
3553 2192 3681 2237 sunt
3722 2195 3769 2239 et

2193 2256 2621 2316 indetetminatm
2641 2263 2758 2315 dua:
2806 2272 2931 2318 sunt
2958 2268 3344 2335 oppositiones,
3378 2287 3485 2325 una
3512 2274 3769 2342 simplicis

2192 2353 2491 2420 negationis
2538 2362 2592 2408 et
2621 2356 2881 2424 simplicis
2912 2357 3305 2428 afﬁrmationis,
3350 2362 3519 2419 altera
3554 2366 3766 2423 inﬁnita:

2190 2441 2560 2497 afﬁrmationis
2603 2455 2657 2498 et
2685 2445 2903 2501 inﬁnitae
2956 2452 3273 2519 negationis.
3328 2456 3569 2519 Quatuor
3595 2468 3765 2512 autem

2191 2535 2601 2603 propositiones,
2628 2536 2770 2606 quod
2795 2553 2954 2609 supra
2982 2540 3090 2609 jam
3111 2541 3311 2597 dictum
3336 2554 3438 2610 est,
3465 2545 3537 2600 ita
3561 2564 3763 2620 quoque

2190 2625 2245 2679 in
2276 2625 2339 2678 iis
2370 2642 2488 2693 quin
2518 2626 3022 2684 determinationem
3053 2632 3344 2687 secundum
3397 2636 3761 2692 universalia-

2192 2730 2297 2774 tem
2324 2720 2902 2792 particularitatemquc
2944 2722 3163 2789 habent,
3195 2737 3427 2795 quatuor
3473 2730 3603 2784 ﬁunt
3648 2748 3759 2801 pro-

2189 2814 2485 2881 positiones
2514 2822 2569 2868 et
2598 2818 2862 2884 oppositio
2907 2816 3122 2885 duplex.
3164 2820 3441 2887 Oppositio
3470 2823 3609 2877 enim
3661 2841 3774 2878 una-

2186 2916 2271 2960 est
2297 2908 2611 2962 universalis
2641 2909 3009 2963 allirmatiouis
3040 2912 3322 2981 simplicis,
3351 2925 3406 2968 et
3434 2917 3751 2984 particularis

2186 2994 2484 3057 negationis
2504 2997 2782 3062 simplicis,
2816 3006 2869 3052 ιιι
2896 3010 2997 3061 εει,
3029 3003 3207 3054 omnis
3244 3001 3405 3056 homo
3445 3006 3622 3072 justus
3657 3018 3753 3071 est,

2188 3101 2293 3140 non
2324 3089 2499 3141 omnis
2526 3090 2685 3142 homo
2716 3090 2891 3158 justus
2935 3101 3038 3158 est,
3066 3103 3121 3147 et
3147 3094 3259 3148 hmc
3286 3104 3368 3150 est
3397 3097 3611 3163 quidem
3664 3114 3758 3155 una

2188 3181 2471 3249 Oppositio.
2507 3182 2624 3237 Alia
2654 3198 2785 3238 vero
2812 3184 3033 3239 inﬁnita:
3084 3190 3399 3243 universalis
3452 3192 3757 3247 afﬁrmatio-

2109 3266 2155 3335 C
2186 3274 2289 3337 nis,
2321 3287 2375 3328 et
2406 3275 2627 3330 inﬁnita:
2660 3278 2998 3344 particularis
3029 3279 3344 3349 negationis,
3376 3292 3558 3348 mest,
3592 3288 3758 3339 omnis

2185 3364 2347 3420 homo
2389 3380 2493 3421 noli
2546 3367 2723 3435 justus
2766 3378 2868 3432 est,
2918 3386 3021 3423 non
3069 3374 3244 3427 omnis
3277 3360 3435 3427 homo
3467 3390 3572 3428 non
3594 3377 3758 3445 justus

2183 3469 2283 3513 est.
2309 3458 2483 3525 Quare
2518 3461 2603 3514 hic
2632 3476 2844 3530 quoque
2889 3478 3008 3517 cum
3050 3465 3168 3520 duae
3216 3468 3323 3521 sint
3376 3471 3753 3538 oppositiones.

2181 3562 2335 3607 erunt
2364 3554 2481 3609 sine
2509 3552 2673 3607 dubio
2704 3557 3093 3624 propositiones
3122 3569 3372 3628 quatuor,
3404 3562 3542 3616 sicut
3580 3564 3635 3617 in
3682 3565 3755 3619 his

2180 3644 2248 3701 de
2276 3648 2467 3715 quibus
2491 3662 2647 3716 supra
2670 3647 2899 3714 dixerat,
2924 3666 3042 3718 quae
3066 3650 3290 3719 scilicet,
3314 3652 3756 3712 determinationo

2179 3740 2452 3793 carebant.
2504 3739 2601 3793 Alii
2635 3756 2761 3794 vero
2790 3742 2878 3810 qui
2910 3741 3213 3797 Aristotelis
3265 3745 3502 3800 animum
3548 3749 3754 3817 penitus

2178 3827 2532 3898 inspexerint,
2583 3846 2688 3884 non
2720 3832 2869 3887 aiunt
2892 3832 3137 3889 similiter
3157 3836 3328 3889 Solum
3352 3851 3411 3891 se
3439 3837 3642 3893 habere
3667 3839 3753 3894 de-

2179 3921 2489 3975 tcrtninatas
2512 3924 2922 3992 propositiones,
2949 3926 3015 3979 ad
3044 3943 3326 3983 numerum
3357 3932 3752 3999 Oppositionum

2176 4023 2229 4070 et
2258 4017 2825 4095 propositionumtSed
2855 4023 3015 4076 etiam
3044 4022 3108 4075 ad
3146 4029 3604 4095 consequentiam,
3637 4047 3753 4085 nam

2175 4121 2294 4177 qua:
2320 4090 2808 4180 cstconsequeﬁtia
2862 4116 3199 4183 negatiouotn
3257 4118 3322 4171 ad
3370 4120 3752 4177 aflirmationes

2173 4197 2229 4253 in
2258 4196 2340 4252 his
2362 4202 2817 4269 pr0positionibos
2847 4206 3182 4272 simplicibus
3228 4220 3281 4263 et
3340 4210 3586 4276 inﬁnitis,
3638 4230 3752 4284 qua

2171 4299 2367 4360 praeter
2388 4292 2882 4350 detcrtninationem
2923 4297 3193 4365 dicuntur,
3244 4302 3427 4357 eadem
3460 4304 3751 4360 similitudo

2172 4383 2415 4447 habetur,
2439 4397 2486 4439 el
2519 4384 2573 4438 in
2605 4387 2667 4441 iis
2696 4403 2817 4455 qua:
2845 4403 2964 4443 cum
2988 4390 3435 4448 determinatione
3472 4396 3751 4463 proferun-

2170 4483 2274 4527 tur.
2308 4474 2412 4529 Sed
2443 4477 2694 4545 quoniam
2725 4494 2829 4531 non
2854 4480 2903 4533 itt
2932 4484 3181 4539 omnibus
3222 4492 3403 4539 omnia
3430 4487 3623 4543 similia
3657 4492 3748 4544 ha-

2168 4565 2313 4629 bent,
2344 4569 2543 4623 idcirco
2572 4570 2774 4626 addidit
2796 4584 3006 4638 notans,
3044 4577 3137 4631 sed
3172 4594 3274 4633 noo
3307 4580 3557 4636 similiter
3582 4599 3748 4653 angu-

481 4648 804 4705 vatoriarum
831 4661 885 4707 et
914 4654 1243 4714 inﬁnitarum
1269 4661 1335 4715 ad
1355 4663 1626 4733 simplices
1662 4670 1714 4725 in
1745 4673 1903 4740 primi
1932 4648 2053 4732 fibri
2087 4648 2141 4714 Ι)
2164 4656 2305 4713 lares
2330 4660 2724 4731 contingitesse
2749 4680 2922 4731 veras,
2951 4670 3206 4751 contingit
3227 4681 3403 4727 autem
3432 4675 3743 4746 aliquando.

480 4737 715 4806 priorum
735 4744 1193 4814 resolutoriorum,
1216 4766 1332 4820 qua:
1354 4755 1624 4815 ἀναλυτικά
1646 4758 1820 4818 Graeci
1837 4778 2050 4835 vocant,

481 4826 587 4928 ﬁne
624 4829 913 4901 disposuit;
945 4836 1074 4892 dicit
1097 4850 1275 4895 autem
1316 4843 1642 4918 Porphyrius
1676 4850 1838 4910 fuisse
1885 4826 2049 4928 quos;

479 4916 600 4973 dam
646 4922 730 4976 sui
761 4929 1014 4995 temporis
1035 4973 1050 4996 ,
1096 4933 1183 5000 qui
1225 4932 1366 5011 hunc
1405 4916 1733 5007 exponerent
1759 4916 1934 5004 locum
1958 4991 1974 5017 ,
1996 4964 2052 5009 et

475 5012 728 5080 quoniam
774 5016 843 5071 ab
870 5017 1123 5076 Hermino
1152 5024 1234 5080 vel
1262 5030 1487 5098 Aspasio
1507 5034 1591 5088 vel
1623 5036 1930 5098 Alexandro
1956 5062 2050 5100 ex-

476 5104 768 5170 positiones
812 5108 1048 5180 singulas
1084 5114 1417 5183 proferentes
1445 5124 1610 5179 multa
1649 5134 1923 5187 contraria
1945 5178 1959 5201 ,
1993 5148 2048 5192 et

472 5192 525 5245 in
557 5197 986 5265 expositionibus
1013 5204 1151 5259 male
1188 5206 1255 5259 ab
1288 5207 1395 5265 illis
1421 5214 1579 5269 editis
1612 5216 1922 5278 dissidentia
1947 5192 2047 5283 ’τε-

474 5296 760 5352 pererunt,
805 5291 1087 5349 arbitratus
1126 5295 1291 5353 fuisse
1332 5301 1524 5359 librum
1559 5305 1700 5364 hunc
1744 5310 2045 5374 Aristotelis
2090 5350 2097 5355 -

471 5381 529 5427 ut
556 5374 771 5448 dignum
799 5392 961 5451 esset,
994 5388 1185 5456 exp0ni
1216 5394 1432 5448 omnino
1462 5410 1568 5451 non
1601 5415 1777 5467 posse,
1824 5406 2045 5462 multos-

468 5479 573 5534 que
602 5466 691 5523 illo
721 5482 960 5542 tempora
997 5477 1139 5534 viros
1174 5490 1338 5538 totam
1378 5486 1535 5556 hujus
1565 5488 1687 5546 libri
1720 5466 2044 5557 praeteriisse

468 5555 785 5661 doctrinam,
809 5567 949 5638 quod
975 5571 1403 5641 inexplicabilem
1430 5555 1677 5648 putarent
1704 5555 1827 5642 esse
1858 5592 2043 5661 caligi-

467 5661 613 5706 nem.
658 5651 764 5709 Nos
800 5668 979 5714 autem
1024 5661 1337 5722 brevissime
1380 5668 1517 5725 hunc
1548 5672 1720 5730 locum
1772 5678 1823 5732 in
1870 5651 2040 5749 prima

466 5738 701 5833 editione
729 5751 1271 5822 praeterivimus,’sed
1304 5760 1442 5827 quod
1477 5762 1582 5818 illic
1613 5781 1709 5833 pro
1732 5738 2040 5828 inteliectus

465 5831 806 5902 simplicitate
833 5839 1064 5899 breviter
1103 5849 1381 5914 posuimus
1404 5891 1420 5920 ,
1460 5852 1547 5911 hic
1574 5831 1720 5915 omni
1757 5860 2040 5925 latitudine

2162 4752 2367 4808 Sensus
2395 4765 2570 4809 autem
2603 4756 2904 4827 huiusmodi
2936 4770 3019 4815 est
3069 4781 3083 4817 :
3136 4765 3416 4830 Similiter,
3461 4769 3657 4838 inquit,
3688 4787 3745 4825 se

2163 4843 2361 4901 habent
2387 4846 2470 4901 hac
2498 4850 2889 4917 propositiones
2917 4868 3035 4922 quae
3083 4856 3376 4911 secundum
3418 4860 3744 4917 determina-

2164 4938 2362 4993 tionem
2397 4940 2645 4995 dicuntur
2677 4942 2898 4997 inﬁnita:
2938 4945 3004 4999 ad
3033 4947 3322 5018 simplices,
3377 4962 3430 5006 et
3476 4955 3742 5022 simplices

2156 5030 2221 5082 ad
2256 5030 2509 5096 inﬁnitas,
2544 5035 2990 5101 quemadmodum
3013 5037 3121 5092 illa:
3138 5056 3348 5111 quoque
3369 5058 3427 5098 se
3452 5045 3737 5112 habebant,

2156 5134 2277 5190 qum
2302 5120 2419 5175 sine
2448 5121 2894 5181 determinatione
2926 5127 3217 5185 indeﬁnitte
3246 5133 3583 5191 dicebantur.
3634 5139 3737 5194 Sed

2155 5206 2353 5264 habent
2379 5211 2660 5279 quamdam
2714 5212 3223 5284 dissimilitudinem,
3266 5224 3405 5291 quod
3453 5230 3737 5296 angulares

2153 5300 2542 5368 propositiones
2572 5302 2623 5356 in
2656 5304 2722 5357 iis
2750 5321 2868 5374 quze
2903 5322 3021 5362 cum
3063 5309 3511 5372 determinatione
3554 5318 3737 5373 dicun-

2151 5396 2261 5455 tur,
2292 5393 2613 5448 nonhodem
2637 5395 2797 5451 modo
2827 5413 2966 5453 vera:
2988 5410 3131 5466 sunt,
3182 5406 3450 5472 quomodo
3480 5408 3585 5463 illa:
3616 5428 3730 5478 qum

2147 5481 2266 5537 sine
2292 5482 2740 5542 determinatione
2773 5490 3196 5562 proferebantur,
3239 5498 3325 5552 vel
3374 5500 3594 5557 infinita:
3652 5505 3727 5559 vel

2147 5576 2439 5645 simplices.
2466 5578 2754 5637 Videamus
2778 5599 2905 5653 ergo
2929 5589 3074 5654 prius
3105 5603 3173 5643 an
3204 5592 3390 5646 eadem
3418 5595 3469 5647 in
3519 5596 3581 5649 iis
3611 5612 3728 5666 quae

2147 5667 2512 5727 determinatte
2541 5685 2664 5728 sunt
2691 5676 2759 5730 sit
2784 5680 3161 5747 consequentia
3193 5699 3312 5752 quae
3342 5685 3393 5738 in
3426 5686 3489 5739 iis
3514 5697 3725 5758 estqum

2145 5760 2417 5818 indeﬁnite
2450 5765 2807 5833 proferuntur.
2844 5769 2968 5824 Post
2998 5772 3274 5829 videamus
3303 5779 3519 5847 quaesit
3549 5781 3600 5833 in
3631 5797 3727 5833 an-

2159 5851 2431 5922 gularibus
2458 5857 2860 5926 distsitnilitudo;
2889 5862 3242 5935 diaponantur
3268 5882 3395 5945 ergo
3421 5884 3527 5926 non
3554 5872 3725 5933 solum
