4060 6330
294 351 393 406 Si“

1043 352 1109 407 IN
1146 351 1402 409 LIBRUM
1437 351 1527 409 ns
1564 334 2209 407 INTERPRE’I‘ATIONE
2249 340 2474 406 como
2511 349 2849 407 SECUNDA.

3449 334 3552 407 542

294 466 378 519 liae
405 478 525 534 qum
573 464 847 533 simplices
884 463 966 519 vel
995 465 1217 519 inﬁnitae
1245 474 1389 528 sunt,
1439 463 1533 519 sed
1560 464 1721 517 etiam
1749 476 1871 531 quae
1900 470 1955 533 Α
1977 474 2110 531 quas
2139 460 2540 527 determinatus,
2569 464 2653 519 vel
2694 461 3105 519 universalitatis
3141 470 3438 533 quantitate
3466 467 3549 520 vel

292 563 418 610 sunt
466 556 788 625 privatoria,
823 566 878 611 et
916 557 1062 625 prius
1108 555 1321 625 quidem
1372 554 1722 621 disponantur
1769 552 1869 608 lioc

293 646 454 703 modo
477 664 492 697 :
514 645 750 715 Simplex
772 645 1060 702 afﬁrmatio
1078 646 1411 715 simplexque
1438 645 1672 716 negatio.
1703 645 1765 697 Et
1788 641 1871 698 Im

292 740 507 810 quidem
536 737 844 803 indeﬁnite,
877 736 931 792 id
965 748 1048 793 est
1087 749 1282 807 praeter
1322 734 1745 791 universalitatis
1782 744 1874 790 aut

274 830 728 902 sparticularitatis
756 829 1132 898 adiectionem,
1164 830 1263 883 sub
1289 827 1393 894 bis,
1418 827 1468 882 id
1492 838 1575 883 est
1602 827 1702 882 sub
1725 824 1875 881 afﬁr-

293 924 531 980 matione
551 921 764 992 quidem
794 920 1024 989 simplici
1057 930 1284 990 ponatur
1320 918 1534 987 negatio
1563 917 1871 988 privatoria,

291 1019 394 1074 sub
419 1017 700 1087 negatione
719 1030 845 1071 vero
872 1013 1100 1084 simplici
1124 1012 1410 1070 afﬁrmatio
1442 1014 1747 1084 privatoria.
1780 1011 1874 1067 Ha

291 1124 502 1180 quoque
516 1122 700 1163 rursus
720 1106 1024 1172 indeﬁnite;
1056 1115 1281 1175 ponatur
1305 1115 1486 1162 autem
1516 1105 1619 1161 sub
1640 1104 1875 1161 afﬁrma-

294 1202 441 1255 tione
469 1200 775 1270 privatoria,
803 1210 860 1256 et
886 1202 988 1256 sub
1014 1200 1241 1270 simplici
1269 1200 1557 1271 negatione
1587 1198 1874 1255 afﬁrmatio

292 1291 522 1347 inﬁnita.
550 1290 664 1347 Sub
690 1290 973 1359 privatoria
1016 1300 1194 1346 autem
1244 1292 1532 1361 negatione
1561 1300 1617 1346 et
1644 1289 1873 1360 simplici

292 1384 651 1440 afﬁrmatione
673 1392 901 1453 ponatur
928 1385 1172 1456 negativa
1205 1383 1431 1450 inﬁnita,
1462 1394 1518 1439 et
1542 1382 1627 1438 ba
1663 1397 1878 1453 quoque

293 1475 573 1532 indeﬁnite
601 1483 657 1531 et
687 1476 1095 1533 indeterminate
1127 1477 1247 1533 sine
1296 1477 1402 1531 ulla
1450 1475 1872 1546 particularitato

294 1567 382 1623 Vel
431 1568 850 1626 universalitate.
880 1566 996 1625 Sub
1043 1568 1125 1623 liis
1175 1579 1353 1624 autem
1384 1567 1737 1638 disponantur
1789 1566 1872 1621 bar

894 1660 1193 1717 Afﬁrmatio
1222 1661 1469 1729 simplex.

898 1732 1119 1813 ﬁegatio
1146 1732 1454 1813 privatoria.

902 1800 1122 1874 Negatio
1145 1800 1370 1857 inﬁnita.

1976 556 2411 626 particularitatis
2433 572 2707 625 vocamus,
2742 567 2797 612 et
2824 557 2994 625 primo
3025 547 3239 626 quidem
3269 559 3556 616 afﬁrmatio

1974 646 2298 702 universalis
2317 648 2564 718 simplex,
2598 659 2784 705 contra
2809 650 2946 704 banc
2964 649 3189 719 Inegatio
3219 650 3557 719 particularis

1974 740 2222 808 simplex.
2251 738 2365 795 Sub
2392 738 2747 796 afﬁrmatione
2781 752 2958 798 autem
2994 743 3278 798 universali
3324 742 3557 813 simplici

1978 840 2210 903 ponatur
2258 834 2471 903 negatio
2519 833 2857 902 particularis
2884 834 3195 903 privatoria,
3244 833 3346 889 sub
3392 849 3558 903 nega-

1981 926 2127 980 tione
2150 930 2331 979 autem
2372 924 2682 995 particulari
2705 925 2957 995 simplici,
2978 926 3297 982 universalis
3326 927 3561 982 afﬁrma-

1976 1015 2054 1071 tio
2077 1015 2385 1084 privatoria.
2413 1014 2620 1069 Rursus
2649 1016 2750 1071 sub
2791 1016 3070 1085 negatione
3116 1017 3420 1087 particulari
3454 1020 3564 1087 pti-

1977 1107 2208 1171 vatorla,
2234 1115 2292 1165 et
2315 1109 2416 1162 sub
2444 1105 2803 1163 afﬁrmatione
2836 1106 3123 1164 universali
3153 1109 3382 1178 simplici
3404 1125 3565 1179 pona-

1976 1182 2328 1270 tur'negatio
2378 1199 2716 1270 particularis
2763 1200 2985 1256 inﬁnita.
3032 1200 3148 1257 Sub
3202 1201 3562 1257 afﬁrmatione

1977 1305 2109 1347 vero
2140 1291 2428 1347 universali
2460 1292 2772 1361 privatoria,
2798 1300 2854 1346 et
2881 1293 2980 1347 sub
3016 1294 3300 1363 negatione
3327 1293 3559 1359 simplici

1980 1383 2286 1453 particulari
2346 1394 2574 1453 ponatur
2626 1383 2943 1469 universalis
2991 1384 3281 1441 afﬁrmatio
3330 1384 3561 1452 inﬁnita,

1977 1476 2084 1530 erit
2114 1483 2291 1530 autem
2328 1474 2636 1545 huiusmodi
2668 1475 2989 1546 descriptio:

2312 1656 2484 1729 Homo
2506 1669 2683 1729 Justus
2712 1667 2814 1713 est.

2316 1728 2489 1801 ﬂomo
2512 1728 2748 1801 injttstus
2794 1744 2902 1784 non
2930 1738 3031 1784 est.

2318 1798 2489 1853 llomo
2516 1798 2620 1854 non
2650 1799 2824 1871 justus
2852 1817 2956 1855 non
2988 1809 3089 1856 est.

1782 1866 2091 1925 lnde’ﬂnilae.

900 1942 1071 2014 Homo
1088 1943 1265 2014 justus
1303 1957 1411 1997 non
1436 1954 1537 1995 est.

899 2013 1070 2069 Homo
1092 2013 1327 2082 itijusttts
1352 2021 1455 2068 est.

895 2085 1067 2141 Homo
1096 2102 1198 2139 non
1226 2083 1405 2157 justus
1432 2092 1533 2138 est.

902 2177 1200 2234 Afﬁrtttatio
1226 2177 1543 2232 universalis
1571 2174 1817 2241 simplex.

905 2248 1128 2318 Negatio
1156 2247 1491 2315 particularis
1515 2246 1822 2316 privatoria.

900 2319 1122 2390 Negatto
1148 2320 1483 2390 pirticularis
1514 2318 1735 2374 infinita.

2322 1939 2547 2007 Negatio
2572 1942 2800 2007 simplex

2327 2010 2631 2082 Afﬁrmatio
2659 2014 2963 2082 privatoria.

2321 2080 2619 2137 Afﬁrmatio
2645 2080 2872 2140 inﬁnita.

2323 2178 2509 2248 anis
2536 2177 2693 2231 homo
2716 2176 2897 2248 justus
2926 2189 3026 2234 est.

2325 2244 2442 2319 Non
2469 2249 2644 2302 omnis
2676 2244 2834 2303 homo
2862 2248 3092 2319 injustus
3112 2256 3215 2303 est.

2301 2312 2305 2329 ¹
2329 2318 2444 2389 Non
2466 2322 2643 2375 omnis
2670 2320 2830 2375 h0tno
2860 2312 2964 2374 non
2983 2319 3158 2391 justus
3185 2326 3284 2376 est.

1804 2382 2045 2442 Deﬁnitaz

906 2458 1021 2521 Non
1051 2461 1223 2530 omnis
1247 2460 1404 2515 homo
1425 2458 1604 2530 justus
1636 2468 1737 2513 est.

910 2529 1097 2585 Omnis
1128 2531 1289 2586 homo
1319 2529 1548 2598 injustus
1576 2539 1676 2583 εει.

913 2602 1100 2657 Omnis
1128 2602 1290 2656 homo
1318 2617 1420 2655 non
1448 2600 1626 2671 justus
1657 2608 1757 2655 est.

2326 2459 2550 2527 Negatio
2576 2460 2911 2529 particularis
2931 2463 3176 2529 simplex.

2324 2529 2629 2602 Afﬁrmatio
2658 2533 2978 2587 universalis
3006 2533 3307 2602 privatoria.

2321 2599 2625 2655 Afﬁrmatio
2648 2605 2967 2659 universalis
2998 2599 3224 2658 inﬁnita.

302 2694 363 2750 In
390 2694 493 2750 hoc
517 2693 708 2751 ordine
732 2695 1152 2766 propositionum
1193 2708 1350 2764 quem
1402 2709 1563 2765 supra
1606 2689 1889 2760 descripsi-
1912 2690 1964 2754 Β
1988 2688 2194 2746 inﬁnita
2214 2692 2449 2761 negatio.
2477 2692 2610 2748 Nam
2634 2695 2680 2750 si
2706 2709 2830 2750 vera
2853 2703 2937 2749 est
2961 2692 3279 2748 universalis
3297 2691 3577 2747 affirmatio

305 2803 449 2855 mus,
464 2805 585 2859 qure
600 2789 1006 2861 sintangulares
1020 2787 1358 2844 manifestum
1373 2799 1477 2843 est.
1501 2787 1636 2843 Sunt
1657 2799 1886 2855 namque

304 2881 690 2938 affirmatioites
758 2882 970 2950 quidem
1033 2879 1476 2936 afﬁrmationibus
1514 2920 1529 2945 ,
1578 2878 1888 2950 negationes

308 2989 442 3029 vero
470 2976 858 3045 negationibns,
890 2986 942 3031 et
980 2977 1031 3031 in
1064 2975 1145 3030 his
1172 2974 1385 3046 quidem
1432 2990 1552 3043 qua!
1601 2974 1919 3029 indeﬁnitm

310 3075 440 3122 sunt
458 3067 644 3123 eodem
670 3070 829 3123 modo
856 3069 1139 3139 angulares
1164 3078 1288 3123 sunt
1310 3068 1714 3123 afﬁrmationes.
1742 3065 1884 3122 S.m-

310 3161 431 3232 plex
454 3162 666 3231 quidem
697 3162 984 3217 afﬁrmatio
1008 3176 1127 3231 qua:
1154 3161 1303 3226 dicit,
1348 3169 1431 3217 est
1479 3160 1639 3215 ltoino
1688 3157 1885 3229 justus,

307 3252 615 3322 μίσθιοι-ιω
641 3253 985 3309 afﬁrmationi
1014 3268 1134 3323 qua:
1155 3252 1305 3319 dicit,
1336 3263 1420 3309 est
1446 3253 1607 3307 homo
1637 3251 1886 3320 iniustus,

307 3352 361 3399 et
390 3344 610 3400 inﬁnita:
650 3345 986 3401 alﬁrvnationi
1016 3362 1134 3417 quae
1165 3338 1435 3415 proponit,
1468 3357 1551 3400 est
1592 3345 1752 3399 homo
1781 3361 1890 3399 non

305 3434 504 3507 justus,
532 3438 800 3507 angularis
834 3448 935 3492 est.
967 3438 1189 3508 Negatio
1220 3453 1349 3494 vero
1392 3438 1619 3507 simplex
1644 3429 1763 3507 qum
1784 3444 1886 3504 est,

309 3544 416 3584 non
444 3538 528 3584 est
550 3530 711 3584 Itomo
745 3530 940 3601 justus,
968 3530 1233 3603 negationi
1266 3530 1565 3600 privatoria:
1593 3546 1710 3601 qua:
1738 3530 1888 3598 dicit,

310 3637 414 3676 non
443 3635 521 3678 est
552 3622 712 3678 homo
741 3624 972 3691 iniustus
1001 3633 1054 3679 et
1085 3623 1348 3695 negationi
1372 3623 1595 3678 inﬁnitae
1634 3638 1754 3694 qua:
1783 3635 1886 3691 est,

310 3727 417 3767 non
447 3722 533 3768 est
561 3714 722 3768 homo
752 3729 855 3768 non
877 3706 1077 3782 'justns,
1104 3714 1373 3784 angnlaris
1394 3724 1497 3769 est.
1527 3712 1656 3769 Item
1701 3717 1745 3767 si
1771 3716 1893 3783 quis

309 3803 377 3859 ad
416 3803 669 3860 deﬁnitas
710 3807 1103 3876 propositiones
1130 3822 1228 3876 asp
1248 3806 1375 3873 ciat,
1402 3805 1542 3860 idem
1573 3808 1689 3861 sine
1716 3806 1892 3875 aliqua

309 3901 642 3959 dubitatione
696 3904 947 3974 reperiet.
1022 3903 1325 3960 Afﬁrmatio
1378 3904 1521 3959 enim
1578 3902 1894 3958 universalis

313 3994 545 4060 simplex
578 4010 696 4065 qua:
735 4005 837 4060 est,
879 3996 1056 4051 omnis
1106 3999 1267 4051 homo
1305 3994 1483 4067 justus
1523 4004 1625 4061 est,
1661 3995 1895 4049 afﬁrma-

1990 2783 2223 2852 simplex
2251 2798 2370 2850 quzc
2399 2783 2551 2849 dicit,
2582 2787 2758 2861 omnis
2789 2796 2872 2840 est
2910 2787 3069 2839 Itomo
3101 2783 3307 2853 justus,
3345 2799 3469 2839 vera
3498 2793 3578 2838 est

1991 2875 2151 2929 etiam
2226 2875 2563 2945 particularis
2637 2879 2923 2960 privatoria
2974 2877 3183 2947 negatio
3242 2891 3361 2946 quae
3417 2874 3576 2955 dicit,

1990 2991 2097 3031 non
2151 2976 2328 3031 omnis
2375 2985 2457 3033 est
2499 2977 2661 3032 homo
2706 2976 2973 3047 iniustus;
3027 2977 3128 3031 lioc
3167 2985 3345 3032 autem
3378 2974 3581 3030 idcirco

1990 3067 2170 3123 evenit
2212 3069 2353 3138 quod
2400 3084 2461 3124 ea
2502 3084 2621 3139 qua:
2666 3068 2833 3137 dicit,
2879 3082 2984 3123 non
3026 3070 3202 3122 omnis
3243 3067 3404 3122 homo
3441 3067 3581 3137 inju-

1990 3178 2107 3224 stus
2149 3180 2253 3236 est,
2286 3170 2425 3225 idem
2460 3178 2635 3241 potest
2680 3173 2822 3240 quod
2848 3169 3102 3242 simplex,
3128 3179 3182 3226 et
3204 3169 3391 3224 similis
3420 3180 3502 3224 est
3529 3170 3579 3225 ei

1990 3277 2113 3332 qua:
2188 3262 2471 3331 proponit,
2539 3263 2755 3333 quidam
2815 3264 2978 3320 homo
3023 3262 3201 3334 justus
3256 3272 3380 3329 est,
3456 3279 3579 3339 par-5

1993 3355 2202 3411 ticulari
2260 3355 2492 3427 simplici
2537 3358 2921 3423 alﬁrmationi;
2964 3373 3087 3412 nam
3136 3357 3183 3413 si
3242 3373 3348 3411 non
3401 3357 3579 3411 omnis

1998 3446 2163 3503 homo
2192 3446 2423 3519 iniustus
2448 3457 2552 3513 est,
2576 3448 2789 3515 quidam
2826 3450 2985 3506 homo
3010 3451 3186 3518 justus
3214 3459 3317 3512 est,
3346 3449 3438 3503 sed
3464 3464 3583 3518 par-

1996 3543 2236 3597 ticularis
2291 3543 2578 3598 afﬁrmatio
2625 3543 2852 3611 simplex
2914 3542 3156 3611 sequitur
3217 3542 3579 3597 universalem

1994 3632 2369 3687 afﬁrmativam
2400 3635 2722 3702 simplicem.
2751 3633 2975 3699 Quando
3014 3635 3156 3686 enim
3190 3648 3313 3688 vera
3343 3644 3423 3688 est
3454 3636 3581 3689 uni-

1998 3721 2225 3784 versalis
2255 3720 2543 3776 afﬁrmatio
2568 3737 2687 3791 qua:
2708 3721 2859 3780 dicit.
2891 3723 3065 3775 omnis
3090 3723 3248 3776 homo
3274 3731 3355 3777 est
3378 3721 3582 3793 justus,

1995 3826 2124 3866 vera
2170 3820 2254 3868 est
2300 3821 2355 3866 et
2405 3811 2743 3881 particularis
2789 3810 3103 3866 afﬁrtnativa
3141 3827 3260 3881 quas
3313 3814 3582 3882 proponit,

2000 3902 2217 3971 quidam
2270 3903 2432 3956 homo
2471 3902 2648 3972 justus
2686 3911 2790 3967 est,
2832 3901 2925 3957 sed
2956 3903 3003 3957 ei
3034 3918 3153 3971 qua:
3181 3902 3332 3971 dicit,
3363 3904 3578 3973 quidam

2002 3993 2163 4049 homo
2183 3994 2361 4065 justus
2386 4004 2490 4059 est,
2524 3996 2792 4051 consentit
2842 3995 3177 4065 particularis
3220 3997 3430 4066 negatio
3474 3995 3584 4064 pri-

316 4084 453 4139 tioni
477 4086 757 4141 universali
778 4088 1221 4159 privatorim'qum
1239 4091 1501 4153 enuntiat,
1537 4093 1711 4143 omnis
1735 4088 1897 4142 homo
1925 4058 1972 4123 Ο
2000 4091 2204 4144 vatoria
2230 4107 2349 4160 qua!
2372 4093 2642 4160 proponit,
2678 4108 2784 4146 non
2814 4092 2988 4144 omnis
3019 4089 3183 4144 homo
3218 4103 3301 4145 εει
3332 4089 3584 4158 injustus.

321 4174 553 4245 injustus
582 4185 682 4241 est,
726 4188 778 4233 et
806 4179 1145 4234 aitirmationi
1190 4179 1477 4235 universali
1519 4181 1739 4234 inﬁnitae
1778 4194 1899 4250 qua:

316 4265 468 4334 dicit,
495 4268 670 4323 omnis
694 4278 774 4323 cst
800 4271 960 4325 homo
989 4288 1093 4325 non
1120 4268 1195 4342 ju'
1213 4281 1321 4335 tus,
1351 4273 1622 4343 angnlaris
1642 4282 1743 4326 est.
1769 4272 1896 4327 Item

314 4359 532 4427 negatio
562 4362 892 4429 particularis
920 4364 1144 4432 simplex
1184 4380 1304 4434 quas
1332 4374 1435 4430 est,
1467 4380 1570 4419 non
1598 4365 1776 4419 omnis
1817 4375 1901 4420 est

317 4451 481 4506 homo
498 4452 697 4521 justus,
750 4456 1017 4525 negationi
1072 4458 1372 4527 particulari
1425 4458 1730 4528 privaturire
1782 4472 1901 4528 quae

313 4542 466 4607 dicit,
501 4560 607 4598 non
636 4545 811 4602 omnis
838 4557 925 4602 est
948 4547 1109 4603 homo
1136 4548 1386 4619 injustas,
1415 4559 1465 4603 et
1486 4550 1751 4620 negationi
1777 4565 1901 4618 par-

315 4639 528 4697 ticulari
557 4642 783 4699 inﬁnita:
813 4660 931 4713 qua:
968 4644 1237 4715 preponit,
1265 4661 1369 4699 non
1398 4647 1574 4700 omnis
1616 4655 1701 4701 est
1745 4646 1904 4702 homo

316 4749 425 4791 non
446 4736 646 4805 justus,
674 4738 958 4807 angulares
985 4748 1111 4793 sunt
1137 4740 1297 4810 igitur
1324 4739 1709 4795 aftirtnationes
1749 4739 1901 4794 afﬁr-

316 4823 674 4888 mationibtts,
724 4833 778 4878 et
826 4828 1137 4895 negatiOnes
1185 4827 1570 4896 negationilius,
1623 4827 1908 4897 angulares

318 4924 445 4971 sunt
466 4926 524 4970 et
553 4916 607 4970 in
635 4916 821 4970 ordine
845 4917 1241 4972 indelinitarum
1274 4920 1695 4988 propositionum
1742 4928 1797 4974 et
1852 4921 1907 4973 in

318 5007 509 5063 ordine
535 5006 901 5077 deﬁnitarum,
931 5013 1185 5079 quocirca
1214 5010 1280 5065 de
1306 5025 1489 5065 carum
1518 5010 1903 5081 consequentia

318 5102 705 5172 speculandum
734 5110 836 5156 est.
872 5102 1077 5156 Dictum
1119 5112 1202 5157 est
1232 5104 1373 5158 enim
1405 5104 1550 5172 prius
1583 5104 1723 5172 quod
1762 5102 1908 5157 afﬁr-

321 5194 613 5247 tnationem
645 5193 974 5248 intleﬁnitam
1015 5195 1309 5264 simplicem
1360 5205 1676 5264 sequeretur
1725 5197 1906 5263 priva-

322 5286 456 5337 toria
481 5292 535 5338 et
564 5282 768 5338 inﬁnita
800 5287 1036 5354 negatio,
1068 5301 1161 5341 eas
1190 5300 1320 5341 vero
1340 5286 1565 5355 simplex
1619 5286 1908 5341 afﬁrmatio

322 5392 430 5433 non
461 5389 798 5446 sequeretur,
828 5393 1013 5434 rursus
1040 5380 1299 5435 inﬁnitam
1326 5379 1769 5447 afﬁrmationem,
1796 5381 1908 5452 pri-

323 5474 694 5542 vatoriamque
714 5473 1123 5528 afﬁrmationem
1150 5475 1390 5545 sequitur
1414 5473 1644 5544 simplex
1674 5476 1906 5545 negatio,

324 5564 414 5622 lue
428 5581 558 5623 vero
570 5566 907 5637 negationem
926 5567 1223 5636 simplicem
1245 5580 1350 5621 non
1370 5575 1687 5636 sequuntur.
1706 5568 1913 5623 Rursus

328 5660 371 5713 si
402 5659 523 5729 quis
552 5660 620 5715 ad
646 5659 889 5714 ordinem
927 5658 1267 5713 deﬁnitarum
1292 5658 1562 5728 respiciat,
1592 5658 1731 5713 idem
1763 5660 1912 5714 inve-

329 5752 462 5818 niet,
495 5752 913 5807 afﬁrmationem
956 5766 1188 5820 namque
1226 5752 1580 5806 uuiversalem
1612 5752 1911 5822 simplicem

332 5855 574 5917 sequitur
593 5843 932 5918 particularis
951 5844 1240 5914 privatoria
1262 5844 1476 5915 negatio
1495 5854 1550 5901 et
1572 5844 1914 5912 particularis

2001 4183 2261 4248 Quocirca
2295 4185 2453 4237 etiam
2488 4178 2828 4253 particularis
2865 4185 3077 4253 negatio
3123 4182 3411 4257 privatoria
3469 4181 3589 4234 uni-

2001 4275 2197 4328 versali
2244 4275 2471 4343 simplici
2522 4271 3185 4328 afﬁrmationiconsenlit.
3218 4270 3586 4340 Sequitnrigi-

2004 4376 2089 4420 tur
2115 4379 2235 4419 eam
2276 4378 2399 4434 quae
2441 4365 2588 4429 dicit,
2618 4364 2788 4417 omnis
2820 4371 2898 4417 cst
2953 4360 3112 4415 homo
3155 4359 3332 4429 justus
3376 4359 3590 4412 univer-

2004 4456 2174 4510 salem
2204 4456 2412 4510 scilicet
2442 4454 2742 4524 simplicem
2770 4451 3207 4515 afﬁrmationem,
3239 4465 3298 4504 ea
3323 4465 3440 4520 qua:
3470 4464 3591 4517 pro-

2004 4546 2173 4615 ponit,
2218 4561 2324 4599 non
2382 4546 2558 4599 omnis
2607 4553 2689 4599 est
2742 4530 3199 4609 homo'injusttts,
3254 4540 3591 4611 particularis

2005 4639 2220 4707 negatio
2243 4638 2558 4707 privatorla,
2584 4635 2677 4690 sed
2700 4635 2822 4690 huic
2846 4632 3154 4704 particulari
3185 4633 3452 4701 negationi
3486 4631 3592 4699 prio

2009 4732 2259 4793 vatorize,
2308 4745 2427 4799 quae
2456 4729 2607 4789 dicit,
2654 4722 2760 4783 non
2804 4728 2981 4782 omnis
3021 4737 3105 4782 e~t
3134 4726 3296 4779 homo
3340 4725 3587 4795 injustus,

2006 4821 2277 4877 consentit
2307 4820 2645 4891 particularis
2675 4818 2879 4874 inﬁnita
2904 4822 3135 4889 negatio,
3162 4833 3281 4884 qum
3302 4818 3452 4880 dicit,
3486 4832 3591 4869 non

2007 4913 2183 4967 Omnis
2214 4922 2299 4966 est
2325 4914 2484 4966 homo
2513 4927 2618 4967 nun
2647 4911 2846 4982 justus,
2877 4919 2933 4966 et
2960 4927 3143 4966 verum
3172 4920 3254 4966 est
3280 4910 3323 4964 si
3350 4925 3453 4963 non
3480 4924 3593 4961 om-

2011 5004 2092 5058 nis
2118 5012 2202 5058 est
2228 5004 2389 5057 homo
2414 5002 2663 5073 injustus,
2697 5004 2947 5073 quoniam
2986 5017 3090 5057 non
3121 5004 3295 5056 omnis
3320 5012 3401 5054 est
3434 4999 3593 5053 homo

2012 5112 2118 5151 non
2159 5096 2357 5166 justus,
2411 5096 2550 5151 idem
2583 5098 2726 5150 enim
2759 5105 2990 5152 estesse
3033 5095 3284 5167 injustum
3315 5092 3455 5163 quod
3490 5106 3592 5145 non

2005 5188 2231 5258 justum,
2261 5190 2353 5243 sed
2389 5188 2723 5255 particularis
2754 5188 3041 5258 privatoria
3096 5185 3309 5257 negatio
3359 5184 3598 5253 sequitur

2012 5289 2311 5357 simplicem
2343 5289 2695 5343 universalcm
2733 5287 3156 5342 afﬁrmatio’nem.
3194 5285 3399 5339 Inﬁnita
3435 5285 3598 5354 igitur

2015 5381 2228 5451 negatio
2249 5380 2580 5451 particularis
2603 5376 2844 5451 sequitur
2859 5380 3156 5450 simplicem
3186 5378 3594 5431 afﬁrmationem

2017 5473 2400 5538 universalcm,
2424 5474 2577 5542 eique
2604 5472 2891 5539 consentit,
2917 5472 2959 5525 si
2985 5472 3130 5539 prius
3152 5468 3437 5523 afﬁrmatio
3467 5468 3593 5520 uni-

2014 5563 2237 5618 versalis
2265 5578 2388 5618 vera
2422 5564 2508 5617 sit.
2537 5563 2796 5629 Quocirca
2834 5576 2951 5617 eam
2983 5576 3100 5631 quae
3130 5561 3280 5623 dicit,
3310 5561 3486 5614 omnis
3513 5570 3596 5613 est

2016 5652 2178 5709 homo
2218 5654 2414 5725 justus,
2463 5655 2818 5709 universalem
2848 5653 3143 5722 simplicem
3179 5652 3593 5707 afﬁrmationem

2016 5758 2314 5817 sequuntur
2340 5749 2454 5801 sine
2485 5747 2648 5800 dubio
2676 5744 3014 5813 particularis
3040 5743 3246 5813 negatio
3275 5744 3587 5813 privatoria,

2016 5855 2123 5900 non
2151 5841 2326 5897 omnis
2352 5848 2438 5897 est
2460 5841 2620 5896 homo
2660 5837 2911 5907 injustus,
2936 5846 2990 5893 et
3018 5837 3352 5910 particularis
3379 5838 3610 5910 nqatios
