4060 6330
505 295 611 352 545

1728 292 1838 348 ΑΝ.
1881 289 2090 347 MANL.
2131 286 2287 348 SEV.
2328 288 2552 348 BOETll

3684 290 3787 351 SN

504 413 710 471 inﬁnita
749 428 852 470 non
900 413 1074 469 omnis
1099 423 1181 468 est
1207 413 1367 468 homo
1396 427 1501 467 non
1541 412 1737 483 justus.
1790 416 1965 479 Quare
2002 413 2093 466 hic
2119 414 2171 471 Α
2197 411 2377 477 Quare
2406 414 2648 482 sequitur
2691 427 2905 486 quoque
2944 413 3283 482 particularis
3311 412 3525 483 negatio
3556 411 3787 479 simplex

503 527 718 581 quoque
745 510 1153 564 afﬁrmationem
1186 508 1494 576 negationes
1531 515 1845 576 sequuntur,
1871 506 1964 562 sed
1988 505 2089 561 ltoc

505 620 611 659 non
638 603 995 666 convertitur;
1022 602 1272 671 quoniam
1305 600 1447 655 enim
1483 600 1777 673 (ill‘dlClllm
1805 608 1909 668 est)
1936 616 2090 669 nega-

503 695 577 750 tio
611 694 943 762 particularis
976 690 1266 760 privatoria
1312 706 1431 761 qua:
1459 691 1608 756 dicit,
1662 707 1767 747 non
1803 693 1979 746 omnis
2006 701 2089 747 est

502 786 666 841 homo
696 786 943 855 injustas,
968 784 1236 838 consentit
1258 784 1564 854 particulari
1592 783 1938 840 afﬁrmationi
1959 786 2089 840 sim-

502 878 647 943 plici,
698 879 744 931 ei
776 878 979 931 sellicet
1007 892 1126 946 qua:
1155 876 1303 941 dicit,
1326 877 1540 947 quidam
1576 877 1737 932 homo
1770 876 1950 947 justus
1978 886 2079 936 est.

500 970 644 1024 Hanc
675 978 848 1021 autem
879 968 1248 1029 iarticul‘arem
1275 967 1685 1022 afﬁrmationem
1716 982 1823 1022 non
1845 969 2086 1038 sequitur

497 1060 821 1113 ntiiversalis
867 1058 1189 1127 affirmatio,
1241 1044 1413 1129 neque
1466 1060 1607 1114 enim
1663 1059 1706 1113 si
1767 1074 1952 1115 verum
2002 1068 2087 1116 est

496 1159 776 1220 qttvtttJatn
807 1152 1078 1204 hominem
1110 1165 1230 1205 esse
1255 1150 1482 1218 justum,
1517 1149 1716 1204 idcirco
1741 1149 1852 1219 jam
1881 1159 1935 1205 et
1963 1165 2084 1205 0m-

495 1260 616 1299 nern
646 1262 765 1300 esse
797 1246 1062 1299 hominem
1100 1244 1307 1312 justum
1356 1258 1578 1305 necesse
1623 1255 1725 1301 est.
1770 1244 1948 1312 Quare
1976 1260 2081 1299 non

495 1338 735 1407 sequitur
784 1337 1072 1391 afﬁrmatio
1128 1338 1443 1391 universalis
1483 1337 1733 1405 simplex,
1765 1337 1945 1392 omnis
1999 1348 2082 1392 est

496 1428 659 1483 homo
692 1430 897 1495 justus,
940 1426 1350 1483 afﬁrmationem
1410 1429 1808 1496 particularem,
1866 1428 2081 1499 quidam

496 1521 656 1575 homo
695 1533 776 1577 cst
803 1525 998 1589 justus,
1028 1531 1199 1592 potest
1231 1523 1373 1577 enim
1406 1521 1503 1575 hac
1535 1538 1683 1587 vera,
1720 1522 1768 1575 id
1803 1533 1881 1576 εει
1914 1522 2080 1589 parti-

495 1614 659 1668 culari
694 1615 1013 1668 universalis
1042 1628 1161 1669 esse
1190 1614 1342 1678 falsa,
1370 1614 1463 1667 sed
1492 1613 1828 1682 particularis
1848 1612 2081 1667 afﬁrma-

494 1705 569 1757 tio
600 1702 822 1773 simplex
853 1703 1165 1774 particulari
1183 1704 1450 1775 negatioui
1472 1704 1770 1770 privatoria-
1790 1703 2075 1769 consentit,

2194 519 2312 573 quae
2360 514 2460 567 est,
2507 521 2613 560 non
2655 508 2832 561 omnis
2861 518 2943 562 est
2988 507 3150 563 homo
3192 508 3390 577 justus,
3419 506 3785 562 universaletn

2189 595 2604 652 afﬁrmationem
2646 598 2904 653 inﬁnitam
2947 616 3067 668 qua:
3098 600 3261 667 'dicit,
3290 600 3467 654 omnis
3509 610 3594 653 est
3622 596 3784 652 homo

2190 703 2297 745 non
2344 691 2543 759 justus,
2601 693 2686 746 hic
2736 709 2948 762 quoque
3002 695 3391 751 alﬁrmaliones
3446 694 3782 749 universales

2191 784 2533 855 privatoriam
2562 795 2721 857 atque
2753 786 3013 842 inﬁnitam
3041 789 3281 858 sequitur
3319 788 3662 858 particularis
3686 802 3781 841 ne-

2187 878 2331 950 gatio
2360 880 2582 951 simplex
2612 894 2732 950 quae
2756 889 2860 942 est,
2893 896 2996 935 non
3048 881 3225 937 omnis
3252 892 3338 937 est
3382 881 3546 935 homo
3574 880 3777 948 justus,

2187 973 2283 1029 sed
2314 990 2417 1028 non
2445 974 2798 1031 convertitur.
2828 973 3036 1029 Etenim
3058 975 3309 1044 quoniam
3336 974 3642 1043 simplicem
3686 986 3778 1024 ne-

2188 1065 2457 1135 gationem
2473 1066 2850 1138 particularem
2872 1081 2991 1136 quze
3009 1066 3161 1123 dicit.
3186 1083 3292 1121 non
3308 1066 3484 1120 omnis
3509 1074 3593 1117 est
3617 1063 3782 1116 homo

2185 1156 2378 1227 iustus,
2428 1172 2533 1211 non
2579 1159 2821 1228 sequitur
2862 1158 3179 1213 universalis
3217 1162 3431 1227 negatio
3481 1172 3604 1224 quae
3655 1168 3779 1224 pro-

2187 1249 2359 1319 ponit,
2404 1249 2578 1303 nullus
2626 1250 2786 1305 homo
2835 1250 3010 1319 justus
3056 1258 3160 1312 est.
3191 1265 3365 1319 neque
3395 1247 3621 1311 enimsi
3650 1260 3775 1300 vera

2186 1352 2285 1408 est,
2331 1358 2437 1398 non
2486 1358 2700 1398 omnem
2732 1343 3003 1399 hominem
3048 1358 3170 1399 esse
3217 1344 3441 1413 justum,
3489 1353 3624 1395 vera
3670 1340 3776 1402 est,

2186 1437 2387 1490 nullum
2420 1435 2690 1491 hominem
2712 1436 3071 1506 essejustum.
3092 1436 3216 1490 llaec
3243 1443 3442 1499 autem,
3476 1431 3530 1488 id
3553 1439 3639 1487 est
3661 1429 3784 1484 nni-

2184 1527 2408 1581 versalis
2422 1526 2649 1595 simplex
2676 1527 2912 1599 negatio,
2936 1526 3494 1596 consentitunumque
3512 1522 3784 1592 signiﬁcat

2184 1632 2305 1673 cum
2329 1616 2682 1674 afﬁrmatione
2705 1620 2993 1674 universali
3024 1618 3314 1689 privatoria
3346 1634 3362 1683 ;
3395 1632 3501 1671 non
3534 1624 3784 1684 sequitur

2184 1708 2343 1778 igitur
2390 1709 2707 1765 universalis
2752 1709 3067 1766 aiﬁrmativa
3112 1725 3231 1780 quat
3258 1709 3411 1774 dicit,
3464 1710 3650 1762 omnis
3697 1714 3784 1760 est

493 1811 659 1867 quare
689 1811 788 1848 nec
815 1798 1159 1864 privatoriam
1187 1796 1562 1866 particularem
1588 1796 1923 1865 negationem
1954 1795 2080 1849 sim-
2118 1797 2161 1858 Β
2188 1802 2348 1855 homo
2386 1802 2635 1872 injnslus.
2675 1801 2982 1871 Simplicem
3022 1802 3397 1873 particularem
3431 1800 3777 1871 negationem

496 1888 614 1956 plex
636 1886 923 1942 afﬁrmatio
950 1889 1191 1959 sequitur
1222 1889 1566 1944 uuixersalis.
1612 1888 1738 1942 Eam
1772 1886 1932 1957 igitur
1961 1903 2079 1955 quae

410 2025 418 2029 .
493 1980 643 2043 dicit,
681 1996 784 2035 non
830 1983 1004 2035 omnis
1060 1991 1142 2036 est
1187 1981 1349 2036 homo
1399 1983 1648 2049 injustus,
1700 1995 1804 2033 non
1843 1978 2083 2049 sequitur

492 2071 774 2127 afﬁrmatio
818 2074 1136 2128 universalis
1167 2073 1395 2143 simplex
1437 2088 1554 2137 qua:
1600 2073 1868 2141 proponit,
1902 2071 2080 2125 omnis

493 2162 653 2218 homo
690 2165 866 2234 jualus
898 2176 1002 2231 est,
1032 2167 1128 2221 sed
1166 2168 1503 2237 particularis
1533 2166 1822 2234 privatoria
1867 2167 2080 2236 ltt'galio

492 2256 759 2310 consentit
811 2259 1117 2327 particulari
1171 2259 1442 2331 negationi
1485 2259 1727 2327 inﬁnitae,
1760 2258 2080 2313 universilis

495 2348 655 2418 igitur
685 2334 972 2405 alﬁrmatio
1017 2352 1242 2419 simplex
1274 2368 1379 2406 non
1424 2352 1667 2416 sequitur
1699 2353 2077 2422 particularem

495 2443 830 2512 negationem
862 2445 1143 2503 inﬁnitam.
1174 2445 1244 2500 Ea
1274 2447 1433 2516 igitur
1457 2462 1577 2516 quae
1609 2447 1757 2513 dicit,
1798 2448 1974 2502 omnis
1998 2454 2082 2501 est

497 2534 658 2590 homo
704 2537 902 2605 justus,
933 2541 1220 2595 afﬁrmatio
1247 2542 1562 2596 universalis
1590 2541 1822 2610 simplex
1855 2557 1960 2595 non
1988 2555 2075 2596 se-

492 2630 673 2698 quitur
693 2645 811 2685 eatn
838 2648 957 2704 qua:
984 2633 1135 2695 dicit,
1157 2649 1262 2688 non
1288 2635 1463 2689 omnis
1483 2644 1563 2689 est
1589 2635 1750 2688 homo
1770 2650 1874 2688 non
1907 2634 2078 2703 iustus

493 2722 870 2791 particularem
904 2725 1162 2780 inﬁnitam
1211 2728 1575 2796 negationem.
1616 2728 1743 2781 Duae
1789 2727 1950 2796 igitur
1981 2745 2076 2786 ne-

490 2807 968 2887 gationes'inﬁuita
998 2831 1050 2872 et
1080 2818 1368 2888 privatoria
1399 2818 1748 2886 particulares
1778 2831 2076 2889 sequuntur

488 2909 843 2964 universalem
898 2909 1307 2965 aiﬁrmatiouem
1362 2910 1688 2978 simplicem,
1721 2909 1859 2964 sicut
1909 2911 1961 2964 in
1992 2911 2074 2965 his

486 3015 701 3069 qunque
728 3011 839 3055 erat
880 3018 1000 3071 qua:
1038 3010 1171 3063 sunt
1211 3003 1521 3058 i.:deﬁnit:e.
1559 3002 1687 3056 Duze
1727 3003 1868 3056 enim
1918 3018 2078 3073 nega-

487 3090 662 3146 tiones
717 3091 920 3144 infinita
967 3103 1022 3146 et
1079 3094 1371 3163 privatoria
1430 3094 1717 3149 indeﬁnitte
1773 3094 2074 3164 simplicem

2185 1907 2304 1963 quae
2335 1892 2605 1961 proponit,
2634 1907 2738 1947 non
2765 1894 2940 1947 omnis
2970 1903 3054 1948 est
3082 1893 3242 1947 homo
3265 1893 3464 1962 justus,
3510 1892 3655 1945 sicut
3685 1902 3780 1944 nec

2184 1983 2429 2038 eamdem
2455 1985 2833 2052 particularem
2855 1985 3188 2055 negationem
3214 1983 3536 2038 universalis
3568 1981 3781 2053 negatio

2182 2075 2525 2146 sequebatur,
2560 2077 2657 2132 sed
2680 2078 2964 2146 privatoria
2988 2077 3312 2131 universtlis
3336 2076 3628 2131 afﬁrmatio
3652 2090 3780 2131 con-

2182 2168 2346 2221 sentit
2369 2182 2491 2221 cum
2525 2169 2731 2223 infinita
2752 2168 3113 2224 afﬁrmatione
3130 2170 3441 2224 universali.
3468 2168 3638 2239 Igitur
3654 2184 3779 2236 par-

2185 2257 2461 2313 ticularem
2488 2262 2824 2330 negationem
2850 2276 2969 2329 quae
2996 2260 3148 2326 dicit,
3174 2275 3280 2314 non
3309 2244 3485 2315 omnis
3508 2269 3593 2315 est
3619 2258 3777 2316 homo

2176 2350 2375 2420 justus,
2424 2351 2742 2407 universalis
2785 2351 3075 2407 afﬁrmatio
3122 2351 3328 2407 inllnita
3379 2368 3489 2407 non
3534 2355 3777 2422 sequitur

2181 2457 2300 2513 qua:
2329 2445 2598 2514 proponit,
2622 2447 2797 2499 omnis
2826 2453 2911 2500 est
2942 2448 3100 2500 homo
3130 2460 3235 2499 non
3265 2444 3459 2515 justus.
3483 2445 3668 2512 Quare
3689 2447 3775 2504 hic

2180 2548 2395 2604 quoque
2424 2536 2810 2590 aflirtnatinnes
2850 2535 2983 2591 duas
3016 2537 3367 2603 universales,
3399 2537 3454 2593 id
3487 2549 3570 2594 est
3599 2541 3773 2609 privzf-

2181 2629 2371 2683 toriam
2419 2644 2578 2700 atque
2610 2630 2891 2696 inﬁnitain,
2925 2632 3261 2700 particularis
3290 2631 3522 2700 simplex
3553 2634 3767 2703 negatio

2180 2721 2439 2786 sequitur,
2467 2720 2603 2775 sicut
2630 2720 2737 2775 afﬁi
2755 2723 3024 2777 matinnes
3046 2722 3181 2777 duas
3207 2737 3423 2793 quoque
3472 2722 3771 2781 indeﬁnite:

2178 2809 2525 2880 privatmiatn
2555 2821 2715 2882 atque
2758 2813 3019 2868 inﬁnitam
3072 2824 3316 2885 negativa
3362 2814 3629 2870 indeﬁnite
3673 2832 3763 2873 se-

2179 2904 2462 2973 quebatur,
2506 2906 2601 2959 sed
2631 2906 2751 2960 dua:
2776 2906 3160 2962 afﬁrmationes
3209 2910 3546 2965 universales
3587 2910 3764 2980 priva-

2178 2995 2312 3048 toxia
2335 3006 2387 3050 et
2435 2995 2711 3051 indeliuita
2743 3014 2847 3051 tton
2877 3008 3173 3068 sequuntur
3221 2996 3607 3068 particularetn
3638 3002 3765 3056 sim-

2180 3092 2375 3162 plicem
2435 3092 2796 3162 negatimiem,
2843 3094 2981 3149 sicut
3030 3094 3151 3147 duce
3204 3111 3418 3165 quoque
3482 3094 3769 3152 indeﬁnite

486 3181 858 3237 afﬁrmativam
882 3186 1245 3254 sequebantur
1266 3185 1618 3250 indeﬁnitam,
1643 3187 1737 3243 sed
1765 3204 1872 3243 non
1914 3202 2073 3244 ecou-
2097 3173 2146 3239 C
2174 3182 2564 3239 afﬁrmationes
2595 3184 2881 3253 privatoria
2908 3197 2963 3241 et
2988 3187 3189 3241 infinita
3210 3188 3509 3257 simplicem
3534 3192 3770 3259 negatio-

486 3287 663 3337 verso,
695 3276 981 3331 affirmatio
1025 3277 1168 3333 enim
1215 3280 1531 3335 universalis
1573 3280 1804 3350 simplex
1835 3296 1940 3337 non
1988 3297 2075 3339 se-

486 3365 667 3435 quitur
698 3370 1005 3438 negationes
1043 3372 1421 3440 particularem
1464 3373 1725 3428 inﬁnitam
1758 3383 1812 3430 et
1839 3376 2073 3444 privato-

488 3457 640 3523 riam,
667 3458 807 3515 sicut
834 3476 933 3515 nec
974 3461 1248 3519 indeliuita
1280 3480 1494 3536 quoque
1516 3465 1804 3522 afﬁrmatio
1830 3468 2071 3538 simplex

484 3546 785 3606 indeliuttas
824 3554 1144 3623 sequebatur
1175 3558 1486 3625 negationes
1535 3558 1882 3629 privatoriam
1908 3572 2073 3633 atque

484 3641 763 3701 inﬁnitam.
795 3646 970 3715 Quare
1008 3654 1059 3704 in
1092 3650 1192 3705 hoc
1222 3667 1329 3707 uno
1372 3651 1558 3707 ordine
1608 3654 1861 3710 similiter
1889 3671 1949 3711 se
1979 3657 2074 3710 Ita-

482 3731 609 3790 bent
631 3738 863 3792 definita:
888 3740 968 3794 his
988 3757 1106 3809 qua:
1130 3753 1255 3797 sunt
1286 3743 1599 3810 indeﬁnitte;
1626 3746 1903 3814 aequaliter
1925 3740 2070 3803 enim

483 3827 931 3886 afﬁrmatinnibus
976 3832 1117 3887 veris
1161 3849 1301 3889 νει-ξε
1352 3846 1477 3890 sunt
1523 3840 1855 3905 negationes,
1909 3855 2069 3909 nega-

482 3920 687 3975 tionum
719 3924 999 3977 veritatem
1017 3923 1433 3980 afﬁrmationum
1457 3929 1657 3983 veritas
1674 3943 1777 3983 non
1805 3932 2065 3998 sequitur,

481 4025 581 4067 nec
612 4012 663 4065 in
696 4012 779 4068 his
802 4004 1101 4067 consentit.
1126 4014 1331 4069 Rursus
1363 4016 1413 4070 in
1454 4016 1675 4072 alteram
1704 4029 1909 4088 partem
1944 4035 2067 4088 per-

480 4106 772 4176 spiciamus
819 4108 1267 4178 quemadmodum
1299 4109 1684 4167 alﬁrmationes
1714 4098 2065 4180 universales,

478 4199 824 4269 privatoriam
851 4203 1056 4259 scilicet
1083 4214 1137 4260 et
1166 4203 1451 4271 inﬁnitam,
1484 4207 1825 4276 particularis
1852 4210 2067 4278 negatio

479 4292 703 4363 simplex
724 4304 998 4363 sequatur,
1024 4310 1253 4365 namque
1270 4298 1627 4353 universalem
1650 4298 1708 4351 af
1710 4298 2065 4355 lirmationem

480 4386 844 4456 primitnriam,
864 4389 1040 4442 omnis
1064 4396 1148 4442 est
1169 4388 1330 4443 homo
1356 4389 1606 4457 injustus,
1630 4390 1875 4461 sequitur
1895 4390 2061 4460 parti-

479 4481 674 4536 cularis
705 4483 916 4552 negatio
938 4483 1187 4552 simplex,
1223 4499 1328 4538 non
1352 4484 1527 4537 omnis
1556 4493 1640 4538 est
1677 4484 1838 4538 homo
1862 4486 2060 4554 justus,

2180 3291 2303 3331 nem
2330 3292 2434 3330 non
2459 3277 2845 3347 sequebantur.
2876 3277 3136 3334 Similiter
3159 3279 3318 3350 igitur
3346 3296 3406 3334 se
3437 3279 3636 3336 habent
3678 3281 3769 3337 de-

2177 3365 2342 3422 ﬁnitae
2386 3367 2675 3423 indeﬁnitis
2719 3370 3013 3424 secundum
3060 3373 3522 3441 consequentiam:
3586 3375 3766 3444 Angu-

2176 3460 2317 3516 lares
2344 3476 2447 3516 non
2476 3460 2666 3517 eodem
2689 3461 2849 3516 modo
2876 3476 2937 3517 se
2964 3461 3183 3528 habent,
3208 3479 3330 3517 nam
3374 3463 3768 3521 indeﬁnitarum

2180 3554 2921 3625 propositionumangulares
2950 3554 3109 3609 simul
3140 3569 3295 3614 veras
3321 3570 3441 3611 esse
3488 3558 3770 3627 contingit.

2176 3643 2309 3699 Nam
2359 3645 2407 3700 si
2438 3659 2621 3700 verum
2651 3654 2754 3713 est,
2785 3646 3035 3715 quoniam
3069 3655 3155 3701 est
3206 3647 3367 3700 homo
3408 3647 3613 3716 justus,
3656 3664 3768 3720 qua:

2174 3748 2255 3795 est
2305 3738 2580 3794 iudelluita
2609 3737 2899 3795 afﬁrmatio
2926 3740 3179 3809 simplex.
3216 3739 3354 3794 nihil
3386 3742 3634 3810 prohibet
3674 3759 3767 3798 ve-

2175 3845 2289 3885 ram
2315 3845 2438 3886 esse
2474 3831 2632 3885 etiarn
2664 3845 2785 3901 qua:
2806 3832 2957 3898 dicit,
2982 3838 3067 3885 est
3096 3835 3256 3886 homo
3282 3831 3532 3901 injustus,
3560 3846 3611 3889 et
3644 3851 3761 3889 rur-

2173 3936 2267 3976 sus
2293 3937 2353 3976 ea
2373 3936 2493 3990 quae
2513 3920 2664 3987 dicit,
2690 3930 2773 3976 est
2799 3923 2959 3977 homo
2980 3937 3084 3978 non
3108 3923 3307 3993 justus,
3327 3939 3445 3993 qua:
3472 3934 3599 3979 sunt
3619 3924 3768 3981 inde-

2108 4026 2111 4027 '
2172 4013 2732 4070 ﬁnitrealﬁrmationes
2748 4015 3035 4084 privatoria
3057 4027 3107 4070 et
3140 4015 3366 4069 inﬁnita.
3384 4014 3590 4071 Rursus
3613 4031 3766 4086 nega-

2172 4109 2345 4164 tiones
2386 4110 2759 4180 negationibus
2799 4125 2920 4179 qua:
2970 4120 3095 4165 sunt
3125 4108 3410 4179 angulares
3459 4125 3621 4166 veras
3648 4127 3767 4168 esse

2168 4203 2449 4273 cnntingit,
2469 4213 2596 4260 utea
2614 4219 2732 4275 qua:
2751 4203 2899 4270 dicit,
2919 4220 3024 4259 non
3048 4212 3133 4260 est
3154 4203 3317 4259 homo
3335 4204 3541 4274 justus,
3564 4205 3610 4260 si
3639 4220 3763 4260 vera

2168 4306 2269 4363 est,
2303 4298 2433 4352 nihil
2462 4298 2710 4366 prohibet
2738 4311 2917 4351 veram
2950 4312 3072 4353 esse
3100 4295 3263 4352 etiam
3305 4312 3429 4368 quae
3461 4296 3614 4363 dicit,
3661 4312 3767 4354 non

2168 4400 2252 4447 est
2296 4389 2459 4446 homo
2488 4390 2762 4461 ,injustus,
2808 4400 2862 4447 et
2904 4405 3023 4446 eam
3054 4406 3177 4463 qua:
3216 4390 3491 4461 proponit,
3536 4407 3645 4447 non
3686 4400 3765 4448 est

2175 4481 2335 4539 homo
2365 4499 2471 4539 non
2506 4484 2702 4553 justus.
2752 4485 3051 4555 Angulares
3078 4498 3210 4554 ergo
3240 4483 3344 4538 sibi
3377 4482 3683 4539 indeﬁnitas
3711 4483 3763 4539 in

444 4590 448 4603 ι
479 4588 542 4629 ea
580 4575 719 4628 enim
765 4562 883 4643 qua:
915 4576 1063 4642 dicit,
1094 4578 1271 4632 omnis
1314 4587 1397 4633 est
1446 4578 1607 4632 homo
1650 4552 1903 4648 iniustus,
1934 4595 2065 4635 con-
2096 4552 2151 4615 D
2179 4576 2407 4631 veritate
2436 4578 2743 4633 consentire
2771 4577 2903 4631 nihil
2930 4574 3204 4648 prohibet,
3232 4576 3328 4631 sed
3357 4575 3410 4630 in
3444 4576 3528 4631 his
3561 4584 3763 4631 tantum

476 4667 640 4723 sentit
668 4667 898 4736 simplici
932 4668 1220 4725 universali
1248 4670 1515 4739 negationi
1558 4686 1678 4741 quae
1705 4670 1854 4735 dicit,
1881 4671 2063 4729 nullus

477 4758 639 4814 homo
671 4759 846 4830 justus
872 4770 972 4827 est,
1021 4776 1141 4816 nam
1183 4763 1226 4815 si
1260 4764 1432 4816 omnis
1460 4770 1546 4818 est
1591 4763 1755 4819 homo
1806 4763 2058 4833 injustus,

477 4857 651 4913 nullus
670 4865 753 4912 est
781 4855 1153 4925 homnjustns.
1188 4856 1292 4911 Sed
1320 4856 1479 4921 hanc,
1507 4857 1560 4912 id
1583 4866 1667 4913 est
1698 4858 2060 4913 universalem

474 4950 769 5019 simplicem
820 4949 1143 5019 negativam,
1197 4951 1439 5018 sequitur
1466 4950 1805 5019 particularis
1828 4952 2060 5018 simplex

474 5046 702 5112 negatio,
732 5056 858 5095 nam
877 5042 921 5093 si
951 5056 1075 5094 vera
1105 5049 1187 5095 est
1208 5041 1454 5110 quoniam
1486 5042 1669 5096 nullus
1694 5041 1859 5098 homo
1885 5043 2065 5112 justus

473 5147 576 5201 est,
601 5148 723 5189 vera
752 5142 831 5190 est
861 5132 1115 5203 quoniam
1138 5150 1244 5187 tton
1266 5131 1442 5188 omnis
1467 5132 1629 5188 homo
1644 5135 1819 5202 justus
1838 5141 1944 5202 est,
1967 5138 2063 5189 sed

474 5231 794 5288 universalis
846 5230 1061 5300 negatio
1113 5229 1343 5298 simplex
1382 5254 1393 5289 τ
1415 5228 1703 5284 universali
1759 5229 2064 5297 privatorite

473 5326 814 5382 alﬁrmatioui
862 5322 1153 5381 censentit.
1211 5320 1461 5391 Sequitur
1530 5337 1659 5391 ergo
1722 5322 2062 5391 particularis
2128 5396 2131 5397 ν

471 5421 695 5489 simplex
723 5418 933 5490 negatio
952 5433 1072 5488 qua:
1093 5426 1197 5481 est,
1226 5429 1331 5471 non
1362 5414 1536 5471 omnis
1565 5425 1648 5470 est
1671 5415 1834 5468 homo
1861 5414 2057 5484 justus,
2106 5438 2109 5439 ν

472 5516 826 5570 universalem
844 5514 901 5567 af
904 5515 1257 5568 firmationem
1279 5509 1625 5580 privatoriam
1649 5522 1768 5577 qua:
1785 5509 2057 5577 proponit,

471 5608 644 5664 omnis
665 5615 749 5663 est.
778 5605 943 5661 homo
976 5607 1223 5674 injustus,
1257 5602 1352 5658 sed
1400 5602 1516 5657 tunc
1569 5599 1863 5655 universali
1904 5597 2056 5653 affir-

472 5700 698 5757 mationi
725 5699 947 5755 infinitae
971 5699 1259 5766 consentit,
1285 5697 1425 5755 idem
1463 5697 1609 5753 enim
1639 5694 1904 5768 signiﬁcat
1942 5710 2059 5749 om-

469 5793 555 5852 nis
581 5800 668 5853 est
696 5793 858 5854 homo
879 5792 1130 5860 injustas.
1156 5804 1213 5855 et
1239 5793 1412 5857 omnis
1428 5800 1509 5854 est
1534 5790 1698 5853 homo
1724 5806 1833 5853 non
1850 5790 2053 5857 Justus.

2172 4668 2441 4734 terminis,
2468 4681 2526 4723 ut
2571 4669 2626 4725 in
2653 4670 2889 4725 secundo
2933 4669 3090 4740 hujus
3134 4669 3313 4739 operis
3360 4670 3635 4726 volumine
3662 4670 3757 4724 do-

2167 4762 2398 4827 cuimus,
2428 4776 2547 4833 qua:
2574 4777 2750 4834 neque
2793 4761 3057 4817 naturalia
3100 4772 3226 4816 sunt
3251 4762 3428 4817 inesse
3455 4777 3632 4831 neque
3659 4760 3758 4816 im-

2167 4858 2463 4929 possibilia.
2507 4856 2726 4927 Siquis
2752 4858 2894 4912 enim
2939 4856 3020 4911 sic
3048 4856 3212 4919 dicat,
3262 4865 3345 4912 est
3390 4858 3551 4912 homo
3602 4857 3758 4913 ratio-

2167 4951 2329 5015 nalis,
2359 4949 2487 5005 huic
2502 4950 2785 5018 angulares
2810 4963 2950 5004 verre
2970 4963 3093 5007 esse
3122 4964 3228 5004 non
3258 4957 3503 5018 possunt,
3540 4949 3623 5003 Iun
3653 4950 3752 5005 sci-

2173 5042 2301 5098 licet
2331 5057 2449 5112 quze
2471 5041 2675 5110 dicunt,
2703 5051 2786 5095 εει
2814 5040 2975 5095 homo
3004 5041 3351 5105 irrationalis,
3382 5049 3436 5093 et
3467 5054 3652 5095 rursus
3677 5049 3756 5094 est

2171 5133 2336 5189 homo
2380 5148 2486 5187 non
2535 5130 2829 5187 rationalis.
2878 5132 3226 5187 Rationalitas
3256 5132 3399 5187 enim
3433 5132 3638 5187 homini
3668 5146 3755 5200 per

2172 5236 2418 5283 naturam
2449 5230 2626 5293 inest;
2662 5227 2906 5280 similiter
2930 5235 3109 5281 autem
3138 5234 3192 5280 et
3231 5224 3298 5280 de
3331 5224 3752 5293 impOSsiliilihus

2171 5320 2461 5378 dicendum
2508 5327 2611 5384 est,
2642 5318 2781 5389 quod
2816 5318 2860 5372 si
2898 5317 3006 5372 sint
3055 5317 3182 5372 talia
3210 5331 3331 5387 qua:
3357 5332 3532 5387 neque
3564 5319 3753 5385 impos-

2171 5412 2344 5468 sibilia
2372 5412 2479 5465 sint
2502 5411 2697 5478 inesse,
2725 5424 2822 5464 nec
2849 5408 3110 5463 naturalia
3134 5409 3242 5463 sint
3287 5408 3487 5473 inesse,
3524 5418 3578 5461 ut
3612 5411 3662 5461 in
3691 5421 3749 5460 ea

2167 5506 2533 5578 propositione
2572 5521 2692 5574 qua:
2740 5502 2889 5567 dicit,
2933 5513 3014 5557 Cal
3059 5502 3219 5556 homo
3267 5503 3466 5571 justus,
3497 5504 3749 5570 justitiam

2166 5616 2338 5669 neque
2382 5599 2678 5653 naturalem
2712 5610 2831 5651 esse
2861 5608 3084 5650 necesse
3122 5602 3206 5649 est
3236 5593 3471 5661 homini,
3511 5612 3609 5651 nec
3656 5597 3746 5648 im-

2163 5678 2422 5770 possibile
2450 5695 2653 5759 inesse,
2685 5690 3027 5749 manifestum
3055 5700 3157 5757 est,
3192 5692 3447 5762 quoniam
3473 5697 3750 5765 angulares

2164 5791 2382 5853 sibimet
2409 5803 2626 5858 semper
2664 5786 2719 5847 in
2763 5785 2991 5846 veritate
3036 5783 3403 5853 consentiunt,
3451 5792 3614 5856 atque
3655 5784 3749 5861 hec
