  <div class='ocr_page' id='page_1' title='image "/cluster/home/n/w/nwhite01/storage/ocr_20150623/64/hvd.32044024222309/280.png"; bbox 0 0 4090 6342; ppageno 0'>
   <div class='ocr_carea' id='block_1_1' title="bbox 291 281 395 339">
    <p class='ocr_par' dir='ltr' id='par_1_1' title="bbox 291 281 395 339">
     <span class='ocr_line' id='line_1_1' title="bbox 291 281 395 339; baseline -0.01 0"><span class='ocrx_word' id='word_1_1' title='bbox 291 281 395 339; x_wconf 71' lang='grc'><strong>545</strong></span> 
     </span>
    </p>
   </div>
   <div class='ocr_carea' id='block_1_2' title="bbox 956 230 2849 345">
    <p class='ocr_par' dir='ltr' id='par_1_2' title="bbox 956 230 2849 345">
     <span class='ocr_line' id='line_1_2' title="bbox 956 230 2849 345; baseline 0.004 -7"><span class='ocrx_word' id='word_1_2' title='bbox 956 256 959 259; x_wconf 21' lang='grc' dir='ltr'><strong>Ι</strong></span> <span class='ocrx_word' id='word_1_3' title='bbox 1037 281 1105 340; x_wconf 80' lang='grc' dir='ltr'><strong>ΙΝ</strong></span> <span class='ocrx_word' id='word_1_4' title='bbox 1140 281 1395 341; x_wconf 81' lang='lat' dir='ltr'><strong>LIBRUM</strong></span> <span class='ocrx_word' id='word_1_5' title='bbox 1436 282 1522 340; x_wconf 84' lang='lat' dir='ltr'><strong>DE</strong></span> <span class='ocrx_word' id='word_1_6' title='bbox 1560 280 2209 339; x_wconf 78' lang='lat' dir='ltr'><strong>INTERPRETATIONE</strong></span> <span class='ocrx_word' id='word_1_7' title='bbox 2247 282 2474 341; x_wconf 83' lang='lat' dir='ltr'><strong>EBITIO</strong></span> <span class='ocrx_word' id='word_1_8' title='bbox 2509 230 2849 345; x_wconf 57' lang='lat' dir='ltr'><strong>SEtiUNDA.</strong></span> 
     </span>
    </p>
   </div>
   <div class='ocr_carea' id='block_1_3' title="bbox 3459 283 3565 342">
    <p class='ocr_par' dir='ltr' id='par_1_3' title="bbox 3459 283 3565 342">
     <span class='ocr_line' id='line_1_3' title="bbox 3459 283 3565 342; baseline 0.009 -1"><span class='ocrx_word' id='word_1_9' title='bbox 3459 283 3565 342; x_wconf 63' lang='lat'><strong>546</strong></span> 
     </span>
    </p>
   </div>
   <div class='ocr_carea' id='block_1_4' title="bbox 290 396 3562 474">
    <p class='ocr_par' dir='ltr' id='par_1_4' title="bbox 290 396 3562 474">
     <span class='ocr_line' id='line_1_4' title="bbox 290 396 3562 474; baseline 0.001 -21"><span class='ocrx_word' id='word_1_10' title='bbox 290 397 429 453; x_wconf 88' lang='lat' dir='ltr'><strong>idem</strong></span> <span class='ocrx_word' id='word_1_11' title='bbox 460 396 529 455; x_wconf 89' lang='lat' dir='ltr'><strong>de</strong></span> <span class='ocrx_word' id='word_1_12' title='bbox 557 397 814 470; x_wconf 88' lang='lat' dir='ltr'><strong>negativis</strong></span> <span class='ocrx_word' id='word_1_13' title='bbox 844 412 1058 471; x_wconf 90' lang='lat' dir='ltr'><strong>quoque</strong></span> <span class='ocrx_word' id='word_1_14' title='bbox 1094 400 1438 471; x_wconf 75' lang='lat' dir='ltr'><strong>angularibus</strong></span> <span class='ocrx_word' id='word_1_15' title='bbox 1481 409 1629 455; x_wconf 81' lang='lat' dir='ltr'><strong>recte</strong></span> <span class='ocrx_word' id='word_1_16' title='bbox 1657 399 1870 455; x_wconf 91' lang='lat' dir='ltr'><strong>dicitur.</strong></span> <span class='ocrx_word' id='word_1_17' title='bbox 1900 397 2211 466; x_wconf 68' lang='lat' dir='ltr'><strong>Aquando,</strong></span> <span class='ocrx_word' id='word_1_18' title='bbox 2260 399 2563 471; x_wconf 82' lang='lat' dir='ltr'><strong>ltujusmodi</strong></span> <span class='ocrx_word' id='word_1_19' title='bbox 2603 412 2728 459; x_wconf 88' lang='lat' dir='ltr'><strong>est:</strong></span> <span class='ocrx_word' id='word_1_20' title='bbox 2775 402 3089 474; x_wconf 86' lang='lat' dir='ltr'><strong>Quanquam</strong></span> <span class='ocrx_word' id='word_1_21' title='bbox 3130 399 3276 458; x_wconf 89' lang='lat' dir='ltr'><strong>enim</strong></span> <span class='ocrx_word' id='word_1_22' title='bbox 3321 398 3562 457; x_wconf 80' lang='lat' dir='ltr'><strong>afﬁrma-</strong></span> 
     </span>
    </p>
   </div>
   <div class='ocr_carea' id='block_1_5' title="bbox 286 497 1871 570">
    <p class='ocr_par' dir='ltr' id='par_1_5' title="bbox 286 497 1871 570">
     <span class='ocr_line' id='line_1_5' title="bbox 286 497 1871 570; baseline 0.001 -17"><span class='ocrx_word' id='word_1_23' title='bbox 286 499 342 553; x_wconf 90' lang='lat' dir='ltr'><strong>ln</strong></span> <span class='ocrx_word' id='word_1_24' title='bbox 394 498 479 553; x_wconf 85' lang='lat' dir='ltr'><strong>his</strong></span> <span class='ocrx_word' id='word_1_25' title='bbox 517 497 679 568; x_wconf 91' lang='lat' dir='ltr'><strong>igitur</strong></span> <span class='ocrx_word' id='word_1_26' title='bbox 728 499 975 555; x_wconf 78' lang='lat' dir='ltr'><strong>terminis</strong></span> <span class='ocrx_word' id='word_1_27' title='bbox 1024 500 1113 570; x_wconf 93' lang='lat' dir='ltr'><strong>qui</strong></span> <span class='ocrx_word' id='word_1_28' title='bbox 1144 514 1243 555; x_wconf 91' lang='lat' dir='ltr'><strong>nec</strong></span> <span class='ocrx_word' id='word_1_29' title='bbox 1282 499 1554 555; x_wconf 89' lang='lat' dir='ltr'><strong>naturales</strong></span> <span class='ocrx_word' id='word_1_30' title='bbox 1577 508 1725 568; x_wconf 87' lang='lat' dir='ltr'><strong>sunt,</strong></span> <span class='ocrx_word' id='word_1_31' title='bbox 1770 514 1871 555; x_wconf 88' lang='lat' dir='ltr'><strong>nec</strong></span> 
     </span>
    </p>
   </div>
   <div class='ocr_carea' id='block_1_6' title="bbox 284 587 1909 664">
    <p class='ocr_par' dir='ltr' id='par_1_6' title="bbox 284 587 1909 664">
     <span class='ocr_line' id='line_1_6' title="bbox 284 587 1909 664; baseline 0.002 -22"><span class='ocrx_word' id='word_1_32' title='bbox 284 587 666 659; x_wconf 84' lang='lat' dir='ltr'><strong>impossibiles,</strong></span> <span class='ocrx_word' id='word_1_33' title='bbox 699 604 913 661; x_wconf 84' lang='lat' dir='ltr'><strong>semper</strong></span> <span class='ocrx_word' id='word_1_34' title='bbox 949 590 1233 662; x_wconf 77' lang='lat' dir='ltr'><strong>angulares</strong></span> <span class='ocrx_word' id='word_1_35' title='bbox 1261 601 1315 648; x_wconf 91' lang='lat' dir='ltr'><strong>et</strong></span> <span class='ocrx_word' id='word_1_36' title='bbox 1343 594 1654 664; x_wconf 74' lang='lat' dir='ltr'><strong>negationes</strong></span> <span class='ocrx_word' id='word_1_37' title='bbox 1708 606 1871 662; x_wconf 78' lang='lat' dir='ltr'><strong>nega-</strong></span> <span class='ocrx_word' id='word_1_38' title='bbox 1908 612 1909 617; x_wconf 54' lang='grc' dir='ltr'>π</span> 
     </span>
    </p>
   </div>
   <div class='ocr_carea' id='block_1_7' title="bbox 282 680 1915 743">
    <p class='ocr_par' dir='ltr' id='par_1_7' title="bbox 282 680 1915 743">
     <span class='ocr_line' id='line_1_7' title="bbox 282 680 1915 743; baseline 0.002 -7"><span class='ocrx_word' id='word_1_39' title='bbox 282 681 539 743; x_wconf 88' lang='lat' dir='ltr'><strong>tionibus,</strong></span> <span class='ocrx_word' id='word_1_40' title='bbox 567 690 622 738; x_wconf 91' lang='lat' dir='ltr'><strong>et</strong></span> <span class='ocrx_word' id='word_1_41' title='bbox 648 680 1035 738; x_wconf 79' lang='lat' dir='ltr'><strong>afﬁrmationes</strong></span> <span class='ocrx_word' id='word_1_42' title='bbox 1060 682 1513 739; x_wconf 78' lang='lat' dir='ltr'><strong>afﬁrmatiouibus</strong></span> <span class='ocrx_word' id='word_1_43' title='bbox 1534 683 1691 739; x_wconf 86' lang='lat' dir='ltr'><strong>simul</strong></span> <span class='ocrx_word' id='word_1_44' title='bbox 1715 698 1870 740; x_wconf 89' lang='lat' dir='ltr'><strong>veras</strong></span> <span class='ocrx_word' id='word_1_45' title='bbox 1914 714 1915 721; x_wconf 59' lang='grc' dir='ltr'>ι</span> 
     </span>
    </p>
   </div>
   <div class='ocr_carea' id='block_1_8' title="bbox 281 773 1870 851">
    <p class='ocr_par' dir='ltr' id='par_1_8' title="bbox 281 773 1870 851">
     <span class='ocr_line' id='line_1_8' title="bbox 281 773 1870 851; baseline 0.003 -22"><span class='ocrx_word' id='word_1_46' title='bbox 281 787 402 851; x_wconf 82' lang='lat' dir='ltr'><strong>esse</strong></span> <span class='ocrx_word' id='word_1_47' title='bbox 444 773 728 844; x_wconf 90' lang='lat' dir='ltr'><strong>contingit,</strong></span> <span class='ocrx_word' id='word_1_48' title='bbox 760 783 815 829; x_wconf 95' lang='lat' dir='ltr'><strong>et</strong></span> <span class='ocrx_word' id='word_1_49' title='bbox 841 777 943 831; x_wconf 89' lang='lat' dir='ltr'><strong>hoc</strong></span> <span class='ocrx_word' id='word_1_50' title='bbox 969 775 1185 846; x_wconf 86' lang='lat' dir='ltr'><strong>quidem</strong></span> <span class='ocrx_word' id='word_1_51' title='bbox 1230 774 1284 831; x_wconf 91' lang='lat' dir='ltr'><strong>in</strong></span> <span class='ocrx_word' id='word_1_52' title='bbox 1312 777 1393 831; x_wconf 90' lang='lat' dir='ltr'><strong>his</strong></span> <span class='ocrx_word' id='word_1_53' title='bbox 1432 791 1550 846; x_wconf 69' lang='lat' dir='ltr'><strong>quae</strong></span> <span class='ocrx_word' id='word_1_54' title='bbox 1579 776 1870 833; x_wconf 75' lang='lat' dir='ltr'><strong>indeﬁnita:</strong></span> 
     </span>
    </p>
   </div>
   <div class='ocr_carea' id='block_1_9' title="bbox 279 851 1869 936">
    <p class='ocr_par' dir='ltr' id='par_1_9' title="bbox 279 851 1869 936">
     <span class='ocr_line' id='line_1_9' title="bbox 279 851 1869 936; baseline 0.005 -19"><span class='ocrx_word' id='word_1_55' title='bbox 279 871 423 919; x_wconf 87' lang='lat' dir='ltr'><strong>sunt.</strong></span> <span class='ocrx_word' id='word_1_56' title='bbox 447 863 505 918; x_wconf 89' lang='lat' dir='ltr'><strong>In</strong></span> <span class='ocrx_word' id='word_1_57' title='bbox 520 864 927 936; x_wconf 69' lang='lat' dir='ltr'><strong>bisautemqum</strong></span> <span class='ocrx_word' id='word_1_58' title='bbox 951 866 1189 923; x_wconf 79' lang='lat' dir='ltr'><strong>deﬁnita:</strong></span> <span class='ocrx_word' id='word_1_59' title='bbox 1213 877 1358 936; x_wconf 91' lang='lat' dir='ltr'><strong>sunt,</strong></span> <span class='ocrx_word' id='word_1_60' title='bbox 1382 878 1435 923; x_wconf 94' lang='lat' dir='ltr'><strong>et</strong></span> <span class='ocrx_word' id='word_1_61' title='bbox 1452 851 1869 926; x_wconf 78' lang='lat' dir='ltr'><strong>universalitatis</strong></span> 
     </span>
    </p>
   </div>
   <div class='ocr_carea' id='block_1_10' title="bbox 279 954 1867 1029">
    <p class='ocr_par' dir='ltr' id='par_1_10' title="bbox 279 954 1867 1029">
     <span class='ocr_line' id='line_1_10' title="bbox 279 954 1867 1029; baseline 0.006 -21"><span class='ocrx_word' id='word_1_62' title='bbox 279 954 827 1028; x_wconf 87' lang='lat' dir='ltr'><strong>particularitatisque</strong></span> <span class='ocrx_word' id='word_1_63' title='bbox 867 959 1173 1029; x_wconf 85' lang='lat' dir='ltr'><strong>participes,</strong></span> <span class='ocrx_word' id='word_1_64' title='bbox 1197 975 1303 1016; x_wconf 90' lang='lat' dir='ltr'><strong>non</strong></span> <span class='ocrx_word' id='word_1_65' title='bbox 1325 962 1514 1017; x_wconf 87' lang='lat' dir='ltr'><strong>eodem</strong></span> <span class='ocrx_word' id='word_1_66' title='bbox 1539 962 1697 1019; x_wconf 87' lang='lat' dir='ltr'><strong>modo</strong></span> <span class='ocrx_word' id='word_1_67' title='bbox 1720 969 1867 1019; x_wconf 85' lang='lat' dir='ltr'><strong>sunt.</strong></span> 
     </span>
    </p>
   </div>
   <div class='ocr_carea' id='block_1_11' title="bbox 278 1047 1871 1125">
    <p class='ocr_par' dir='ltr' id='par_1_11' title="bbox 278 1047 1871 1125">
     <span class='ocr_line' id='line_1_11' title="bbox 278 1047 1871 1125; baseline 0.006 -22"><span class='ocrx_word' id='word_1_68' title='bbox 278 1047 335 1103; x_wconf 88' lang='lat' dir='ltr'><strong>lu</strong></span> <span class='ocrx_word' id='word_1_69' title='bbox 357 1048 637 1120; x_wconf 84' lang='lat' dir='ltr'><strong>quibusvis</strong></span> <span class='ocrx_word' id='word_1_70' title='bbox 650 1060 828 1107; x_wconf 88' lang='lat' dir='ltr'><strong>autem</strong></span> <span class='ocrx_word' id='word_1_71' title='bbox 842 1053 1084 1109; x_wconf 88' lang='lat' dir='ltr'><strong>terminis</strong></span> <span class='ocrx_word' id='word_1_72' title='bbox 1106 1054 1220 1109; x_wconf 89' lang='lat' dir='ltr'><strong>sive</strong></span> <span class='ocrx_word' id='word_1_73' title='bbox 1248 1054 1610 1125; x_wconf 89' lang='lat' dir='ltr'><strong>possibilibus,</strong></span> <span class='ocrx_word' id='word_1_74' title='bbox 1641 1056 1758 1112; x_wconf 89' lang='lat' dir='ltr'><strong>sive</strong></span> <span class='ocrx_word' id='word_1_75' title='bbox 1778 1072 1871 1113; x_wconf 88' lang='lat' dir='ltr'><strong>na-</strong></span> 
     </span>
    </p>
   </div>
   <div class='ocr_carea' id='block_1_12' title="bbox 280 1144 1869 1217">
    <p class='ocr_par' dir='ltr' id='par_1_12' title="bbox 280 1144 1869 1217">
     <span class='ocr_line' id='line_1_12' title="bbox 280 1144 1869 1217; baseline 0.008 -21"><span class='ocrx_word' id='word_1_76' title='bbox 280 1144 561 1211; x_wconf 89' lang='lat' dir='ltr'><strong>turalibus,</strong></span> <span class='ocrx_word' id='word_1_77' title='bbox 574 1145 689 1202; x_wconf 91' lang='lat' dir='ltr'><strong>sive</strong></span> <span class='ocrx_word' id='word_1_78' title='bbox 712 1147 1134 1217; x_wconf 81' lang='lat' dir='ltr'><strong>impossibilibus</strong></span> <span class='ocrx_word' id='word_1_79' title='bbox 1158 1147 1869 1208; x_wconf 79' lang='lat' dir='ltr'><strong>afﬁrmationesaflirmatio-</strong></span> 
     </span>
    </p>
   </div>
   <div class='ocr_carea' id='block_1_13' title="bbox 279 1234 1869 1307">
    <p class='ocr_par' dir='ltr' id='par_1_13' title="bbox 279 1234 1869 1307">
     <span class='ocr_line' id='line_1_13' title="bbox 279 1234 1869 1307; baseline 0.007 -19"><span class='ocrx_word' id='word_1_80' title='bbox 279 1234 442 1290; x_wconf 87' lang='lat' dir='ltr'><strong>nibus</strong></span> <span class='ocrx_word' id='word_1_81' title='bbox 474 1235 696 1293; x_wconf 85' lang='lat' dir='ltr'><strong>sibimet</strong></span> <span class='ocrx_word' id='word_1_82' title='bbox 716 1237 1061 1307; x_wconf 77' lang='lat' dir='ltr'><strong>angularibus</strong></span> <span class='ocrx_word' id='word_1_83' title='bbox 1103 1240 1157 1295; x_wconf 87' lang='lat' dir='ltr'><strong>itt</strong></span> <span class='ocrx_word' id='word_1_84' title='bbox 1189 1240 1410 1296; x_wconf 88' lang='lat' dir='ltr'><strong>veritate</strong></span> <span class='ocrx_word' id='word_1_85' title='bbox 1435 1244 1741 1298; x_wconf 87' lang='lat' dir='ltr'><strong>consentire</strong></span> <span class='ocrx_word' id='word_1_86' title='bbox 1764 1258 1869 1299; x_wconf 92' lang='lat' dir='ltr'><strong>non</strong></span> 
     </span>
    </p>
   </div>
   <div class='ocr_carea' id='block_1_14' title="bbox 280 1330 1872 1403">
    <p class='ocr_par' dir='ltr' id='par_1_14' title="bbox 280 1330 1872 1403">
     <span class='ocr_line' id='line_1_14' title="bbox 280 1330 1872 1403; baseline 0.006 -23"><span class='ocrx_word' id='word_1_87' title='bbox 280 1338 525 1397; x_wconf 88' lang='lat' dir='ltr'><strong>possunt,</strong></span> <span class='ocrx_word' id='word_1_88' title='bbox 543 1330 855 1399; x_wconf 79' lang='lat' dir='ltr'><strong>negationes</strong></span> <span class='ocrx_word' id='word_1_89' title='bbox 875 1339 1055 1387; x_wconf 91' lang='lat' dir='ltr'><strong>autem</strong></span> <span class='ocrx_word' id='word_1_90' title='bbox 1070 1332 1464 1402; x_wconf 88' lang='lat' dir='ltr'><strong>negationibus,</strong></span> <span class='ocrx_word' id='word_1_91' title='bbox 1479 1334 1763 1403; x_wconf 87' lang='lat' dir='ltr'><strong>angulares</strong></span> <span class='ocrx_word' id='word_1_92' title='bbox 1776 1350 1872 1389; x_wconf 91' lang='lat' dir='ltr'><strong>an-</strong></span> 
     </span>
    </p>
   </div>
   <div class='ocr_carea' id='block_1_15' title="bbox 278 1418 1868 1495">
    <p class='ocr_par' dir='ltr' id='par_1_15' title="bbox 278 1418 1868 1495">
     <span class='ocr_line' id='line_1_15' title="bbox 278 1418 1868 1495; baseline 0.006 -22"><span class='ocrx_word' id='word_1_93' title='bbox 278 1418 558 1489; x_wconf 84' lang='lat' dir='ltr'><strong>gularibus</strong></span> <span class='ocrx_word' id='word_1_94' title='bbox 581 1421 635 1476; x_wconf 93' lang='lat' dir='ltr'><strong>in</strong></span> <span class='ocrx_word' id='word_1_95' title='bbox 666 1421 751 1476; x_wconf 88' lang='lat' dir='ltr'><strong>his</strong></span> <span class='ocrx_word' id='word_1_96' title='bbox 773 1431 978 1477; x_wconf 88' lang='lat' dir='ltr'><strong>tantum</strong></span> <span class='ocrx_word' id='word_1_97' title='bbox 1001 1422 1246 1479; x_wconf 90' lang='lat' dir='ltr'><strong>terminis</strong></span> <span class='ocrx_word' id='word_1_98' title='bbox 1267 1424 1355 1494; x_wconf 88' lang='lat' dir='ltr'><strong>qui</strong></span> <span class='ocrx_word' id='word_1_99' title='bbox 1378 1439 1551 1495; x_wconf 91' lang='lat' dir='ltr'><strong>neque</strong></span> <span class='ocrx_word' id='word_1_100' title='bbox 1581 1428 1868 1493; x_wconf 85' lang='lat' dir='ltr'><strong>naturales,</strong></span> 
     </span>
    </p>
   </div>
   <div class='ocr_carea' id='block_1_16' title="bbox 279 1506 1917 1586">
    <p class='ocr_par' dir='ltr' id='par_1_16' title="bbox 279 1506 1917 1586">
     <span class='ocr_line' id='line_1_16' title="bbox 279 1506 1917 1586; baseline 0.005 -20"><span class='ocrx_word' id='word_1_101' title='bbox 279 1525 457 1582; x_wconf 89' lang='lat' dir='ltr'><strong>neque</strong></span> <span class='ocrx_word' id='word_1_102' title='bbox 486 1512 848 1583; x_wconf 90' lang='lat' dir='ltr'><strong>impossibiles</strong></span> <span class='ocrx_word' id='word_1_103' title='bbox 889 1524 1035 1583; x_wconf 90' lang='lat' dir='ltr'><strong>sunt,</strong></span> <span class='ocrx_word' id='word_1_104' title='bbox 1062 1516 1116 1570; x_wconf 91' lang='lat' dir='ltr'><strong>in</strong></span> <span class='ocrx_word' id='word_1_105' title='bbox 1142 1518 1369 1572; x_wconf 89' lang='lat' dir='ltr'><strong>veritate</strong></span> <span class='ocrx_word' id='word_1_106' title='bbox 1400 1527 1651 1586; x_wconf 89' lang='lat' dir='ltr'><strong>poterunt</strong></span> <span class='ocrx_word' id='word_1_107' title='bbox 1678 1533 1873 1575; x_wconf 87' lang='lat' dir='ltr'><strong>conve-</strong></span> <span class='ocrx_word' id='word_1_108' title='bbox 1912 1506 1917 1515; x_wconf 39' lang='grc'><strong>⁸</strong></span> 
     </span>
    </p>
   </div>
   <div class='ocr_carea' id='block_1_17' title="bbox 278 1602 1871 1676">
    <p class='ocr_par' dir='ltr' id='par_1_17' title="bbox 278 1602 1871 1676">
     <span class='ocr_line' id='line_1_17' title="bbox 278 1602 1871 1676; baseline 0.003 -19"><span class='ocrx_word' id='word_1_109' title='bbox 278 1603 418 1657; x_wconf 88' lang='lat' dir='ltr'><strong>nire.</strong></span> <span class='ocrx_word' id='word_1_110' title='bbox 448 1602 513 1657; x_wconf 89' lang='lat' dir='ltr'><strong>Et</strong></span> <span class='ocrx_word' id='word_1_111' title='bbox 543 1603 771 1673; x_wconf 88' lang='lat' dir='ltr'><strong>primum</strong></span> <span class='ocrx_word' id='word_1_112' title='bbox 810 1606 1265 1676; x_wconf 85' lang='lat' dir='ltr'><strong>quemadmodum</strong></span> <span class='ocrx_word' id='word_1_113' title='bbox 1311 1605 1695 1663; x_wconf 80' lang='lat' dir='ltr'><strong>aiﬁrmationes</strong></span> <span class='ocrx_word' id='word_1_114' title='bbox 1723 1608 1871 1663; x_wconf 64' lang='lat' dir='ltr'><strong>afﬁr-</strong></span> 
     </span>
    </p>
   </div>
   <div class='ocr_carea' id='block_1_18' title="bbox 278 1698 1873 1769">
    <p class='ocr_par' dir='ltr' id='par_1_18' title="bbox 278 1698 1873 1769">
     <span class='ocr_line' id='line_1_18' title="bbox 278 1698 1873 1769; baseline 0.004 -18"><span class='ocrx_word' id='word_1_115' title='bbox 278 1698 605 1753; x_wconf 88' lang='lat' dir='ltr'><strong>mationibus</strong></span> <span class='ocrx_word' id='word_1_116' title='bbox 662 1698 880 1755; x_wconf 84' lang='lat' dir='ltr'><strong>sibimet</strong></span> <span class='ocrx_word' id='word_1_117' title='bbox 919 1700 1263 1769; x_wconf 90' lang='lat' dir='ltr'><strong>angularibus</strong></span> <span class='ocrx_word' id='word_1_118' title='bbox 1299 1700 1353 1756; x_wconf 92' lang='lat' dir='ltr'><strong>in</strong></span> <span class='ocrx_word' id='word_1_119' title='bbox 1402 1700 1623 1756; x_wconf 84' lang='lat' dir='ltr'><strong>veritate</strong></span> <span class='ocrx_word' id='word_1_120' title='bbox 1647 1716 1873 1757; x_wconf 88' lang='lat' dir='ltr'><strong>consen-</strong></span> 
     </span>
    </p>
   </div>
   <div class='ocr_carea' id='block_1_19' title="bbox 1974 490 3558 566">
    <p class='ocr_par' dir='ltr' id='par_1_19' title="bbox 1974 490 3558 566">
     <span class='ocr_line' id='line_1_19' title="bbox 1974 490 3558 566; baseline 0.004 -23"><span class='ocrx_word' id='word_1_121' title='bbox 1974 490 2147 544; x_wconf 92' lang='lat' dir='ltr'><strong>tiones</strong></span> <span class='ocrx_word' id='word_1_122' title='bbox 2184 491 2626 549; x_wconf 80' lang='lat' dir='ltr'><strong>afﬁrmationibus</strong></span> <span class='ocrx_word' id='word_1_123' title='bbox 2654 499 2938 566; x_wconf 78' lang='lat' dir='ltr'><strong>angulares</strong></span> <span class='ocrx_word' id='word_1_124' title='bbox 2967 494 3201 551; x_wconf 63' lang='lat' dir='ltr'><strong>deﬁnita;</strong></span> <span class='ocrx_word' id='word_1_125' title='bbox 3227 494 3384 550; x_wconf 88' lang='lat' dir='ltr'><strong>simul</strong></span> <span class='ocrx_word' id='word_1_126' title='bbox 3415 509 3558 550; x_wconf 68' lang='lat' dir='ltr'><strong>vera:</strong></span> 
     </span>
    </p>
   </div>
   <div class='ocr_carea' id='block_1_20' title="bbox 1971 586 3560 657">
    <p class='ocr_par' dir='ltr' id='par_1_20' title="bbox 1971 586 3560 657">
     <span class='ocr_line' id='line_1_20' title="bbox 1971 586 3560 657; baseline 0.002 -20"><span class='ocrx_word' id='word_1_127' title='bbox 1971 595 2095 637; x_wconf 89' lang='lat' dir='ltr'><strong>esse</strong></span> <span class='ocrx_word' id='word_1_128' title='bbox 2146 596 2251 636; x_wconf 91' lang='lat' dir='ltr'><strong>non</strong></span> <span class='ocrx_word' id='word_1_129' title='bbox 2304 594 2555 653; x_wconf 86' lang='lat' dir='ltr'><strong>possunt,</strong></span> <span class='ocrx_word' id='word_1_130' title='bbox 2599 586 3012 657; x_wconf 88' lang='lat' dir='ltr'><strong>qnibuscunque</strong></span> <span class='ocrx_word' id='word_1_131' title='bbox 3058 587 3247 657; x_wconf 87' lang='lat' dir='ltr'><strong>positis</strong></span> <span class='ocrx_word' id='word_1_132' title='bbox 3295 587 3560 652; x_wconf 89' lang='lat' dir='ltr'><strong>terminis,</strong></span> 
     </span>
    </p>
   </div>
   <div class='ocr_carea' id='block_1_21' title="bbox 1970 677 3566 753">
    <p class='ocr_par' dir='ltr' id='par_1_21' title="bbox 1970 677 3566 753">
     <span class='ocr_line' id='line_1_21' title="bbox 1970 677 3566 753; baseline 0.004 -24"><span class='ocrx_word' id='word_1_133' title='bbox 1970 683 2151 746; x_wconf 83' lang='lat' dir='ltr'><strong>potest</strong></span> <span class='ocrx_word' id='word_1_134' title='bbox 2193 687 2369 733; x_wconf 90' lang='lat' dir='ltr'><strong>tamen</strong></span> <span class='ocrx_word' id='word_1_135' title='bbox 2417 677 2533 734; x_wconf 88' lang='lat' dir='ltr'><strong>ﬁeri</strong></span> <span class='ocrx_word' id='word_1_136' title='bbox 2576 688 2634 734; x_wconf 89' lang='lat' dir='ltr'><strong>ut</strong></span> <span class='ocrx_word' id='word_1_137' title='bbox 2679 684 2995 752; x_wconf 88' lang='lat' dir='ltr'><strong>negationes</strong></span> <span class='ocrx_word' id='word_1_138' title='bbox 3028 681 3400 753; x_wconf 89' lang='lat' dir='ltr'><strong>negationibus</strong></span> <span class='ocrx_word' id='word_1_139' title='bbox 3426 694 3566 736; x_wconf 64' lang='lat' dir='ltr'><strong>verm</strong></span> 
     </span>
    </p>
   </div>
   <div class='ocr_carea' id='block_1_22' title="bbox 1970 769 3567 846">
    <p class='ocr_par' dir='ltr' id='par_1_22' title="bbox 1970 769 3567 846">
     <span class='ocr_line' id='line_1_22' title="bbox 1970 769 3567 846; baseline 0.003 -22"><span class='ocrx_word' id='word_1_140' title='bbox 1970 769 2333 839; x_wconf 87' lang='lat' dir='ltr'><strong>inveniantur,</strong></span> <span class='ocrx_word' id='word_1_141' title='bbox 2363 782 2418 829; x_wconf 88' lang='lat' dir='ltr'><strong>et</strong></span> <span class='ocrx_word' id='word_1_142' title='bbox 2445 774 2522 830; x_wconf 84' lang='lat' dir='ltr'><strong>sic</strong></span> <span class='ocrx_word' id='word_1_143' title='bbox 2554 776 2667 831; x_wconf 78' lang='lat' dir='ltr'><strong>inec</strong></span> <span class='ocrx_word' id='word_1_144' title='bbox 2697 777 2991 832; x_wconf 87' lang='lat' dir='ltr'><strong>similitudo</strong></span> <span class='ocrx_word' id='word_1_145' title='bbox 3020 777 3085 831; x_wconf 89' lang='lat' dir='ltr'><strong>ad</strong></span> <span class='ocrx_word' id='word_1_146' title='bbox 3128 776 3366 831; x_wconf 90' lang='lat' dir='ltr'><strong>inﬁnitas</strong></span> <span class='ocrx_word' id='word_1_147' title='bbox 3396 790 3567 846; x_wconf 86' lang='lat' dir='ltr'><strong>angu-</strong></span> 
     </span>
    </p>
   </div>
   <div class='ocr_carea' id='block_1_23' title="bbox 1922 864 3568 947">
    <p class='ocr_par' dir='ltr' id='par_1_23' title="bbox 1922 864 3568 947">
     <span class='ocr_line' id='line_1_23' title="bbox 1922 864 3568 947; baseline -0.001 -28"><span class='ocrx_word' id='word_1_148' title='bbox 1922 942 1927 947; x_wconf 21' lang='grc'>,</span> <span class='ocrx_word' id='word_1_149' title='bbox 1972 864 2137 920; x_wconf 89' lang='lat' dir='ltr'><strong>lares.</strong></span> <span class='ocrx_word' id='word_1_150' title='bbox 2169 864 2302 943; x_wconf 80' lang='lat' dir='ltr'><strong>Nam</strong></span> <span class='ocrx_word' id='word_1_151' title='bbox 2330 864 2467 920; x_wconf 90' lang='lat' dir='ltr'><strong>sicut</strong></span> <span class='ocrx_word' id='word_1_152' title='bbox 2497 864 2607 920; x_wconf 90' lang='lat' dir='ltr'><strong>illic</strong></span> <span class='ocrx_word' id='word_1_153' title='bbox 2651 866 2967 933; x_wconf 74' lang='lat' dir='ltr'><strong>negationes</strong></span> <span class='ocrx_word' id='word_1_154' title='bbox 2999 866 3373 937; x_wconf 87' lang='lat' dir='ltr'><strong>negationibus</strong></span> <span class='ocrx_word' id='word_1_155' title='bbox 3418 864 3568 919; x_wconf 78' lang='lat' dir='ltr'><strong>inde-</strong></span> 
     </span>
    </p>
   </div>
   <div class='ocr_carea' id='block_1_24' title="bbox 1974 956 3569 1029">
    <p class='ocr_par' dir='ltr' id='par_1_24' title="bbox 1974 956 3569 1029">
     <span class='ocr_line' id='line_1_24' title="bbox 1974 956 3569 1029; baseline 0 -18"><span class='ocrx_word' id='word_1_156' title='bbox 1974 957 2142 1012; x_wconf 72' lang='lat' dir='ltr'><strong>ﬁnitze</strong></span> <span class='ocrx_word' id='word_1_157' title='bbox 2169 958 2459 1029; x_wconf 76' lang='lat' dir='ltr'><strong>angulares</strong></span> <span class='ocrx_word' id='word_1_158' title='bbox 2488 972 2629 1014; x_wconf 73' lang='lat' dir='ltr'><strong>verte</strong></span> <span class='ocrx_word' id='word_1_159' title='bbox 2655 956 2810 1012; x_wconf 84' lang='lat' dir='ltr'><strong>simul</strong></span> <span class='ocrx_word' id='word_1_160' title='bbox 2838 975 2957 1015; x_wconf 89' lang='lat' dir='ltr'><strong>esse</strong></span> <span class='ocrx_word' id='word_1_161' title='bbox 2985 968 3228 1029; x_wconf 85' lang='lat' dir='ltr'><strong>poterant</strong></span> <span class='ocrx_word' id='word_1_162' title='bbox 3259 961 3311 1013; x_wconf 94' lang='lat' dir='ltr'><strong>in</strong></span> <span class='ocrx_word' id='word_1_163' title='bbox 3344 956 3425 1011; x_wconf 89' lang='lat' dir='ltr'><strong>his</strong></span> <span class='ocrx_word' id='word_1_164' title='bbox 3450 972 3569 1025; x_wconf 67' lang='lat' dir='ltr'><strong>qua:</strong></span> 
     </span>
    </p>
   </div>
   <div class='ocr_carea' id='block_1_25' title="bbox 1972 1050 3569 1120">
    <p class='ocr_par' dir='ltr' id='par_1_25' title="bbox 1972 1050 3569 1120">
     <span class='ocr_line' id='line_1_25' title="bbox 1972 1050 3569 1120; baseline -0.003 -16"><span class='ocrx_word' id='word_1_165' title='bbox 1972 1065 2149 1119; x_wconf 89' lang='lat' dir='ltr'><strong>neque</strong></span> <span class='ocrx_word' id='word_1_166' title='bbox 2191 1051 2453 1106; x_wconf 88' lang='lat' dir='ltr'><strong>naturalia</strong></span> <span class='ocrx_word' id='word_1_167' title='bbox 2484 1059 2610 1105; x_wconf 92' lang='lat' dir='ltr'><strong>sunt</strong></span> <span class='ocrx_word' id='word_1_168' title='bbox 2652 1065 2825 1120; x_wconf 87' lang='lat' dir='ltr'><strong>neque</strong></span> <span class='ocrx_word' id='word_1_169' title='bbox 2867 1051 3210 1120; x_wconf 81' lang='lat' dir='ltr'><strong>impossibilia</strong></span> <span class='ocrx_word' id='word_1_170' title='bbox 3252 1056 3467 1115; x_wconf 82' lang='lat' dir='ltr'><strong>essent,</strong></span> <span class='ocrx_word' id='word_1_171' title='bbox 3501 1050 3569 1101; x_wconf 85' lang='lat' dir='ltr'><strong>ita</strong></span> 
     </span>
    </p>
   </div>
   <div class='ocr_carea' id='block_1_26' title="bbox 1974 1144 3570 1216">
    <p class='ocr_par' dir='ltr' id='par_1_26' title="bbox 1974 1144 3570 1216">
     <span class='ocr_line' id='line_1_26' title="bbox 1974 1144 3570 1216; baseline -0.003 -17"><span class='ocrx_word' id='word_1_172' title='bbox 1974 1145 2059 1199; x_wconf 87' lang='lat' dir='ltr'><strong>hic</strong></span> <span class='ocrx_word' id='word_1_173' title='bbox 2084 1161 2319 1216; x_wconf 91' lang='lat' dir='ltr'><strong>quoque,</strong></span> <span class='ocrx_word' id='word_1_174' title='bbox 2362 1145 2415 1200; x_wconf 88' lang='lat' dir='ltr'><strong>id</strong></span> <span class='ocrx_word' id='word_1_175' title='bbox 2442 1155 2546 1214; x_wconf 87' lang='lat' dir='ltr'><strong>est,</strong></span> <span class='ocrx_word' id='word_1_176' title='bbox 2593 1146 2644 1200; x_wconf 91' lang='lat' dir='ltr'><strong>in</strong></span> <span class='ocrx_word' id='word_1_177' title='bbox 2676 1145 2865 1201; x_wconf 88' lang='lat' dir='ltr'><strong>ordine</strong></span> <span class='ocrx_word' id='word_1_178' title='bbox 2894 1144 3232 1199; x_wconf 76' lang='lat' dir='ltr'><strong>delinitat-um</strong></span> <span class='ocrx_word' id='word_1_179' title='bbox 3263 1144 3570 1211; x_wconf 79' lang='lat' dir='ltr'><strong>negationes</strong></span> 
     </span>
    </p>
   </div>
   <div class='ocr_carea' id='block_1_27' title="bbox 1972 1232 3569 1308">
    <p class='ocr_par' dir='ltr' id='par_1_27' title="bbox 1972 1232 3569 1308">
     <span class='ocr_line' id='line_1_27' title="bbox 1972 1232 3569 1308; baseline -0.004 -16"><span class='ocrx_word' id='word_1_180' title='bbox 1972 1237 2218 1292; x_wconf 83' lang='lat' dir='ltr'><strong>deﬁnitas</strong></span> <span class='ocrx_word' id='word_1_181' title='bbox 2268 1238 2650 1307; x_wconf 74' lang='lat' dir='ltr'><strong>uegationibus</strong></span> <span class='ocrx_word' id='word_1_182' title='bbox 2682 1240 2936 1305; x_wconf 84' lang='lat' dir='ltr'><strong>deﬁnitis,</strong></span> <span class='ocrx_word' id='word_1_183' title='bbox 2980 1238 3262 1308; x_wconf 85' lang='lat' dir='ltr'><strong>angulares</strong></span> <span class='ocrx_word' id='word_1_184' title='bbox 3302 1232 3569 1305; x_wconf 82' lang='lat' dir='ltr'><strong>angulari-</strong></span> 
     </span>
    </p>
   </div>
   <div class='ocr_carea' id='block_1_28' title="bbox 1973 1329 3569 1401">
    <p class='ocr_par' dir='ltr' id='par_1_28' title="bbox 1973 1329 3569 1401">
     <span class='ocr_line' id='line_1_28' title="bbox 1973 1329 3569 1401; baseline -0.003 -16"><span class='ocrx_word' id='word_1_185' title='bbox 1973 1331 2073 1386; x_wconf 92' lang='lat' dir='ltr'><strong>bus</strong></span> <span class='ocrx_word' id='word_1_186' title='bbox 2130 1332 2290 1386; x_wconf 88' lang='lat' dir='ltr'><strong>simul</strong></span> <span class='ocrx_word' id='word_1_187' title='bbox 2333 1348 2488 1389; x_wconf 86' lang='lat' dir='ltr'><strong>veras</strong></span> <span class='ocrx_word' id='word_1_188' title='bbox 2536 1348 2659 1389; x_wconf 84' lang='lat' dir='ltr'><strong>esse</strong></span> <span class='ocrx_word' id='word_1_189' title='bbox 2706 1330 2968 1401; x_wconf 76' lang='lat' dir='ltr'><strong>contingit</strong></span> <span class='ocrx_word' id='word_1_190' title='bbox 3015 1333 3065 1385; x_wconf 93' lang='lat' dir='ltr'><strong>in</strong></span> <span class='ocrx_word' id='word_1_191' title='bbox 3112 1329 3195 1385; x_wconf 88' lang='lat' dir='ltr'><strong>his</strong></span> <span class='ocrx_word' id='word_1_192' title='bbox 3234 1346 3351 1399; x_wconf 79' lang='lat' dir='ltr'><strong>quae</strong></span> <span class='ocrx_word' id='word_1_193' title='bbox 3399 1340 3569 1396; x_wconf 87' lang='lat' dir='ltr'><strong>neque</strong></span> 
     </span>
    </p>
   </div>
   <div class='ocr_carea' id='block_1_29' title="bbox 1973 1421 3569 1494">
    <p class='ocr_par' dir='ltr' id='par_1_29' title="bbox 1973 1421 3569 1494">
     <span class='ocr_line' id='line_1_29' title="bbox 1973 1421 3569 1494; baseline -0.003 -17"><span class='ocrx_word' id='word_1_194' title='bbox 1973 1433 2099 1477; x_wconf 86' lang='lat' dir='ltr'><strong>sunt</strong></span> <span class='ocrx_word' id='word_1_195' title='bbox 2142 1424 2508 1494; x_wconf 61' lang='lat' dir='ltr'><strong>itnpossibiles</strong></span> <span class='ocrx_word' id='word_1_196' title='bbox 2540 1440 2638 1479; x_wconf 87' lang='lat' dir='ltr'><strong>nec</strong></span> <span class='ocrx_word' id='word_1_197' title='bbox 2686 1426 2975 1479; x_wconf 87' lang='lat' dir='ltr'><strong>naturales.</strong></span> <span class='ocrx_word' id='word_1_198' title='bbox 3012 1423 3229 1491; x_wconf 58' lang='lat' dir='ltr'><strong>begatio</strong></span> <span class='ocrx_word' id='word_1_199' title='bbox 3258 1422 3397 1477; x_wconf 89' lang='lat' dir='ltr'><strong>cnitn</strong></span> <span class='ocrx_word' id='word_1_200' title='bbox 3441 1421 3569 1476; x_wconf 87' lang='lat' dir='ltr'><strong>sitn-</strong></span> 
     </span>
    </p>
   </div>
   <div class='ocr_carea' id='block_1_30' title="bbox 1975 1514 3568 1586">
    <p class='ocr_par' dir='ltr' id='par_1_30' title="bbox 1975 1514 3568 1586">
     <span class='ocr_line' id='line_1_30' title="bbox 1975 1514 3568 1586; baseline 0.001 -19"><span class='ocrx_word' id='word_1_201' title='bbox 1975 1514 2096 1583; x_wconf 76' lang='lat' dir='ltr'><strong>plcx</strong></span> <span class='ocrx_word' id='word_1_202' title='bbox 2147 1516 2487 1585; x_wconf 88' lang='lat' dir='ltr'><strong>particularis</strong></span> <span class='ocrx_word' id='word_1_203' title='bbox 2532 1534 2651 1586; x_wconf 76' lang='lat' dir='ltr'><strong>qua:</strong></span> <span class='ocrx_word' id='word_1_204' title='bbox 2702 1517 2861 1583; x_wconf 80' lang='lat' dir='ltr'><strong>dicit,</strong></span> <span class='ocrx_word' id='word_1_205' title='bbox 2907 1530 3012 1571; x_wconf 78' lang='lat' dir='ltr'><strong>nun</strong></span> <span class='ocrx_word' id='word_1_206' title='bbox 3063 1516 3238 1570; x_wconf 87' lang='lat' dir='ltr'><strong>omnis</strong></span> <span class='ocrx_word' id='word_1_207' title='bbox 3282 1525 3365 1569; x_wconf 92' lang='lat' dir='ltr'><strong>cst</strong></span> <span class='ocrx_word' id='word_1_208' title='bbox 3409 1514 3568 1568; x_wconf 84' lang='lat' dir='ltr'><strong>homo</strong></span> 
     </span>
    </p>
   </div>
   <div class='ocr_carea' id='block_1_31' title="bbox 1914 1592 3567 1677">
    <p class='ocr_par' dir='ltr' id='par_1_31' title="bbox 1914 1592 3567 1677">
     <span class='ocr_line' id='line_1_31' title="bbox 1914 1592 3567 1677; baseline 0.001 -19"><span class='ocrx_word' id='word_1_209' title='bbox 1914 1592 1917 1605; x_wconf 35' lang='grc' dir='ltr'>έ</span> <span class='ocrx_word' id='word_1_210' title='bbox 1968 1606 2168 1675; x_wconf 84' lang='lat' dir='ltr'><strong>justus,</strong></span> <span class='ocrx_word' id='word_1_211' title='bbox 2204 1617 2375 1676; x_wconf 88' lang='lat' dir='ltr'><strong>potest</strong></span> <span class='ocrx_word' id='word_1_212' title='bbox 2397 1609 2555 1663; x_wconf 83' lang='lat' dir='ltr'><strong>simul</strong></span> <span class='ocrx_word' id='word_1_213' title='bbox 2587 1623 2710 1664; x_wconf 87' lang='lat' dir='ltr'><strong>vera</strong></span> <span class='ocrx_word' id='word_1_214' title='bbox 2736 1624 2857 1664; x_wconf 89' lang='lat' dir='ltr'><strong>esse</strong></span> <span class='ocrx_word' id='word_1_215' title='bbox 2884 1624 3004 1662; x_wconf 90' lang='lat' dir='ltr'><strong>cum</strong></span> <span class='ocrx_word' id='word_1_216' title='bbox 3036 1623 3098 1663; x_wconf 90' lang='lat' dir='ltr'><strong>ea</strong></span> <span class='ocrx_word' id='word_1_217' title='bbox 3125 1623 3245 1677; x_wconf 76' lang='lat' dir='ltr'><strong>qua:</strong></span> <span class='ocrx_word' id='word_1_218' title='bbox 3275 1605 3435 1674; x_wconf 84' lang='lat' dir='ltr'><strong>dicit,</strong></span> <span class='ocrx_word' id='word_1_219' title='bbox 3460 1621 3567 1659; x_wconf 88' lang='lat' dir='ltr'><strong>non</strong></span> 
     </span>
    </p>
   </div>
   <div class='ocr_carea' id='block_1_32' title="bbox 1974 1699 3566 1772">
    <p class='ocr_par' dir='ltr' id='par_1_32' title="bbox 1974 1699 3566 1772">
     <span class='ocr_line' id='line_1_32' title="bbox 1974 1699 3566 1772; baseline -0.002 -18"><span class='ocrx_word' id='word_1_220' title='bbox 1974 1700 2151 1754; x_wconf 87' lang='lat' dir='ltr'><strong>omnis</strong></span> <span class='ocrx_word' id='word_1_221' title='bbox 2171 1714 2252 1756; x_wconf 89' lang='lat' dir='ltr'><strong>est</strong></span> <span class='ocrx_word' id='word_1_222' title='bbox 2280 1701 2441 1756; x_wconf 88' lang='lat' dir='ltr'><strong>ltomo</strong></span> <span class='ocrx_word' id='word_1_223' title='bbox 2468 1701 2731 1771; x_wconf 90' lang='lat' dir='ltr'><strong>injustus;</strong></span> <span class='ocrx_word' id='word_1_224' title='bbox 2758 1710 2930 1772; x_wconf 82' lang='lat' dir='ltr'><strong>potest</strong></span> <span class='ocrx_word' id='word_1_225' title='bbox 2956 1702 3098 1756; x_wconf 93' lang='lat' dir='ltr'><strong>enim</strong></span> <span class='ocrx_word' id='word_1_226' title='bbox 3130 1699 3245 1753; x_wconf 87' lang='lat' dir='ltr'><strong>ﬁeri</strong></span> <span class='ocrx_word' id='word_1_227' title='bbox 3270 1709 3325 1753; x_wconf 95' lang='lat' dir='ltr'><strong>ut</strong></span> <span class='ocrx_word' id='word_1_228' title='bbox 3354 1700 3566 1769; x_wconf 88' lang='lat' dir='ltr'><strong>quidant</strong></span> 
     </span>
    </p>
   </div>
   <div class='ocr_carea' id='block_1_33' title="bbox 278 1788 3567 1867">
    <p class='ocr_par' dir='ltr' id='par_1_33' title="bbox 278 1788 3567 1867">
     <span class='ocr_line' id='line_1_33' title="bbox 278 1788 3567 1867; baseline 0.002 -24"><span class='ocrx_word' id='word_1_229' title='bbox 278 1788 390 1843; x_wconf 90' lang='lat' dir='ltr'><strong>tire</strong></span> <span class='ocrx_word' id='word_1_230' title='bbox 438 1805 541 1845; x_wconf 83' lang='lat' dir='ltr'><strong>non</strong></span> <span class='ocrx_word' id='word_1_231' title='bbox 581 1800 829 1861; x_wconf 90' lang='lat' dir='ltr'><strong>possunt,</strong></span> <span class='ocrx_word' id='word_1_232' title='bbox 881 1792 933 1847; x_wconf 93' lang='lat' dir='ltr'><strong>in</strong></span> <span class='ocrx_word' id='word_1_233' title='bbox 988 1792 1316 1864; x_wconf 89' lang='lat' dir='ltr'><strong>quibuslibet</strong></span> <span class='ocrx_word' id='word_1_234' title='bbox 1362 1793 1606 1848; x_wconf 88' lang='lat' dir='ltr'><strong>terminis</strong></span> <span class='ocrx_word' id='word_1_235' title='bbox 1646 1794 1875 1849; x_wconf 88' lang='lat' dir='ltr'><strong>demon-</strong></span> <span class='ocrx_word' id='word_1_236' title='bbox 1906 1796 2089 1862; x_wconf 81' lang='lat' dir='ltr'><strong>Bsint</strong></span> <span class='ocrx_word' id='word_1_237' title='bbox 2123 1794 2289 1865; x_wconf 87' lang='lat' dir='ltr'><strong>justi,</strong></span> <span class='ocrx_word' id='word_1_238' title='bbox 2337 1798 2551 1867; x_wconf 82' lang='lat' dir='ltr'><strong>quidam</strong></span> <span class='ocrx_word' id='word_1_239' title='bbox 2590 1807 2768 1853; x_wconf 90' lang='lat' dir='ltr'><strong>autem</strong></span> <span class='ocrx_word' id='word_1_240' title='bbox 2818 1813 2923 1851; x_wconf 91' lang='lat' dir='ltr'><strong>non</strong></span> <span class='ocrx_word' id='word_1_241' title='bbox 2962 1796 3067 1851; x_wconf 89' lang='lat' dir='ltr'><strong>sint</strong></span> <span class='ocrx_word' id='word_1_242' title='bbox 3101 1795 3261 1866; x_wconf 79' lang='lat' dir='ltr'><strong>justi,</strong></span> <span class='ocrx_word' id='word_1_243' title='bbox 3302 1804 3356 1849; x_wconf 88' lang='lat' dir='ltr'><strong>et</strong></span> <span class='ocrx_word' id='word_1_244' title='bbox 3403 1795 3453 1847; x_wconf 92' lang='lat' dir='ltr'><strong>in</strong></span> <span class='ocrx_word' id='word_1_245' title='bbox 3503 1808 3567 1848; x_wconf 92' lang='lat' dir='ltr'><strong>eo</strong></span> 
     </span>
    </p>
   </div>
   <div class='ocr_carea' id='block_1_34' title="bbox 278 1881 1871 1956">
    <p class='ocr_par' dir='ltr' id='par_1_34' title="bbox 278 1881 1871 1956">
     <span class='ocr_line' id='line_1_34' title="bbox 278 1881 1871 1956; baseline 0.004 -20"><span class='ocrx_word' id='word_1_246' title='bbox 278 1881 559 1938; x_wconf 88' lang='lat' dir='ltr'><strong>strandum</strong></span> <span class='ocrx_word' id='word_1_247' title='bbox 607 1893 712 1938; x_wconf 90' lang='lat' dir='ltr'><strong>est.</strong></span> <span class='ocrx_word' id='word_1_248' title='bbox 754 1883 831 1938; x_wconf 84' lang='lat' dir='ltr'><strong>Ea</strong></span> <span class='ocrx_word' id='word_1_249' title='bbox 862 1884 1005 1939; x_wconf 90' lang='lat' dir='ltr'><strong>enim</strong></span> <span class='ocrx_word' id='word_1_250' title='bbox 1053 1901 1172 1956; x_wconf 72' lang='lat' dir='ltr'><strong>qua:</strong></span> <span class='ocrx_word' id='word_1_251' title='bbox 1201 1884 1347 1949; x_wconf 89' lang='lat' dir='ltr'><strong>dicit,</strong></span> <span class='ocrx_word' id='word_1_252' title='bbox 1380 1886 1556 1941; x_wconf 89' lang='lat' dir='ltr'><strong>omnis</strong></span> <span class='ocrx_word' id='word_1_253' title='bbox 1584 1896 1668 1941; x_wconf 91' lang='lat' dir='ltr'><strong>est</strong></span> <span class='ocrx_word' id='word_1_254' title='bbox 1710 1887 1871 1943; x_wconf 89' lang='lat' dir='ltr'><strong>homo</strong></span> 
     </span>
    </p>
   </div>
   <div class='ocr_carea' id='block_1_35' title="bbox 277 1972 1915 2053">
    <p class='ocr_par' dir='ltr' id='par_1_35' title="bbox 277 1972 1915 2053">
     <span class='ocr_line' id='line_1_35' title="bbox 277 1972 1915 2053; baseline 0.005 -22"><span class='ocrx_word' id='word_1_255' title='bbox 277 1974 475 2045; x_wconf 80' lang='lat' dir='ltr'><strong>iustus,</strong></span> <span class='ocrx_word' id='word_1_256' title='bbox 525 1989 584 2034; x_wconf 91' lang='lat' dir='ltr'><strong>et</strong></span> <span class='ocrx_word' id='word_1_257' title='bbox 617 1993 680 2035; x_wconf 91' lang='lat' dir='ltr'><strong>ea</strong></span> <span class='ocrx_word' id='word_1_258' title='bbox 711 1995 831 2050; x_wconf 78' lang='lat' dir='ltr'><strong>qua:</strong></span> <span class='ocrx_word' id='word_1_259' title='bbox 880 1979 1031 2048; x_wconf 90' lang='lat' dir='ltr'><strong>dicit,</strong></span> <span class='ocrx_word' id='word_1_260' title='bbox 1082 1983 1262 2036; x_wconf 90' lang='lat' dir='ltr'><strong>omnis</strong></span> <span class='ocrx_word' id='word_1_261' title='bbox 1293 1991 1377 2037; x_wconf 91' lang='lat' dir='ltr'><strong>est</strong></span> <span class='ocrx_word' id='word_1_262' title='bbox 1427 1982 1589 2039; x_wconf 89' lang='lat' dir='ltr'><strong>homo</strong></span> <span class='ocrx_word' id='word_1_263' title='bbox 1618 1983 1871 2053; x_wconf 88' lang='lat' dir='ltr'><strong>injustus,</strong></span> <span class='ocrx_word' id='word_1_264' title='bbox 1910 1972 1915 1977; x_wconf 71' lang='grc'><strong>’</strong></span> 
     </span>
    </p>
   </div>
   <div class='ocr_carea' id='block_1_36' title="bbox 278 2069 1876 2146">
    <p class='ocr_par' dir='ltr' id='par_1_36' title="bbox 278 2069 1876 2146">
     <span class='ocr_line' id='line_1_36' title="bbox 278 2069 1876 2146; baseline 0.008 -25"><span class='ocrx_word' id='word_1_265' title='bbox 278 2082 401 2137; x_wconf 66' lang='lat' dir='ltr'><strong>qua</strong></span> <span class='ocrx_word' id='word_1_266' title='bbox 426 2077 511 2123; x_wconf 91' lang='lat' dir='ltr'><strong>est</strong></span> <span class='ocrx_word' id='word_1_267' title='bbox 541 2069 747 2124; x_wconf 88' lang='lat' dir='ltr'><strong>scilicet</strong></span> <span class='ocrx_word' id='word_1_268' title='bbox 776 2071 1068 2141; x_wconf 87' lang='lat' dir='ltr'><strong>augularis,</strong></span> <span class='ocrx_word' id='word_1_269' title='bbox 1102 2088 1244 2127; x_wconf 69' lang='lat' dir='ltr'><strong>verte</strong></span> <span class='ocrx_word' id='word_1_270' title='bbox 1273 2074 1437 2128; x_wconf 89' lang='lat' dir='ltr'><strong>simul</strong></span> <span class='ocrx_word' id='word_1_271' title='bbox 1468 2089 1588 2130; x_wconf 90' lang='lat' dir='ltr'><strong>esse</strong></span> <span class='ocrx_word' id='word_1_272' title='bbox 1616 2091 1720 2130; x_wconf 92' lang='lat' dir='ltr'><strong>nou</strong></span> <span class='ocrx_word' id='word_1_273' title='bbox 1752 2092 1876 2146; x_wconf 84' lang='lat' dir='ltr'><strong>pos-</strong></span> 
     </span>
    </p>
   </div>
   <div class='ocr_carea' id='block_1_37' title="bbox 278 2160 1873 2240">
    <p class='ocr_par' dir='ltr' id='par_1_37' title="bbox 278 2160 1873 2240">
     <span class='ocr_line' id='line_1_37' title="bbox 278 2160 1873 2240; baseline 0.008 -27"><span class='ocrx_word' id='word_1_274' title='bbox 278 2168 427 2215; x_wconf 84' lang='lat' dir='ltr'><strong>sunt.</strong></span> <span class='ocrx_word' id='word_1_275' title='bbox 458 2160 534 2215; x_wconf 88' lang='lat' dir='ltr'><strong>Ea</strong></span> <span class='ocrx_word' id='word_1_276' title='bbox 559 2177 793 2232; x_wconf 87' lang='lat' dir='ltr'><strong>namque</strong></span> <span class='ocrx_word' id='word_1_277' title='bbox 809 2179 928 2230; x_wconf 68' lang='lat' dir='ltr'><strong>quae</strong></span> <span class='ocrx_word' id='word_1_278' title='bbox 959 2164 1108 2229; x_wconf 90' lang='lat' dir='ltr'><strong>dicit,</strong></span> <span class='ocrx_word' id='word_1_279' title='bbox 1128 2168 1302 2221; x_wconf 91' lang='lat' dir='ltr'><strong>omnis</strong></span> <span class='ocrx_word' id='word_1_280' title='bbox 1332 2179 1414 2222; x_wconf 85' lang='lat' dir='ltr'><strong>est</strong></span> <span class='ocrx_word' id='word_1_281' title='bbox 1441 2170 1601 2223; x_wconf 76' lang='lat' dir='ltr'><strong>homo</strong></span> <span class='ocrx_word' id='word_1_282' title='bbox 1624 2170 1873 2240; x_wconf 89' lang='lat' dir='ltr'><strong>injustus,</strong></span> 
     </span>
    </p>
   </div>
   <div class='ocr_carea' id='block_1_38' title="bbox 278 2252 1876 2330">
    <p class='ocr_par' dir='ltr' id='par_1_38' title="bbox 278 2252 1876 2330">
     <span class='ocr_line' id='line_1_38' title="bbox 278 2252 1876 2330; baseline 0.007 -22"><span class='ocrx_word' id='word_1_283' title='bbox 278 2252 415 2308; x_wconf 84' lang='lat' dir='ltr'><strong>nihil</strong></span> <span class='ocrx_word' id='word_1_284' title='bbox 444 2254 626 2330; x_wconf 80' lang='lat' dir='ltr'><strong>diﬁ&#39;ert</strong></span> <span class='ocrx_word' id='word_1_285' title='bbox 672 2257 739 2311; x_wconf 89' lang='lat' dir='ltr'><strong>ab</strong></span> <span class='ocrx_word' id='word_1_286' title='bbox 765 2272 829 2313; x_wconf 91' lang='lat' dir='ltr'><strong>ea</strong></span> <span class='ocrx_word' id='word_1_287' title='bbox 880 2273 1001 2327; x_wconf 68' lang='lat' dir='ltr'><strong>qua:</strong></span> <span class='ocrx_word' id='word_1_288' title='bbox 1041 2261 1308 2330; x_wconf 89' lang='lat' dir='ltr'><strong>proponit,</strong></span> <span class='ocrx_word' id='word_1_289' title='bbox 1367 2265 1547 2317; x_wconf 89' lang='lat' dir='ltr'><strong>nullus</strong></span> <span class='ocrx_word' id='word_1_290' title='bbox 1589 2275 1673 2318; x_wconf 90' lang='lat' dir='ltr'><strong>est</strong></span> <span class='ocrx_word' id='word_1_291' title='bbox 1715 2266 1876 2320; x_wconf 91' lang='lat' dir='ltr'><strong>homo</strong></span> 
     </span>
    </p>
   </div>
   <div class='ocr_carea' id='block_1_39' title="bbox 278 2343 1879 2422">
    <p class='ocr_par' dir='ltr' id='par_1_39' title="bbox 278 2343 1879 2422">
     <span class='ocr_line' id='line_1_39' title="bbox 278 2343 1879 2422; baseline 0.007 -23"><span class='ocrx_word' id='word_1_292' title='bbox 278 2343 477 2414; x_wconf 84' lang='lat' dir='ltr'><strong>iuStus,</strong></span> <span class='ocrx_word' id='word_1_293' title='bbox 522 2346 619 2403; x_wconf 91' lang='lat' dir='ltr'><strong>sed</strong></span> <span class='ocrx_word' id='word_1_294' title='bbox 662 2350 836 2405; x_wconf 86' lang='lat' dir='ltr'><strong>omnis</strong></span> <span class='ocrx_word' id='word_1_295' title='bbox 878 2359 960 2406; x_wconf 89' lang='lat' dir='ltr'><strong>est</strong></span> <span class='ocrx_word' id='word_1_296' title='bbox 992 2350 1153 2408; x_wconf 87' lang='lat' dir='ltr'><strong>homo</strong></span> <span class='ocrx_word' id='word_1_297' title='bbox 1198 2352 1396 2422; x_wconf 76' lang='lat' dir='ltr'><strong>justus,</strong></span> <span class='ocrx_word' id='word_1_298' title='bbox 1459 2364 1514 2411; x_wconf 91' lang='lat' dir='ltr'><strong>et</strong></span> <span class='ocrx_word' id='word_1_299' title='bbox 1563 2355 1743 2412; x_wconf 89' lang='lat' dir='ltr'><strong>nullus</strong></span> <span class='ocrx_word' id='word_1_300' title='bbox 1795 2371 1879 2413; x_wconf 84' lang='lat' dir='ltr'><strong>est</strong></span> 
     </span>
    </p>
   </div>
   <div class='ocr_carea' id='block_1_40' title="bbox 279 2438 1878 2516">
    <p class='ocr_par' dir='ltr' id='par_1_40' title="bbox 279 2438 1878 2516">
     <span class='ocr_line' id='line_1_40' title="bbox 279 2438 1878 2516; baseline 0.008 -21"><span class='ocrx_word' id='word_1_301' title='bbox 279 2438 446 2497; x_wconf 83' lang='lat' dir='ltr'><strong>homo</strong></span> <span class='ocrx_word' id='word_1_302' title='bbox 480 2443 678 2512; x_wconf 88' lang='lat' dir='ltr'><strong>justus,</strong></span> <span class='ocrx_word' id='word_1_303' title='bbox 724 2446 976 2516; x_wconf 84' lang='lat' dir='ltr'><strong>quoniam</strong></span> <span class='ocrx_word' id='word_1_304' title='bbox 1028 2450 1312 2503; x_wconf 65' lang='lat' dir='ltr'><strong>contraria:</strong></span> <span class='ocrx_word' id='word_1_305' title='bbox 1360 2461 1508 2514; x_wconf 91' lang='lat' dir='ltr'><strong>sunt,</strong></span> <span class='ocrx_word' id='word_1_306' title='bbox 1550 2452 1708 2506; x_wconf 90' lang='lat' dir='ltr'><strong>simul</strong></span> <span class='ocrx_word' id='word_1_307' title='bbox 1740 2468 1878 2507; x_wconf 84' lang='lat' dir='ltr'><strong>verae</strong></span> 
     </span>
    </p>
   </div>
   <div class='ocr_carea' id='block_1_41' title="bbox 279 2538 1879 2621">
    <p class='ocr_par' dir='ltr' id='par_1_41' title="bbox 279 2538 1879 2621">
     <span class='ocr_line' id='line_1_41' title="bbox 279 2538 1879 2621; baseline 0.006 -31"><span class='ocrx_word' id='word_1_308' title='bbox 279 2548 402 2591; x_wconf 85' lang='lat' dir='ltr'><strong>esse</strong></span> <span class='ocrx_word' id='word_1_309' title='bbox 428 2551 536 2591; x_wconf 92' lang='lat' dir='ltr'><strong>non</strong></span> <span class='ocrx_word' id='word_1_310' title='bbox 567 2548 816 2606; x_wconf 87' lang='lat' dir='ltr'><strong>possunt;</strong></span> <span class='ocrx_word' id='word_1_311' title='bbox 848 2538 942 2595; x_wconf 88' lang='lat' dir='ltr'><strong>sed</strong></span> <span class='ocrx_word' id='word_1_312' title='bbox 971 2554 1034 2594; x_wconf 87' lang='lat' dir='ltr'><strong>ea</strong></span> <span class='ocrx_word' id='word_1_313' title='bbox 1065 2556 1184 2609; x_wconf 79' lang='lat' dir='ltr'><strong>qua:</strong></span> <span class='ocrx_word' id='word_1_314' title='bbox 1215 2541 1365 2609; x_wconf 87' lang='lat' dir='ltr'><strong>dicit,</strong></span> <span class='ocrx_word' id='word_1_315' title='bbox 1401 2542 1689 2621; x_wconf 80' lang='lat' dir='ltr'><strong>nullus_est</strong></span> <span class='ocrx_word' id='word_1_316' title='bbox 1719 2545 1879 2599; x_wconf 91' lang='lat' dir='ltr'><strong>homo</strong></span> 
     </span>
    </p>
   </div>
   <div class='ocr_carea' id='block_1_42' title="bbox 278 2622 1917 2713">
    <p class='ocr_par' dir='ltr' id='par_1_42' title="bbox 278 2622 1917 2713">
     <span class='ocr_line' id='line_1_42' title="bbox 278 2622 1917 2713; baseline 0.004 -23"><span class='ocrx_word' id='word_1_317' title='bbox 278 2633 476 2705; x_wconf 80' lang='lat' dir='ltr'><strong>iustus,</strong></span> <span class='ocrx_word' id='word_1_318' title='bbox 514 2637 767 2693; x_wconf 81' lang='lat' dir='ltr'><strong>convenit</strong></span> <span class='ocrx_word' id='word_1_319' title='bbox 817 2648 978 2709; x_wconf 87' lang='lat' dir='ltr'><strong>atque</strong></span> <span class='ocrx_word' id='word_1_320' title='bbox 1020 2642 1292 2695; x_wconf 87' lang='lat' dir='ltr'><strong>consentit</strong></span> <span class='ocrx_word' id='word_1_321' title='bbox 1340 2642 1390 2696; x_wconf 91' lang='lat' dir='ltr'><strong>ei</strong></span> <span class='ocrx_word' id='word_1_322' title='bbox 1435 2658 1554 2712; x_wconf 77' lang='lat' dir='ltr'><strong>qua:</strong></span> <span class='ocrx_word' id='word_1_323' title='bbox 1604 2645 1876 2713; x_wconf 65' lang='lat' dir='ltr'><strong>propo,.it,</strong></span> <span class='ocrx_word' id='word_1_324' title='bbox 1916 2622 1917 2625; x_wconf 8' lang='grc' dir='ltr'>Ἴ</span> 
     </span>
    </p>
   </div>
   <div class='ocr_carea' id='block_1_43' title="bbox 281 2730 1881 2807">
    <p class='ocr_par' dir='ltr' id='par_1_43' title="bbox 281 2730 1881 2807">
     <span class='ocr_line' id='line_1_43' title="bbox 281 2730 1881 2807; baseline 0.004 -22"><span class='ocrx_word' id='word_1_325' title='bbox 281 2730 459 2787; x_wconf 88' lang='lat' dir='ltr'><strong>omnis</strong></span> <span class='ocrx_word' id='word_1_326' title='bbox 487 2730 654 2787; x_wconf 89' lang='lat' dir='ltr'><strong>homo</strong></span> <span class='ocrx_word' id='word_1_327' title='bbox 682 2743 763 2787; x_wconf 90' lang='lat' dir='ltr'><strong>est</strong></span> <span class='ocrx_word' id='word_1_328' title='bbox 819 2733 1047 2803; x_wconf 87' lang='lat' dir='ltr'><strong>injustus</strong></span> <span class='ocrx_word' id='word_1_329' title='bbox 1073 2751 1088 2801; x_wconf 91' lang='lat'><strong>;</strong></span> <span class='ocrx_word' id='word_1_330' title='bbox 1120 2750 1286 2806; x_wconf 76' lang='lat' dir='ltr'><strong>quate</strong></span> <span class='ocrx_word' id='word_1_331' title='bbox 1316 2738 1491 2790; x_wconf 91' lang='lat' dir='ltr'><strong>omnis</strong></span> <span class='ocrx_word' id='word_1_332' title='bbox 1524 2737 1681 2791; x_wconf 89' lang='lat' dir='ltr'><strong>homo</strong></span> <span class='ocrx_word' id='word_1_333' title='bbox 1705 2738 1881 2807; x_wconf 87' lang='lat' dir='ltr'><strong>justus</strong></span> 
     </span>
    </p>
   </div>
   <div class='ocr_carea' id='block_1_44' title="bbox 281 2823 1880 2894">
    <p class='ocr_par' dir='ltr' id='par_1_44' title="bbox 281 2823 1880 2894">
     <span class='ocr_line' id='line_1_44' title="bbox 281 2823 1880 2894; baseline 0.004 -17"><span class='ocrx_word' id='word_1_334' title='bbox 281 2832 475 2887; x_wconf 85' lang='lat' dir='ltr'><strong>est,et</strong></span> <span class='ocrx_word' id='word_1_335' title='bbox 502 2823 683 2879; x_wconf 90' lang='lat' dir='ltr'><strong>omnis</strong></span> <span class='ocrx_word' id='word_1_336' title='bbox 726 2824 887 2879; x_wconf 86' lang='lat' dir='ltr'><strong>homo</strong></span> <span class='ocrx_word' id='word_1_337' title='bbox 934 2836 1015 2880; x_wconf 87' lang='lat' dir='ltr'><strong>est</strong></span> <span class='ocrx_word' id='word_1_338' title='bbox 1067 2824 1318 2894; x_wconf 87' lang='lat' dir='ltr'><strong>injustus,</strong></span> <span class='ocrx_word' id='word_1_339' title='bbox 1362 2827 1522 2881; x_wconf 90' lang='lat' dir='ltr'><strong>simul</strong></span> <span class='ocrx_word' id='word_1_340' title='bbox 1567 2842 1710 2883; x_wconf 70' lang='lat' dir='ltr'><strong>verre</strong></span> <span class='ocrx_word' id='word_1_341' title='bbox 1759 2843 1880 2883; x_wconf 84' lang='lat' dir='ltr'><strong>esse</strong></span> 
     </span>
    </p>
   </div>
   <div class='ocr_carea' id='block_1_45' title="bbox 280 2917 1884 2989">
    <p class='ocr_par' dir='ltr' id='par_1_45' title="bbox 280 2917 1884 2989">
     <span class='ocr_line' id='line_1_45' title="bbox 280 2917 1884 2989; baseline 0.004 -20"><span class='ocrx_word' id='word_1_342' title='bbox 280 2930 393 2970; x_wconf 88' lang='lat' dir='ltr'><strong>non</strong></span> <span class='ocrx_word' id='word_1_343' title='bbox 434 2927 693 2986; x_wconf 86' lang='lat' dir='ltr'><strong>possunt,</strong></span> <span class='ocrx_word' id='word_1_344' title='bbox 729 2917 824 2973; x_wconf 91' lang='lat' dir='ltr'><strong>sed</strong></span> <span class='ocrx_word' id='word_1_345' title='bbox 869 2917 1057 2974; x_wconf 88' lang='lat' dir='ltr'><strong>eadem</strong></span> <span class='ocrx_word' id='word_1_346' title='bbox 1103 2934 1222 2989; x_wconf 79' lang='lat' dir='ltr'><strong>qua:</strong></span> <span class='ocrx_word' id='word_1_347' title='bbox 1267 2919 1547 2989; x_wconf 87' lang='lat' dir='ltr'><strong>proponit,</strong></span> <span class='ocrx_word' id='word_1_348' title='bbox 1578 2922 1753 2976; x_wconf 91' lang='lat' dir='ltr'><strong>omnis</strong></span> <span class='ocrx_word' id='word_1_349' title='bbox 1801 2931 1884 2976; x_wconf 90' lang='lat' dir='ltr'><strong>est</strong></span> 
     </span>
    </p>
   </div>
   <div class='ocr_carea' id='block_1_46' title="bbox 283 3006 1881 3085">
    <p class='ocr_par' dir='ltr' id='par_1_46' title="bbox 283 3006 1881 3085">
     <span class='ocr_line' id='line_1_46' title="bbox 283 3006 1881 3085; baseline 0.002 -21"><span class='ocrx_word' id='word_1_350' title='bbox 283 3006 455 3065; x_wconf 81' lang='lat' dir='ltr'><strong>homo</strong></span> <span class='ocrx_word' id='word_1_351' title='bbox 496 3013 742 3081; x_wconf 70' lang='lat' dir='ltr'><strong>iniustus,</strong></span> <span class='ocrx_word' id='word_1_352' title='bbox 785 3012 1056 3067; x_wconf 88' lang='lat' dir='ltr'><strong>consentit</strong></span> <span class='ocrx_word' id='word_1_353' title='bbox 1098 3012 1188 3082; x_wconf 91' lang='lat' dir='ltr'><strong>(ut</strong></span> <span class='ocrx_word' id='word_1_354' title='bbox 1232 3028 1376 3081; x_wconf 70' lang='lat' dir='ltr'><strong>saepe</strong></span> <span class='ocrx_word' id='word_1_355' title='bbox 1419 3012 1620 3069; x_wconf 88' lang='lat' dir='ltr'><strong>dictum</strong></span> <span class='ocrx_word' id='word_1_356' title='bbox 1667 3016 1783 3085; x_wconf 90' lang='lat' dir='ltr'><strong>est)</strong></span> <span class='ocrx_word' id='word_1_357' title='bbox 1830 3015 1881 3069; x_wconf 91' lang='lat' dir='ltr'><strong>ei</strong></span> 
     </span>
    </p>
   </div>
   <div class='ocr_carea' id='block_1_47' title="bbox 284 3101 1882 3173">
    <p class='ocr_par' dir='ltr' id='par_1_47' title="bbox 284 3101 1882 3173">
     <span class='ocr_line' id='line_1_47' title="bbox 284 3101 1882 3173; baseline 0.002 -17"><span class='ocrx_word' id='word_1_358' title='bbox 284 3116 412 3172; x_wconf 74' lang='lat' dir='ltr'><strong>quae</strong></span> <span class='ocrx_word' id='word_1_359' title='bbox 450 3101 606 3170; x_wconf 90' lang='lat' dir='ltr'><strong>dicit,</strong></span> <span class='ocrx_word' id='word_1_360' title='bbox 637 3102 816 3158; x_wconf 91' lang='lat' dir='ltr'><strong>omnis</strong></span> <span class='ocrx_word' id='word_1_361' title='bbox 857 3112 940 3157; x_wconf 89' lang='lat' dir='ltr'><strong>est</strong></span> <span class='ocrx_word' id='word_1_362' title='bbox 979 3101 1139 3156; x_wconf 89' lang='lat' dir='ltr'><strong>homo</strong></span> <span class='ocrx_word' id='word_1_363' title='bbox 1186 3118 1292 3158; x_wconf 92' lang='lat' dir='ltr'><strong>non</strong></span> <span class='ocrx_word' id='word_1_364' title='bbox 1331 3102 1534 3173; x_wconf 73' lang='lat' dir='ltr'><strong>justus.</strong></span> <span class='ocrx_word' id='word_1_365' title='bbox 1563 3105 1740 3172; x_wconf 86' lang='lat' dir='ltr'><strong>Quare</strong></span> <span class='ocrx_word' id='word_1_366' title='bbox 1783 3119 1882 3159; x_wconf 90' lang='lat' dir='ltr'><strong>nec</strong></span> 
     </span>
    </p>
   </div>
   <div class='ocr_carea' id='block_1_48' title="bbox 1975 1890 3569 1958">
    <p class='ocr_par' dir='ltr' id='par_1_48' title="bbox 1975 1890 3569 1958">
     <span class='ocr_line' id='line_1_48' title="bbox 1975 1890 3569 1958; baseline 0 -17"><span class='ocrx_word' id='word_1_367' title='bbox 1975 1896 2217 1957; x_wconf 64' lang='lat' dir='ltr'><strong>utrasque</strong></span> <span class='ocrx_word' id='word_1_368' title='bbox 2246 1904 2386 1943; x_wconf 74' lang='lat' dir='ltr'><strong>verte</strong></span> <span class='ocrx_word' id='word_1_369' title='bbox 2430 1897 2575 1945; x_wconf 90' lang='lat' dir='ltr'><strong>sunt.</strong></span> <span class='ocrx_word' id='word_1_370' title='bbox 2607 1891 2672 1944; x_wconf 83' lang='lat' dir='ltr'><strong>Et</strong></span> <span class='ocrx_word' id='word_1_371' title='bbox 2700 1905 2763 1944; x_wconf 88' lang='lat' dir='ltr'><strong>ca</strong></span> <span class='ocrx_word' id='word_1_372' title='bbox 2793 1905 2911 1958; x_wconf 59' lang='lat' dir='ltr'><strong>qua:</strong></span> <span class='ocrx_word' id='word_1_373' title='bbox 2950 1890 3109 1948; x_wconf 76' lang='lat' dir='ltr'><strong>dicit.</strong></span> <span class='ocrx_word' id='word_1_374' title='bbox 3146 1905 3249 1942; x_wconf 92' lang='lat' dir='ltr'><strong>non</strong></span> <span class='ocrx_word' id='word_1_375' title='bbox 3279 1904 3403 1942; x_wconf 87' lang='lat' dir='ltr'><strong>omn</strong></span> <span class='ocrx_word' id='word_1_376' title='bbox 3428 1903 3453 1941; x_wconf 92' lang='lat' dir='ltr'><strong>s</strong></span> <span class='ocrx_word' id='word_1_377' title='bbox 3489 1898 3569 1942; x_wconf 92' lang='lat' dir='ltr'><strong>est</strong></span> 
     </span>
    </p>
   </div>
   <div class='ocr_carea' id='block_1_49' title="bbox 1978 1978 3569 2052">
    <p class='ocr_par' dir='ltr' id='par_1_49' title="bbox 1978 1978 3569 2052">
     <span class='ocr_line' id='line_1_49' title="bbox 1978 1978 3569 2052; baseline 0.001 -20"><span class='ocrx_word' id='word_1_378' title='bbox 1978 1978 2141 2034; x_wconf 89' lang='lat' dir='ltr'><strong>homo</strong></span> <span class='ocrx_word' id='word_1_379' title='bbox 2184 1982 2384 2049; x_wconf 89' lang='lat' dir='ltr'><strong>justus,</strong></span> <span class='ocrx_word' id='word_1_380' title='bbox 2417 1985 2540 2052; x_wconf 82' lang='lat' dir='ltr'><strong>quia</strong></span> <span class='ocrx_word' id='word_1_381' title='bbox 2584 1993 2710 2037; x_wconf 91' lang='lat' dir='ltr'><strong>sunt</strong></span> <span class='ocrx_word' id='word_1_382' title='bbox 2736 1982 2953 2052; x_wconf 77' lang='lat' dir='ltr'><strong>quidam</strong></span> <span class='ocrx_word' id='word_1_383' title='bbox 2998 1982 3215 2052; x_wconf 90' lang='lat' dir='ltr'><strong>injusti,</strong></span> <span class='ocrx_word' id='word_1_384' title='bbox 3255 1991 3307 2037; x_wconf 87' lang='lat' dir='ltr'><strong>et</strong></span> <span class='ocrx_word' id='word_1_385' title='bbox 3350 1996 3414 2037; x_wconf 88' lang='lat' dir='ltr'><strong>ea</strong></span> <span class='ocrx_word' id='word_1_386' title='bbox 3452 1997 3569 2049; x_wconf 70' lang='lat' dir='ltr'><strong>qua:</strong></span> 
     </span>
    </p>
   </div>
   <div class='ocr_carea' id='block_1_50' title="bbox 1976 2068 3569 2144">
    <p class='ocr_par' dir='ltr' id='par_1_50' title="bbox 1976 2068 3569 2144">
     <span class='ocr_line' id='line_1_50' title="bbox 1976 2068 3569 2144; baseline 0.001 -19"><span class='ocrx_word' id='word_1_387' title='bbox 1976 2068 2136 2136; x_wconf 83' lang='lat' dir='ltr'><strong>dicit,</strong></span> <span class='ocrx_word' id='word_1_388' title='bbox 2168 2088 2271 2128; x_wconf 92' lang='lat' dir='ltr'><strong>non</strong></span> <span class='ocrx_word' id='word_1_389' title='bbox 2316 2075 2491 2128; x_wconf 90' lang='lat' dir='ltr'><strong>omnis</strong></span> <span class='ocrx_word' id='word_1_390' title='bbox 2536 2085 2618 2130; x_wconf 86' lang='lat' dir='ltr'><strong>est</strong></span> <span class='ocrx_word' id='word_1_391' title='bbox 2648 2075 2809 2128; x_wconf 71' lang='lat' dir='ltr'><strong>homo</strong></span> <span class='ocrx_word' id='word_1_392' title='bbox 2858 2073 3104 2144; x_wconf 90' lang='lat' dir='ltr'><strong>injustus,</strong></span> <span class='ocrx_word' id='word_1_393' title='bbox 3149 2074 3270 2144; x_wconf 65' lang='lat' dir='ltr'><strong>quia</strong></span> <span class='ocrx_word' id='word_1_394' title='bbox 3325 2081 3569 2143; x_wconf 79' lang='lat' dir='ltr'><strong>poterant</strong></span> 
     </span>
    </p>
   </div>
   <div class='ocr_carea' id='block_1_51' title="bbox 1949 2165 3569 2237">
    <p class='ocr_par' dir='ltr' id='par_1_51' title="bbox 1949 2165 3569 2237">
     <span class='ocr_line' id='line_1_51' title="bbox 1949 2165 3569 2237; baseline 0.001 -21"><span class='ocrx_word' id='word_1_395' title='bbox 1949 2166 2137 2234; x_wconf 82' lang='lat' dir='ltr'><strong>aliqui</strong></span> <span class='ocrx_word' id='word_1_396' title='bbox 2168 2180 2288 2220; x_wconf 88' lang='lat' dir='ltr'><strong>esse</strong></span> <span class='ocrx_word' id='word_1_397' title='bbox 2330 2165 2496 2237; x_wconf 86' lang='lat' dir='ltr'><strong>justi,</strong></span> <span class='ocrx_word' id='word_1_398' title='bbox 2542 2167 2636 2220; x_wconf 88' lang='lat' dir='ltr'><strong>sed</strong></span> <span class='ocrx_word' id='word_1_399' title='bbox 2682 2168 2795 2221; x_wconf 62' lang='lat' dir='ltr'><strong>huic</strong></span> <span class='ocrx_word' id='word_1_400' title='bbox 2824 2169 3091 2221; x_wconf 85' lang='lat' dir='ltr'><strong>consentit</strong></span> <span class='ocrx_word' id='word_1_401' title='bbox 3145 2166 3368 2220; x_wconf 63' lang='lat' dir='ltr'><strong>inﬁnita:</strong></span> <span class='ocrx_word' id='word_1_402' title='bbox 3411 2180 3569 2234; x_wconf 80' lang='lat' dir='ltr'><strong>nega-</strong></span> 
     </span>
    </p>
   </div>
   <div class='ocr_carea' id='block_1_52' title="bbox 1978 2256 3569 2329">
    <p class='ocr_par' dir='ltr' id='par_1_52' title="bbox 1978 2256 3569 2329">
     <span class='ocr_line' id='line_1_52' title="bbox 1978 2256 3569 2329; baseline 0 -18"><span class='ocrx_word' id='word_1_403' title='bbox 1978 2256 2109 2311; x_wconf 87' lang='lat' dir='ltr'><strong>tiuni</strong></span> <span class='ocrx_word' id='word_1_404' title='bbox 2145 2260 2452 2328; x_wconf 89' lang='lat' dir='ltr'><strong>particulari</strong></span> <span class='ocrx_word' id='word_1_405' title='bbox 2482 2274 2602 2329; x_wconf 71' lang='lat' dir='ltr'><strong>qua:</strong></span> <span class='ocrx_word' id='word_1_406' title='bbox 2629 2260 2790 2327; x_wconf 86' lang='lat' dir='ltr'><strong>dicit,</strong></span> <span class='ocrx_word' id='word_1_407' title='bbox 2823 2275 2931 2314; x_wconf 90' lang='lat' dir='ltr'><strong>non</strong></span> <span class='ocrx_word' id='word_1_408' title='bbox 2953 2260 3130 2315; x_wconf 89' lang='lat' dir='ltr'><strong>omnis</strong></span> <span class='ocrx_word' id='word_1_409' title='bbox 3154 2268 3237 2315; x_wconf 90' lang='lat' dir='ltr'><strong>est</strong></span> <span class='ocrx_word' id='word_1_410' title='bbox 3267 2261 3428 2314; x_wconf 88' lang='lat' dir='ltr'><strong>homo</strong></span> <span class='ocrx_word' id='word_1_411' title='bbox 3459 2274 3569 2313; x_wconf 92' lang='lat' dir='ltr'><strong>non</strong></span> 
     </span>
    </p>
   </div>
   <div class='ocr_carea' id='block_1_53' title="bbox 1974 2349 3572 2419">
    <p class='ocr_par' dir='ltr' id='par_1_53' title="bbox 1974 2349 3572 2419">
     <span class='ocr_line' id='line_1_53' title="bbox 1974 2349 3572 2419; baseline 0.002 -17"><span class='ocrx_word' id='word_1_412' title='bbox 1974 2349 2169 2419; x_wconf 87' lang='lat' dir='ltr'><strong>justus,</strong></span> <span class='ocrx_word' id='word_1_413' title='bbox 2205 2352 2343 2406; x_wconf 86' lang='lat' dir='ltr'><strong>idem</strong></span> <span class='ocrx_word' id='word_1_414' title='bbox 2384 2362 2469 2409; x_wconf 90' lang='lat' dir='ltr'><strong>est</strong></span> <span class='ocrx_word' id='word_1_415' title='bbox 2508 2353 2653 2408; x_wconf 88' lang='lat' dir='ltr'><strong>enim</strong></span> <span class='ocrx_word' id='word_1_416' title='bbox 2701 2352 2882 2409; x_wconf 88' lang='lat' dir='ltr'><strong>dicere</strong></span> <span class='ocrx_word' id='word_1_417' title='bbox 2923 2369 3027 2408; x_wconf 92' lang='lat' dir='ltr'><strong>non</strong></span> <span class='ocrx_word' id='word_1_418' title='bbox 3074 2352 3252 2407; x_wconf 60' lang='lat' dir='ltr'><strong>omnis</strong></span> <span class='ocrx_word' id='word_1_419' title='bbox 3284 2361 3367 2406; x_wconf 91' lang='lat' dir='ltr'><strong>est</strong></span> <span class='ocrx_word' id='word_1_420' title='bbox 3410 2352 3572 2406; x_wconf 89' lang='lat' dir='ltr'><strong>homo</strong></span> 
     </span>
    </p>
   </div>
   <div class='ocr_carea' id='block_1_54' title="bbox 1980 2443 3571 2516">
    <p class='ocr_par' dir='ltr' id='par_1_54' title="bbox 1980 2443 3571 2516">
     <span class='ocr_line' id='line_1_54' title="bbox 1980 2443 3571 2516; baseline 0.003 -19"><span class='ocrx_word' id='word_1_421' title='bbox 1980 2443 2229 2514; x_wconf 84' lang='lat' dir='ltr'><strong>injnstus,</strong></span> <span class='ocrx_word' id='word_1_422' title='bbox 2257 2447 2397 2515; x_wconf 89' lang='lat' dir='ltr'><strong>quod</strong></span> <span class='ocrx_word' id='word_1_423' title='bbox 2433 2462 2538 2500; x_wconf 88' lang='lat' dir='ltr'><strong>non</strong></span> <span class='ocrx_word' id='word_1_424' title='bbox 2571 2447 2745 2500; x_wconf 89' lang='lat' dir='ltr'><strong>omnis</strong></span> <span class='ocrx_word' id='word_1_425' title='bbox 2772 2458 2855 2502; x_wconf 89' lang='lat' dir='ltr'><strong>est</strong></span> <span class='ocrx_word' id='word_1_426' title='bbox 2886 2446 3049 2501; x_wconf 87' lang='lat' dir='ltr'><strong>homo</strong></span> <span class='ocrx_word' id='word_1_427' title='bbox 3079 2462 3182 2502; x_wconf 92' lang='lat' dir='ltr'><strong>non</strong></span> <span class='ocrx_word' id='word_1_428' title='bbox 3214 2446 3409 2516; x_wconf 92' lang='lat' dir='ltr'><strong>justus.</strong></span> <span class='ocrx_word' id='word_1_429' title='bbox 3435 2448 3571 2513; x_wconf 50' lang='lat' dir='ltr'><strong>Quo.</strong></span> 
     </span>
    </p>
   </div>
   <div class='ocr_carea' id='block_1_55' title="bbox 1980 2538 3571 2609">
    <p class='ocr_par' dir='ltr' id='par_1_55' title="bbox 1980 2538 3571 2609">
     <span class='ocr_line' id='line_1_55' title="bbox 1980 2538 3571 2609; baseline 0.003 -19"><span class='ocrx_word' id='word_1_430' title='bbox 1980 2538 2121 2590; x_wconf 88' lang='lat' dir='ltr'><strong>circa</strong></span> <span class='ocrx_word' id='word_1_431' title='bbox 2152 2549 2205 2591; x_wconf 91' lang='lat' dir='ltr'><strong>et</strong></span> <span class='ocrx_word' id='word_1_432' title='bbox 2238 2542 2318 2592; x_wconf 50' lang='lat' dir='ltr'><strong>hie</strong></span> <span class='ocrx_word' id='word_1_433' title='bbox 2355 2540 2572 2593; x_wconf 83' lang='lat' dir='ltr'><strong>sibimet</strong></span> <span class='ocrx_word' id='word_1_434' title='bbox 2610 2540 2898 2609; x_wconf 86' lang='lat' dir='ltr'><strong>angulares</strong></span> <span class='ocrx_word' id='word_1_435' title='bbox 2927 2542 3084 2594; x_wconf 88' lang='lat' dir='ltr'><strong>simul</strong></span> <span class='ocrx_word' id='word_1_436' title='bbox 3118 2556 3261 2595; x_wconf 72' lang='lat' dir='ltr'><strong>verte</strong></span> <span class='ocrx_word' id='word_1_437' title='bbox 3300 2554 3422 2595; x_wconf 87' lang='lat' dir='ltr'><strong>esse</strong></span> <span class='ocrx_word' id='word_1_438' title='bbox 3453 2556 3571 2608; x_wconf 83' lang='lat' dir='ltr'><strong>pos-</strong></span> 
     </span>
    </p>
   </div>
   <div class='ocr_carea' id='block_1_56' title="bbox 1980 2632 3572 2704">
    <p class='ocr_par' dir='ltr' id='par_1_56' title="bbox 1980 2632 3572 2704">
     <span class='ocr_line' id='line_1_56' title="bbox 1980 2632 3572 2704; baseline 0.005 -24"><span class='ocrx_word' id='word_1_439' title='bbox 1980 2639 2135 2695; x_wconf 89' lang='lat' dir='ltr'><strong>sunt,</strong></span> <span class='ocrx_word' id='word_1_440' title='bbox 2169 2644 2288 2683; x_wconf 88' lang='lat' dir='ltr'><strong>nant</strong></span> <span class='ocrx_word' id='word_1_441' title='bbox 2317 2646 2359 2683; x_wconf 91' lang='lat' dir='ltr'><strong>st</strong></span> <span class='ocrx_word' id='word_1_442' title='bbox 2392 2632 2605 2700; x_wconf 87' lang='lat' dir='ltr'><strong>quidam</strong></span> <span class='ocrx_word' id='word_1_443' title='bbox 2638 2646 2756 2685; x_wconf 91' lang='lat' dir='ltr'><strong>sunt</strong></span> <span class='ocrx_word' id='word_1_444' title='bbox 2785 2632 2948 2703; x_wconf 86' lang='lat' dir='ltr'><strong>justi,</strong></span> <span class='ocrx_word' id='word_1_445' title='bbox 2978 2633 3195 2703; x_wconf 87' lang='lat' dir='ltr'><strong>quidam</strong></span> <span class='ocrx_word' id='word_1_446' title='bbox 3241 2634 3456 2704; x_wconf 60' lang='lat' dir='ltr'><strong>injusti,</strong></span> <span class='ocrx_word' id='word_1_447' title='bbox 3488 2650 3572 2688; x_wconf 80' lang='lat' dir='ltr'><strong>ve-</strong></span> 
     </span>
    </p>
   </div>
   <div class='ocr_carea' id='block_1_57' title="bbox 1980 2722 3577 2796">
    <p class='ocr_par' dir='ltr' id='par_1_57' title="bbox 1980 2722 3577 2796">
     <span class='ocr_line' id='line_1_57' title="bbox 1980 2722 3577 2796; baseline 0.003 -20"><span class='ocrx_word' id='word_1_448' title='bbox 1980 2737 2099 2776; x_wconf 88' lang='lat' dir='ltr'><strong>rum</strong></span> <span class='ocrx_word' id='word_1_449' title='bbox 2131 2734 2211 2777; x_wconf 90' lang='lat' dir='ltr'><strong>est</strong></span> <span class='ocrx_word' id='word_1_450' title='bbox 2241 2722 2419 2780; x_wconf 88' lang='lat' dir='ltr'><strong>dicere</strong></span> <span class='ocrx_word' id='word_1_451' title='bbox 2444 2727 2696 2794; x_wconf 88' lang='lat' dir='ltr'><strong>quoniam</strong></span> <span class='ocrx_word' id='word_1_452' title='bbox 2726 2741 2830 2779; x_wconf 94' lang='lat' dir='ltr'><strong>non</strong></span> <span class='ocrx_word' id='word_1_453' title='bbox 2862 2726 3037 2779; x_wconf 87' lang='lat' dir='ltr'><strong>omnis</strong></span> <span class='ocrx_word' id='word_1_454' title='bbox 3065 2737 3147 2781; x_wconf 90' lang='lat' dir='ltr'><strong>est</strong></span> <span class='ocrx_word' id='word_1_455' title='bbox 3177 2727 3339 2782; x_wconf 88' lang='lat' dir='ltr'><strong>homo</strong></span> <span class='ocrx_word' id='word_1_456' title='bbox 3365 2726 3577 2796; x_wconf 75' lang='lat' dir='ltr'><strong>justus,</strong></span> 
     </span>
    </p>
   </div>
   <div class='ocr_carea' id='block_1_58' title="bbox 1981 2815 3573 2888">
    <p class='ocr_par' dir='ltr' id='par_1_58' title="bbox 1981 2815 3573 2888">
     <span class='ocr_line' id='line_1_58' title="bbox 1981 2815 3573 2888; baseline 0.004 -21"><span class='ocrx_word' id='word_1_457' title='bbox 1981 2815 2104 2884; x_wconf 89' lang='lat' dir='ltr'><strong>quia</strong></span> <span class='ocrx_word' id='word_1_458' title='bbox 2134 2826 2258 2869; x_wconf 94' lang='lat' dir='ltr'><strong>sunt</strong></span> <span class='ocrx_word' id='word_1_459' title='bbox 2301 2816 2515 2886; x_wconf 90' lang='lat' dir='ltr'><strong>quidam</strong></span> <span class='ocrx_word' id='word_1_460' title='bbox 2553 2816 2753 2887; x_wconf 87' lang='lat' dir='ltr'><strong>injusti.</strong></span> <span class='ocrx_word' id='word_1_461' title='bbox 2788 2817 2991 2873; x_wconf 79' lang='lat' dir='ltr'><strong>Rursus</strong></span> <span class='ocrx_word' id='word_1_462' title='bbox 3034 2835 3217 2874; x_wconf 82' lang='lat' dir='ltr'><strong>verum</strong></span> <span class='ocrx_word' id='word_1_463' title='bbox 3260 2828 3345 2875; x_wconf 88' lang='lat' dir='ltr'><strong>est</strong></span> <span class='ocrx_word' id='word_1_464' title='bbox 3372 2819 3573 2888; x_wconf 77' lang='lat' dir='ltr'><strong>dicere,</strong></span> 
     </span>
    </p>
   </div>
   <div class='ocr_carea' id='block_1_59' title="bbox 1985 2908 3576 2983">
    <p class='ocr_par' dir='ltr' id='par_1_59' title="bbox 1985 2908 3576 2983">
     <span class='ocr_line' id='line_1_59' title="bbox 1985 2908 3576 2983; baseline 0.005 -22"><span class='ocrx_word' id='word_1_465' title='bbox 1985 2924 2088 2962; x_wconf 91' lang='lat' dir='ltr'><strong>non</strong></span> <span class='ocrx_word' id='word_1_466' title='bbox 2134 2908 2311 2962; x_wconf 91' lang='lat' dir='ltr'><strong>omnis</strong></span> <span class='ocrx_word' id='word_1_467' title='bbox 2337 2918 2421 2963; x_wconf 89' lang='lat' dir='ltr'><strong>est</strong></span> <span class='ocrx_word' id='word_1_468' title='bbox 2470 2910 2627 2964; x_wconf 87' lang='lat' dir='ltr'><strong>humo</strong></span> <span class='ocrx_word' id='word_1_469' title='bbox 2662 2926 2767 2964; x_wconf 90' lang='lat' dir='ltr'><strong>non</strong></span> <span class='ocrx_word' id='word_1_470' title='bbox 2794 2910 2991 2981; x_wconf 90' lang='lat' dir='ltr'><strong>justus,</strong></span> <span class='ocrx_word' id='word_1_471' title='bbox 3027 2914 3151 2981; x_wconf 90' lang='lat' dir='ltr'><strong>quia</strong></span> <span class='ocrx_word' id='word_1_472' title='bbox 3193 2922 3319 2968; x_wconf 89' lang='lat' dir='ltr'><strong>sunt</strong></span> <span class='ocrx_word' id='word_1_473' title='bbox 3363 2912 3576 2983; x_wconf 88' lang='lat' dir='ltr'><strong>quidam</strong></span> 
     </span>
    </p>
   </div>
   <div class='ocr_carea' id='block_1_60' title="bbox 1981 3000 3576 3076">
    <p class='ocr_par' dir='ltr' id='par_1_60' title="bbox 1981 3000 3576 3076">
     <span class='ocr_line' id='line_1_60' title="bbox 1981 3000 3576 3076; baseline 0.004 -23"><span class='ocrx_word' id='word_1_474' title='bbox 1981 3000 2141 3069; x_wconf 86' lang='lat' dir='ltr'><strong>justi,</strong></span> <span class='ocrx_word' id='word_1_475' title='bbox 2184 3001 2555 3069; x_wconf 79' lang='lat' dir='ltr'><strong>negationibns</strong></span> <span class='ocrx_word' id='word_1_476' title='bbox 2595 3002 2754 3070; x_wconf 76' lang='lat' dir='ltr'><strong>igitur</strong></span> <span class='ocrx_word' id='word_1_477' title='bbox 2799 3004 3113 3073; x_wconf 83' lang='lat' dir='ltr'><strong>negationes</strong></span> <span class='ocrx_word' id='word_1_478' title='bbox 3158 3005 3440 3076; x_wconf 89' lang='lat' dir='ltr'><strong>angulares</strong></span> <span class='ocrx_word' id='word_1_479' title='bbox 3485 3005 3576 3060; x_wconf 71' lang='lat' dir='ltr'><strong>de~</strong></span> 
     </span>
    </p>
   </div>
   <div class='ocr_carea' id='block_1_61' title="bbox 1987 3093 3580 3166">
    <p class='ocr_par' dir='ltr' id='par_1_61' title="bbox 1987 3093 3580 3166">
     <span class='ocr_line' id='line_1_61' title="bbox 1987 3093 3580 3166; baseline 0.006 -21"><span class='ocrx_word' id='word_1_480' title='bbox 1987 3093 2148 3146; x_wconf 75' lang='lat' dir='ltr'><strong>ﬁnita:</strong></span> <span class='ocrx_word' id='word_1_481' title='bbox 2198 3094 2357 3149; x_wconf 88' lang='lat' dir='ltr'><strong>simul</strong></span> <span class='ocrx_word' id='word_1_482' title='bbox 2400 3109 2538 3149; x_wconf 74' lang='lat' dir='ltr'><strong>verte</strong></span> <span class='ocrx_word' id='word_1_483' title='bbox 2580 3109 2701 3151; x_wconf 73' lang='lat' dir='ltr'><strong>es~e</strong></span> <span class='ocrx_word' id='word_1_484' title='bbox 2741 3106 2997 3166; x_wconf 88' lang='lat' dir='ltr'><strong>possunt,</strong></span> <span class='ocrx_word' id='word_1_485' title='bbox 3030 3106 3086 3152; x_wconf 90' lang='lat' dir='ltr'><strong>et</strong></span> <span class='ocrx_word' id='word_1_486' title='bbox 3128 3098 3229 3153; x_wconf 88' lang='lat' dir='ltr'><strong>hoc</strong></span> <span class='ocrx_word' id='word_1_487' title='bbox 3277 3111 3359 3154; x_wconf 82' lang='lat' dir='ltr'><strong>est</strong></span> <span class='ocrx_word' id='word_1_488' title='bbox 3404 3099 3580 3154; x_wconf 79' lang='lat' dir='ltr'><strong>simile</strong></span> 
     </span>
    </p>
   </div>
   <div class='ocr_carea' id='block_1_62' title="bbox 284 3184 1889 3269">
    <p class='ocr_par' dir='ltr' id='par_1_62' title="bbox 284 3190 1887 3269">
     <span class='ocr_line' id='line_1_62' title="bbox 284 3190 1887 3269; baseline 0.002 -19"><span class='ocrx_word' id='word_1_489' title='bbox 284 3190 340 3250; x_wconf 83' lang='lat' dir='ltr'><strong>In</strong></span> <span class='ocrx_word' id='word_1_490' title='bbox 375 3193 462 3249; x_wconf 87' lang='lat' dir='ltr'><strong>bis</strong></span> <span class='ocrx_word' id='word_1_491' title='bbox 491 3193 605 3251; x_wconf 64' lang='lat' dir='ltr'><strong>hac</strong></span> <span class='ocrx_word' id='word_1_492' title='bbox 632 3196 685 3251; x_wconf 91' lang='lat' dir='ltr'><strong>in</strong></span> <span class='ocrx_word' id='word_1_493' title='bbox 718 3195 945 3251; x_wconf 87' lang='lat' dir='ltr'><strong>veritate</strong></span> <span class='ocrx_word' id='word_1_494' title='bbox 968 3196 1274 3252; x_wconf 90' lang='lat' dir='ltr'><strong>consentire</strong></span> <span class='ocrx_word' id='word_1_495' title='bbox 1305 3198 1503 3267; x_wconf 90' lang='lat' dir='ltr'><strong>poterit</strong></span> <span class='ocrx_word' id='word_1_496' title='bbox 1531 3200 1580 3253; x_wconf 88' lang='lat' dir='ltr'><strong>ei</strong></span> <span class='ocrx_word' id='word_1_497' title='bbox 1611 3214 1731 3269; x_wconf 71' lang='lat' dir='ltr'><strong>quas</strong></span> <span class='ocrx_word' id='word_1_498' title='bbox 1757 3199 1887 3253; x_wconf 82' lang='lat' dir='ltr'><strong>dicit</strong></span> 
     </span>
    </p>
   </div>
   <div class='ocr_carea' id='block_1_63' title="bbox 1985 3184 3581 3269">
    <p class='ocr_par' dir='ltr' id='par_1_63' title="bbox 1993 3184 3581 3256">
     <span class='ocr_line' id='line_1_63' title="bbox 1993 3184 3581 3256; baseline 0.004 -17"><span class='ocrx_word' id='word_1_499' title='bbox 1993 3184 2300 3253; x_wconf 86' lang='lat' dir='ltr'><strong>indeﬁnitis,</strong></span> <span class='ocrx_word' id='word_1_500' title='bbox 2358 3186 2409 3240; x_wconf 91' lang='lat' dir='ltr'><strong>in</strong></span> <span class='ocrx_word' id='word_1_501' title='bbox 2459 3188 2651 3256; x_wconf 79' lang='lat' dir='ltr'><strong>quibus</strong></span> <span class='ocrx_word' id='word_1_502' title='bbox 2683 3188 2822 3242; x_wconf 86' lang='lat' dir='ltr'><strong>sicut</strong></span> <span class='ocrx_word' id='word_1_503' title='bbox 2858 3186 3243 3244; x_wconf 80' lang='lat' dir='ltr'><strong>afﬁrmationes</strong></span> <span class='ocrx_word' id='word_1_504' title='bbox 3270 3190 3581 3245; x_wconf 76' lang='lat' dir='ltr'><strong>afﬁrmatio-</strong></span> 
     </span>
    </p>
   </div>
   <div class='ocr_carea' id='block_1_64' title="bbox 287 3294 1886 3372">
    <p class='ocr_par' dir='ltr' id='par_1_64' title="bbox 287 3294 1886 3372">
     <span class='ocr_line' id='line_1_64' title="bbox 287 3294 1886 3372; baseline 0.005 -24"><span class='ocrx_word' id='word_1_505' title='bbox 287 3294 543 3365; x_wconf 88' lang='lat' dir='ltr'><strong>quoniatn</strong></span> <span class='ocrx_word' id='word_1_506' title='bbox 583 3296 762 3352; x_wconf 91' lang='lat' dir='ltr'><strong>omnis</strong></span> <span class='ocrx_word' id='word_1_507' title='bbox 803 3306 885 3353; x_wconf 92' lang='lat' dir='ltr'><strong>est</strong></span> <span class='ocrx_word' id='word_1_508' title='bbox 916 3295 1077 3352; x_wconf 87' lang='lat' dir='ltr'><strong>homo</strong></span> <span class='ocrx_word' id='word_1_509' title='bbox 1118 3296 1340 3367; x_wconf 89' lang='lat' dir='ltr'><strong>justus;</strong></span> <span class='ocrx_word' id='word_1_510' title='bbox 1388 3299 1677 3355; x_wconf 83' lang='lat' dir='ltr'><strong>afﬁrmatio</strong></span> <span class='ocrx_word' id='word_1_511' title='bbox 1729 3302 1886 3372; x_wconf 85' lang='lat' dir='ltr'><strong>igitur</strong></span> 
     </span>
    </p>
   </div>
   <div class='ocr_carea' id='block_1_65' title="bbox 291 3396 1919 3473">
    <p class='ocr_par' dir='ltr' id='par_1_65' title="bbox 291 3396 1919 3473">
     <span class='ocr_line' id='line_1_65' title="bbox 291 3396 1919 3473; baseline 0.006 -23"><span class='ocrx_word' id='word_1_512' title='bbox 291 3396 613 3454; x_wconf 84' lang='lat' dir='ltr'><strong>universalis</strong></span> <span class='ocrx_word' id='word_1_513' title='bbox 639 3398 895 3473; x_wconf 73' lang='lat' dir='ltr'><strong>simplex,</strong></span> <span class='ocrx_word' id='word_1_514' title='bbox 928 3399 1103 3454; x_wconf 90' lang='lat' dir='ltr'><strong>omnis</strong></span> <span class='ocrx_word' id='word_1_515' title='bbox 1125 3409 1210 3455; x_wconf 92' lang='lat' dir='ltr'><strong>est</strong></span> <span class='ocrx_word' id='word_1_516' title='bbox 1240 3398 1403 3455; x_wconf 88' lang='lat' dir='ltr'><strong>homo</strong></span> <span class='ocrx_word' id='word_1_517' title='bbox 1429 3398 1631 3471; x_wconf 86' lang='lat' dir='ltr'><strong>justus,</strong></span> <span class='ocrx_word' id='word_1_518' title='bbox 1655 3400 1890 3455; x_wconf 81' lang='lat' dir='ltr'><strong>atﬁrma-</strong></span> <span class='ocrx_word' id='word_1_519' title='bbox 1914 3452 1919 3459; x_wconf 94' lang='lat'><em>.</em></span> 
     </span>
    </p>
   </div>
   <div class='ocr_carea' id='block_1_66' title="bbox 290 3482 1889 3561">
    <p class='ocr_par' dir='ltr' id='par_1_66' title="bbox 290 3482 1889 3561">
     <span class='ocr_line' id='line_1_66' title="bbox 290 3482 1889 3561; baseline 0.003 -18"><span class='ocrx_word' id='word_1_520' title='bbox 290 3488 535 3545; x_wconf 88' lang='lat' dir='ltr'><strong>tionibus</strong></span> <span class='ocrx_word' id='word_1_521' title='bbox 589 3490 984 3547; x_wconf 87' lang='lat' dir='ltr'><strong>universalibus</strong></span> <span class='ocrx_word' id='word_1_522' title='bbox 1035 3491 1340 3560; x_wconf 84' lang='lat' dir='ltr'><strong>privatoriae</strong></span> <span class='ocrx_word' id='word_1_523' title='bbox 1388 3502 1443 3546; x_wconf 86' lang='lat' dir='ltr'><strong>et</strong></span> <span class='ocrx_word' id='word_1_524' title='bbox 1500 3491 1723 3548; x_wconf 77' lang='lat' dir='ltr'><strong>inﬁnita.-</strong></span> <span class='ocrx_word' id='word_1_525' title='bbox 1770 3482 1889 3561; x_wconf 75' lang='lat' dir='ltr'><strong>qua:</strong></span> 
     </span>
    </p>
   </div>
   <div class='ocr_carea' id='block_1_67' title="bbox 289 3582 1889 3654">
    <p class='ocr_par' dir='ltr' id='par_1_67' title="bbox 289 3582 1889 3654">
     <span class='ocr_line' id='line_1_67' title="bbox 289 3582 1889 3654; baseline 0.001 -17"><span class='ocrx_word' id='word_1_526' title='bbox 289 3591 448 3649; x_wconf 79' lang='lat' dir='ltr'><strong>sunt,</strong></span> <span class='ocrx_word' id='word_1_527' title='bbox 476 3588 655 3640; x_wconf 90' lang='lat' dir='ltr'><strong>omnis</strong></span> <span class='ocrx_word' id='word_1_528' title='bbox 683 3592 770 3639; x_wconf 90' lang='lat' dir='ltr'><strong>est</strong></span> <span class='ocrx_word' id='word_1_529' title='bbox 804 3582 966 3639; x_wconf 85' lang='lat' dir='ltr'><strong>homo</strong></span> <span class='ocrx_word' id='word_1_530' title='bbox 1006 3583 1259 3654; x_wconf 88' lang='lat' dir='ltr'><strong>injustus,</strong></span> <span class='ocrx_word' id='word_1_531' title='bbox 1288 3592 1345 3641; x_wconf 87' lang='lat' dir='ltr'><strong>et</strong></span> <span class='ocrx_word' id='word_1_532' title='bbox 1386 3586 1564 3641; x_wconf 91' lang='lat' dir='ltr'><strong>omnis</strong></span> <span class='ocrx_word' id='word_1_533' title='bbox 1601 3594 1684 3640; x_wconf 92' lang='lat' dir='ltr'><strong>est</strong></span> <span class='ocrx_word' id='word_1_534' title='bbox 1727 3585 1889 3641; x_wconf 85' lang='lat' dir='ltr'><strong>homo</strong></span> 
     </span>
    </p>
   </div>
   <div class='ocr_carea' id='block_1_68' title="bbox 291 3675 1891 3749">
    <p class='ocr_par' dir='ltr' id='par_1_68' title="bbox 291 3675 1891 3749">
     <span class='ocr_line' id='line_1_68' title="bbox 291 3675 1891 3749; baseline 0.003 -20"><span class='ocrx_word' id='word_1_535' title='bbox 291 3688 403 3731; x_wconf 87' lang='lat' dir='ltr'><strong>non</strong></span> <span class='ocrx_word' id='word_1_536' title='bbox 443 3675 648 3746; x_wconf 90' lang='lat' dir='ltr'><strong>justus,</strong></span> <span class='ocrx_word' id='word_1_537' title='bbox 694 3677 909 3733; x_wconf 88' lang='lat' dir='ltr'><strong>sibimet</strong></span> <span class='ocrx_word' id='word_1_538' title='bbox 954 3678 1322 3749; x_wconf 88' lang='lat' dir='ltr'><strong>angularibus,</strong></span> <span class='ocrx_word' id='word_1_539' title='bbox 1356 3679 1409 3733; x_wconf 93' lang='lat' dir='ltr'><strong>in</strong></span> <span class='ocrx_word' id='word_1_540' title='bbox 1457 3680 1684 3735; x_wconf 87' lang='lat' dir='ltr'><strong>veritate</strong></span> <span class='ocrx_word' id='word_1_541' title='bbox 1730 3680 1891 3734; x_wconf 81' lang='lat' dir='ltr'><strong>simul</strong></span> 
     </span>
    </p>
   </div>
   <div class='ocr_carea' id='block_1_69' title="bbox 293 3769 1891 3845">
    <p class='ocr_par' dir='ltr' id='par_1_69' title="bbox 293 3769 1891 3845">
     <span class='ocr_line' id='line_1_69' title="bbox 293 3769 1891 3845; baseline 0.003 -20"><span class='ocrx_word' id='word_1_542' title='bbox 293 3769 442 3825; x_wconf 86' lang='lat' dir='ltr'><strong>nulla</strong></span> <span class='ocrx_word' id='word_1_543' title='bbox 470 3770 685 3827; x_wconf 87' lang='lat' dir='ltr'><strong>ratione</strong></span> <span class='ocrx_word' id='word_1_544' title='bbox 727 3773 1033 3839; x_wconf 87' lang='lat' dir='ltr'><strong>consentit,</strong></span> <span class='ocrx_word' id='word_1_545' title='bbox 1062 3774 1201 3827; x_wconf 88' lang='lat' dir='ltr'><strong>sicut</strong></span> <span class='ocrx_word' id='word_1_546' title='bbox 1239 3773 1294 3828; x_wconf 89' lang='lat' dir='ltr'><strong>in</strong></span> <span class='ocrx_word' id='word_1_547' title='bbox 1327 3772 1409 3827; x_wconf 88' lang='lat' dir='ltr'><strong>his</strong></span> <span class='ocrx_word' id='word_1_548' title='bbox 1437 3788 1556 3845; x_wconf 74' lang='lat' dir='ltr'><strong>quae</strong></span> <span class='ocrx_word' id='word_1_549' title='bbox 1599 3773 1891 3829; x_wconf 65' lang='lat' dir='ltr'><strong>indeliuitva:</strong></span> 
     </span>
    </p>
   </div>
   <div class='ocr_carea' id='block_1_70' title="bbox 297 3863 1892 3937">
    <p class='ocr_par' dir='ltr' id='par_1_70' title="bbox 297 3863 1892 3937">
     <span class='ocr_line' id='line_1_70' title="bbox 297 3863 1892 3937; baseline 0.004 -20"><span class='ocrx_word' id='word_1_550' title='bbox 297 3873 478 3932; x_wconf 87' lang='lat' dir='ltr'><strong>erant,</strong></span> <span class='ocrx_word' id='word_1_551' title='bbox 512 3874 568 3920; x_wconf 93' lang='lat' dir='ltr'><strong>et</strong></span> <span class='ocrx_word' id='word_1_552' title='bbox 594 3863 981 3921; x_wconf 81' lang='lat' dir='ltr'><strong>afﬁrmationes</strong></span> <span class='ocrx_word' id='word_1_553' title='bbox 1013 3865 1461 3923; x_wconf 82' lang='lat' dir='ltr'><strong>afﬁrmationibus</strong></span> <span class='ocrx_word' id='word_1_554' title='bbox 1500 3876 1554 3921; x_wconf 90' lang='lat' dir='ltr'><strong>et</strong></span> <span class='ocrx_word' id='word_1_555' title='bbox 1582 3868 1892 3937; x_wconf 70' lang='lat' dir='ltr'><strong>negotiantes</strong></span> 
     </span>
    </p>
   </div>
   <div class='ocr_carea' id='block_1_71' title="bbox 294 3961 1892 4033">
    <p class='ocr_par' dir='ltr' id='par_1_71' title="bbox 294 3961 1892 4033">
     <span class='ocr_line' id='line_1_71' title="bbox 294 3961 1892 4033; baseline -0.001 -15"><span class='ocrx_word' id='word_1_556' title='bbox 294 3961 674 4032; x_wconf 87' lang='lat' dir='ltr'><strong>negationibus</strong></span> <span class='ocrx_word' id='word_1_557' title='bbox 710 3963 764 4017; x_wconf 91' lang='lat' dir='ltr'><strong>in</strong></span> <span class='ocrx_word' id='word_1_558' title='bbox 790 3962 1019 4017; x_wconf 86' lang='lat' dir='ltr'><strong>veritate</strong></span> <span class='ocrx_word' id='word_1_559' title='bbox 1059 3972 1308 4033; x_wconf 89' lang='lat' dir='ltr'><strong>poterant</strong></span> <span class='ocrx_word' id='word_1_560' title='bbox 1347 3962 1674 4018; x_wconf 86' lang='lat' dir='ltr'><strong>consentire.</strong></span> <span class='ocrx_word' id='word_1_561' title='bbox 1714 3964 1769 4016; x_wconf 91' lang='lat' dir='ltr'><strong>In</strong></span> <span class='ocrx_word' id='word_1_562' title='bbox 1810 3963 1892 4016; x_wconf 91' lang='lat' dir='ltr'><strong>bis</strong></span> 
     </span>
    </p>
   </div>
   <div class='ocr_carea' id='block_1_72' title="bbox 294 4055 1893 4126">
    <p class='ocr_par' dir='ltr' id='par_1_72' title="bbox 294 4055 1893 4126">
     <span class='ocr_line' id='line_1_72' title="bbox 294 4055 1893 4126; baseline 0.003 -17"><span class='ocrx_word' id='word_1_563' title='bbox 294 4063 482 4110; x_wconf 84' lang='lat' dir='ltr'><strong>autem</strong></span> <span class='ocrx_word' id='word_1_564' title='bbox 528 4071 646 4125; x_wconf 68' lang='lat' dir='ltr'><strong>qua:</strong></span> <span class='ocrx_word' id='word_1_565' title='bbox 694 4065 821 4111; x_wconf 90' lang='lat' dir='ltr'><strong>sunt</strong></span> <span class='ocrx_word' id='word_1_566' title='bbox 867 4055 1101 4111; x_wconf 66' lang='lat' dir='ltr'><strong>deﬁnitae</strong></span> <span class='ocrx_word' id='word_1_567' title='bbox 1153 4055 1562 4120; x_wconf 82' lang='lat' dir='ltr'><strong>aflirmatioues,</strong></span> <span class='ocrx_word' id='word_1_568' title='bbox 1610 4057 1893 4126; x_wconf 89' lang='lat' dir='ltr'><strong>angulares</strong></span> 
     </span>
    </p>
   </div>
   <div class='ocr_carea' id='block_1_73' title="bbox 299 4144 1925 4217">
    <p class='ocr_par' dir='ltr' id='par_1_73' title="bbox 299 4144 1925 4217">
     <span class='ocr_line' id='line_1_73' title="bbox 299 4144 1925 4217; baseline -0.004 -16"><span class='ocrx_word' id='word_1_569' title='bbox 299 4144 469 4201; x_wconf 82' lang='lat' dir='ltr'><strong>simul</strong></span> <span class='ocrx_word' id='word_1_570' title='bbox 495 4161 637 4214; x_wconf 63' lang='lat' dir='ltr'><strong>verat</strong></span> <span class='ocrx_word' id='word_1_571' title='bbox 674 4163 795 4203; x_wconf 89' lang='lat' dir='ltr'><strong>esse</strong></span> <span class='ocrx_word' id='word_1_572' title='bbox 834 4162 942 4203; x_wconf 91' lang='lat' dir='ltr'><strong>non</strong></span> <span class='ocrx_word' id='word_1_573' title='bbox 992 4155 1237 4215; x_wconf 89' lang='lat' dir='ltr'><strong>possunt.</strong></span> <span class='ocrx_word' id='word_1_574' title='bbox 1288 4147 1452 4203; x_wconf 82' lang='lat' dir='ltr'><strong>Recte</strong></span> <span class='ocrx_word' id='word_1_575' title='bbox 1490 4147 1651 4217; x_wconf 81' lang='lat' dir='ltr'><strong>igitur</strong></span> <span class='ocrx_word' id='word_1_576' title='bbox 1692 4147 1925 4201; x_wconf 74' lang='lat' dir='ltr'><strong>dictum,</strong></span> 
     </span>
    </p>
   </div>
   <div class='ocr_carea' id='block_1_74' title="bbox 297 4238 1895 4308">
    <p class='ocr_par' dir='ltr' id='par_1_74' title="bbox 297 4238 1895 4308">
     <span class='ocr_line' id='line_1_74' title="bbox 297 4238 1895 4308; baseline 0.001 -16"><span class='ocrx_word' id='word_1_577' title='bbox 297 4248 389 4293; x_wconf 90' lang='lat' dir='ltr'><strong>cst</strong></span> <span class='ocrx_word' id='word_1_578' title='bbox 426 4239 676 4308; x_wconf 86' lang='lat' dir='ltr'><strong>quoniam</strong></span> <span class='ocrx_word' id='word_1_579' title='bbox 705 4238 757 4294; x_wconf 88' lang='lat' dir='ltr'><strong>in</strong></span> <span class='ocrx_word' id='word_1_580' title='bbox 786 4238 907 4294; x_wconf 89' lang='lat' dir='ltr'><strong>aliis</strong></span> <span class='ocrx_word' id='word_1_581' title='bbox 954 4238 1203 4293; x_wconf 90' lang='lat' dir='ltr'><strong>omnibus</strong></span> <span class='ocrx_word' id='word_1_582' title='bbox 1225 4238 1419 4294; x_wconf 87' lang='lat' dir='ltr'><strong>similis</strong></span> <span class='ocrx_word' id='word_1_583' title='bbox 1448 4251 1529 4293; x_wconf 89' lang='lat' dir='ltr'><strong>est</strong></span> <span class='ocrx_word' id='word_1_584' title='bbox 1559 4252 1895 4308; x_wconf 85' lang='lat' dir='ltr'><strong>consequen-</strong></span> 
     </span>
    </p>
   </div>
   <div class='ocr_carea' id='block_1_75' title="bbox 299 4330 1897 4393">
    <p class='ocr_par' dir='ltr' id='par_1_75' title="bbox 299 4330 1897 4393">
     <span class='ocr_line' id='line_1_75' title="bbox 299 4330 1897 4393; baseline -0.001 -7"><span class='ocrx_word' id='word_1_585' title='bbox 299 4330 377 4387; x_wconf 87' lang='lat' dir='ltr'><strong>tia</strong></span> <span class='ocrx_word' id='word_1_586' title='bbox 434 4330 779 4386; x_wconf 86' lang='lat' dir='ltr'><strong>dilﬁnitarum</strong></span> <span class='ocrx_word' id='word_1_587' title='bbox 830 4342 885 4388; x_wconf 93' lang='lat' dir='ltr'><strong>et</strong></span> <span class='ocrx_word' id='word_1_588' title='bbox 950 4331 1379 4393; x_wconf 68' lang='lat' dir='ltr'><strong>indeﬁnitarum,</strong></span> <span class='ocrx_word' id='word_1_589' title='bbox 1430 4330 1897 4386; x_wconf 81' lang='lat' dir='ltr'><strong>Afﬁrmatiouihus</strong></span> 
     </span>
    </p>
   </div>
   <div class='ocr_carea' id='block_1_76' title="bbox 296 4423 1899 4495">
    <p class='ocr_par' dir='ltr' id='par_1_76' title="bbox 296 4423 1899 4495">
     <span class='ocr_line' id='line_1_76' title="bbox 296 4423 1899 4495; baseline -0.001 -15"><span class='ocrx_word' id='word_1_590' title='bbox 296 4423 445 4480; x_wconf 87' lang='lat' dir='ltr'><strong>enim</strong></span> <span class='ocrx_word' id='word_1_591' title='bbox 476 4425 819 4479; x_wconf 89' lang='lat' dir='ltr'><strong>consentiunt</strong></span> <span class='ocrx_word' id='word_1_592' title='bbox 864 4424 916 4480; x_wconf 91' lang='lat' dir='ltr'><strong>in</strong></span> <span class='ocrx_word' id='word_1_593' title='bbox 948 4425 1174 4480; x_wconf 86' lang='lat' dir='ltr'><strong>veritate</strong></span> <span class='ocrx_word' id='word_1_594' title='bbox 1222 4424 1559 4495; x_wconf 89' lang='lat' dir='ltr'><strong>negationes,</strong></span> <span class='ocrx_word' id='word_1_595' title='bbox 1602 4423 1899 4492; x_wconf 83' lang='lat' dir='ltr'><strong>negationi-</strong></span> 
     </span>
    </p>
   </div>
   <div class='ocr_carea' id='block_1_77' title="bbox 296 4515 1892 4583">
    <p class='ocr_par' dir='ltr' id='par_1_77' title="bbox 296 4515 1892 4583">
     <span class='ocr_line' id='line_1_77' title="bbox 296 4515 1892 4583; baseline -0.003 -11"><span class='ocrx_word' id='word_1_596' title='bbox 296 4515 403 4572; x_wconf 79' lang='lat' dir='ltr'><strong>bus</strong></span> <span class='ocrx_word' id='word_1_597' title='bbox 444 4526 622 4571; x_wconf 90' lang='lat' dir='ltr'><strong>autem</strong></span> <span class='ocrx_word' id='word_1_598' title='bbox 667 4515 1053 4572; x_wconf 78' lang='lat' dir='ltr'><strong>afﬁrmationes</strong></span> <span class='ocrx_word' id='word_1_599' title='bbox 1098 4533 1205 4571; x_wconf 92' lang='lat' dir='ltr'><strong>non</strong></span> <span class='ocrx_word' id='word_1_600' title='bbox 1252 4516 1474 4572; x_wconf 88' lang='lat' dir='ltr'><strong>omniho</strong></span> <span class='ocrx_word' id='word_1_601' title='bbox 1521 4516 1892 4583; x_wconf 77' lang='lat' dir='ltr'><strong>consentiunt,</strong></span> 
     </span>
    </p>
   </div>
   <div class='ocr_carea' id='block_1_78' title="bbox 1991 3277 3582 3354">
    <p class='ocr_par' dir='ltr' id='par_1_78' title="bbox 1991 3277 3582 3354">
     <span class='ocr_line' id='line_1_78' title="bbox 1991 3277 3582 3354; baseline 0.003 -21"><span class='ocrx_word' id='word_1_602' title='bbox 1991 3277 2169 3347; x_wconf 89' lang='lat' dir='ltr'><strong>nibus,</strong></span> <span class='ocrx_word' id='word_1_603' title='bbox 2202 3281 2272 3333; x_wconf 84' lang='lat' dir='ltr'><strong>ita</strong></span> <span class='ocrx_word' id='word_1_604' title='bbox 2317 3294 2529 3351; x_wconf 89' lang='lat' dir='ltr'><strong>quoque</strong></span> <span class='ocrx_word' id='word_1_605' title='bbox 2576 3281 2627 3334; x_wconf 92' lang='lat' dir='ltr'><strong>in</strong></span> <span class='ocrx_word' id='word_1_606' title='bbox 2675 3282 2900 3338; x_wconf 82' lang='lat' dir='ltr'><strong>veritate</strong></span> <span class='ocrx_word' id='word_1_607' title='bbox 2940 3281 3220 3353; x_wconf 82' lang='lat' dir='ltr'><strong>angulares</strong></span> <span class='ocrx_word' id='word_1_608' title='bbox 3271 3284 3582 3354; x_wconf 81' lang='lat' dir='ltr'><strong>negationes</strong></span> 
     </span>
    </p>
   </div>
   <div class='ocr_carea' id='block_1_79' title="bbox 1991 3373 3583 3451">
    <p class='ocr_par' dir='ltr' id='par_1_79' title="bbox 1991 3373 3583 3451">
     <span class='ocr_line' id='line_1_79' title="bbox 1991 3373 3583 3451; baseline 0.003 -25"><span class='ocrx_word' id='word_1_609' title='bbox 1991 3373 2365 3441; x_wconf 83' lang='lat' dir='ltr'><strong>negationibus</strong></span> <span class='ocrx_word' id='word_1_610' title='bbox 2408 3373 2773 3429; x_wconf 89' lang='lat' dir='ltr'><strong>consentiunt.</strong></span> <span class='ocrx_word' id='word_1_611' title='bbox 2808 3378 3009 3431; x_wconf 81' lang='lat' dir='ltr'><strong>Sensus</strong></span> <span class='ocrx_word' id='word_1_612' title='bbox 3038 3391 3167 3448; x_wconf 88' lang='lat' dir='ltr'><strong>ergo</strong></span> <span class='ocrx_word' id='word_1_613' title='bbox 3210 3384 3356 3451; x_wconf 85' lang='lat' dir='ltr'><strong>totus</strong></span> <span class='ocrx_word' id='word_1_614' title='bbox 3400 3376 3583 3444; x_wconf 69' lang='lat' dir='ltr'><strong>hujus~</strong></span> 
     </span>
    </p>
   </div>
   <div class='ocr_carea' id='block_1_80' title="bbox 1993 3465 3583 3550">
    <p class='ocr_par' dir='ltr' id='par_1_80' title="bbox 1993 3465 3583 3550">
     <span class='ocr_line' id='line_1_80' title="bbox 1993 3465 3583 3550; baseline 0.004 -31"><span class='ocrx_word' id='word_1_615' title='bbox 1993 3466 2140 3520; x_wconf 88' lang='lat' dir='ltr'><strong>tttodi</strong></span> <span class='ocrx_word' id='word_1_616' title='bbox 2180 3476 2302 3521; x_wconf 89' lang='lat' dir='ltr'><strong>est:</strong></span> <span class='ocrx_word' id='word_1_617' title='bbox 2336 3465 2596 3523; x_wconf 82' lang='lat' dir='ltr'><strong>Similiter</strong></span> <span class='ocrx_word' id='word_1_618' title='bbox 2636 3479 2812 3524; x_wconf 87' lang='lat' dir='ltr'><strong>autem</strong></span> <span class='ocrx_word' id='word_1_619' title='bbox 2834 3508 2849 3535; x_wconf 90' lang='lat'><strong>,</strong></span> <span class='ocrx_word' id='word_1_620' title='bbox 2882 3470 3093 3548; x_wconf 55' lang='lat' dir='ltr'><strong>inquit,</strong></span> <span class='ocrx_word' id='word_1_621' title='bbox 3110 3485 3168 3525; x_wconf 90' lang='lat' dir='ltr'><strong>se</strong></span> <span class='ocrx_word' id='word_1_622' title='bbox 3199 3470 3387 3536; x_wconf 84' lang='lat' dir='ltr'><strong>habet,</strong></span> <span class='ocrx_word' id='word_1_623' title='bbox 3419 3470 3471 3525; x_wconf 89' lang='lat' dir='ltr'><strong>id</strong></span> <span class='ocrx_word' id='word_1_624' title='bbox 3500 3484 3583 3550; x_wconf 60' lang='lat' dir='ltr'><strong>es.</strong></span> 
     </span>
    </p>
   </div>
   <div class='ocr_carea' id='block_1_81' title="bbox 1993 3562 3637 3633">
    <p class='ocr_par' dir='ltr' id='par_1_81' title="bbox 1993 3562 3637 3633">
     <span class='ocr_line' id='line_1_81' title="bbox 1993 3562 3637 3633; baseline 0.002 -18"><span class='ocrx_word' id='word_1_625' title='bbox 1993 3562 2182 3617; x_wconf 86' lang='lat' dir='ltr'><strong>similis</strong></span> <span class='ocrx_word' id='word_1_626' title='bbox 2211 3563 2314 3617; x_wconf 90' lang='lat' dir='ltr'><strong>erit</strong></span> <span class='ocrx_word' id='word_1_627' title='bbox 2344 3566 2730 3633; x_wconf 80' lang='lat' dir='ltr'><strong>consequentia</strong></span> <span class='ocrx_word' id='word_1_628' title='bbox 2762 3564 3206 3633; x_wconf 84' lang='lat' dir='ltr'><strong>prepositionunt,</strong></span> <span class='ocrx_word' id='word_1_629' title='bbox 3238 3563 3583 3633; x_wconf 83' lang='lat' dir='ltr'><strong>quemadtno-</strong></span> <span class='ocrx_word' id='word_1_630' title='bbox 3631 3627 3637 3633; x_wconf 39' lang='grc'><em>,</em></span> 
     </span>
    </p>
   </div>
   <div class='ocr_carea' id='block_1_82' title="bbox 1992 3655 3584 3719">
    <p class='ocr_par' dir='ltr' id='par_1_82' title="bbox 1992 3655 3584 3719">
     <span class='ocr_line' id='line_1_82' title="bbox 1992 3655 3584 3719; baseline 0.001 -10"><span class='ocrx_word' id='word_1_631' title='bbox 1992 3655 2119 3709; x_wconf 92' lang='lat' dir='ltr'><strong>dum</strong></span> <span class='ocrx_word' id='word_1_632' title='bbox 2161 3655 2256 3710; x_wconf 82' lang='lat' dir='ltr'><strong>fuit</strong></span> <span class='ocrx_word' id='word_1_633' title='bbox 2298 3657 2350 3711; x_wconf 90' lang='lat' dir='ltr'><strong>in</strong></span> <span class='ocrx_word' id='word_1_634' title='bbox 2393 3656 2701 3719; x_wconf 86' lang='lat' dir='ltr'><strong>indeﬁnitis,</strong></span> <span class='ocrx_word' id='word_1_635' title='bbox 2735 3656 2944 3711; x_wconf 85' lang='lat' dir='ltr'><strong>etiamsi</strong></span> <span class='ocrx_word' id='word_1_636' title='bbox 2989 3657 3309 3711; x_wconf 77' lang='lat' dir='ltr'><strong>universalis</strong></span> <span class='ocrx_word' id='word_1_637' title='bbox 3350 3657 3584 3711; x_wconf 81' lang='lat' dir='ltr'><strong>nominis</strong></span> 
     </span>
    </p>
   </div>
   <div class='ocr_carea' id='block_1_83' title="bbox 1994 3746 3585 3815">
    <p class='ocr_par' dir='ltr' id='par_1_83' title="bbox 1994 3746 3585 3815">
     <span class='ocr_line' id='line_1_83' title="bbox 1994 3746 3585 3815; baseline -0.001 -13"><span class='ocrx_word' id='word_1_638' title='bbox 1994 3750 2066 3802; x_wconf 87' lang='lat' dir='ltr'><strong>sit</strong></span> <span class='ocrx_word' id='word_1_639' title='bbox 2106 3748 2412 3815; x_wconf 88' lang='lat' dir='ltr'><strong>alﬁrmatio,</strong></span> <span class='ocrx_word' id='word_1_640' title='bbox 2451 3747 2503 3803; x_wconf 91' lang='lat' dir='ltr'><strong>id</strong></span> <span class='ocrx_word' id='word_1_641' title='bbox 2552 3757 2637 3803; x_wconf 88' lang='lat' dir='ltr'><strong>est</strong></span> <span class='ocrx_word' id='word_1_642' title='bbox 2673 3747 2884 3803; x_wconf 91' lang='lat' dir='ltr'><strong>etiamsi</strong></span> <span class='ocrx_word' id='word_1_643' title='bbox 2928 3747 3162 3803; x_wconf 77' lang='lat' dir='ltr'><strong>deﬁnita:</strong></span> <span class='ocrx_word' id='word_1_644' title='bbox 3204 3746 3585 3802; x_wconf 70' lang='lat' dir='ltr'><strong>a‘llirntattoues</strong></span> 
     </span>
    </p>
   </div>
   <div class='ocr_carea' id='block_1_84' title="bbox 1996 3839 3584 3910">
    <p class='ocr_par' dir='ltr' id='par_1_84' title="bbox 1996 3839 3584 3910">
     <span class='ocr_line' id='line_1_84' title="bbox 1996 3839 3584 3910; baseline 0.001 -17"><span class='ocrx_word' id='word_1_645' title='bbox 1996 3840 2411 3909; x_wconf 85' lang='lat' dir='ltr'><strong>negationesquc</strong></span> <span class='ocrx_word' id='word_1_646' title='bbox 2465 3850 2755 3910; x_wconf 91' lang='lat' dir='ltr'><strong>ponantur,</strong></span> <span class='ocrx_word' id='word_1_647' title='bbox 2802 3850 2858 3895; x_wconf 89' lang='lat' dir='ltr'><strong>ut</strong></span> <span class='ocrx_word' id='word_1_648' title='bbox 2907 3857 3000 3909; x_wconf 85' lang='lat' dir='ltr'><strong>per</strong></span> <span class='ocrx_word' id='word_1_649' title='bbox 3050 3839 3288 3909; x_wconf 87' lang='lat' dir='ltr'><strong>subjecta</strong></span> <span class='ocrx_word' id='word_1_650' title='bbox 3336 3840 3584 3909; x_wconf 75' lang='lat' dir='ltr'><strong>exempla</strong></span> 
     </span>
    </p>
   </div>
   <div class='ocr_carea' id='block_1_85' title="bbox 1996 3931 3583 4001">
    <p class='ocr_par' dir='ltr' id='par_1_85' title="bbox 1996 3931 3583 4001">
     <span class='ocr_line' id='line_1_85' title="bbox 1996 3931 3583 4001; baseline 0 -14"><span class='ocrx_word' id='word_1_651' title='bbox 1996 3935 2320 3988; x_wconf 80' lang='lat' dir='ltr'><strong>monstravit</strong></span> <span class='ocrx_word' id='word_1_652' title='bbox 2366 3934 2551 3989; x_wconf 91' lang='lat' dir='ltr'><strong>dicens</strong></span> <span class='ocrx_word' id='word_1_653' title='bbox 2598 3933 2941 3988; x_wconf 81' lang='lat' dir='ltr'><strong>afﬁrtnationi</strong></span> <span class='ocrx_word' id='word_1_654' title='bbox 2988 3933 3216 4001; x_wconf 87' lang='lat' dir='ltr'><strong>simplici</strong></span> <span class='ocrx_word' id='word_1_655' title='bbox 3268 3931 3583 3998; x_wconf 78' lang='lat' dir='ltr'><strong>universali,</strong></span> 
     </span>
    </p>
   </div>
   <div class='ocr_carea' id='block_1_86' title="bbox 1985 4026 3586 4097">
    <p class='ocr_par' dir='ltr' id='par_1_86' title="bbox 1985 4026 3586 4097">
     <span class='ocr_line' id='line_1_86' title="bbox 1985 4026 3586 4097; baseline -0.001 -17"><span class='ocrx_word' id='word_1_656' title='bbox 1985 4027 2172 4081; x_wconf 80' lang='lat' dir='ltr'><strong>omnis</strong></span> <span class='ocrx_word' id='word_1_657' title='bbox 2192 4037 2273 4082; x_wconf 88' lang='lat' dir='ltr'><strong>est</strong></span> <span class='ocrx_word' id='word_1_658' title='bbox 2300 4026 2461 4082; x_wconf 85' lang='lat' dir='ltr'><strong>homo</strong></span> <span class='ocrx_word' id='word_1_659' title='bbox 2485 4026 2681 4097; x_wconf 89' lang='lat' dir='ltr'><strong>justus,</strong></span> <span class='ocrx_word' id='word_1_660' title='bbox 2715 4027 2942 4096; x_wconf 82' lang='lat' dir='ltr'><strong>Opponi,</strong></span> <span class='ocrx_word' id='word_1_661' title='bbox 2976 4042 3081 4080; x_wconf 92' lang='lat' dir='ltr'><strong>non</strong></span> <span class='ocrx_word' id='word_1_662' title='bbox 3109 4026 3285 4080; x_wconf 91' lang='lat' dir='ltr'><strong>omnis</strong></span> <span class='ocrx_word' id='word_1_663' title='bbox 3315 4034 3399 4079; x_wconf 76' lang='lat' dir='ltr'><strong>cst</strong></span> <span class='ocrx_word' id='word_1_664' title='bbox 3428 4028 3586 4079; x_wconf 91' lang='lat' dir='ltr'><strong>homo</strong></span> 
     </span>
    </p>
   </div>
   <div class='ocr_carea' id='block_1_87' title="bbox 1994 4121 3587 4193">
    <p class='ocr_par' dir='ltr' id='par_1_87' title="bbox 1994 4121 3587 4193">
     <span class='ocr_line' id='line_1_87' title="bbox 1994 4121 3587 4193; baseline 0 -19"><span class='ocrx_word' id='word_1_665' title='bbox 1994 4122 2201 4193; x_wconf 89' lang='lat' dir='ltr'><strong>justus,</strong></span> <span class='ocrx_word' id='word_1_666' title='bbox 2252 4124 2626 4191; x_wconf 90' lang='lat' dir='ltr'><strong>particularem</strong></span> <span class='ocrx_word' id='word_1_667' title='bbox 2678 4122 2884 4177; x_wconf 80' lang='lat' dir='ltr'><strong>sciliCet</strong></span> <span class='ocrx_word' id='word_1_668' title='bbox 2929 4121 3257 4191; x_wconf 83' lang='lat' dir='ltr'><strong>simplicem,</strong></span> <span class='ocrx_word' id='word_1_669' title='bbox 3304 4132 3357 4175; x_wconf 88' lang='lat' dir='ltr'><strong>et</strong></span> <span class='ocrx_word' id='word_1_670' title='bbox 3401 4135 3587 4176; x_wconf 87' lang='lat' dir='ltr'><strong>rursus</strong></span> 
     </span>
    </p>
   </div>
   <div class='ocr_carea' id='block_1_88' title="bbox 1998 4214 3586 4285">
    <p class='ocr_par' dir='ltr' id='par_1_88' title="bbox 1998 4214 3586 4285">
     <span class='ocr_line' id='line_1_88' title="bbox 1998 4214 3586 4285; baseline -0.001 -16"><span class='ocrx_word' id='word_1_671' title='bbox 1998 4218 2354 4270; x_wconf 86' lang='lat' dir='ltr'><strong>universaletn</strong></span> <span class='ocrx_word' id='word_1_672' title='bbox 2380 4215 2790 4285; x_wconf 80' lang='lat' dir='ltr'><strong>alﬁrtnationetn</strong></span> <span class='ocrx_word' id='word_1_673' title='bbox 2821 4214 3082 4269; x_wconf 86' lang='lat' dir='ltr'><strong>inﬁnitam</strong></span> <span class='ocrx_word' id='word_1_674' title='bbox 3116 4230 3440 4284; x_wconf 79' lang='lat' dir='ltr'><strong>prapnnens,</strong></span> <span class='ocrx_word' id='word_1_675' title='bbox 3468 4231 3586 4270; x_wconf 85' lang='lat' dir='ltr'><strong>eam</strong></span> 
     </span>
    </p>
   </div>
   <div class='ocr_carea' id='block_1_89' title="bbox 1999 4305 3589 4378">
    <p class='ocr_par' dir='ltr' id='par_1_89' title="bbox 1999 4305 3589 4378">
     <span class='ocr_line' id='line_1_89' title="bbox 1999 4305 3589 4378; baseline 0 -14"><span class='ocrx_word' id='word_1_676' title='bbox 1999 4310 2211 4364; x_wconf 89' lang='lat' dir='ltr'><strong>scilicet</strong></span> <span class='ocrx_word' id='word_1_677' title='bbox 2254 4325 2373 4378; x_wconf 78' lang='lat' dir='ltr'><strong>qua:</strong></span> <span class='ocrx_word' id='word_1_678' title='bbox 2414 4318 2526 4377; x_wconf 79' lang='lat' dir='ltr'><strong>est,</strong></span> <span class='ocrx_word' id='word_1_679' title='bbox 2559 4309 2735 4362; x_wconf 88' lang='lat' dir='ltr'><strong>omnis</strong></span> <span class='ocrx_word' id='word_1_680' title='bbox 2763 4317 2847 4362; x_wconf 89' lang='lat' dir='ltr'><strong>est</strong></span> <span class='ocrx_word' id='word_1_681' title='bbox 2886 4306 3048 4361; x_wconf 90' lang='lat' dir='ltr'><strong>homo</strong></span> <span class='ocrx_word' id='word_1_682' title='bbox 3094 4324 3197 4361; x_wconf 93' lang='lat' dir='ltr'><strong>non</strong></span> <span class='ocrx_word' id='word_1_683' title='bbox 3239 4305 3439 4377; x_wconf 76' lang='lat' dir='ltr'><strong>jnStus,</strong></span> <span class='ocrx_word' id='word_1_684' title='bbox 3470 4307 3589 4365; x_wconf 86' lang='lat' dir='ltr'><strong>huic</strong></span> 
     </span>
    </p>
   </div>
   <div class='ocr_carea' id='block_1_90' title="bbox 2001 4398 3589 4469">
    <p class='ocr_par' dir='ltr' id='par_1_90' title="bbox 2001 4398 3589 4469">
     <span class='ocr_line' id='line_1_90' title="bbox 2001 4398 3589 4469; baseline -0.001 -15"><span class='ocrx_word' id='word_1_685' title='bbox 2001 4400 2145 4454; x_wconf 88' lang='lat' dir='ltr'><strong>illam</strong></span> <span class='ocrx_word' id='word_1_686' title='bbox 2178 4399 2454 4467; x_wconf 83' lang='lat' dir='ltr'><strong>opposuit,</strong></span> <span class='ocrx_word' id='word_1_687' title='bbox 2482 4414 2600 4469; x_wconf 78' lang='lat' dir='ltr'><strong>qua:</strong></span> <span class='ocrx_word' id='word_1_688' title='bbox 2628 4399 2791 4465; x_wconf 88' lang='lat' dir='ltr'><strong>dicit,</strong></span> <span class='ocrx_word' id='word_1_689' title='bbox 2823 4414 2928 4453; x_wconf 92' lang='lat' dir='ltr'><strong>non</strong></span> <span class='ocrx_word' id='word_1_690' title='bbox 2958 4399 3131 4453; x_wconf 90' lang='lat' dir='ltr'><strong>omnis</strong></span> <span class='ocrx_word' id='word_1_691' title='bbox 3170 4408 3254 4454; x_wconf 89' lang='lat' dir='ltr'><strong>est</strong></span> <span class='ocrx_word' id='word_1_692' title='bbox 3282 4398 3443 4454; x_wconf 87' lang='lat' dir='ltr'><strong>humo</strong></span> <span class='ocrx_word' id='word_1_693' title='bbox 3483 4414 3589 4460; x_wconf 85' lang='lat' dir='ltr'><strong>non</strong></span> 
     </span>
    </p>
   </div>
   <div class='ocr_carea' id='block_1_91' title="bbox 1930 4490 3590 4563">
    <p class='ocr_par' dir='ltr' id='par_1_91' title="bbox 1930 4490 3590 4563">
     <span class='ocr_line' id='line_1_91' title="bbox 1930 4490 3590 4563; baseline 0.001 -16"><span class='ocrx_word' id='word_1_694' title='bbox 1930 4490 1933 4495; x_wconf 38' lang='grc' dir='ltr'><strong><em>λ</em></strong></span> <span class='ocrx_word' id='word_1_695' title='bbox 1989 4493 2192 4563; x_wconf 69' lang='lat' dir='ltr'><strong>g’ustus.</strong></span> <span class='ocrx_word' id='word_1_696' title='bbox 2243 4492 2359 4558; x_wconf 66' lang='grc' dir='ltr'><strong>Ηιε,</strong></span> <span class='ocrx_word' id='word_1_697' title='bbox 2404 4491 2604 4561; x_wconf 76' lang='lat' dir='ltr'><strong>inquit,</strong></span> <span class='ocrx_word' id='word_1_698' title='bbox 2647 4492 2895 4546; x_wconf 89' lang='lat' dir='ltr'><strong>similiter</strong></span> <span class='ocrx_word' id='word_1_699' title='bbox 2932 4506 2992 4547; x_wconf 92' lang='lat' dir='ltr'><strong>se</strong></span> <span class='ocrx_word' id='word_1_700' title='bbox 3035 4493 3236 4547; x_wconf 85' lang='lat' dir='ltr'><strong>habent</strong></span> <span class='ocrx_word' id='word_1_701' title='bbox 3278 4493 3343 4547; x_wconf 90' lang='lat' dir='ltr'><strong>ad</strong></span> <span class='ocrx_word' id='word_1_702' title='bbox 3391 4508 3590 4548; x_wconf 86' lang='lat' dir='ltr'><strong>conse-</strong></span> 
     </span>
    </p>
   </div>
   <div class='ocr_carea' id='block_1_92' title="bbox 295 4585 1889 4679">
    <p class='ocr_par' dir='ltr' id='par_1_92' title="bbox 295 4606 1889 4679">
     <span class='ocr_line' id='line_1_92' title="bbox 295 4606 1889 4679; baseline -0.001 -16"><span class='ocrx_word' id='word_1_703' title='bbox 295 4622 422 4678; x_wconf 75' lang='lat' dir='ltr'><strong>qua:</strong></span> <span class='ocrx_word' id='word_1_704' title='bbox 450 4607 746 4663; x_wconf 85' lang='lat' dir='ltr'><strong>similitudo</strong></span> <span class='ocrx_word' id='word_1_705' title='bbox 787 4608 1188 4679; x_wconf 80' lang='lat' dir='ltr'><strong>consequentiae</strong></span> <span class='ocrx_word' id='word_1_706' title='bbox 1216 4608 1270 4662; x_wconf 94' lang='lat' dir='ltr'><strong>in</strong></span> <span class='ocrx_word' id='word_1_707' title='bbox 1314 4608 1555 4677; x_wconf 90' lang='lat' dir='ltr'><strong>utrisque</strong></span> <span class='ocrx_word' id='word_1_708' title='bbox 1586 4616 1669 4662; x_wconf 90' lang='lat' dir='ltr'><strong>est</strong></span> <span class='ocrx_word' id='word_1_709' title='bbox 1689 4648 1703 4672; x_wconf 91' lang='lat'><strong>,</strong></span> <span class='ocrx_word' id='word_1_710' title='bbox 1736 4606 1786 4661; x_wconf 93' lang='lat' dir='ltr'><strong>id</strong></span> <span class='ocrx_word' id='word_1_711' title='bbox 1813 4617 1889 4662; x_wconf 91' lang='lat' dir='ltr'><strong>est</strong></span> 
     </span>
    </p>
   </div>
   <div class='ocr_carea' id='block_1_93' title="bbox 1985 4585 3590 4679">
    <p class='ocr_par' dir='ltr' id='par_1_93' title="bbox 2000 4586 3590 4657">
     <span class='ocr_line' id='line_1_93' title="bbox 2000 4586 3590 4657; baseline 0.002 -15"><span class='ocrx_word' id='word_1_712' title='bbox 2000 4595 2271 4657; x_wconf 84' lang='lat' dir='ltr'><strong>quenttant</strong></span> <span class='ocrx_word' id='word_1_713' title='bbox 2294 4587 2742 4657; x_wconf 82' lang='lat' dir='ltr'><strong>quemadmodum</strong></span> <span class='ocrx_word' id='word_1_714' title='bbox 2768 4586 3059 4641; x_wconf 67' lang='lat' dir='ltr'><strong>inde-ﬁnitae</strong></span> <span class='ocrx_word' id='word_1_715' title='bbox 3085 4602 3101 4652; x_wconf 90' lang='lat'><strong>;</strong></span> <span class='ocrx_word' id='word_1_716' title='bbox 3125 4587 3395 4657; x_wconf 85' lang='lat' dir='ltr'><strong>quomodo</strong></span> <span class='ocrx_word' id='word_1_717' title='bbox 3413 4598 3590 4645; x_wconf 87' lang='lat' dir='ltr'><strong>autem</strong></span> 
     </span>
    </p>
   </div>
   <div class='ocr_carea' id='block_1_94' title="bbox 296 4699 1891 4771">
    <p class='ocr_par' dir='ltr' id='par_1_94' title="bbox 296 4699 1891 4771">
     <span class='ocr_line' id='line_1_94' title="bbox 296 4699 1891 4771; baseline 0 -15"><span class='ocrx_word' id='word_1_718' title='bbox 296 4707 355 4756; x_wconf 81' lang='lat' dir='ltr'><strong>et</strong></span> <span class='ocrx_word' id='word_1_719' title='bbox 379 4699 432 4754; x_wconf 90' lang='lat' dir='ltr'><strong>in</strong></span> <span class='ocrx_word' id='word_1_720' title='bbox 460 4699 544 4754; x_wconf 90' lang='lat' dir='ltr'><strong>his</strong></span> <span class='ocrx_word' id='word_1_721' title='bbox 570 4714 691 4770; x_wconf 78' lang='lat' dir='ltr'><strong>qute</strong></span> <span class='ocrx_word' id='word_1_722' title='bbox 720 4699 966 4756; x_wconf 65' lang='lat' dir='ltr'><strong>difﬁnitm</strong></span> <span class='ocrx_word' id='word_1_723' title='bbox 991 4711 1117 4756; x_wconf 91' lang='lat' dir='ltr'><strong>sunt</strong></span> <span class='ocrx_word' id='word_1_724' title='bbox 1142 4710 1199 4756; x_wconf 92' lang='lat' dir='ltr'><strong>et</strong></span> <span class='ocrx_word' id='word_1_725' title='bbox 1228 4700 1279 4754; x_wconf 90' lang='lat' dir='ltr'><strong>in</strong></span> <span class='ocrx_word' id='word_1_726' title='bbox 1311 4700 1395 4755; x_wconf 88' lang='lat' dir='ltr'><strong>his</strong></span> <span class='ocrx_word' id='word_1_727' title='bbox 1424 4716 1543 4771; x_wconf 68' lang='lat' dir='ltr'><strong>qum</strong></span> <span class='ocrx_word' id='word_1_728' title='bbox 1577 4699 1891 4765; x_wconf 75' lang='lat' dir='ltr'><strong>indeﬁnitoc,</strong></span> 
     </span>
    </p>
   </div>
   <div class='ocr_carea' id='block_1_95' title="bbox 297 4790 1896 4862">
    <p class='ocr_par' dir='ltr' id='par_1_95' title="bbox 297 4790 1896 4862">
     <span class='ocr_line' id='line_1_95' title="bbox 297 4790 1896 4862; baseline 0 -16"><span class='ocrx_word' id='word_1_729' title='bbox 297 4791 398 4847; x_wconf 86' lang='lat' dir='ltr'><strong>sed</strong></span> <span class='ocrx_word' id='word_1_730' title='bbox 422 4801 505 4846; x_wconf 91' lang='lat' dir='ltr'><strong>est</strong></span> <span class='ocrx_word' id='word_1_731' title='bbox 540 4790 791 4845; x_wconf 85' lang='lat' dir='ltr'><strong>distantia</strong></span> <span class='ocrx_word' id='word_1_732' title='bbox 819 4791 962 4861; x_wconf 92' lang='lat' dir='ltr'><strong>quod</strong></span> <span class='ocrx_word' id='word_1_733' title='bbox 996 4806 1102 4846; x_wconf 90' lang='lat' dir='ltr'><strong>non</strong></span> <span class='ocrx_word' id='word_1_734' title='bbox 1143 4791 1393 4847; x_wconf 90' lang='lat' dir='ltr'><strong>similiter</strong></span> <span class='ocrx_word' id='word_1_735' title='bbox 1436 4791 1721 4862; x_wconf 78' lang='lat' dir='ltr'><strong>angulares</strong></span> <span class='ocrx_word' id='word_1_736' title='bbox 1766 4805 1896 4846; x_wconf 88' lang='lat' dir='ltr'><strong>con-</strong></span> 
     </span>
    </p>
   </div>
   <div class='ocr_carea' id='block_1_96' title="bbox 297 4881 1898 4951">
    <p class='ocr_par' dir='ltr' id='par_1_96' title="bbox 297 4881 1898 4951">
     <span class='ocr_line' id='line_1_96' title="bbox 297 4881 1898 4951; baseline 0.001 -15"><span class='ocrx_word' id='word_1_737' title='bbox 297 4881 457 4951; x_wconf 86' lang='lat' dir='ltr'><strong>tingit</strong></span> <span class='ocrx_word' id='word_1_738' title='bbox 490 4897 646 4937; x_wconf 87' lang='lat' dir='ltr'><strong>veras</strong></span> <span class='ocrx_word' id='word_1_739' title='bbox 684 4897 825 4947; x_wconf 88' lang='lat' dir='ltr'><strong>esse,</strong></span> <span class='ocrx_word' id='word_1_740' title='bbox 856 4894 910 4936; x_wconf 92' lang='lat' dir='ltr'><strong>et</strong></span> <span class='ocrx_word' id='word_1_741' title='bbox 948 4882 1333 4938; x_wconf 63' lang='lat' dir='ltr'><strong>aiﬁrmationes</strong></span> <span class='ocrx_word' id='word_1_742' title='bbox 1366 4882 1816 4937; x_wconf 82' lang='lat' dir='ltr'><strong>afﬁrmatiunibus</strong></span> <span class='ocrx_word' id='word_1_743' title='bbox 1842 4891 1898 4937; x_wconf 88' lang='lat' dir='ltr'><strong>et</strong></span> 
     </span>
    </p>
   </div>
   <div class='ocr_carea' id='block_1_97' title="bbox 298 4974 1898 5044">
    <p class='ocr_par' dir='ltr' id='par_1_97' title="bbox 298 4974 1898 5044">
     <span class='ocr_line' id='line_1_97' title="bbox 298 4974 1898 5044; baseline 0.001 -15"><span class='ocrx_word' id='word_1_744' title='bbox 298 4974 616 5044; x_wconf 86' lang='lat' dir='ltr'><strong>negationes</strong></span> <span class='ocrx_word' id='word_1_745' title='bbox 646 4974 1042 5044; x_wconf 86' lang='lat' dir='ltr'><strong>negationibus,</strong></span> <span class='ocrx_word' id='word_1_746' title='bbox 1076 4974 1367 5030; x_wconf 89' lang='lat' dir='ltr'><strong>indeﬁnitis</strong></span> <span class='ocrx_word' id='word_1_747' title='bbox 1392 4983 1569 5030; x_wconf 91' lang='lat' dir='ltr'><strong>autem</strong></span> <span class='ocrx_word' id='word_1_748' title='bbox 1599 4989 1754 5030; x_wconf 90' lang='lat' dir='ltr'><strong>veras</strong></span> <span class='ocrx_word' id='word_1_749' title='bbox 1775 4989 1898 5031; x_wconf 90' lang='lat' dir='ltr'><strong>esse</strong></span> 
     </span>
    </p>
   </div>
   <div class='ocr_carea' id='block_1_98' title="bbox 298 5063 1899 5136">
    <p class='ocr_par' dir='ltr' id='par_1_98' title="bbox 298 5063 1899 5136">
     <span class='ocr_line' id='line_1_98' title="bbox 298 5063 1899 5136; baseline 0 -15"><span class='ocrx_word' id='word_1_750' title='bbox 298 5065 566 5135; x_wconf 85' lang='lat' dir='ltr'><strong>contingit</strong></span> <span class='ocrx_word' id='word_1_751' title='bbox 613 5079 705 5120; x_wconf 86' lang='lat' dir='ltr'><strong>cas</strong></span> <span class='ocrx_word' id='word_1_752' title='bbox 751 5063 954 5119; x_wconf 87' lang='lat' dir='ltr'><strong>scilicet</strong></span> <span class='ocrx_word' id='word_1_753' title='bbox 1012 5080 1131 5134; x_wconf 74' lang='lat' dir='ltr'><strong>quae</strong></span> <span class='ocrx_word' id='word_1_754' title='bbox 1178 5073 1305 5119; x_wconf 88' lang='lat' dir='ltr'><strong>sunt</strong></span> <span class='ocrx_word' id='word_1_755' title='bbox 1352 5067 1656 5136; x_wconf 79' lang='lat' dir='ltr'><strong>angulares.</strong></span> <span class='ocrx_word' id='word_1_756' title='bbox 1707 5065 1762 5119; x_wconf 91' lang='lat' dir='ltr'><strong>In</strong></span> <span class='ocrx_word' id='word_1_757' title='bbox 1815 5064 1899 5121; x_wconf 91' lang='lat' dir='ltr'><strong>his</strong></span> 
     </span>
    </p>
   </div>
   <div class='ocr_carea' id='block_1_99' title="bbox 298 5157 1933 5227">
    <p class='ocr_par' dir='ltr' id='par_1_99' title="bbox 298 5157 1933 5227">
     <span class='ocr_line' id='line_1_99' title="bbox 298 5157 1933 5227; baseline 0.001 -15"><span class='ocrx_word' id='word_1_758' title='bbox 298 5166 481 5212; x_wconf 85' lang='lat' dir='ltr'><strong>autem</strong></span> <span class='ocrx_word' id='word_1_759' title='bbox 531 5172 650 5227; x_wconf 72' lang='lat' dir='ltr'><strong>quae</strong></span> <span class='ocrx_word' id='word_1_760' title='bbox 693 5167 819 5213; x_wconf 85' lang='lat' dir='ltr'><strong>sunt</strong></span> <span class='ocrx_word' id='word_1_761' title='bbox 861 5157 1118 5224; x_wconf 62' lang='lat' dir='ltr'><strong>deﬁnitae,</strong></span> <span class='ocrx_word' id='word_1_762' title='bbox 1165 5160 1549 5215; x_wconf 78' lang='lat' dir='ltr'><strong>afﬁrmationes</strong></span> <span class='ocrx_word' id='word_1_763' title='bbox 1587 5160 1933 5214; x_wconf 81' lang='lat' dir='ltr'><strong>afﬁrmatio--</strong></span> 
     </span>
    </p>
   </div>
   <div class='ocr_carea' id='block_1_100' title="bbox 298 5248 1902 5321">
    <p class='ocr_par' dir='ltr' id='par_1_100' title="bbox 298 5248 1902 5321">
     <span class='ocr_line' id='line_1_100' title="bbox 298 5248 1902 5321; baseline 0.002 -19"><span class='ocrx_word' id='word_1_764' title='bbox 298 5248 464 5303; x_wconf 88' lang='lat' dir='ltr'><strong>nibus</strong></span> <span class='ocrx_word' id='word_1_765' title='bbox 508 5248 796 5319; x_wconf 81' lang='lat' dir='ltr'><strong>angulares</strong></span> <span class='ocrx_word' id='word_1_766' title='bbox 845 5264 999 5304; x_wconf 90' lang='lat' dir='ltr'><strong>veras</strong></span> <span class='ocrx_word' id='word_1_767' title='bbox 1038 5264 1158 5305; x_wconf 86' lang='lat' dir='ltr'><strong>esse</strong></span> <span class='ocrx_word' id='word_1_768' title='bbox 1187 5250 1472 5321; x_wconf 87' lang='lat' dir='ltr'><strong>aliquando</strong></span> <span class='ocrx_word' id='word_1_769' title='bbox 1512 5251 1653 5305; x_wconf 88' lang='lat' dir='ltr'><strong>nulla</strong></span> <span class='ocrx_word' id='word_1_770' title='bbox 1693 5252 1902 5307; x_wconf 90' lang='lat' dir='ltr'><strong>ratione</strong></span> 
     </span>
    </p>
   </div>
   <div class='ocr_carea' id='block_1_101' title="bbox 301 5341 1901 5412">
    <p class='ocr_par' dir='ltr' id='par_1_101' title="bbox 301 5341 1901 5412">
     <span class='ocr_line' id='line_1_101' title="bbox 301 5341 1901 5412; baseline 0.001 -15"><span class='ocrx_word' id='word_1_771' title='bbox 301 5342 587 5412; x_wconf 83' lang='lat' dir='ltr'><strong>contingit.</strong></span> <span class='ocrx_word' id='word_1_772' title='bbox 616 5341 728 5396; x_wconf 81' lang='lat' dir='ltr'><strong>Hoc</strong></span> <span class='ocrx_word' id='word_1_773' title='bbox 760 5350 938 5397; x_wconf 83' lang='lat' dir='ltr'><strong>autem</strong></span> <span class='ocrx_word' id='word_1_774' title='bbox 975 5342 1314 5398; x_wconf 79' lang='lat' dir='ltr'><strong>manifestum</strong></span> <span class='ocrx_word' id='word_1_775' title='bbox 1345 5343 1479 5411; x_wconf 90' lang='lat' dir='ltr'><strong>erit,</strong></span> <span class='ocrx_word' id='word_1_776' title='bbox 1518 5343 1563 5397; x_wconf 90' lang='lat' dir='ltr'><strong>si</strong></span> <span class='ocrx_word' id='word_1_777' title='bbox 1593 5341 1713 5411; x_wconf 83' lang='lat' dir='ltr'><strong>quis</strong></span> <span class='ocrx_word' id='word_1_778' title='bbox 1743 5352 1796 5397; x_wconf 88' lang='lat' dir='ltr'><strong>et</strong></span> <span class='ocrx_word' id='word_1_779' title='bbox 1835 5358 1901 5399; x_wconf 86' lang='lat' dir='ltr'><strong>ea</strong></span> 
     </span>
    </p>
   </div>
   <div class='ocr_carea' id='block_1_102' title="bbox 301 5433 1900 5504">
    <p class='ocr_par' dir='ltr' id='par_1_102' title="bbox 301 5433 1900 5504">
     <span class='ocr_line' id='line_1_102' title="bbox 301 5433 1900 5504; baseline 0.003 -16"><span class='ocrx_word' id='word_1_780' title='bbox 301 5433 409 5489; x_wconf 87' lang='lat' dir='ltr'><strong>sibi</strong></span> <span class='ocrx_word' id='word_1_781' title='bbox 441 5444 705 5504; x_wconf 87' lang='lat' dir='ltr'><strong>proponat</strong></span> <span class='ocrx_word' id='word_1_782' title='bbox 734 5434 977 5503; x_wconf 79' lang='lat' dir='ltr'><strong>exempla</strong></span> <span class='ocrx_word' id='word_1_783' title='bbox 996 5477 1010 5502; x_wconf 92' lang='lat'><strong>,</strong></span> <span class='ocrx_word' id='word_1_784' title='bbox 1043 5436 1095 5491; x_wconf 92' lang='lat' dir='ltr'><strong>in</strong></span> <span class='ocrx_word' id='word_1_785' title='bbox 1122 5438 1315 5502; x_wconf 90' lang='lat' dir='ltr'><strong>quibus</strong></span> <span class='ocrx_word' id='word_1_786' title='bbox 1342 5446 1467 5492; x_wconf 91' lang='lat' dir='ltr'><strong>sunt</strong></span> <span class='ocrx_word' id='word_1_787' title='bbox 1503 5435 1717 5491; x_wconf 91' lang='lat' dir='ltr'><strong>termini</strong></span> <span class='ocrx_word' id='word_1_788' title='bbox 1747 5446 1900 5492; x_wconf 81' lang='lat' dir='ltr'><strong>natu-</strong></span> 
     </span>
    </p>
   </div>
   <div class='ocr_carea' id='block_1_103' title="bbox 304 5525 1903 5601">
    <p class='ocr_par' dir='ltr' id='par_1_103' title="bbox 304 5525 1903 5601">
     <span class='ocr_line' id='line_1_103' title="bbox 304 5525 1903 5601; baseline 0.003 -20"><span class='ocrx_word' id='word_1_789' title='bbox 304 5525 453 5582; x_wconf 86' lang='lat' dir='ltr'><strong>rales</strong></span> <span class='ocrx_word' id='word_1_790' title='bbox 482 5538 641 5599; x_wconf 91' lang='lat' dir='ltr'><strong>atque</strong></span> <span class='ocrx_word' id='word_1_791' title='bbox 669 5528 1047 5599; x_wconf 90' lang='lat' dir='ltr'><strong>impossibiles,</strong></span> <span class='ocrx_word' id='word_1_792' title='bbox 1079 5539 1129 5588; x_wconf 89' lang='lat' dir='ltr'><strong>et</strong></span> <span class='ocrx_word' id='word_1_793' title='bbox 1164 5544 1224 5585; x_wconf 90' lang='lat' dir='ltr'><strong>ea</strong></span> <span class='ocrx_word' id='word_1_794' title='bbox 1264 5530 1318 5584; x_wconf 92' lang='lat' dir='ltr'><strong>in</strong></span> <span class='ocrx_word' id='word_1_795' title='bbox 1348 5531 1539 5600; x_wconf 91' lang='lat' dir='ltr'><strong>quibus</strong></span> <span class='ocrx_word' id='word_1_796' title='bbox 1566 5540 1689 5584; x_wconf 91' lang='lat' dir='ltr'><strong>sunt</strong></span> <span class='ocrx_word' id='word_1_797' title='bbox 1728 5529 1903 5601; x_wconf 91' lang='lat' dir='ltr'><strong>possi-</strong></span> 
     </span>
    </p>
   </div>
   <div class='ocr_carea' id='block_1_104' title="bbox 245 5619 1903 5693">
    <p class='ocr_par' dir='ltr' id='par_1_104' title="bbox 245 5619 1903 5693">
     <span class='ocr_line' id='line_1_104' title="bbox 245 5619 1903 5693; baseline 0.001 -18"><span class='ocrx_word' id='word_1_798' title='bbox 245 5676 252 5687; x_wconf 73' lang='grc'><em>,</em></span> <span class='ocrx_word' id='word_1_799' title='bbox 304 5619 444 5675; x_wconf 84' lang='lat' dir='ltr'><strong>biles</strong></span> <span class='ocrx_word' id='word_1_800' title='bbox 479 5630 535 5677; x_wconf 89' lang='lat' dir='ltr'><strong>et</strong></span> <span class='ocrx_word' id='word_1_801' title='bbox 578 5636 684 5677; x_wconf 90' lang='lat' dir='ltr'><strong>non</strong></span> <span class='ocrx_word' id='word_1_802' title='bbox 728 5623 1005 5685; x_wconf 78' lang='lat' dir='ltr'><strong>naturales</strong></span> <span class='ocrx_word' id='word_1_803' title='bbox 1043 5637 1216 5693; x_wconf 89' lang='lat' dir='ltr'><strong>neque</strong></span> <span class='ocrx_word' id='word_1_804' title='bbox 1262 5622 1642 5693; x_wconf 84' lang='lat' dir='ltr'><strong>impossibiles,</strong></span> <span class='ocrx_word' id='word_1_805' title='bbox 1687 5623 1738 5677; x_wconf 93' lang='lat' dir='ltr'><strong>in</strong></span> <span class='ocrx_word' id='word_1_806' title='bbox 1788 5638 1903 5677; x_wconf 88' lang='lat' dir='ltr'><strong>om-</strong></span> 
     </span>
    </p>
   </div>
   <div class='ocr_carea' id='block_1_105' title="bbox 304 5711 1900 5779">
    <p class='ocr_par' dir='ltr' id='par_1_105' title="bbox 304 5711 1900 5779">
     <span class='ocr_line' id='line_1_105' title="bbox 304 5711 1900 5779; baseline 0 -12"><span class='ocrx_word' id='word_1_807' title='bbox 304 5711 470 5769; x_wconf 89' lang='lat' dir='ltr'><strong>nibus</strong></span> <span class='ocrx_word' id='word_1_808' title='bbox 517 5715 662 5770; x_wconf 89' lang='lat' dir='ltr'><strong>enim</strong></span> <span class='ocrx_word' id='word_1_809' title='bbox 713 5715 947 5771; x_wconf 89' lang='lat' dir='ltr'><strong>inveniet</strong></span> <span class='ocrx_word' id='word_1_810' title='bbox 993 5713 1379 5769; x_wconf 80' lang='lat' dir='ltr'><strong>allirmationes</strong></span> <span class='ocrx_word' id='word_1_811' title='bbox 1428 5712 1900 5779; x_wconf 74' lang='lat' dir='ltr'><strong>afﬁrmationibus,</strong></span> 
     </span>
    </p>
   </div>
   <div class='ocr_carea' id='block_1_106' title="bbox 305 5805 1903 5879">
    <p class='ocr_par' dir='ltr' id='par_1_106' title="bbox 305 5805 1903 5879">
     <span class='ocr_line' id='line_1_106' title="bbox 305 5805 1903 5879; baseline 0.003 -19"><span class='ocrx_word' id='word_1_812' title='bbox 305 5805 547 5863; x_wconf 84' lang='lat' dir='ltr'><strong>deﬁnitis</strong></span> <span class='ocrx_word' id='word_1_813' title='bbox 587 5807 858 5872; x_wconf 81' lang='lat' dir='ltr'><strong>deﬁnitas,</strong></span> <span class='ocrx_word' id='word_1_814' title='bbox 899 5809 1183 5879; x_wconf 89' lang='lat' dir='ltr'><strong>angulares</strong></span> <span class='ocrx_word' id='word_1_815' title='bbox 1226 5808 1386 5864; x_wconf 91' lang='lat' dir='ltr'><strong>simul</strong></span> <span class='ocrx_word' id='word_1_816' title='bbox 1433 5822 1588 5864; x_wconf 89' lang='lat' dir='ltr'><strong>veras</strong></span> <span class='ocrx_word' id='word_1_817' title='bbox 1635 5821 1757 5863; x_wconf 89' lang='lat' dir='ltr'><strong>esse</strong></span> <span class='ocrx_word' id='word_1_818' title='bbox 1796 5821 1903 5864; x_wconf 89' lang='lat' dir='ltr'><strong>non</strong></span> 
     </span>
    </p>
   </div>
   <div class='ocr_carea' id='block_1_107' title="bbox 308 5898 1872 5985">
    <p class='ocr_par' dir='ltr' id='par_1_107' title="bbox 308 5898 1872 5985">
     <span class='ocr_line' id='line_1_107' title="bbox 308 5898 1872 5985; baseline -0.006 -22"><span class='ocrx_word' id='word_1_819' title='bbox 308 5910 492 5963; x_wconf 72' lang='lat' dir='ltr'><strong>Posse.</strong></span> <span class='ocrx_word' id='word_1_820' title='bbox 539 5900 692 5971; x_wconf 84' lang='lat' dir='ltr'><strong>Quod</strong></span> <span class='ocrx_word' id='word_1_821' title='bbox 736 5911 917 5961; x_wconf 87' lang='lat' dir='ltr'><strong>autem</strong></span> <span class='ocrx_word' id='word_1_822' title='bbox 961 5899 1170 5959; x_wconf 88' lang='lat' dir='ltr'><strong>addidit</strong></span> <span class='ocrx_word' id='word_1_823' title='bbox 1246 5898 1518 5985; x_wconf 58' lang='lat' dir='ltr'><strong>Contingit</strong></span> <span class='ocrx_word' id='word_1_824' title='bbox 1573 5908 1752 5958; x_wconf 91' lang='lat' dir='ltr'><strong>autem</strong></span> <span class='ocrx_word' id='word_1_825' title='bbox 1798 5898 1872 5955; x_wconf 89' lang='lat' dir='ltr'><strong>ali</strong></span> 
     </span>
    </p>
   </div>
   <div class='ocr_carea' id='block_1_108' title="bbox 2001 4679 3591 4751">
    <p class='ocr_par' dir='ltr' id='par_1_108' title="bbox 2001 4679 3591 4751">
     <span class='ocr_line' id='line_1_108' title="bbox 2001 4679 3591 4751; baseline 0.001 -17"><span class='ocrx_word' id='word_1_826' title='bbox 2001 4694 2060 4735; x_wconf 83' lang='lat' dir='ltr'><strong>Sc</strong></span> <span class='ocrx_word' id='word_1_827' title='bbox 2099 4680 2203 4735; x_wconf 77' lang='lat' dir='ltr'><strong>illa:</strong></span> <span class='ocrx_word' id='word_1_828' title='bbox 2235 4679 2494 4735; x_wconf 88' lang='lat' dir='ltr'><strong>haberent</strong></span> <span class='ocrx_word' id='word_1_829' title='bbox 2534 4679 2601 4734; x_wconf 89' lang='lat' dir='ltr'><strong>ad</strong></span> <span class='ocrx_word' id='word_1_830' title='bbox 2629 4681 3104 4750; x_wconf 89' lang='lat' dir='ltr'><strong>consequentiam,</strong></span> <span class='ocrx_word' id='word_1_831' title='bbox 3141 4694 3298 4751; x_wconf 90' lang='lat' dir='ltr'><strong>supra</strong></span> <span class='ocrx_word' id='word_1_832' title='bbox 3328 4692 3591 4736; x_wconf 79' lang='lat' dir='ltr'><strong>nicustra-</strong></span> 
     </span>
    </p>
   </div>
   <div class='ocr_carea' id='block_1_109' title="bbox 2005 4773 3591 4846">
    <p class='ocr_par' dir='ltr' id='par_1_109' title="bbox 2005 4773 3591 4846">
     <span class='ocr_line' id='line_1_109' title="bbox 2005 4773 3591 4846; baseline 0.003 -18"><span class='ocrx_word' id='word_1_833' title='bbox 2005 4783 2117 4828; x_wconf 91' lang='lat' dir='ltr'><strong>tum</strong></span> <span class='ocrx_word' id='word_1_834' title='bbox 2150 4784 2265 4839; x_wconf 85' lang='lat' dir='ltr'><strong>est;</strong></span> <span class='ocrx_word' id='word_1_835' title='bbox 2295 4773 2388 4829; x_wconf 88' lang='lat' dir='ltr'><strong>sed</strong></span> <span class='ocrx_word' id='word_1_836' title='bbox 2431 4789 2569 4840; x_wconf 92' lang='lat' dir='ltr'><strong>non,-</strong></span> <span class='ocrx_word' id='word_1_837' title='bbox 2613 4774 2811 4844; x_wconf 81' lang='lat' dir='ltr'><strong>inquit,</strong></span> <span class='ocrx_word' id='word_1_838' title='bbox 2854 4773 3103 4831; x_wconf 89' lang='lat' dir='ltr'><strong>similiter</strong></span> <span class='ocrx_word' id='word_1_839' title='bbox 3146 4776 3427 4846; x_wconf 88' lang='lat' dir='ltr'><strong>angulares</strong></span> <span class='ocrx_word' id='word_1_840' title='bbox 3465 4792 3591 4832; x_wconf 73' lang='lat' dir='ltr'><strong>con~</strong></span> 
     </span>
    </p>
   </div>
   <div class='ocr_carea' id='block_1_110' title="bbox 2008 4866 3591 4939">
    <p class='ocr_par' dir='ltr' id='par_1_110' title="bbox 2008 4866 3591 4939">
     <span class='ocr_line' id='line_1_110' title="bbox 2008 4866 3591 4939; baseline 0.001 -19"><span class='ocrx_word' id='word_1_841' title='bbox 2008 4868 2161 4937; x_wconf 84' lang='lat' dir='ltr'><strong>tingit</strong></span> <span class='ocrx_word' id='word_1_842' title='bbox 2191 4882 2344 4921; x_wconf 79' lang='lat' dir='ltr'><strong>veras</strong></span> <span class='ocrx_word' id='word_1_843' title='bbox 2382 4881 2522 4923; x_wconf 89' lang='lat' dir='ltr'><strong>esse.</strong></span> <span class='ocrx_word' id='word_1_844' title='bbox 2563 4868 2620 4923; x_wconf 92' lang='lat' dir='ltr'><strong>ln</strong></span> <span class='ocrx_word' id='word_1_845' title='bbox 2651 4866 2732 4922; x_wconf 83' lang='lat' dir='ltr'><strong>his</strong></span> <span class='ocrx_word' id='word_1_846' title='bbox 2771 4868 2914 4922; x_wconf 89' lang='lat' dir='ltr'><strong>enim</strong></span> <span class='ocrx_word' id='word_1_847' title='bbox 2945 4884 3064 4939; x_wconf 85' lang='lat' dir='ltr'><strong>quae</strong></span> <span class='ocrx_word' id='word_1_848' title='bbox 3094 4878 3247 4924; x_wconf 85' lang='lat' dir='ltr'><strong>crant</strong></span> <span class='ocrx_word' id='word_1_849' title='bbox 3277 4868 3591 4935; x_wconf 70' lang='lat' dir='ltr'><strong>indeﬁnitae,</strong></span> 
     </span>
    </p>
   </div>
   <div class='ocr_carea' id='block_1_111' title="bbox 2005 4958 3592 5034">
    <p class='ocr_par' dir='ltr' id='par_1_111' title="bbox 2005 4958 3592 5034">
     <span class='ocr_line' id='line_1_111' title="bbox 2005 4958 3592 5034; baseline 0.003 -21"><span class='ocrx_word' id='word_1_850' title='bbox 2005 4958 2393 5014; x_wconf 77' lang='lat' dir='ltr'><strong>afﬁrmationes</strong></span> <span class='ocrx_word' id='word_1_851' title='bbox 2437 4960 2884 5015; x_wconf 84' lang='lat' dir='ltr'><strong>alﬁrmationibus</strong></span> <span class='ocrx_word' id='word_1_852' title='bbox 2924 4963 3209 5034; x_wconf 81' lang='lat' dir='ltr'><strong>angulares</strong></span> <span class='ocrx_word' id='word_1_853' title='bbox 3248 4961 3404 5017; x_wconf 87' lang='lat' dir='ltr'><strong>simul</strong></span> <span class='ocrx_word' id='word_1_854' title='bbox 3453 4976 3592 5018; x_wconf 71' lang='lat' dir='ltr'><strong>vera!</strong></span> 
     </span>
    </p>
   </div>
   <div class='ocr_carea' id='block_1_112' title="bbox 2010 5052 3593 5125">
    <p class='ocr_par' dir='ltr' id='par_1_112' title="bbox 2010 5052 3593 5125">
     <span class='ocr_line' id='line_1_112' title="bbox 2010 5052 3593 5125; baseline 0.003 -16"><span class='ocrx_word' id='word_1_855' title='bbox 2010 5068 2131 5109; x_wconf 87' lang='lat' dir='ltr'><strong>esse</strong></span> <span class='ocrx_word' id='word_1_856' title='bbox 2162 5061 2429 5123; x_wconf 88' lang='lat' dir='ltr'><strong>poterant.</strong></span> <span class='ocrx_word' id='word_1_857' title='bbox 2456 5052 2513 5108; x_wconf 91' lang='lat' dir='ltr'><strong>In</strong></span> <span class='ocrx_word' id='word_1_858' title='bbox 2543 5053 2624 5108; x_wconf 89' lang='lat' dir='ltr'><strong>his</strong></span> <span class='ocrx_word' id='word_1_859' title='bbox 2651 5064 2831 5110; x_wconf 88' lang='lat' dir='ltr'><strong>autem</strong></span> <span class='ocrx_word' id='word_1_860' title='bbox 2853 5071 2972 5125; x_wconf 71' lang='lat' dir='ltr'><strong>qua:</strong></span> <span class='ocrx_word' id='word_1_861' title='bbox 2998 5055 3228 5110; x_wconf 67' lang='lat' dir='ltr'><strong>deﬁnita:</strong></span> <span class='ocrx_word' id='word_1_862' title='bbox 3251 5065 3407 5121; x_wconf 90' lang='lat' dir='ltr'><strong>sunt,</strong></span> <span class='ocrx_word' id='word_1_863' title='bbox 3433 5054 3593 5113; x_wconf 89' lang='lat' dir='ltr'><strong>simul</strong></span> 
     </span>
    </p>
   </div>
   <div class='ocr_carea' id='block_1_113' title="bbox 2009 5146 3594 5219">
    <p class='ocr_par' dir='ltr' id='par_1_113' title="bbox 2009 5146 3594 5219">
     <span class='ocr_line' id='line_1_113' title="bbox 2009 5146 3594 5219; baseline 0.003 -21"><span class='ocrx_word' id='word_1_864' title='bbox 2009 5163 2152 5203; x_wconf 73' lang='lat' dir='ltr'><strong>vera:</strong></span> <span class='ocrx_word' id='word_1_865' title='bbox 2195 5162 2316 5203; x_wconf 91' lang='lat' dir='ltr'><strong>esse</strong></span> <span class='ocrx_word' id='word_1_866' title='bbox 2363 5162 2467 5203; x_wconf 91' lang='lat' dir='ltr'><strong>non</strong></span> <span class='ocrx_word' id='word_1_867' title='bbox 2499 5158 2741 5217; x_wconf 89' lang='lat' dir='ltr'><strong>possunt.</strong></span> <span class='ocrx_word' id='word_1_868' title='bbox 2771 5147 3044 5219; x_wconf 88' lang='lat' dir='ltr'><strong>Contingit</strong></span> <span class='ocrx_word' id='word_1_869' title='bbox 3089 5157 3267 5203; x_wconf 91' lang='lat' dir='ltr'><strong>autem</strong></span> <span class='ocrx_word' id='word_1_870' title='bbox 3307 5146 3594 5211; x_wconf 81' lang='lat' dir='ltr'><strong>aliquando</strong></span> 
     </span>
    </p>
   </div>
   <div class='ocr_carea' id='block_1_114' title="bbox 2011 5237 3595 5312">
    <p class='ocr_par' dir='ltr' id='par_1_114' title="bbox 2011 5237 3595 5312">
     <span class='ocr_line' id='line_1_114' title="bbox 2011 5237 3595 5312; baseline 0 -16"><span class='ocrx_word' id='word_1_871' title='bbox 2011 5249 2070 5297; x_wconf 88' lang='lat' dir='ltr'><strong>ut</strong></span> <span class='ocrx_word' id='word_1_872' title='bbox 2096 5242 2343 5297; x_wconf 57' lang='lat' dir='ltr'><strong>similster</strong></span> <span class='ocrx_word' id='word_1_873' title='bbox 2370 5241 2656 5312; x_wconf 86' lang='lat' dir='ltr'><strong>angulares</strong></span> <span class='ocrx_word' id='word_1_874' title='bbox 2685 5257 2825 5296; x_wconf 72' lang='lat' dir='ltr'><strong>vera:</strong></span> <span class='ocrx_word' id='word_1_875' title='bbox 2864 5242 2964 5295; x_wconf 93' lang='lat' dir='ltr'><strong>sint</strong></span> <span class='ocrx_word' id='word_1_876' title='bbox 3000 5241 3051 5295; x_wconf 91' lang='lat' dir='ltr'><strong>in</strong></span> <span class='ocrx_word' id='word_1_877' title='bbox 3092 5240 3176 5294; x_wconf 92' lang='lat' dir='ltr'><strong>his</strong></span> <span class='ocrx_word' id='word_1_878' title='bbox 3202 5255 3321 5310; x_wconf 66' lang='lat' dir='ltr'><strong>quas</strong></span> <span class='ocrx_word' id='word_1_879' title='bbox 3348 5237 3595 5296; x_wconf 67' lang='lat' dir='ltr'><strong>difﬁnita</strong></span> 
     </span>
    </p>
   </div>
   <div class='ocr_carea' id='block_1_115' title="bbox 2011 5334 3593 5406">
    <p class='ocr_par' dir='ltr' id='par_1_115' title="bbox 2011 5334 3593 5406">
     <span class='ocr_line' id='line_1_115' title="bbox 2011 5334 3593 5406; baseline -0.001 -17"><span class='ocrx_word' id='word_1_880' title='bbox 2011 5346 2169 5400; x_wconf 90' lang='lat' dir='ltr'><strong>sunt,</strong></span> <span class='ocrx_word' id='word_1_881' title='bbox 2202 5336 2651 5406; x_wconf 88' lang='lat' dir='ltr'><strong>quemadmodum</strong></span> <span class='ocrx_word' id='word_1_882' title='bbox 2679 5344 2736 5392; x_wconf 92' lang='lat' dir='ltr'><strong>et</strong></span> <span class='ocrx_word' id='word_1_883' title='bbox 2761 5334 3071 5400; x_wconf 87' lang='lat' dir='ltr'><strong>indeﬁnitis,</strong></span> <span class='ocrx_word' id='word_1_884' title='bbox 3103 5335 3419 5405; x_wconf 87' lang='lat' dir='ltr'><strong>negationes</strong></span> <span class='ocrx_word' id='word_1_885' title='bbox 3447 5335 3593 5388; x_wconf 87' lang='lat' dir='ltr'><strong>enim</strong></span> 
     </span>
    </p>
   </div>
   <div class='ocr_carea' id='block_1_116' title="bbox 2012 5425 3595 5500">
    <p class='ocr_par' dir='ltr' id='par_1_116' title="bbox 2012 5425 3595 5500">
     <span class='ocr_line' id='line_1_116' title="bbox 2012 5425 3595 5500; baseline -0.001 -18"><span class='ocrx_word' id='word_1_886' title='bbox 2012 5427 2385 5498; x_wconf 88' lang='lat' dir='ltr'><strong>negationibus</strong></span> <span class='ocrx_word' id='word_1_887' title='bbox 2432 5430 2714 5500; x_wconf 87' lang='lat' dir='ltr'><strong>angulares</strong></span> <span class='ocrx_word' id='word_1_888' title='bbox 2763 5429 3016 5494; x_wconf 71' lang='lat' dir='ltr'><strong>deﬁnitae,</strong></span> <span class='ocrx_word' id='word_1_889' title='bbox 3066 5425 3224 5481; x_wconf 89' lang='lat' dir='ltr'><strong>simul</strong></span> <span class='ocrx_word' id='word_1_890' title='bbox 3269 5426 3322 5480; x_wconf 93' lang='lat' dir='ltr'><strong>in</strong></span> <span class='ocrx_word' id='word_1_891' title='bbox 3368 5425 3595 5481; x_wconf 85' lang='lat' dir='ltr'><strong>veritate</strong></span> 
     </span>
    </p>
   </div>
   <div class='ocr_carea' id='block_1_117' title="bbox 2011 5519 3597 5592">
    <p class='ocr_par' dir='ltr' id='par_1_117' title="bbox 2011 5519 3597 5592">
     <span class='ocr_line' id='line_1_117' title="bbox 2011 5519 3597 5592; baseline -0.001 -16"><span class='ocrx_word' id='word_1_892' title='bbox 2011 5519 2384 5587; x_wconf 88' lang='lat' dir='ltr'><strong>consentiunt,</strong></span> <span class='ocrx_word' id='word_1_893' title='bbox 2433 5531 2488 5576; x_wconf 91' lang='lat' dir='ltr'><strong>ut</strong></span> <span class='ocrx_word' id='word_1_894' title='bbox 2532 5523 2587 5576; x_wconf 91' lang='lat' dir='ltr'><strong>in</strong></span> <span class='ocrx_word' id='word_1_895' title='bbox 2636 5520 2719 5577; x_wconf 86' lang='lat' dir='ltr'><strong>his</strong></span> <span class='ocrx_word' id='word_1_896' title='bbox 2768 5536 2979 5592; x_wconf 90' lang='lat' dir='ltr'><strong>quoque</strong></span> <span class='ocrx_word' id='word_1_897' title='bbox 3028 5519 3418 5585; x_wconf 88' lang='lat' dir='ltr'><strong>inveniebatur,</strong></span> <span class='ocrx_word' id='word_1_898' title='bbox 3464 5532 3597 5589; x_wconf 83' lang='lat' dir='ltr'><strong>quas</strong></span> 
     </span>
    </p>
   </div>
   <div class='ocr_carea' id='block_1_118' title="bbox 2012 5611 3597 5685">
    <p class='ocr_par' dir='ltr' id='par_1_118' title="bbox 2012 5611 3597 5685">
     <span class='ocr_line' id='line_1_118' title="bbox 2012 5611 3597 5685; baseline 0.001 -20"><span class='ocrx_word' id='word_1_899' title='bbox 2012 5611 2319 5668; x_wconf 88' lang='lat' dir='ltr'><strong>indeﬁnitas</strong></span> <span class='ocrx_word' id='word_1_900' title='bbox 2346 5628 2503 5683; x_wconf 90' lang='lat' dir='ltr'><strong>supra</strong></span> <span class='ocrx_word' id='word_1_901' title='bbox 2532 5612 2933 5683; x_wconf 89' lang='lat' dir='ltr'><strong>descripsimus.</strong></span> <span class='ocrx_word' id='word_1_902' title='bbox 2971 5613 3162 5668; x_wconf 83' lang='lat' dir='ltr'><strong>l‘lenus</strong></span> <span class='ocrx_word' id='word_1_903' title='bbox 3191 5623 3275 5669; x_wconf 90' lang='lat' dir='ltr'><strong>est</strong></span> <span class='ocrx_word' id='word_1_904' title='bbox 3312 5613 3475 5685; x_wconf 88' lang='lat' dir='ltr'><strong>igitur</strong></span> <span class='ocrx_word' id='word_1_905' title='bbox 3500 5612 3597 5667; x_wconf 53' lang='lat' dir='ltr'><strong>bus</strong></span> 
     </span>
    </p>
   </div>
   <div class='ocr_carea' id='block_1_119' title="bbox 2006 5702 3596 5775">
    <p class='ocr_par' dir='ltr' id='par_1_119' title="bbox 2006 5702 3596 5775">
     <span class='ocr_line' id='line_1_119' title="bbox 2006 5702 3596 5775; baseline 0.002 -16"><span class='ocrx_word' id='word_1_906' title='bbox 2006 5702 2244 5775; x_wconf 87' lang='lat' dir='ltr'><strong>jusmodi</strong></span> <span class='ocrx_word' id='word_1_907' title='bbox 2289 5706 2609 5761; x_wconf 89' lang='lat' dir='ltr'><strong>intellectus.</strong></span> <span class='ocrx_word' id='word_1_908' title='bbox 2646 5706 2930 5761; x_wconf 87' lang='lat' dir='ltr'><strong>ilermiuus</strong></span> <span class='ocrx_word' id='word_1_909' title='bbox 2972 5714 3152 5760; x_wconf 91' lang='lat' dir='ltr'><strong>autem</strong></span> <span class='ocrx_word' id='word_1_910' title='bbox 3199 5707 3301 5760; x_wconf 86' lang='lat' dir='ltr'><strong>hoc</strong></span> <span class='ocrx_word' id='word_1_911' title='bbox 3330 5707 3487 5761; x_wconf 88' lang='lat' dir='ltr'><strong>aliter</strong></span> <span class='ocrx_word' id='word_1_912' title='bbox 3514 5704 3596 5762; x_wconf 89' lang='lat' dir='ltr'><strong>sic</strong></span> 
     </span>
    </p>
   </div>
   <div class='ocr_carea' id='block_1_120' title="bbox 2012 5798 3597 5869">
    <p class='ocr_par' dir='ltr' id='par_1_120' title="bbox 2012 5798 3597 5869">
     <span class='ocr_line' id='line_1_120' title="bbox 2012 5798 3597 5869; baseline 0.001 -14"><span class='ocrx_word' id='word_1_913' title='bbox 2012 5801 2269 5868; x_wconf 74' lang='lat' dir='ltr'><strong>CXpouil:</strong></span> <span class='ocrx_word' id='word_1_914' title='bbox 2298 5798 2575 5863; x_wconf 85' lang='lat' dir='ltr'><strong>Similiter,</strong></span> <span class='ocrx_word' id='word_1_915' title='bbox 2607 5798 2806 5868; x_wconf 85' lang='lat' dir='ltr'><strong>inquit,</strong></span> <span class='ocrx_word' id='word_1_916' title='bbox 2836 5798 2970 5855; x_wconf 91' lang='lat' dir='ltr'><strong>duas</strong></span> <span class='ocrx_word' id='word_1_917' title='bbox 2996 5798 3194 5855; x_wconf 80' lang='lat' dir='ltr'><strong>facient</strong></span> <span class='ocrx_word' id='word_1_918' title='bbox 3229 5813 3399 5869; x_wconf 89' lang='lat' dir='ltr'><strong>oppos</strong></span> <span class='ocrx_word' id='word_1_919' title='bbox 3421 5799 3597 5856; x_wconf 83' lang='lat' dir='ltr'><strong>tiones</strong></span> 
     </span>
    </p>
   </div>
   <div class='ocr_carea' id='block_1_121' title="bbox 2012 5891 3595 5975">
    <p class='ocr_par' dir='ltr' id='par_1_121' title="bbox 2012 5891 3595 5975">
     <span class='ocr_line' id='line_1_121' title="bbox 2012 5891 3595 5975; baseline 0.001 -26"><span class='ocrx_word' id='word_1_920' title='bbox 2012 5903 2239 5975; x_wconf 82' lang='lat' dir='ltr'><strong>quatuor</strong></span> <span class='ocrx_word' id='word_1_921' title='bbox 2273 5891 2669 5966; x_wconf 86' lang='lat' dir='ltr'><strong>propositiones</strong></span> <span class='ocrx_word' id='word_1_922' title='bbox 2695 5893 2739 5950; x_wconf 89' lang='lat' dir='ltr'><strong>si</strong></span> <span class='ocrx_word' id='word_1_923' title='bbox 2771 5892 2970 5951; x_wconf 74' lang='lat' dir='ltr'><strong>fuerint</strong></span> <span class='ocrx_word' id='word_1_924' title='bbox 2995 5895 3117 5952; x_wconf 78' lang='lat' dir='ltr'><strong>dua:</strong></span> <span class='ocrx_word' id='word_1_925' title='bbox 3151 5892 3449 5967; x_wconf 83' lang='lat' dir='ltr'><strong>simplices,</strong></span> <span class='ocrx_word' id='word_1_926' title='bbox 3470 5892 3595 5953; x_wconf 74' lang='lat' dir='ltr'><strong>duas</strong></span> 
     </span>
    </p>
   </div>
  </div>
