4090 6342
1696 276 1804 334 AN.
1844 272 2048 331 MANL.
2088 268 2240 330 SEV.
2283 256 2501 327 BOETII

3635 262 3733 321 5-58

470 394 712 461 inlicitae,
738 394 1183 453 determmatione
1207 400 1387 449 tamen
1428 391 1658 461 adjecta.
1707 393 1818 447 Hoc
1865 404 2044 446 autem
2076 392 2130 443 Α
2152 388 2345 444 versati
2369 386 2630 457 simplici,
2653 383 3065 441 affirmationem
3085 381 3446 441 uuiversalem
3474 379 3735 438 infinitain

467 489 516 541 si
545 503 648 543 mo:
673 496 834 553 strat,
865 495 1120 556 proponet
1143 486 1290 555 prius
1310 485 1607 554 simplicem
1634 482 2044 538 afﬂrtnaticnem

469 580 822 634 universaletn
875 594 992 649 qua:
1048 577 1209 643 dicit,
1263 579 1438 632 omnis
1492 587 1576 632 est
1631 576 1790 630 homo
1842 574 2042 645 justus.

466 671 661 727 Contra
709 672 843 724 hanc
896 669 1269 739 particularem
1322 667 1620 736 simplicem
1668 668 2040 739 negationem,

466 781 570 820 non
614 767 789 819 omnis
830 774 914 820 est
957 765 1117 818 homo
1158 762 1356 834 justus,
1384 764 1483 817 sub
1519 761 1878 817 affirmatione
1924 760 2043 815 uni-

1176 875 1361 929 Omnis
1388 883 1469 928 est
1494 871 1672 943 justus
1704 873 1887 926 homo.

1179 967 1365 1022 Omnis
1390 979 1471 1022 est
1498 984 1599 1020 non
1625 964 1802 1037 justus
1834 966 2013 1020 homo.

465 1082 555 1136 llis
585 1096 712 1149 ergo
741 1084 814 1135 ita
855 1079 1148 1150 dispositis,
1192 1080 1329 1143 dum,
1364 1081 1562 1151 inquit,
1595 1080 1727 1134 fiunt
1756 1079 2048 1150 oppositio-

465 1190 580 1228 nes.
611 1173 810 1227 Contra
855 1174 995 1227 enim
1044 1187 1161 1226 eam
1208 1188 1329 1241 qua:
1371 1183 1483 1237 est,
1535 1171 1709 1226 omnis
1748 1183 1832 1227 est
1870 1169 2046 1241 justus

464 1264 643 1327 honto,
678 1266 965 1335 opponitur
1011 1265 1099 1319 illa
1130 1280 1249 1335 qua:
1294 1265 1576 1334 proponit,
1610 1279 1711 1317 non
1759 1265 1936 1317 omnis
1967 1271 2051 1316 est

465 1355 632 1424 ittsltlS
663 1355 842 1409 homo.
875 1356 984 1411 Hoc
1024 1366 1201 1410 autem
1237 1356 1457 1419 idcirco,
1488 1355 1738 1426 quoniam
1787 1355 1890 1409 sibi
1920 1370 2048 1408 con-

465 1446 782 1498 tradictoriae
812 1448 1070 1513 Opposita:
1110 1456 1232 1499 sunt
1258 1446 1575 1499 universalis
1604 1443 1894 1499 affirmatio
1923 1446 2052 1498 sim-

464 1536 614 1604 plex,
656 1546 711 1591 et
754 1537 1087 1606 particularis
1135 1539 1348 1606 negatio
1396 1536 1658 1605 simplex,
1710 1547 1764 1591 et
1807 1547 1888 1591 est
1939 1536 2053 1591 hazc

464 1626 676 1693 quidem
705 1642 804 1679 una
849 1627 1136 1697 Oppositio.
1170 1627 1372 1679 Rursus
1401 1638 1587 1680 contra
1626 1626 1873 1680 eamdem
1904 1626 2053 1680 affir-

2150 496 2269 550 qua}
2327 482 2489 549 dicit,
2535 481 2710 534 omnis
2767 488 2849 534 est
2909 481 3069 533 homo
3128 492 3233 532 non
3290 476 3487 547 justus.
3541 477 3739 532 Contra

2150 573 2292 628 hanc
2319 575 2419 629 sub
2449 573 2729 642 negatione
2759 570 3068 642 particulari
3095 570 3327 639 simplici
3360 570 3739 639 particularem

2147 670 2484 738 negationem
2514 666 2780 721 infinitam
2827 680 2947 736 qua:
2995 665 3277 735 propoait,
3313 680 3418 718 non
3450 664 3627 717 omnis
3659 672 3743 718 est

2152 763 2313 813 homo
2344 774 2450 813 non
2476 769 2676 829 justus.

2136 870 2252 926 Non
2284 870 2459 924 omnis
2486 878 2569 925 est
2595 868 2768 938 justus
2801 866 2981 921 homo.

2143 964 2258 1020 Non
2286 964 2461 1020 omnis
2488 975 2569 1020 est
2596 979 2699 1017 non
2729 961 2905 1031 justus
2937 963 3113 1019 homo.

2150 1095 2270 1135 esse
2302 1094 2461 1147 posse
2501 1094 2659 1148 supra
2686 1080 2989 1143 docuimus,
3016 1094 3144 1148 ergo
3176 1094 3280 1133 non
3321 1092 3542 1134 necesse
3570 1087 3673 1145 est,
3698 1078 3750 1134 si

2152 1170 2282 1224 falsa
2315 1180 2429 1237 est,
2464 1158 2760 1243 omnis‘est
2791 1186 2897 1223 non
2940 1170 3119 1240 justus
3164 1171 3346 1237 homo,
3393 1185 3575 1225 veram
3624 1184 3753 1224 esse

2154 1275 2272 1315 eam
2304 1275 2422 1329 quae
2452 1259 2608 1323 dicit,
2640 1260 2815 1313 omnis
2844 1273 2925 1314 est
2957 1260 3119 1313 hoino
3145 1260 3353 1331 justus;
3379 1261 3521 1330 quod
3554 1262 3597 1316 si
3641 1274 3754 1315 non

2156 1367 2379 1406 necesse
2406 1362 2523 1416 est,
2558 1351 2657 1406 hoc
2689 1362 2861 1421 potest
2913 1353 3027 1407 fieri
3076 1367 3131 1405 ut
3170 1364 3409 1424 utra-que
3436 1365 3543 1407 sint
3575 1354 3753 1422 falsas,

2156 1460 2321 1514 quare
2350 1446 2527 1498 evenit
2559 1446 2844 1514 aliquando
2875 1456 2930 1498 ut
2955 1460 3079 1498 vera
3115 1445 3211 1498 hac
3242 1446 3607 1515 propositione
3627 1459 3757 1515 qua:

2154 1538 2313 1603 dicit,
2343 1552 2447 1590 non
2489 1538 2663 1590 omnis
2693 1547 2775 1591 est
2806 1553 2908 1589 non
2948 1535 3125 1607 justus
3169 1538 3349 1602 hamo,
3384 1540 3515 1593 falsa
3556 1539 3625 1593 sit
3655 1538 3755 1593 illa

2155 1645 2275 1699 qua:
2310 1628 2592 1699 proponit,
2641 1629 2816 1682 omnis
2864 1620 2957 1683 est
2986 1628 3165 1699 jusuts
3209 1629 3391 1692 homo.
3422 1645 3593 1698 quare
3639 1645 3755 1686 non

465 1720 750 1773 motionem
792 1720 1087 1788 simplicem
1133 1735 1249 1787 qttze
1306 1719 1467 1785 dicit,
1518 1720 1694 1772 omnis
1740 1728 1820 1773 est
1874 1719 2053 1788 jnsms
2157 1722 2403 1776 similiter
2440 1722 2732 1775 secundum
2781 1721 3098 1776 diametrum
3143 1724 3195 1777 in
3230 1726 3453 1777 veritate
3481 1722 3583 1777 sibi
3614 1737 3755 1792 pto-

467 1814 645 1878 homo,
677 1814 963 1883 opponitur
992 1813 1315 1867 univer3alis
1363 1812 1649 1866 affirmatio
1683 1813 1886 1865 infinita
1932 1827 2051 1881 qua:

465 1904 623 1968 dicit,
650 1907 824 1958 onmis
854 1911 936 1958 est
968 1920 1074 1958 non
1104 1904 1283 1972 justus
1333 1902 1513 1967 homo,
1552 1913 1606 1957 et
1651 1903 1751 1957 hoc
1784 1902 2054 1956 contrario

467 2000 645 2052 modo.
679 1999 750 2051 Ea
783 2013 1010 2066 namque
1051 2013 1168 2066 qua:
1199 1996 1359 2061 dicit,
1393 1998 1571 2052 omnis
1617 2007 1700 2052 est
1730 2013 1834 2051 non
1879 2000 2055 2067 jllslllS

468 2089 649 2154 homo,
693 2092 833 2146 idem
883 2090 1151 2158 significat
1195 2091 1351 2159 eique
1398 2091 1667 2145 consentit
1714 2108 1833 2161 quae
1886 2091 2049 2156 dicit,

468 2186 641 2241 nullus
672 2187 831 2238 homo
848 2184 1024 2254 justus
1049 2193 1163 2249 est;
1193 2184 1285 2238 sed
1310 2184 1423 2237 h:ec
1444 2201 1559 2254 qua:
1589 2186 1855 2253 proponit,
1879 2185 2053 2239 nullus

468 2277 629 2330 homo
655 2277 834 2344 justus
854 2287 965 2339 cst,
999 2278 1271 2330 contrario
1300 2277 1458 2330 modo
1487 2278 1726 2345 opposita
1758 2287 1840 2331 est
1860 2274 1908 2331 ei
1938 2292 2055 2346 quae

469 2368 621 2433 dicit,
668 2369 842 2421 omnis
886 2377 966 2422 est
1009 2366 1188 2437 justus
1242 2368 1419 2420 homo.
1469 2366 1737 2434 Quocirca
1784 2369 1946 2421 etiam
1992 2383 2054 2422 ea

469 2474 587 2530 quae
614 2459 772 2527 dicit,
803 2459 977 2513 omnis
1025 2467 1109 2513 est
1153 2474 1257 2512 non
1305 2456 1486 2529 justus
1539 2464 1718 2526 homo,
1771 2461 2057 2513 contraria:

470 2551 573 2609 erit
597 2556 836 2622 opposita
858 2554 905 2607 ei
928 2569 1047 2623 qu:e
1078 2554 1345 2621 proponit.
1372 2554 1547 2607 omnis
1566 2562 1652 2607 est
1670 2552 1850 2623 justus
1872 2552 2054 2605 homo.

472 2644 569 2700 Est
614 2644 774 2714 igitur
816 2643 929 2698 haec
968 2658 1179 2714 quoque
1209 2645 1376 2699 altera
1425 2645 1726 2714 oppositio;
1760 2646 1878 2698 dum
1928 2658 2058 2714 ergo

472 2745 597 2791 sunt
623 2735 1006 2806 oppositiones,
1050 2735 1500 2806 quemadmodum
1532 2737 1693 2791 etiam
1736 2737 1787 2790 in
1821 2736 1902 2790 his
1941 2751 2059 2806 quae

473 2839 596 2885 sunt
636 2828 946 2894 indeﬁnittn,
994 2827 1120 2884 licet
1167 2829 1275 2884 alio
1326 2830 1487 2885 modo
1534 2838 1718 2885 essent
1764 2829 2054 2901 ορροεὶιαι,

475 2930 653 2978 tamen
681 2922 801 2978 duae
822 2933 973 2977 erant
996 2924 1387 2993 appositiones,
1416 2925 1709 2979 secundum
1738 2925 2057 2978 diametrum

477 3025 652 3071 autem
685 3031 790 3071 non
811 3014 1071 3084 contingit
1098 3017 1347 3071 similiter
1378 3031 1532 3072 veras
1556 3032 1696 3082 esse,
1730 3025 1790 3072 ut
1819 3018 1934 3086 ipse
1962 3016 2055 3071 ait.

2161 1813 2455 1882 positiones
2485 1811 2855 1877 cense'ntinnt,
2890 1824 3049 1881 atque
3084 1813 3184 1868 hoc
3212 1814 3424 1881 quidem
3462 1812 3757 1869 Herniiuus

2159 1921 2265 1959 non
2290 1917 2430 1959 recta
2456 1907 2790 1975 expositione
2817 1909 3020 1971 dicens,
3050 1907 3289 1961 ordinem
3321 1907 3518 1960 turbat.
3543 1907 3598 1960 Si
3628 1906 3750 1976 quis

2158 2008 2334 2051 autem
2368 1996 2448 2051 vel
2481 2000 2580 2052 hoc
2623 2000 2763 2069 quod
2798 1999 3083 2055 Herminns
3126 2002 3237 2064 ait,
3275 2001 3563 2071 diligenter
3587 2016 3755 2070 agno-

2160 2091 2288 2155 scit,
2319 2090 2397 2143 vel
2434 2090 2482 2143 id
2505 2092 2646 2161 quod
2683 2106 2838 2160 supra
2872 2106 2971 2145 nos
3010 2092 3261 2160 diximus,
3294 2094 3569 2162 cognoscit
3618 2095 3757 2146 mul-

2164 2190 2268 2234 tam
2325 2197 2446 2235 esse
2507 2183 2866 2238 differentiam
2922 2184 3304 2253 expositionis,
3355 2194 3410 2239 et
3471 2185 3755 2241 meliorem

2160 2275 2497 2340 superiorem
2534 2273 2783 2343 judicans
2820 2276 2869 2329 ei
2909 2274 2953 2329 si
2993 2279 3110 2345 quis
3157 2276 3313 2331 nobis
3358 2277 3564 2342 credit,
3608 2291 3755 2333 recte

2160 2368 2478 2421 consentiet.

2233 2457 2283 2512 11
2290 2474 2333 2512 a:
2355 2461 2510 2530 igitur
2532 2476 2648 2514 ante
2670 2462 2913 2532 opposin
2933 2471 3072 2524 sunt,
3094 2461 3211 2515 alia
3243 2474 3416 2514 autem
3437 2462 3506 2515 ad
3535 2462 3591 2515 id
3611 2463 3753 2541 quod

2162 2560 2257 2616 est,
2314 2568 2412 2603 non
2447 2552 2617 2619 homo,
2653 2554 2797 2621 quasi
2830 2552 3111 2622 subjectum
3146 2552 3359 2623 aliquod
3385 2553 3642 2615 additum,
3674 2564 3754 2621 ut,

2164 2655 2241 2698 est
2257 2647 2432 2717 justus
2460 2662 2561 2699 non
2594 2648 2767 2706 homo.
2793 2662 2893 2699 non
2923 2655 2997 2699 est
3015 2647 3187 2717 justus
3218 2664 3319 2700 nun
3349 2647 3522 2714 homo,
3553 2657 3627 2701 est
3652 2665 3757 2705 non

2155 2739 2330 2809 justus
2363 2754 2464 2791 non
2488 2738 2658 2801 homo,
2687 2754 2786 2791 non
2827 2747 2897 2791 est
2932 2752 3031 2792 non
3054 2742 3229 2811 justus
3253 2754 3352 2793 non
3383 2739 3550 2792 homo.
3584 2736 3756 2809 uagis

2164 2838 2331 2882 autem
2364 2829 2533 2898 plures
2561 2830 2639 2883 Itis
2666 2846 2767 2882 non
2783 2845 2901 2882 sunt
2926 2832 3289 2900 oppositiones.
3308 2830 3406 2885 lia:
3427 2841 3589 2884 autem
3602 2840 3751 2887 extra

2166 2922 2285 2975 illas
2332 2922 2459 2990 ipsa!
2505 2922 2783 2974 secundum
2814 2938 2869 2975 se
2896 2931 3073 2989 erunt,
3111 2932 3162 2975 ut
3193 2924 3398 2977 nomine
3430 2932 3620 2979 utentes
3650 2940 3706 2977 eo
3732 2965 3755 2992 ι

2166 3013 2302 3083 quod
2321 3024 2517 3067 estnon
2549 3012 2720 3067 homo.

478 3107 585 3162 Ila:
624 3106 768 3162 enim
809 3107 1061 3177 quoniam
1112 3106 1403 3161 indefinite:
1452 3117 1638 3173 erant,
1667 3117 1722 3162 et
1770 3107 2061 3162 secundum
2093 3110 2141 3174 ρ
2240 3103 2409 3174 Supra
2436 3105 2547 3175 jam
2571 3104 2777 3160 dixerat
2806 3119 2966 3160 omne
2996 3105 3295 3176 subjectum
3329 3117 3419 3161 aut
3446 3122 3512 3162 ex
3542 3108 3762 3169 nomine

478 3197 794 3253 (lametrum
822 3212 940 3267 quae
966 3207 1150 3266 erant,
1184 3199 1341 3252 simul
1374 3213 1528 3254 veras
1572 3214 1698 3254 esse
1725 3201 2068 3269 contingebat

485 3298 539 3344 et
578 3303 767 3344 omnes
805 3288 1073 3345 omnibus.
1119 3289 1270 3356 Quod
1310 3291 1354 3345 si
1401 3292 1522 3361 quis
1565 3291 1632 3345 ad
1675 3291 2066 3346 indefinitarum

479 3382 866 3453 descriptiones
894 3381 1109 3449 redeat,
1136 3382 1419 3455 diligenter
1441 3394 1718 3455 agnoscet.
1743 3385 1841 3440 Hic
1863 3394 2062 3449 autem,

481 3476 682 3547 inquit,
714 3475 815 3531 hoc
855 3484 940 3531 est
981 3476 1033 3530 in
1067 3475 1150 3530 his
1191 3492 1307 3546 qua:
1337 3474 1569 3531 deﬁnita:
1598 3489 1756 3543 sunt,
1788 3492 1892 3533 non
1926 3478 2067 3532 idem

479 3578 580 3625 est.
610 3568 719 3624 Hoc
747 3569 822 3624 sic
853 3576 1137 3623 monstrat.
1166 3569 1237 3623 Ea
1266 3570 1406 3623 enim
1442 3569 1738 3639 propositio
1768 3585 1886 3640 quze
1911 3568 2063 3635 dicit,

480 3666 653 3719 omnis
681 3674 763 3721 est
788 3663 967 3743 justus
1000 3668 1182 3728 homo,
1210 3678 1315 3717 non
1352 3663 1623 3718 consentit
1651 3663 2063 3719 contradictioni

480 3772 590 3813 sure
614 3773 729 3827 qur
756 3755 917 3824 dicit,
948 3771 1054 3810 non
1088 3756 1265 3811 omnis
1305 3766 1389 3810 est
1426 3756 1603 3826 justus
1635 3757 1817 3812 homo.
1862 3756 2066 3811 Rursus

481 3864 543 3904 ea
573 3864 690 3919 qua:
721 3847 877 3915 dicit,
909 3847 1083 3901 omnis
1112 3857 1193 3901 est
1223 3862 1326 3901 non
1354 3848 1530 3917 jusuts
1573 3850 1755 3916 homo,
1800 3865 1903 3904 non
1937 3865 2066 3905 con-

480 3941 643 3996 sentit
671 3954 857 3994 rursus
884 3939 931 3992 ei
959 3954 1075 4007 qum
1107 3938 1266 4003 dicit,
1300 3954 1405 3993 non
1438 3943 1613 3995 omnis
1647 3951 1729 3995 est
1758 3957 1860 3995 non
1888 3941 2065 4011 justus

481 4031 661 4087 homo.
721 4031 845 4087 llaec
901 4031 1043 4084 enim
1100 4032 1380 4085 contraria:
1436 4030 1604 4099 ipsius
1665 4034 2059 4088 consentiebat.

480 4126 655 4193 Quare
681 4140 801 4180 cum
846 4139 968 4178 vera
991 4132 1091 4202 ,εει
1136 4123 1458 4179 universalis
1500 4123 1788 4181 affirmatio
1835 4127 2065 4194 simplex

480 4234 599 4289 quae
627 4219 785 4281 dicit,
814 4217 985 4270 omnis
1013 4225 1094 4272 est
1124 4215 1301 4286 justus
1346 4217 1528 4282 homo,
1557 4217 1676 4272 sine
1720 4216 1882 4272 dubio
1928 4216 2058 4271 falsa

481 4322 563 4370 est
591 4328 653 4365 «ιε
691 4324 808 4381 qua!
847 4310 1006 4370 dicit.
1040 4309 1214 4364 omnis
1246 4317 1332 4363 est
1370 4325 1473 4363 non
1514 4309 1691 4377 justus
1739 4309 1920 4364 homo.
1957 4309 2063 4365 Sed

482 4401 595 4457 haec
623 4400 1157 4465 falsa,contradictio
1186 4398 1301 4471 ejus
1331 4416 1453 4455 vera
1478 4402 1609 4466 erit,
1641 4416 1765 4456 vera
1796 4410 1878 4456 est
1904 4400 2068 4471 igitur

2171 3200 2401 3269 simplici
2430 3209 2483 3254 et
2525 3199 2698 3262 finito,
2730 3211 2821 3254 aut
2849 3217 2914 3254 ex
2944 3202 3161 3256 nomine
3192 3217 3378 3257 rursus
3404 3202 3616 3257 infinito
3640 3218 3763 3259 con-

2172 3296 2386 3361 sistere,
2420 3302 2473 3348 et
2511 3309 2700 3349 eorum
2732 3296 3100 3364 Oppositiones
3141 3295 3377 3349 ostendit
3403 3295 3545 3366 quod
3578 3302 3761 3358 essent

2170 3389 2311 3452 duze.
2345 3397 2396 3443 et
2439 3398 2665 3458 quatuor
2696 3387 3109 3457 propositiones,
3142 3386 3503 3479 duasquidem
3533 3389 3762 3479 simplex

2170 3479 2466 3547 subjectum
2503 3488 2697 3532 nomen
2730 3478 3008 3545 habentes,
3057 3477 3177 3531 dum:
3215 3492 3342 3532 vero
3389 3474 3679 3544 inﬁnitum,
3708 3488 3760 3538 ει

2170 3580 2291 3638 post
2315 3570 2412 3623 has
2437 3570 2652 3639 quando
2681 3578 2765 3624 est
2818 3569 3041 3624 tertium.
3074 3568 3327 3638 adjaceos
3357 3570 3762 3637 praedicaretur.

2170 3660 2282 3715 Illic
2307 3675 2518 3731 quoque
2557 3659 2841 3729 dupliciter
2878 3659 3243 3728 oppositiOnes
3284 3659 3396 3713 fieri
3436 3659 3595 3727 dixit,
3641 3676 3762 3717 cum

2170 3753 2397 3818 scilicet,
2440 3754 2643 3808 finitum
2677 3767 2869 3809 nomen
2900 3761 3045 3807 esset
3091 3754 3172 3808 vel
3205 3752 3469 3807 infinitum
3503 3754 3764 3823 przedica~

2170 3856 2303 3909 tum,
2333 3861 2623 3915 earumque
2654 3847 2791 3900 inter
2816 3859 2875 3898 se
2918 3860 3036 3899 eam
3063 3848 3502 3915 consequentiam
3533 3845 3765 3901 demono

2170 3940 2377 4007 stravit,
2401 3942 2613 4009 qualem
2652 3941 2911 3995 haberent
2942 3941 3241 4009 privatorim
3271 3942 3336 3995 ad
3361 3942 3579 3997 easdem
3614 3942 3764 4012 ipsas

2170 4031 2459 4101 simplices,
2515 4031 2703 4101 quibus
2765 4047 2829 4086 ex
2888 4031 3039 4111 finito
3088 4035 3306 4088 nomine
3361 4033 3763 4103 propositiones

2169 4133 2629 4194 compararentur.
2678 4124 2741 4177 Et
2789 4125 3038 4194 quoniam
3088 4128 3265 4181 omnis
3310 4126 3497 4180 harum
3530 4128 3765 4180 varietas

2170 4218 2589 4288 pr0positionutn
2634 4217 2703 4271 ita
2735 4214 2791 4270 fit
2819 4231 2941 4270 cum
2987 4224 3070 4271 est
3099 4217 3314 4272 tertium
3358 4218 3760 4287 prmdicaretur,

2171 4319 2227 4364 ut
2263 4320 2355 4364 aut
2393 4308 2693 4379 subjectum
2723 4320 2771 4363 et
2806 4309 3149 4379 praedicatum
3189 4312 3333 4364 finita
3365 4311 3497 4377 sint,
3522 4320 3614 4365 aut
3639 4311 3763 4366 sub.

2163 4403 2366 4473 jectum
2411 4403 2624 4472 quidem
2658 4404 2889 4468 finitum,
2922 4404 3268 4474 praedicatum
3297 4420 3427 4459 vero
3469 4405 3757 4485 infinitum,

480 4508 539 4547 ea
584 4510 704 4563 quae
754 4503 909 4563 negat
956 4492 1161 4558 dicens,
1215 4508 1322 4546 non
1373 4495 1548 4547 omnis
1595 4502 1676 4547 est
1729 4508 1836 4547 non
1883 4492 2059 4560 justus
2088 4491 2232 4555 Dde
2261 4495 2451 4564 quibus
2479 4510 2637 4565 supra
2678 4494 2887 4549 locutus
2927 4504 3030 4558 est,
3065 4511 3186 4551 cum
3213 4506 3395 4551 earum
3428 4512 3763 4566 consequen-

481 4583 661 4637 homo.
708 4584 969 4651 Quocirca
1028 4584 1109 4638 ha:
1156 4583 1276 4638 dum
1336 4582 1729 4653 propositiones
1777 4583 2061 4653 angulares

480 4690 618 4729 verae
649 4676 925 4745 aliquoties
964 4676 1328 4739 inveniuntur,
1360 4678 1537 4731 omnis
1560 4682 1644 4731 est
1668 4675 1845 4743 justus
1876 4676 2057 4740 homo,

481 4783 586 4821 non
616 4770 790 4821 omnis
819 4779 899 4823 est
930 4784 1034 4823 non
1065 4769 1240 4838 justus
1273 4768 1471 4832 homo;
1503 4768 1763 4838 contingit
1794 4782 1924 4839 ergo
1964 4769 2062 4822 ali-

481 4858 695 4928 quando
724 4874 879 4914 veras
905 4874 1043 4925 esse,
1071 4859 1162 4913 sed
1191 4873 1319 4925 non,
1348 4859 1549 4927 inquit,
1580 4861 1819 4914 omnino.
1852 4860 1981 4913 Nam
2014 4861 2058 4915 si

480 4969 508 5005 a
550 4953 853 5022 partzculari
901 4955 1181 5021 negatione
1226 4954 1429 5006 infinita
1461 4954 1713 5021 cmperis,
1758 4967 1863 5007 non
1914 4952 2057 5008 idem

478 5052 591 5113 est,
621 5043 671 5098 id
701 5053 815 5109 εει,
847 5060 949 5097 ιιοη
978 5044 1162 5099 eadem
1198 5045 1393 5099 veritas
1423 5046 1599 5109 venit;
1632 5045 1734 5101 hoc
1758 5054 1934 5101 autem
1967 5046 2058 5101 tali

482 5137 734 5206 probatur
764 5136 939 5192 modo.
967 5137 1022 5192 Si
1052 5138 1191 5192 enim
1219 5152 1344 5191 vera
1370 5146 1483 5201 est,
1520 5140 1769 5207 quoniam
1803 5153 1907 5193 non
1940 5152 2060 5192 om-

478 5228 563 5282 nis
589 5238 671 5282 est
701 5245 804 5282 non
834 5230 1003 5291 justus
1034 5230 1209 5284 homo.
1244 5227 1376 5281 falsa
1403 5236 1485 5283 est
1507 5241 1567 5283 ea
1598 5242 1717 5298 qua;
1744 5228 1904 5295 dicit,
1944 5243 2061 5281 om-

480 5320 563 5395 nis
589 5329 671 5375 εει
699 5335 805 5375 non
845 5318 1022 5390 justus
1050 5320 1228 5373 homo.
1257 5319 1349 5372 Est
1375 5321 1517 5374 enim
1545 5320 1594 5374 ei
1633 5319 2062 5374 contradictorite

479 5416 751 5483 opposita,
781 5415 894 5470 haec
919 5424 1097 5470 autem
1142 5412 1274 5467 falsa
1304 5428 1421 5483 qua:
1450 5413 1596 5480 dicit,
1626 5414 1803 5469 omnis
1830 5424 1913 5468 est
1953 5426 2060 5468 non

476 5507 651 5580 justus
697 5508 877 5573 homo,
911 5523 1014 5561 non
1064 5506 1282 5559 omnino
1328 5519 1505 5560 veram
1548 5519 1769 5561 necesse
1808 5513 1892 5560 est
1939 5496 2061 5559 esse

480 5612 596 5652 casn
625 5612 743 5665 qua:
788 5598 1063 5667 proponit,
1104 5596 1277 5651 omnis
1315 5604 1399 5650 est
1438 5594 1614 5664 justus
1644 5594 1824 5661 homo,
1859 5594 2061 5649 idcirco

482 5690 730 5757 quoniam
776 5688 857 5743 ita:
905 5692 1021 5743 duae
1062 5689 1159 5743 sibi
1190 5688 1581 5743 contrariorum
1630 5685 1747 5739 loco
1794 5685 2058 5755 opposita:

482 5788 638 5849 sunt,
678 5780 973 5837 contrarias
1021 5789 1198 5837 autem
1249 5775 1643 5851 propositiones
1684 5775 1847 5833 simul
1895 5776 2060 5833 falsas

524 5900 547 5925 ο

2171 4584 2299 4639 tiam
2341 4587 2751 4649 demonstravit,
2775 4595 2867 4641 aut
2909 4588 3172 4643 infinitum
3205 4588 3404 4643 habent
3432 4588 3759 4656 subjectum.

2173 4676 2378 4731 finitum
2391 4691 2520 4731 vero
2536 4677 2900 4745 praedicatum,
2927 4679 3292 4733 autinflnitum
3314 4688 3370 4735 et
3388 4679 3687 4748 subjectum
3711 4688 3764 4735 et

2171 4770 2541 4839 praedicatum,
2575 4780 2629 4824 et
2658 4772 2856 4825 habent
2885 4770 3099 4839 qni-lem
3134 4772 3525 4840 pr0positiones
3561 4781 3765 4826 utrttm~

2172 4875 2275 4931 que
2304 4860 2536 4913 finitum.
2579 4860 2649 4915 Ut
2698 4872 2802 4928 est,
2852 4862 3012 4915 homo
3052 4864 3228 4931 juStus
3262 4872 3366 4927 est,
3406 4863 3567 4918 homo
3591 4863 3765 4932 justus

2173 4965 2280 5003 non
2321 4957 2422 5009 est.
2456 4949 2660 5003 finitum
2691 4952 2821 5011 vero
2849 4952 3167 5020 sulijectttttt,
3216 4952 3482 5006 infinitum
3512 4952 3765 5021 przedica-

2167 5050 2303 5106 tum,
2338 5054 2394 5095 ut
2423 5052 2526 5108 est,
2563 5043 2724 5096 homo
2756 5059 2859 5097 non
2902 5044 3076 5112 justus
3106 5054 3209 5107 est,
3247 5044 3409 5098 homo
3450 5060 3555 5099 non
3582 5044 3763 5115 justus

2167 5148 2275 5187 non
2310 5143 2413 5193 est,
2445 5144 2499 5187 et
2525 5133 2714 5187 harum
2745 5133 2961 5202 quidem
2992 5135 3377 5204 consequentia
3417 5148 3581 5205 supra
3613 5150 3765 5189 mon-

2165 5234 2330 5278 strata
2356 5234 2457 5280 est.
2484 5225 2616 5279 Alite
2639 5240 2766 5279 vero
2793 5236 2913 5279 sunt
2946 5241 3064 5295 quae
3090 5227 3356 5280 infinitum
3390 5226 3591 5282 habent
3632 5228 3763 5281 sub-

2161 5314 2387 5385 jectum,
2420 5325 2473 5369 et
2492 5331 2610 5385 qua:
2633 5329 2689 5370 ut
2719 5317 2935 5371 nomine
2956 5325 3173 5371 utantur
3206 5317 3423 5372 nomine
3455 5317 3685 5380 infinito,
3711 5328 3767 5372 ut

2170 5424 2275 5462 non
2309 5409 2469 5462 homo
2494 5410 2671 5474 justus
2699 5418 2804 5472 est,
2826 5424 2930 5463 non
2962 5410 3123 5464 homo
3152 5425 3256 5465 non
3279 5413 3454 5479 justus
3473 5420 3586 5475 est;
3608 5421 3767 5466 utun-

2170 5511 2257 5557 tur
2277 5502 2420 5557 enitn
2455 5502 2536 5556 hae
2568 5503 2962 5572 propositiones
2990 5503 3255 5573 subjecto,
3285 5503 3339 5559 id
3370 5514 3455 5559 est
3478 5520 3582 5559 non
3606 5506 3768 5559 homo

2169 5605 2226 5648 ut
2262 5594 2508 5659 nomine,
2538 5594 2829 5662 pradicato
2856 5609 2984 5650 vero
3011 5610 3077 5649 eo
3120 5596 3261 5665 quod
3312 5605 3397 5651 est
3429 5596 3631 5667 justus,
3666 5596 3768 5652 hoc

2166 5697 2250 5741 est
2298 5687 2439 5741 enim
2467 5685 2611 5755 quod
2652 5684 2762 5748 ait,
2790 5685 2907 5739 alia:
2935 5696 3112 5741 autem
3143 5685 3209 5741 ad
3255 5700 3360 5742 non
3389 5686 3574 5753 homo,
3606 5694 3663 5740 ut
3702 5683 3770 5741 ad

2164 5778 2465 5848 subjectum
2510 5777 2726 5847 aliquod
2754 5776 3015 5833 additum.
3062 5777 3121 5834 Si
3148 5779 3267 5848 quis
3294 5777 3437 5835 enim
3468 5786 3633 5849 ponat
3656 5788 3769 5835 non
