4060 6330
239 247 343 305 849
987 248 1058 307 ΙΝ
1093 249 1348 310 LIBRUM
1386 249 1476 308 DE
1513 244 2166 317 [NTERPRETATIONE
2206 248 2433 307 EDITIO
2469 248 2808 311 SECUNDA.
3420 257 3529 318 εει)

237 362 403 419 homo
431 360 649 432 quidem
680 362 1007 433 subjectum,
1053 375 1106 422 et
1143 366 1212 425 de
1262 366 1363 427 hoc
1384 374 1477 421 aut
1506 366 1714 421 ﬁnitum
1742 378 1839 418 no-
1862 366 1916 439 Α
1944 364 2161 419 tertium
2208 364 2465 438 adjacens
2493 369 2837 438 praedicatum
2861 380 2964 442 est,
2998 380 3050 431 et
3098 372 3201 433 hoc
3244 390 3380 435 sono
3409 381 3529 451 ipso

235 469 354 509 men
380 453 659 524 praedicet,
684 465 741 509 ut
759 465 843 509 est
865 454 1068 526 justus,
1095 467 1189 511 aut
1214 458 1504 522 inﬁnitum,
1530 467 1587 512 ut
1613 465 1696 512 est
1728 470 1833 511 non

233 544 426 614 justus,
449 555 679 615 utroque
700 546 863 601 modo
901 561 1087 603 rursus
1113 546 1381 618 duplicem
1428 547 1586 603 faciet
1612 546 1832 617 opposi-

233 639 456 691 tionem.
487 635 734 706 Quatuor
762 648 941 693 autem
971 649 1099 694 sunt
1124 640 1532 711 propositiones
1565 641 1648 697 bat
1675 658 1690 693 :

231 790 331 845 Est
354 807 460 846 non
485 790 648 847 homo
671 793 847 863 justus
909 793 1027 849 Non
1053 803 1139 852 est
1160 810 1267 850 non
1294 786 1456 851 homo
1486 794 1666 865 justus

230 884 328 938 Est
360 885 524 938 homo
547 898 653 938 non
683 885 860 955 justus
908 885 1025 940 Non
1051 894 1135 941 est
1162 901 1265 941 non
1294 886 1456 941 ltomo
1485 903 1592 943 non
1617 886 1825 957 justus.

229 1033 288 1087 In
320 1033 405 1089 his
446 1034 608 1106 igitur
636 1043 865 1103 quatuor
887 1038 1362 1107 propositionibus,
1396 1039 1829 1109 oppositionibus

229 1142 360 1181 vero
400 1127 709 1196 duplicibus
738 1144 846 1183 non
889 1128 1051 1183 homo
1101 1129 1318 1199 quidem
1369 1128 1670 1200 subjectum
1724 1139 1827 1198 est,

230 1216 324 1271 sed
357 1217 410 1270 in
452 1216 722 1285 superiori
760 1217 1103 1285 oppositione
1148 1218 1352 1273 ﬁnitum
1390 1220 1604 1288 quidem
1640 1219 1834 1288 prazdi-

226 1314 384 1361 catur
406 1321 602 1362 ttomen
625 1306 765 1376 quod
797 1318 883 1361 est
922 1307 1121 1375 justus,
1172 1310 1225 1362 in
1261 1308 1518 1363 inferiore
1550 1325 1681 1364 vero
1714 1308 1833 1363 utﬁ-

228 1404 400 1453 nitum
441 1399 583 1469 quod
627 1408 710 1453 est
754 1414 859 1453 non
894 1398 1144 1467 injustus.
1179 1397 1283 1454 Sed
1317 1400 1442 1463 illae,
1475 1400 1668 1469 inquit,
1713 1414 1833 1469 qua:

227 1489 577 1558 pnedicatum
622 1491 839 1558 quidem
899 1489 1172 1543 inﬁnitum
1229 1488 1478 1554 habent,
1531 1490 1831 1558 subjectum

225 1596 359 1638 vero
390 1582 616 1647 ﬁnitum,
644 1584 726 1636 vel
759 1583 953 1651 quibus
997 1588 1053 1635 et
1087 1582 1437 1651 praedicatum
1487 1572 1695 1636 ﬁnitum
1746 1591 1833 1638 est

225 1685 288 1731 ει
316 1676 641 1744 subjectum,
675 1675 875 1729 habent
902 1674 1135 1743 aliquam
1181 1677 1246 1727 ad
1272 1689 1335 1729 se
1360 1676 1829 1742 consequentiam,
1876 1710 1884 1718 ς

1936 465 1992 529 et
2015 458 2315 526 prolatione
2356 461 2726 533 dignoscitur;
2761 467 2880 522 alia:
2909 483 3036 521 vero
3082 482 3207 525 sunt
3253 471 3308 527 in
3336 473 3532 544 quibus

1936 536 2044 609 tale
2070 556 2295 611 verbum
2320 558 2659 631 praedicatur,
2693 562 2834 633 quod
2876 565 3090 621 tertium
3139 536 3532 641 qttidem'ailja-

1935 636 2066 701 oens
2097 663 2202 702 non
2236 649 2582 719 przedicetur,
2610 652 2771 709 habet
2793 664 2970 712 tamen
2993 657 3341 731 conjunctum
3371 674 3536 733 atque

1935 739 2074 819 intra
2107 756 2164 795 se
2194 742 2420 799 verbum
2473 754 2578 813 est,
2611 764 2731 818 quae
2778 754 3080 822 propositio
3110 755 3156 811 si
3196 758 3435 813 solvatur
3481 760 3537 816 in

1936 832 2277 903 participium
2318 846 2481 906 atque
2507 839 2734 894 verbum
2766 853 2870 908 est,
2894 846 3037 914 quod
3083 854 3205 902 ante
3230 849 3347 903 solo
3370 851 3540 906 verbo

1935 921 2138 978 dictum
2193 926 2582 998 praedicatum,
2628 935 2870 987 secundo
2929 920 3324 1006 piaadicabitur,
3376 945 3538 998 tertio

1936 1014 2057 1071 loco
2088 1019 2464 1086 praedicabitur
2516 1032 2620 1092 est,
2655 1031 2707 1079 et
2750 1025 2808 1079 ﬁt
2842 1028 3035 1084 similis
3079 1034 3374 1102 propositio
3420 1047 3537 1089 tan-

1935 1125 2093 1179 quam
2137 1112 2182 1166 si
2240 1116 2544 1181 prolatione
2578 1131 2793 1189 quoque
2836 1118 3062 1177 haberet
3088 1134 3169 1179 est
3198 1116 3441 1183 verbum.
3475 1129 3535 1185 Si

1934 1201 2058 1269 quis
2086 1202 2230 1259 enim
2263 1205 2405 1260 dicat
2446 1207 2622 1263 omnis
2652 1208 2814 1266 homo
2852 1212 3043 1280 currit,
3075 1217 3127 1271 in
3160 1217 3258 1274 hac
3288 1224 3534 1290 prOposi-

1938 1294 2083 1357 tione
2133 1314 2297 1353 unum
2350 1300 2651 1372 subjectum
2699 1313 2812 1371 est,
2867 1308 3093 1367 alterum
3151 1318 3533 1387 praedicatum,

1937 1383 2100 1443 homo
2130 1392 2271 1444 enim
2301 1392 2605 1462 subjectum
2628 1406 2731 1461 e5t,
2775 1400 3117 1466 praedicatum
3140 1383 3318 1461 autem
3342 1383 3532 1467 currit.

1936 1477 2121 1551 Neque
2155 1483 2299 1537 enim
2333 1500 2619 1554 possumus
2649 1490 2898 1546 arbitrari
2929 1492 2980 1546 in
3017 1494 3115 1549 hac
3168 1501 3535 1566 propositione
3588 1550 3595 1555 .

1936 1582 2047 1629 tres
2069 1590 2190 1631 esse
2232 1579 2515 1645 terminos,
2567 1580 2770 1636 ideirco
2796 1585 2936 1653 quod
2978 1588 3154 1643 omnis
3182 1592 3393 1661 quidem
3428 1605 3535 1652 ter-

1939 1666 2119 1721 minus
2173 1679 2429 1735 nonest,
2461 1672 2554 1725 sed
2608 1673 2835 1745 subjecti
2887 1680 3097 1736 termini
3132 1680 3454 1742 determinat
3478 1706 3533 1744 ο.

226 1768 318 1823 hae
348 1781 478 1822 vero
505 1780 637 1835 quas
668 1773 848 1835 postea
878 1765 1320 1828 memoravimus,
1365 1766 1416 1818 id
1446 1776 1531 1821 est
1559 1780 1678 1835 quas
1709 1765 1829 1820 iuﬁ-
1859 1755 1911 1819 B
1938 1758 2215 1830 Signiﬁcat
2245 1766 2389 1817 enim
2421 1766 2676 1832 quoniam
2712 1784 2797 1823 res
2825 1772 3163 1842 universalis,
3180 1776 3231 1831 id
3263 1791 3343 1834 est
3374 1781 3535 1837 homo

223 1858 402 1915 nitum
426 1858 625 1913 habent
669 1857 971 1929 subjectum
998 1865 1092 1913 aut
1118 1858 1486 1927 praedicatum,
1514 1859 1594 1912 vel
1623 1859 1830 1912 ﬁnitum

220 1961 310 2007 vet
357 1929 647 2020 inﬁnitum,
692 1950 898 2005 nullant
929 1950 1128 2006 habent
1160 1954 1601 2020 consequentiam
1634 1951 1697 2003 ad
1735 1963 1829 2006 eas

223 2044 660 2114 propositiones,
690 2058 812 2114 quae
834 2045 951 2099 sive
981 2045 1134 2098 linito
1166 2044 1455 2114 pra-dicato
1483 2045 1596 2100 sive
1619 2044 1829 2101 inﬁnito

217 2151 287 2193 ex
329 2136 504 2205 ﬁnito,
534 2149 712 2193 tamen
740 2139 987 2206 subjecto
1014 2137 1396 2203 consisterent,
1440 2137 1543 2193 hoc
1578 2138 1720 2192 enim
1746 2146 1829 2192 est

217 2227 368 2298 quod
408 2228 505 2283 ait.
560 2230 653 2283 lla:
682 2239 862 2284 autem
913 2238 1065 2283 extra
1095 2228 1217 2283 illas
1258 2229 1391 2297 ipsa:
1419 2230 1715 2284 secundum
1766 2244 1828 2286 se

216 2330 402 2388 erunt,
439 2322 488 2376 id
510 2331 592 2378 est
614 2322 813 2377 nullam
833 2324 1270 2391 consequentiam
1289 2322 1354 2376 ad
1382 2327 1689 2391 superiores
1706 2337 1827 2393 qua:

214 2430 289 2472 ex
319 2414 470 2470 ﬁnito
501 2415 745 2483 subjecto
774 2424 1105 2479 constarent,
1132 2417 1332 2470 habere
1360 2417 1433 2470 ait
1460 2431 1553 2470 eas
1584 2432 1702 2486 quae
1735 2418 1821 2472 in-

215 2507 428 2562 ﬁnitum
479 2508 781 2576 subjectum
819 2509 872 2562 in
922 2508 1348 2577 propositionum
1391 2509 1581 2566 ordine
1625 2510 1824 2566 retine-

215 2610 363 2653 rent.
392 2598 676 2662 Postquam
734 2600 897 2669 igitur
943 2602 1280 2656 enumeravit
1335 2609 1393 2656 et
1446 2618 1537 2656 eas
1590 2620 1709 2672 qua:
1756 2620 1823 2659 ex

215 2700 463 2760 utrisque
512 2690 680 2746 [initis
721 2691 1105 2758 consisterent,
1164 2692 1215 2747 id
1261 2702 1345 2747 est
1388 2703 1444 2746 et
1483 2694 1729 2763 subjecto
1768 2706 1825 2752 et

216 2783 537 2853 praedicata,
587 2793 639 2839 et
690 2784 812 2839 illas
848 2799 967 2853 qua:
996 2801 1061 2839 ex
1084 2785 1330 2853 subjecto
1380 2785 1592 2856 quidem
1648 2788 1820 2855 linito,

213 2877 509 2946 pradicoto
540 2894 665 2933 vero
688 2878 895 2933 inllnito
918 2889 1121 2945 essent,
1150 2879 1232 2933 bis
1262 2881 1422 2934 etiam
1456 2881 1575 2935 illas
1605 2896 1726 2953 quae
1748 2896 1820 2937 ex

214 2968 465 3038 subjecto
517 2969 721 3026 inﬁnito
758 2982 960 3038 essent,
991 2981 1046 3026 et
1072 2985 1139 3027 ex
1181 2975 1334 3027 linito
1366 2973 1679 3042 praedicata,
1722 2992 1821 3033 nec

214 3075 329 3116 non
371 3062 494 3115 illas
536 3061 736 3117 addidit
760 3078 878 3132 qua:
907 3078 975 3118 ex
1005 3062 1250 3133 utrisque
1294 3064 1518 3121 inlinitis
1574 3079 1823 3125 constare

1942 1852 2232 1909 universali
2260 1854 2547 1927 subjicitur
2570 1859 2769 1926 cursui,
2802 1878 2923 1917 cum
2948 1864 3145 1922 dicitur
3169 1886 3344 1927 οιιιιιιε
3373 1874 3536 1931 homo

1934 1944 2126 2011 curiit,
2160 1947 2303 2002 nulla
2340 1959 2424 2004 est
2460 1950 2879 2036 ettittt'hominis
2904 1962 3171 2029 exceptio,
3200 1964 3289 2019 ubi
3320 1983 3533 2027 omneut

1934 2022 2153 2093 Currere
2180 2037 2557 2098 determinatio
2584 2054 2688 2100 est.
2713 2023 2865 2118 'Ergo
2890 2066 2996 2105 non
3029 2056 3245 2122 ponitur
3275 2060 3390 2114 loco
3424 2075 3531 2117 ter-

1933 2126 2060 2181 mini
2094 2128 2145 2183 id
2187 2131 2328 2201 quod
2356 2133 2585 2189 dicimus
2616 2137 2812 2205 omnis,
2841 2142 2935 2196 sed
2968 2147 3142 2213 potius
3166 2150 3390 2220 subjecti
3427 2166 3533 2210 tera

1932 2219 2062 2275 mini
2092 2221 2472 2281 determinatio
2493 2239 2596 2283 est.
2620 2229 2883 2298 Quocirca
2924 2235 2977 2291 in
3031 2239 3128 2295 hac
3160 2249 3523 2314 propositione

1930 2330 2051 2384 quae
2091 2314 2241 2381 dicit,
2275 2322 2452 2376 omnis
2502 2323 2663 2380 homo
2710 2329 2901 2394 currit,
2953 2332 3059 2387 duo
3108 2347 3234 2392 sunt
3294 2344 3531 2410 termini,

1932 2403 2093 2460 homo
2122 2416 2177 2463 et
2204 2411 2393 2476 currit,
2418 2427 2547 2483 ergo
2566 2416 2618 2470 in
2654 2416 2752 2474 hac
2777 2421 2963 2478 eadem
2984 2440 3286 2496 quanquam
3309 2435 3531 2496 verbum

1928 2516 2010 2558 εει
2039 2520 2142 2559 non
2192 2508 2533 2576 prmdicetur,
2575 2513 2627 2567 in
2661 2517 2962 2585 prolatione
3002 2529 3179 2579 tamen
3211 2529 3357 2583 verbi
3386 2532 3531 2601 quod

1928 2605 2013 2673 εει
2068 2601 2235 2654 currit
2291 2602 2681 2672 signiﬁcatimte
2731 2610 3089 2668 coitcluditur.
3125 2615 3327 2687 Siquis
3378 2623 3524 2679 enim

1928 2691 2066 2747 hanc
2091 2696 2515 2765 propositionem
2555 2714 2676 2770 quae
2730 2702 2877 2771 dicit,
2907 2719 3082 2762 omnis
3137 2711 3299 2767 homo
3338 2718 3529 2785 currit,

1927 2785 2102 2840 solvat
2150 2788 2202 2841 in
2256 2788 2598 2858 participium
2646 2802 2810 2865 atque
2849 2797 3096 2866 verbum,
3150 2800 3314 2861 faciet
3357 2811 3535 2869 omnis

1926 2880 2091 2937 homo
2144 2898 2369 2941 currens
2420 2898 2524 2955 est,
2583 2902 2637 2946 et
2680 2892 2819 2948 idem
2870 2896 3139 2966 signiﬁcat
3184 2905 3528 2979 participium

1926 2974 2092 3031 verba
2145 2977 2493 3049 conjunctum
2539 2984 2682 3053 quod
2733 2987 2998 3057 signiﬁcat
3070 2996 3317 3053 verbum.
3372 2974 3532 3068 Quod

1925 3078 2154 3137 utraque
2201 3074 2599 3142 complectitur,
2656 3094 2778 3132 nam
2826 3098 2945 3137 cum
2981 3085 3104 3142 dico
3147 3092 3327 3149 omnis
3369 3092 3532 3151 homo

212 3151 545 3208 viderentur.
608 3153 897 3225 Postquam
940 3156 1100 3223 igitur
1147 3156 1245 3211 has
1300 3161 1671 3228 enumeravit,
1701 3161 1817 3214 ait:
1850 3134 1899 3199 (ἶ
1929 3167 2115 3225 currit.
2143 3167 2287 3219 omni
2338 3167 2539 3223 homini
2577 3174 2845 3230 actionem
2896 3190 3094 3248 prazsto
3138 3197 3261 3240 esse
3290 3201 3530 3265 pronuny

213 3243 382 3316 Iagis
412 3257 589 3302 autem
632 3248 814 3318 plures
846 3248 928 3303 bis
967 3263 1072 3303 non
1098 3261 1257 3307 erunt
1285 3253 1673 3319 oppositiones,
1711 3269 1822 3310 om-

214 3336 302 3394 nis
330 3339 474 3393 enim
499 3340 766 3409 oppositio
793 3340 959 3411 (quod
982 3354 1145 3410 supra
1168 3342 1370 3396 dictum
1399 3348 1505 3413 est)
1531 3354 1625 3399 aut
1650 3357 1732 3402 est
1753 3363 1819 3403 es

214 3429 457 3500 utrisque
482 3429 668 3496 ﬁnitis,
702 3442 759 3486 ut
792 3444 895 3498 est,
941 3435 1126 3488 Ιιοιηο·
1142 3434 1342 3502 justus,
1390 3450 1495 3489 nou
1529 3430 1613 3491 est
1655 3437 1820 3492 homo

212 3519 408 3591 justus,
436 3531 526 3577 aut
554 3536 619 3577 ex
640 3522 791 3577 ﬁnito
812 3523 1028 3591 quidem
1049 3524 1292 3593 subjecto
1314 3536 1367 3581 et
1398 3528 1603 3584 inﬁnito
1628 3530 1821 3598 pradi-

212 3625 361 3682 cato,
391 3625 449 3670 ut
469 3618 572 3682 est,
606 3616 769 3671 homo
818 3634 923 3671 non
969 3619 1147 3687 justus
1177 3629 1280 3683 εει,
1316 3620 1476 3675 homo
1508 3638 1611 3675 tton
1642 3625 1819 3691 justus

212 3718 321 3761 non
373 3718 475 3763 εει.
537 3713 643 3764 Διιι
686 3724 752 3764 ex
809 3710 1019 3764 inlinito
1064 3711 1280 3779 quidem
1347 3714 1613 3783 subjecto,
1668 3715 1819 3772 ﬁnito

216 3815 351 3857 vero
371 3802 683 3873 praedicam,
715 3808 774 3871 ut
796 3814 876 3859 est
902 3819 1007 3858 non
1049 3805 1211 3860 homo
1234 3807 1433 3875 justus.
1467 3823 1570 3863 nun
1596 3821 1679 3863 est
1711 3825 1817 3865 non

212 3893 377 3953 homo
392 3897 588 3968 justus.
635 3902 742 3954 Aut
789 3915 856 3953 ex
905 3901 1125 3956 inﬁnitis
1158 3903 1422 3973 utrisque,
1474 3912 1529 3957 ut
1574 3913 1659 3959 est
1706 3919 1813 3959 non

210 3990 379 4047 homo
405 4008 510 4047 non
538 3993 711 4062 justus
735 4001 840 4058 est,
889 4009 994 4049 non
1026 3994 1188 4049 homo
1217 4011 1322 4049 non
1350 3997 1526 4064 justus
1557 4012 1663 4052 non
1686 4012 1767 4053 est
1797 4016 1813 4063 ;

214 4092 275 4137 ut
319 4091 498 4138 autem
527 4085 712 4153 quinta
755 4085 1031 4156 oppositio
1060 4088 1284 4157 reperiri
1333 4090 1525 4157 possit,
1557 4091 1699 4145 nulla
1731 4106 1817 4146 re-

212 4188 335 4249 rum
369 4176 575 4232 ratione
603 4177 857 4245 possibile
886 4188 991 4235 est.
1053 4178 1129 4234 De
1189 4180 1272 4233 his
1324 4194 1453 4250 ergo
1507 4182 1622 4237 lucc
1672 4183 1814 4239 dicta

210 4277 360 4331 sunt,
392 4267 445 4322 in
474 4268 665 4339 quibus
694 4280 777 4325 est
816 4271 1032 4325 tertium
1064 4271 1321 4340 adjacens
1355 4274 1702 4342 praedicatur.

284 4401 354 4458 In
381 4403 461 4458 his
506 4420 623 4460 vero
653 4404 707 4460 in
748 4407 952 4478 quibus,
998 4418 1088 4477 est,
1125 4426 1227 4464 non
1260 4414 1509 4482 convenit,
1555 4423 1607 4466 ut
1652 4415 1703 4467 in
1755 4431 1813 4469 eo

208 4498 349 4567 quod
373 4507 446 4551 est
468 4513 694 4566 currere,
718 4501 794 4554 uel
824 4501 1107 4569 ambulare,
1140 4503 1275 4569 idem
1309 4505 1436 4576 facit
1462 4502 1535 4559 sic
1557 4508 1808 4577 positum,
1837 4525 1891 4597 ι)

208 4605 268 4642 ac
292 4588 338 4642 si
368 4599 440 4643 est
466 4590 762 4659 adderetur,
794 4603 848 4646 ut
884 4597 1044 4648 currit
1085 4598 1248 4650 omnis
1289 4599 1462 4667 homo,
1505 4615 1607 4652 non
1651 4603 1810 4654 currit

206 4681 374 4734 omnis
401 4679 574 4749 homo,
612 4685 771 4737 currit
792 4686 956 4741 omnis
990 4703 1091 4741 non
1114 4688 1285 4755 Itonia,
1326 4705 1428 4744 non
1457 4693 1613 4744 carri!
1648 4694 1811 4747 omnis

96 4790 104 4803 ·
202 4790 308 4826 non
335 4771 507 4827 homo.
536 4773 659 4828 Non
684 4777 818 4830 enim
843 4778 1117 4833 dicendum
1142 4791 1237 4845 est,
1276 4799 1379 4836 non
1432 4785 1596 4839 omnis
1636 4784 1811 4852 homo,

198 4869 290 4921 sed
316 4884 419 4921 non
440 4872 757 4941 negationem
774 4874 841 4925 ad
864 4873 918 4927 id
939 4876 1077 4942 quod
1102 4886 1172 4930 est
1206 4878 1375 4943 homo,
1397 4880 1692 4935 addendum
1715 4892 1809 4947 est,

198 4963 371 5015 omnis
395 4964 531 5019 enim
559 4980 663 5019 non
696 4967 980 5022 universale
1007 4971 1286 5041 signiﬁcat,
1311 4973 1400 5025 sed
1421 4976 1666 5043 quoniam
1692 4978 1811 5029 uni-

199 5058 499 5133 rgrsaliter.
530 5059 864 5132 Manifestum
894 5075 967 5119 est
993 5077 1163 5120 autem
1193 5085 1255 5122 ea:
1277 5084 1333 5123 eo
1364 5071 1498 5136 quod
1523 5081 1618 5135 est,
1648 5076 1812 5128 currit

196 5147 377 5213 homo,
432 5166 531 5204 non
570 5153 729 5206 currit
776 5155 951 5221 homo,
983 5159 1141 5211 currit
1189 5176 1290 5213 non
1320 5159 1491 5224 homo,
1522 5180 1620 5216 non
1649 5166 1813 5216 currit

197 5254 301 5291 non
337 5240 509 5306 homo,
534 5242 642 5295 Ιιωε
666 5244 797 5313 enim
815 5246 878 5300 ab
903 5247 1004 5303 illis
1028 5249 1272 5323 differunt
1295 5268 1351 5304 eo
1381 5254 1517 5321 quod
1544 5256 1811 5321 universa-

198 5328 317 5383 liter
348 5348 450 5385 non
474 5344 614 5389 sunt.
650 5334 822 5405 Quare
844 5342 1007 5395 omnis
1036 5341 1114 5395 vel
1145 5344 1319 5398 nullus
1347 5346 1477 5399 nihil
1513 5350 1809 5418 consigniﬁ:

200 5430 286 5474 cat
308 5423 475 5488 aliud,
501 5427 599 5480 nisi
622 5431 759 5505 quod
787 5432 1138 5487 universaliter
1173 5435 1238 5489 de
1264 5438 1467 5491 nomine
1493 5443 1567 5493 vel
1587 5442 1813 5510 aﬂirma—

214 5516 412 5584 Fortem,
441 5521 517 5573 vel
558 5523 899 5595 uenationem,
945 5541 1068 5597 ergo
1117 5536 1163 5589 et
1192 5536 1375 5583 cetera
1404 5532 1582 5587 eadem
1610 5544 1810 5602 oportet

199 5620 230 5656 ιι
237 5610 419 5683 pponi.

274 5739 413 5799 Sunt
438 5714 682 5816 quaedam
713 5748 1109 5819 propositiones
1149 5752 1205 5807 in
1235 5750 1431 5822 quibus
1458 5765 1543 5812 est
1584 5748 1809 5828 quidem

1930 3256 2035 3322 tio;
2068 3258 2208 3326 quod
2257 3261 2301 3315 si
2352 3261 2490 3318 idem
2536 3281 2719 3323 rursus
2754 3268 2949 3340 dicato,
3016 3276 3191 3332 omnis
3223 3256 3385 3338 homo
3406 3256 3530 3338 cur:-

1926 3363 2054 3405 rens
2083 3362 2192 3435 est,
2216 3359 2463 3412 eamdem
2511 3359 2782 3417 actionem
2840 3363 3041 3422 homini
3092 3386 3278 3428 rursus
3332 3377 3526 3435 adesse

1862 3510 1865 3517 ί
1927 3433 2203 3515 proposui.
2254 3449 2397 3506 Idem
2428 3451 2590 3523 igitur
2635 3456 2905 3526 signiﬁcat
2934 3463 3159 3520 verbum
3191 3470 3359 3524 currit
3384 3433 3527 3542 quod

1924 3543 2151 3615 currens
2176 3550 2281 3609 est,
2308 3552 2362 3598 et
2381 3543 2432 3599 in
2457 3546 2646 3604 eadem
2678 3553 3048 3620 prapositione
3075 3573 3199 3627 qua:
3227 3560 3378 3628 dicit,
3413 3578 3529 3618 om-

1927 3629 2009 3685 nis
2039 3632 2202 3687 homo
2224 3635 2412 3701 currit,
2456 3636 2581 3692 licet
2612 3639 2666 3695 in
2710 3643 3013 3711 prolatione
3043 3657 3127 3705 est
3154 3664 3259 3705 non
3290 3651 3524 3720 dicatur,

1927 3731 2103 3777 tamen
2138 3725 2355 3781 tertium
2398 3735 2661 3797 potestate
2697 3734 3041 3805 pra‘dicatur,
3075 3742 3216 3811 quod
3250 3742 3374 3800 hinc
3399 3760 3527 3819 cog-

1925 3817 2180 3882 noscitur,
2229 3820 2271 3873 si
2325 3828 2434 3874 tota
2469 3823 2765 3893 propositio
2794 3828 3034 3884 solvatur
3089 3832 3143 3886 in
3184 3817 3521 3908 participium

1924 3908 2128 3981 seilicet
2168 3922 2328 3979 atque
2357 3913 2601 3971 verbum.
2634 3916 2994 3985 Quamobrem
3035 3923 3175 3980 sicut
3203 3941 3273 3983 ex
3306 3930 3523 3988 nomine

1924 3998 2134 4054 inﬁnito
2158 4001 2401 4073 subjecto
2442 4003 2500 4059 ﬁt
2548 4008 2857 4075 afﬁrmatio,
2894 4027 3001 4068 non
3029 4015 3225 4072 eodem
3254 4020 3414 4075 modo
3443 4037 3517 4078 ει

1922 4092 2130 4147 inﬁnito
2156 4096 2323 4152 verbo
2350 4097 2637 4157 afﬁrmatio
2680 4104 2794 4159 ﬁeri
2830 4116 3024 4174 potest,
3068 4110 3163 4165 sed
3204 4126 3327 4167 mox
3372 4116 3423 4169 in
3456 4131 3523 4177 ea

1921 4184 2002 4238 vis
2025 4188 2322 4256 negationis
2353 4194 2685 4259 agnoscitur,
2721 4198 2976 4266 quoniam
3005 4201 3152 4257 enim
3185 4202 3410 4262 facimus
3439 4209 3522 4262 af-

1920 4276 2275 4333 lirtltationetu
2309 4280 2575 4349 dicentes,
2627 4286 2815 4343 Omnis
2859 4305 2964 4345 non
2995 4292 3157 4350 homo
3194 4299 3380 4366 currit,
3416 4315 3521 4356 non

1921 4368 2083 4425 homo
2121 4373 2330 4430 scilicet
2378 4377 2679 4447 subjectum
2738 4382 3003 4441 inﬁnitum
3058 4400 3357 4459 ponentes,
3415 4409 3523 4451 non

1921 4460 1990 4516 ita
2024 4479 2308 4532 possumus
2328 4464 2509 4525 dicere
2555 4460 2973 4533 afﬁrmationem
3024 4478 3141 4536 ﬁeri
3172 4497 3293 4539 cum
3326 4502 3523 4559 propo-

1917 4553 2093 4610 nimus
2110 4560 2464 4616 omnishomo
2490 4580 2595 4618 nou
2626 4568 2814 4636 currit,
2848 4568 2961 4624 haec
2983 4572 3271 4646 enimjam
3306 4553 3521 4651 negatio

1917 4657 2028 4714 est;
2061 4666 2225 4717 quare
2255 4650 2558 4725 ubicunque
2581 4655 2744 4712 fuerit
2773 4676 2881 4716 non
2909 4664 3097 4733 currit,
3130 4668 3212 4722 vel
3237 4685 3346 4726 non
3377 4650 3525 4730 labo-

1917 4749 2021 4806 rat,
2065 4741 2149 4795 vel
2181 4759 2285 4798 non
2315 4747 2570 4813 ambulat,
2614 4750 2696 4805 vel
2729 4767 2835 4809 non
2868 4754 3018 4826 legit,
3051 4756 3107 4813 in
3140 4763 3393 4820 omnibus
3423 4783 3518 4822 ne-

1917 4834 2062 4902 galio
2090 4834 2168 4902 ﬁt,
2193 4837 2246 4892 in
2275 4838 2683 4913 quibuscunque
2714 4845 2977 4904 inﬁnitum
2993 4850 3160 4925 verbo
3174 4856 3517 4921 prtediratur.

1923 4924 2595 5003 Dubitabitautemaliquis
2611 4951 2677 4989 an
2696 4938 2837 4995 sicut
2865 4955 2934 4994 ex
2970 4941 3181 4999 inﬁnito
3210 4948 3377 5002 verbo
3404 4950 3521 5005 ﬁeri

1918 5017 2203 5073 afﬁrmatio
2219 5038 2323 5077 non
2342 5033 2537 5092 potest,
2563 5027 2655 5082 sed
2673 5043 2888 5097 semper
2902 5036 3126 5104 negatio
3144 5051 3209 5094 ex
3240 5038 3342 5094 hoc
3376 5058 3512 5109 pne-

1919 5110 2224 5166 dicamento
2242 5113 2320 5183 ﬁt,
2347 5115 2416 5169 ita
2444 5133 2654 5191 quoque
2686 5122 2933 5179 sieadetu
2954 5130 3251 5198 propositio
3274 5132 3516 5189 Solvatur

1919 5201 1969 5255 in
2014 5204 2349 5272 participium
2389 5219 2548 5279 atque
2590 5213 2844 5279 verbum,
2880 5231 2946 5271 att
2988 5232 3053 5272 ev
3093 5204 3304 5277 inﬁnito
3345 5227 3521 5295 possit

1917 5295 2205 5351 afﬁrmatio
2232 5298 2347 5353 ﬁeri
2379 5302 2690 5373 participio;
2719 5316 2991 5378 quaeretur
3019 5310 3165 5367 enim
3193 5328 3260 5368 an
3294 5316 3432 5371 sicut
3463 5317 3517 5374 in

1920 5392 2017 5444 hac
2047 5393 2410 5461 propositione
2435 5412 2556 5467 qua:
2586 5398 2716 5453 dicit
2741 5441 2757 5465 ,
2786 5402 2961 5458 omnis
2990 5402 3156 5461 homo
3185 5408 3395 5475 currit,
3424 5411 3517 5479 qui

1917 5482 1985 5535 ita
2019 5485 2267 5554 propellit
2296 5486 2516 5557 dicens,
2552 5491 2730 5549 omnis
2764 5492 2925 5550 homo
2955 5511 3064 5552 non
3096 5499 3299 5569 currit,
3332 5500 3517 5561 facere

1914 5575 2325 5633 afﬁrmationem
2358 5596 2463 5636 non
2488 5592 2683 5651 potest,
2713 5586 2805 5640 sed
2837 5588 2954 5641 sine
2976 5589 3143 5647 dub'o
3167 5593 3516 5663 negationem

1916 5668 2043 5725 facit
2068 5713 2081 5735 ,
2118 5672 2185 5726 ita
2215 5691 2427 5746 quoque
2454 5676 2498 5731 si
2530 5677 2717 5733 eadem
2770 5679 3010 5735 solvatur
3060 5684 3114 5738 in
3163 5684 3510 5754 participium

1915 5769 2078 5832 atque
2109 5766 2352 5833 verbum,
2381 5777 2440 5823 ut
2464 5770 2508 5824 si
2544 5769 2664 5837 quis
2700 5770 2863 5837 dicat,
2895 5776 3072 5830 omnis
3100 5774 3265 5833 homo
3288 5790 3525 5853 currcng
