4060 6330
553 301 651 365 551

1822 293 1931 349 AN.
1974 289 2186 348 MANL.
2230 287 2382 348 SEV.
2422 286 2645 347 ΒΟΕΤΠ

3720 285 3822 345 552

554 438 658 499 est,
688 425 735 485 si
765 422 856 482 ﬁat
889 419 1157 479 infinitum
1193 426 1299 470 non
1332 422 1575 477 currens,
1607 415 1663 464 et
1696 406 1926 474 dicatur,
1956 402 2134 463 omnis
2159 414 2215 477 Α
2240 403 2323 459 nis
2348 403 2533 499 ltomo,
2560 400 2790 499 mediam
2815 414 3024 499 ponens
3048 397 3570 499 determinationem,
3592 416 3719 499 quae
3743 410 3824 457 est

556 524 718 580 homo
746 536 850 577 non
875 528 1097 573 currens
1123 518 1239 573 est;
1268 522 1334 562 an
1357 506 1473 560 haec
1498 502 1785 559 afﬁrmatio
1804 501 1961 557 sitan
1986 508 2133 555 certe

557 619 768 688 negatio
801 607 1127 665 tantumdem
1157 602 1338 657 valens
1364 608 1630 667 tamquam
1661 596 1706 650 si
1737 594 1927 665 aliquis
1968 592 2129 658 dicat,

562 711 736 766 omnis
762 707 919 761 lionio
941 716 1044 759 non
1056 709 1392 756 estcurrens.
1418 694 1523 749 Sed
1544 691 1756 747 fuerunt
1777 691 1865 760 qui
1888 688 1988 743 hoc
2008 702 2130 743 eum

558 821 625 862 ex
652 801 830 869 multis
855 798 975 854 aliis
991 837 1007 862 ,
1035 804 1144 851 tum
1173 807 1238 849 ex
1255 790 1433 860 aliquo
1446 784 1681 844 Platonis
1693 785 2001 857 syIIOgismo
2020 781 2131 836 col-

554 900 802 968 ligerenl,
833 902 890 949 ut
922 890 1045 962 quid
1076 903 1143 945 ex
1171 901 1233 941 ea
1264 900 1324 941 re
1351 883 1667 946 delinirent,
1698 876 2129 968 doctissimorum

553 964 793 1047 virorum
836 985 1149 1041 auctoritate
1175 983 1599 1050 cognoscerent;
1643 987 1708 1027 ex
1754 968 1957 1025 duabus
1988 964 2129 1020 enim

532 1064 813 1156 inegativis
856 1076 1192 1153 syIIOgismus
1235 1072 1350 1128 ﬁeri
1400 1085 1508 1126 non
1554 1076 1747 1138 potest.
1800 1064 1852 1118 Iit
1898 1061 2128 1156 quodam

551 1154 693 1236 enim
724 1175 935 1243 dialogo
985 1172 1135 1227 Plato
1186 1164 1488 1237 liujustnodi
1541 1163 1831 1228 interrogat
1880 1154 2129 1227 syllogis-

549 1283 697 1327 mum
725 1286 741 1324 :
769 1269 1003 1332 Sensus,
1059 1263 1257 1332 inquit,
1299 1274 1404 1313 non
1431 1255 1688 1323 contingit
1717 1252 1975 1305 rationem
2004 1247 2131 1303 sub-

532 1360 782 1427 stantiae,
835 1361 975 1431 quod
1026 1372 1131 1411 non
1178 1350 1439 1420 contingit
1487 1347 1748 1401 rationem
1792 1340 2125 1404 substantias,

547 1450 717 1526 ipsius
759 1451 1002 1509 veritatis
1052 1449 1321 1503 notionem
1379 1439 1655 1509 contingit.
1722 1437 1924 1490 Sensus
1972 1434 2131 1502 igitur

549 1544 793 1601 veritatis
841 1541 1111 1596 notionem
1156 1552 1261 1592 non
1306 1533 1589 1600 contingit.
1641 1527 1864 1581 Videtur
1894 1527 2036 1580 enim
2064 1537 2130 1578 ex

548 1639 798 1714 omnibus
820 1633 1076 1707 negativis
1097 1630 1287 1685 fecisse
1307 1623 1694 1696 syllogismum,
1720 1620 1861 1690 quod
1887 1617 2008 1714 ﬁeri.
2024 1631 2129 1669 non

551 1707 747 1803 potest,
772 1741 932 1798 atque
962 1726 1084 1780 ideo
1114 1723 1261 1776 aiunt
1303 1715 1565 1772 inﬁnitum
1606 1713 1828 1803 verbum
1868 1707 2011 1803 quod
2046 1714 2133 1761 est

549 1802 944 1889 noncontingit
974 1832 1069 1886 pro
1100 1812 1362 1884 principio
1399 1810 1606 1863 inﬁnito
1638 1802 1924 1875 profuisse,

548 1912 658 1973 non
686 1914 1000 1981 contingens
1027 1915 1111 1963 est
1141 1923 1156 1961 :
1183 1914 1265 1961 est
1302 1902 1442 1959 enim
1475 1902 1527 1956 in
1561 1899 1799 1969 pluribus
1827 1893 1947 1948 aliis
1976 1893 2126 1949 inve-

548 2009 727 2065 niendi
760 2005 982 2060 facultas
1010 2002 1315 2070 frequenter
1346 1997 1564 2050 verbum
1596 1991 1864 2046 inﬁnitum
1897 1988 2129 2057 positum

548 2115 646 2172 pro
690 2110 905 2154 nomine
952 2094 1182 2155 inﬁnito,
1212 2105 1378 2159 quare
1420 2087 1640 2141 verbum
1682 2083 1897 2153 quidem
1944 2083 2131 2135 dixere

548 2192 761 2261 quidam
816 2201 1029 2257 semper
1061 2187 1234 2238 facere
1265 2180 1634 2250 negationem,
1665 2178 1709 2231 si
1738 2176 2004 2231 inﬁnitum
2035 2186 2132 2241 ap-

550 2292 794 2353 ponatur.
822 2274 1106 2346 Participia
1134 2289 1311 2329 autem
1353 2271 1436 2326 vel
1468 2271 1677 2325 nomina
1712 2269 1757 2323 si
1786 2267 1895 2321 sint
1922 2264 2128 2319 inﬁnita

543 2387 707 2444 posse
741 2377 917 2431 facere
951 2370 1387 2432 afﬁrmationem,
1417 2376 1470 2420 et
1500 2365 1621 2419 ideo
1648 2364 2071 2434 quotiescunque
2094 2372 2127 2412 a

542 2467 752 2540 niagnis
774 2466 904 2523 viris
931 2464 1195 2520 inﬁnitutn
1226 2461 1450 2516 Verbum
1499 2466 1552 2514 et
1577 2457 1696 2511 duae
1736 2456 2045 2523 negationes
2072 2451 2127 2506 in

546 2561 850 2628 syliogismo
879 2567 1165 2628 ponuntur,
1196 2554 1296 2608 hac
1319 2551 1527 2606 ratione
1554 2548 1876 2615 defenditur,
1909 2560 2016 2616 quo
2044 2543 2127 2599 di-

544 2663 693 2707 catur
713 2652 972 2706 inﬁnitum
997 2664 1093 2719 pro
1119 2646 1398 2718 participio
1418 2660 1539 2700 esse
1563 2644 1813 2714 positum,
1838 2644 1980 2711 quod
2006 2652 2127 2708 par-

542 2746 780 2815 ticipium
808 2742 1042 2799 nominis
1079 2740 1196 2795 loco
1225 2741 1278 2795 in
1309 2739 1668 2809 propoaitione
1701 2739 2039 2806 przedicatur,
2070 2740 2127 2788 et

543 2838 597 2895 id
624 2838 836 2906 quidem
865 2834 1169 2891 Alexander
1195 2832 1558 2901 Aplirodiseos
1582 2828 1940 2884 arbitrabatur
1966 2836 2126 2881 caste-

543 2932 693 3003 rique
723 2920 1045 3000 complures.
1087 2927 1292 2983 Idcirco
1321 2928 1467 2981 enim
1509 2925 1656 2978 aiunt
1686 2936 1788 2977 non
1822 2936 1978 2990 posse
2009 2918 2125 2974 ficii

543 3038 611 3079 ex
653 3023 860 3077 infinito
898 3020 1062 3077 verbo
1100 3018 1484 3073 afﬁrmationes
1511 3057 1527 3083 ,
1574 3015 1822 3084 quoniam
1872 3012 2013 3067 sicut
2056 3011 2122 3065 ad

542 3115 761 3169 verbum
787 3121 869 3168 est
890 3111 1074 3181 juncta
1104 3111 1358 3180 particula
1389 3109 1631 3176 negativa
1656 3121 1776 3161 mox
1807 3116 1968 3160 totam
1998 3119 2121 3173 per-

474 3212 485 3229 '
541 3205 685 3261 deiet
709 3197 1068 3275 negationem,

543 3300 624 3355 vel
646 3314 765 3369 qua:
798 3315 849 3354 tn
876 3316 933 3353 se
959 3298 1384 3367 complectuntur
1408 3294 1629 3350 verbum
1660 3306 1764 3363 est,
1796 3310 1901 3350 non
1929 3294 2125 3348 faeiettt

543 3392 801 3448 lntinitam
832 3391 1239 3446 afﬁrmationem
1263 3429 1277 3451 ,
1311 3388 1405 3443 sed
1448 3390 1623 3459 potius
1664 3385 2021 3459 negationem.
2066 3382 2124 3438 Si

532 3488 658 3556 quis
684 3490 828 3543 enim
858 3489 935 3544 sic
961 3486 1143 3553 dicat,
1176 3486 1337 3539 homo
1374 3498 1594 3538 currens
1634 3498 1739 3536 non
1789 3488 1870 3535 est
1894 3521 1909 3545 ,
1946 3476 2123 3533 nullus

540 3578 678 3635 hanc
716 3580 910 3635 dixerit
955 3578 1389 3633 afﬁrmationetn.
1443 3575 1502 3631 Si
1544 3571 1664 3643 quis
1707 3586 1832 3626 vero
1858 3571 1937 3626 sic
1966 3569 2127 3636 dicit,

538 3672 696 3729 homo
722 3689 828 3729 non
852 3673 1043 3739 Currit,
1073 3672 1275 3727 idcirco
1300 3683 1399 3725 nec
1428 3669 1542 3724 hinc
1570 3665 1860 3738 propositio
1883 3664 2119 3718 affirma-

536 3768 610 3820 tio
636 3781 717 3822 est
748 3767 999 3836 quoniant
1028 3764 1195 3819 currit
1226 3772 1311 3818 est
1346 3764 1565 3816 verbum
1598 3758 1733 3813 intra
1766 3774 1825 3812 se
1854 3758 2116 3825 continet,

535 3870 590 3915 et
618 3864 753 3912 sicut
778 3859 844 3912 ad
875 3867 956 3912 est
985 3856 1205 3911 verbum
1238 3856 1494 3925 particula
1528 3854 1773 3924 negativa
1795 3854 1976 3922 juncta
2011 3867 2117 3906 non

536 3951 663 4007 facit
688 3950 1094 4004 al'lirntationein
1116 3986 1132 4012 ,
1162 3950 1257 4003 sed
1290 3954 1464 4015 potius
1496 3950 1854 4015 negationem,
1888 3945 1957 3999 ita
1986 3958 2118 4013 quo-

535 4057 638 4110 que
667 4046 733 4094 ad
765 4040 906 4095 aliud
952 4040 1171 4095 verbum
1215 4038 1399 4109 juncta
1448 4039 1659 4107 negatio
1701 4037 1843 4107 quod
1891 4038 2030 4090 intra
2059 4049 2120 4089 se

535 4134 770 4187 continet
814 4145 897 4187 est
941 4132 1201 4199 verbum,
1245 4135 1454 4201 plenam
1502 4130 1709 4201 perlicit
1756 4134 2115 4200 negationem.

535 4226 848 4280 Aristoteles
877 4238 1052 4279 autem
1080 4240 1186 4279 non
1212 4223 1421 4280 videtur
1445 4227 1541 4280 ism
1562 4225 1897 4293 discernere,
1927 4222 2022 4277 sed
2045 4223 2119 4277 si-

534 4321 729 4372 militer
752 4321 1018 4389 arbitrari,
1044 4321 1158 4374 sive
1178 4334 1301 4375 cum
1332 4320 1610 4389 participio
1636 4333 1865 4389 ponatur
1883 4327 1966 4373 est
1992 4332 2115 4372 ver-

534 4411 682 4477 bum,
712 4411 823 4466 sive
846 4394 961 4467 sine
991 4413 1267 4482 partieipio
1299 4414 1518 4467 verbum
1549 4414 1699 4480 illud,
1721 4412 1864 4482 quod
1892 4426 2115 4466 vernum

536 4513 617 4557 est
647 4503 783 4558 intra
810 4520 868 4559 se
917 4505 1116 4560 claudit
1160 4518 1322 4574 atque
1368 4503 1784 4573 complectitur;
1814 4504 1941 4557 dicit
1971 4503 2115 4557 enim

534 4597 635 4652 ltoc
674 4599 832 4653 modo
861 4614 875 4651 :
911 4599 965 4652 ln
1013 4600 1098 4654 bis
1138 4614 1264 4654 vero
1296 4600 1351 4653 in
1378 4598 1568 4668 quibus
1596 4611 1681 4653 εει
1706 4612 1810 4652 ιιοη
1838 4599 2111 4667 convenit,

534 4694 665 4745 utin
693 4705 759 4745 eo
785 4691 926 4761 quod
951 4701 1031 4745 est
1051 4706 1268 4745 currere
1296 4692 1378 4747 vel
1405 4691 1701 4756 ambulare,
1729 4690 1870 4745 idem
1895 4691 2117 4756 faciunt,

533 4784 610 4839 sic
640 4784 809 4854 pasita
834 4797 897 4837 ac
921 4783 963 4836 si
990 4793 1072 4837 est
1098 4782 1404 4851 adderetur,
1430 4793 1482 4839 et
1504 4784 1662 4854 hujus
1681 4783 1907 4854 subjecit
1930 4799 2119 4838 exem-

535 4877 678 4945 plotn
700 4914 715 4939 ,
749 4882 806 4928 ut
829 4874 995 4929 currit
1022 4879 1197 4929 omnis
1236 4877 1413 4931 liomo.
1455 4877 1510 4931 ln
1543 4879 1641 4933 liae
1676 4878 1819 4933 enim
1865 4879 2114 4949 proposi-

533 4968 678 5023 tione
726 4984 846 5040 qute
875 4969 1045 5037 dicit,
1085 4970 1255 5026 currit
1297 4972 1471 5028 omnis
1516 4975 1716 5041 homo,
1759 4990 1864 5029 non
1897 4976 2113 5044 qudem

533 5064 780 5115 convenit
806 5061 930 5129 poni
967 5072 1049 5117 est
1082 5065 1301 5118 verbum
1324 5104 1338 5127 ,
1374 5065 1563 5120 eodem
1607 5066 1769 5121 modo
1798 5067 1881 5122 vel
1912 5067 1958 5121 si
1987 5068 2109 5138 quis

533 5151 674 5206 dicat
701 5153 876 5207 omnis
907 5151 1067 5208 homo
1095 5152 1333 5208 ambulat
1358 5194 1372 5219 ,
1412 5156 1498 5210 hic
1540 5172 1748 5227 quoque
1777 5169 1858 5211 εει
1888 5159 2108 5214 verbum

532 5260 636 5301 non
662 5248 914 5302 convenit
937 5246 1080 5317 poni,
1106 5247 1200 5302 sed
1230 5247 1345 5303 haec
1369 5249 1489 5303 talia
1517 5262 1659 5316 sunt,
1690 5264 1935 5323 tanquam
1963 5254 2007 5310 si
2030 5264 2115 5310 est

531 5340 835 5396 adderetur.
870 5340 1018 5407 Quod
1049 5342 1305 5415 exemplo
1322 5342 1519 5396 docuit.
1552 5343 1681 5398 Nam
1712 5344 1848 5401 sicut
1872 5358 1955 5401 est
1984 5362 2110 5402 cur-

531 5446 653 5487 rens
678 5436 852 5488 omnis
882 5432 1044 5487 homo
1069 5433 1353 5490 affirmatio
1394 5446 1477 5489 cst
1501 5477 1516 5501 ,
1551 5450 1741 5491 cursus
1768 5440 2107 5506 praesentiam

530 5534 864 5587 monstrans,
898 5520 1204 5597 itaquoque
1231 5527 1397 5581 currit
1427 5532 1605 5583 omnis
1636 5528 1795 5583 homo
1825 5531 2111 5589 afﬁrmatio

531 5624 615 5670 est
643 5615 781 5671 idem
809 5619 1021 5686 valens,
1054 5619 1297 5690 idemque
1325 5621 1649 5690 significans.
1678 5631 1733 5677 et
1756 5622 1852 5678 has
1882 5641 1948 5680 ex
1976 5627 2109 5681 sim-

535 5715 759 5785 plicibus
784 5719 1034 5789 subjectis
1058 5720 1441 5779 afﬁrmationes
1470 5723 1520 5778 in
1543 5724 1736 5793 quibus
1760 5735 1843 5781 est
1869 5726 1974 5784 dici
2002 5745 2107 5785 non

534 5806 805 5877 convenit,
834 5824 1225 5885 consequenter
1252 5826 1531 5876 enumerat
1556 5816 1771 5902 dicens,
1795 5818 1967 5878 currit
1995 5836 2111 5878 om-

2236 494 2435 561 omnis,
2480 492 2784 549 intercurrit
2808 492 2951 564 quod
2979 502 3061 549 est
3092 493 3418 563 praedicatio,
3446 503 3499 548 et
3525 494 3820 563 subjectum

2234 587 2375 658 quod
2406 592 2491 642 est
2520 586 2701 642 homo.
2734 586 2937 645 ,Contra
2974 585 3110 641 banc
3148 585 3369 656 Opponit
3399 584 3701 655 simplicem
3732 602 3823 641 ne-

2232 681 2503 749 gationem
2527 677 2733 748 dicens,
2761 693 2865 733 non
2895 676 3061 733 currit
3082 678 3261 733 omnis
3285 677 3467 743 homo,
3493 692 3677 731 rursus
3700 678 3822 730 facit

2233 768 2644 824 allirmationem
2675 784 2739 824 ex
2775 768 2979 823 inﬁnito
3027 770 3247 825 nomine
3291 768 3459 824 currit
3501 768 3678 822 Omnis
3716 783 3819 821 non

2233 857 2419 928 homo,
2454 858 2579 914 huic
2605 856 2823 928 opponit
2852 858 3189 929 negationem
3218 859 3406 913 inﬁniti
3439 860 3673 913 nominis
3700 859 3820 912 Sttb‘

2230 948 2358 1019 jecti
2384 990 2401 1014 ,
2433 966 2541 1004 non
2570 950 2736 1004 currit
2782 950 2957 1005 omnis
3012 966 3121 1004 non
3169 951 3328 1005 homo
3352 990 3367 1016 ,
3400 962 3453 1003 et
3494 948 3592 1002 has
3625 949 3820 1001 idcirco

2234 1040 2532 1110 proposuit,
2566 1048 2623 1094 ut
2652 1049 2976 1095 monstraret
3012 1040 3152 1094 idem
3180 1041 3232 1094 in
3264 1040 3344 1095 bis
3370 1039 3594 1095 evenire
3627 1040 3678 1091 in
3708 1039 3824 1107 qui-

2231 1131 2333 1187 bus
2360 1143 2444 1188 est
2477 1148 2582 1187 non
2612 1133 2862 1187 convenit
2891 1132 3195 1203 pra-dicari,
3225 1134 3365 1202 quod
3396 1131 3449 1186 in
3480 1131 3584 1185 illis
3613 1146 3825 1200 quoque

2232 1225 2288 1279 in
2327 1225 2520 1295 quibus
2566 1235 2650 1279 est
2698 1227 2910 1279 tertium
2957 1224 3211 1295 adjacens
3261 1224 3682 1294 praedicabatur,
3735 1220 3827 1275 scd

2231 1316 2483 1386 quoniam
2514 1315 2565 1370 in
2596 1318 2876 1385 negatione
2902 1317 3094 1371 inﬁniti
3124 1316 3356 1371 nominis
3382 1314 3685 1382 substituit,
3722 1329 3829 1366 non

2231 1407 2400 1462 currit
2425 1406 2603 1461 omnis
2630 1424 2734 1461 non
2763 1406 2946 1462 homo.
2986 1408 3074 1462 Ait
3104 1423 3212 1463 non
3237 1407 3376 1462 enim
3406 1407 3696 1462 dicendum
3725 1414 3831 1469 est,

2233 1512 2340 1550 non
2368 1498 2543 1553 omnis
2574 1497 2736 1553 homo
2760 1538 2776 1565 ,
2816 1498 2911 1554 sed
2962 1515 3067 1553 non
3118 1499 3329 1571 negatio
3374 1501 3440 1554 ad
3490 1500 3544 1554 id
3575 1499 3723 1568 quod
3748 1507 3830 1555 est

2235 1587 2396 1642 homo
2442 1589 2688 1645 addenda
2725 1601 2829 1646 est.
2885 1592 3101 1646 Poterat
3147 1593 3290 1646 enim
3329 1592 3448 1660 quis
3493 1590 3683 1645 dicere
3724 1605 3828 1646 non

2235 1693 2381 1735 recte
2410 1680 2604 1737 fecisse
2636 1682 2973 1753 negationem
3018 1682 3136 1754 ejus
3166 1683 3539 1738 alﬁrmationis
3568 1698 3695 1751 quae
3724 1691 3826 1745 est,

1960 1799 2009 1854 ια
2046 1806 2129 1854 εει
2161 1802 2208 1865 Β
2234 1774 2401 1828 Currit
2425 1775 2602 1832 omnis
2633 1794 2739 1832 non
2773 1776 2933 1832 homo
2955 1819 2971 1843 ,
3019 1778 3157 1832 lianc
3203 1793 3322 1847 qua:
3351 1778 3479 1855 dicit
3509 1794 3621 1833 non
3661 1778 3827 1854 currit

2235 1868 2411 1921 omnis
2443 1885 2550 1923 non
2583 1868 2766 1936 homo,
2796 1870 2889 1924 sed
2920 1870 3093 1939 potius
3126 1870 3198 1923 ita
3232 1869 3480 1925 debuisse
3522 1871 3825 1939 oppositio-

2237 1973 2359 2015 lietn
2391 1962 2642 2015 constitui
2668 2000 2685 2026 ,
2724 1961 2892 2015 currit
2917 1963 3091 2015 omnis
3131 1976 3237 2015 non
3269 1960 3430 2015 homo
3454 2002 3469 2025 ,
3514 1975 3624 2015 non
3664 1961 3825 2017 currit

2239 2067 2347 2107 non
2374 2054 2549 2107 onmis
2582 2055 2761 2107 homo.
2813 2054 2893 2107 Ex
2936 2052 3037 2108 boc
3076 2065 3253 2108 autem
3284 2052 3621 2108 demonstrat
3652 2052 3723 2105 ita
3757 2050 3825 2104 [ες

2236 2144 2480 2198 ciendam
2504 2158 2625 2199 esse
2648 2146 3007 2215 negationem,
3036 2155 3092 2198 ut
3112 2159 3228 2200 eam
3250 2144 3364 2213 ipse
3388 2142 3681 2213 disposuit,
3703 2142 3824 2199 dicit

2237 2238 2399 2311 enim,
2426 2236 2540 2287 Non
2568 2240 2708 2290 enim
2739 2235 3025 2291 dicendum
3055 2245 3159 2303 est,
3184 2252 3288 2290 non
3310 2236 3484 2291 omnis
3518 2237 3706 2303 homo,

2235 2341 2341 2381 non
2396 2327 2608 2397 negatio
2651 2327 2718 2382 ad
2770 2328 2929 2401 homo
2975 2328 3220 2385 addenda
3247 2339 3329 2383 est
3354 2368 3370 2394 ,
3406 2332 3497 2399 qui
3524 2339 3610 2384 est
3639 2344 3823 2385 sensus

2238 2416 2543 2487 hujusmodi
2587 2437 2600 2472 :
2652 2420 2872 2488 Quoties
2917 2422 3178 2488 facimus,
3229 2424 3436 2492 inquit,
3482 2424 3822 2493 negationem

2235 2522 2421 2568 contra
2453 2512 2589 2567 hanc
2620 2514 3037 2569 altirmationem
3081 2531 3199 2585 quae
3230 2516 3399 2583 dicit,
3445 2518 3613 2571 currit
3650 2518 3823 2571 omnis

2230 2622 2341 2661 non
2374 2607 2534 2663 homo
2556 2649 2574 2677 ,
2616 2622 2723 2663 non
2760 2617 2843 2663 est
2879 2611 3119 2679 negatita
3159 2609 3416 2677 particula
3441 2649 3457 2675 ,
3500 2623 3605 2664 non
3636 2611 3823 2679 adjun-

2232 2697 2403 2767 genda
2432 2698 2484 2752 ei
2512 2698 2653 2768 quod
2684 2706 2767 2752 est
2798 2699 2975 2753 omnis
3000 2739 3017 2765 ,
3069 2700 3164 2753 sed
3206 2701 3380 2768 potius
3410 2699 3653 2770 subjecto
3676 2701 3820 2771 quod

2230 2799 2315 2846 est
2343 2790 2526 2845 homo.
2573 2788 2707 2844 Cum
2734 2793 2876 2845 enim
2904 2791 2973 2843 ita
3015 2789 3274 2857 dicimus,
3319 2792 3486 2846 currit
3511 2793 3679 2847 omnis
3703 2807 3821 2850 non

2230 2882 2393 2940 homo
2415 2923 2431 2951 ,
2464 2884 2705 2939 facienda
2751 2895 2834 2939 est
2868 2883 3080 2955 negatio
3107 2924 3123 2950 ,
3165 2899 3270 2940 non
3310 2888 3481 2940 currit
3510 2886 3671 2940 omnis
3695 2902 3814 2941 non

2236 2979 2419 3035 homo.
2447 2980 2564 3036 Non
2588 2981 2732 3036 enim
2754 2980 3041 3035 dicendum
3070 2989 3153 3035 est
3178 2995 3284 3035 non
3310 2983 3479 3036 currit
3509 2997 3609 3036 non
3633 2982 3820 3037 omnis

2229 3072 2428 3138 homo,
2477 3072 2528 3128 id
2556 3084 2638 3129 est
2681 3087 2787 3127 non
2837 3073 3077 3143 negativa
3123 3062 3382 3141 particula
3427 3087 3536 3128 non
3566 3083 3651 3128 est
3682 3072 3816 3143 adji-

1097 3162 1363 3259 él'iam
1392 3162 1551 3256 venui
1580 3216 1698 3269 qum
1729 3208 1854 3254 sum
1891 3162 2119 3266 magna.
2148 3191 2194 3255 ρ
2227 3162 2414 3218 cicnda
2437 3166 2501 3215 ad
2524 3166 2720 3269 omnis,
2745 3162 2838 3218 sed
2862 3163 3037 3269 potius
3059 3162 3124 3218 ad
3151 3164 3309 3265 liomo
3329 3181 3345 3231 ;
3365 3164 3680 3266 .hujusmodi
3702 3164 3815 3220 hcce

2231 3267 2393 3308 causa
2427 3262 2511 3308 est
2547 3254 2688 3323 quod
2732 3255 2908 3308 omnis
2946 3253 3320 3309 determinatio
3365 3254 3419 3311 in
3465 3256 3813 3310 terminorum

2231 3361 2455 3400 numero
2479 3360 2584 3399 non
2614 3345 2902 3401 ascribitur
2924 3391 2938 3415 ,
2972 3346 3065 3403 sed
3095 3348 3268 3417 potius
3296 3347 3362 3402 ad
3401 3348 3508 3402 vim
3541 3363 3730 3415 suam,
3763 3348 3813 3403 id

2229 3452 2312 3496 est
2348 3440 2416 3496 ad
2449 3440 2989 3508 determinationem,
3031 3457 3135 3496 non
3176 3441 3319 3498 enim
3361 3441 3564 3511 aliquid
3601 3443 3815 3497 univer-

2227 3533 2341 3587 sale
2379 3532 2640 3603 signiﬁcat
2684 3532 2857 3601 ipsum
2897 3533 3075 3589 omnis
3099 3574 3114 3599 ,
3160 3534 3254 3588 sed
3294 3533 3560 3603 signiﬁcat
3595 3533 3811 3604 quidem

2226 3623 2559 3690 universale,
2591 3623 2733 3693 quod
2763 3632 2845 3679 est
2875 3623 3036 3679 homo
3075 3623 3464 3679 universaliter.
3506 3624 3702 3679 Omnis
3727 3640 3813 3679 au-

2224 3724 2331 3769 tem
2352 3713 2726 3770 determinatio
2746 3724 2849 3781 est,
2872 3715 3124 3785 quoniam
3146 3716 3199 3770 id
3219 3716 3360 3786 quod
3383 3716 3694 3773 universale
3713 3725 3809 3783 est,

2222 3806 2276 3861 id
2304 3816 2387 3861 est
2405 3807 2566 3861 homo
2586 3806 2961 3861 universaliter
2979 3806 3294 3877 praedicatur
3308 3812 3447 3874 ;’non
3465 3822 3594 3879 ergo
3614 3808 3811 3876 aliquid

2223 3897 2524 3952 universale
2550 3896 2815 3967 signiﬁCat
2843 3899 3220 3954 determinatio
3248 3899 3461 3965 omnis,
3504 3899 3604 3954 sed
3637 3900 3813 3969 potius

2221 3989 2364 4059 quod
2394 3988 2699 4043 universale
2724 4004 2918 4045 nomen
2945 3990 3318 4046 universaliter
3337 3989 3687 4061 praedicatur.
3719 3994 3811 4046 At-

2221 4097 2327 4153 que
2375 4079 2497 4137 ideo
2542 4082 2752 4151 quoties
2798 4083 2851 4138 in
2892 4082 2974 4138 bis
3024 4084 3232 4155 negatio
3263 4084 3360 4152 fit,
3399 4084 3467 4139 ad
3505 4085 3812 4155 subjectum

2223 4177 2401 4246 potius
2423 4190 2618 4230 nomen
2644 4175 2782 4231 trahi
2805 4186 3019 4246 oportet
3042 4180 3382 4249 negationem
3405 4195 3513 4235 non
3540 4181 3607 4233 ad
3636 4180 3809 4255 deter-

2220 4267 2569 4323 minationem
2596 4306 2612 4332 ,
2641 4266 2736 4323 sed
2778 4284 2845 4323 ne
2888 4268 3025 4323 forte
3053 4269 3170 4338 quis
3198 4269 3442 4336 dubitet,
3476 4283 3533 4324 ut
3564 4271 3729 4325 etiam
3759 4272 3809 4325 in

2221 4358 2342 4414 aliis
2370 4372 2581 4428 quoque
2611 4358 2684 4412 ita
2712 4357 2828 4413 ﬁeri
2877 4370 3127 4429 oportere
3162 4360 3529 4431 oppositiones
3558 4360 3725 4415 dicat.
3754 4359 3809 4414 In

2221 4450 2305 4506 liis
2334 4451 2479 4506 enim
2517 4466 2636 4521 qua:
2679 4449 2980 4521 subjectum
3022 4450 3225 4506 ﬁnitum
3264 4452 3491 4516 habent,
3527 4467 3653 4508 cum
3683 4453 3810 4507 dici-

2144 4571 2198 4631 D
2223 4558 2340 4597 mus
2371 4543 2548 4598 omnis
2577 4543 2738 4597 homo
2766 4542 2957 4610 currit,
2992 4543 3038 4597 si
3067 4553 3251 4599 contra
3279 4545 3416 4600 hanc
3443 4544 3809 4599 contradicto-

2219 4635 2319 4692 rite
2365 4635 2607 4705 opposita
2636 4675 2653 4702 ,
2684 4635 2895 4705 negatio
2937 4634 3150 4704 ponitur
3193 4636 3259 4692 ad
3311 4637 3808 4697 detertninationem

2220 4728 2469 4798 negativa
2506 4727 2764 4797 particula
2810 4736 2894 4781 est
2927 4728 3336 4795 consumenda,
3385 4741 3438 4783 ut
3473 4739 3665 4785 contra
3692 4744 3804 4784 eam

2219 4835 2339 4890 qua!
2368 4819 2525 4883 dicit,
2558 4822 2732 4873 omnis
2764 4817 2925 4872 homo
2952 4818 3147 4884 currit,
3177 4834 3239 4874 ea
3268 4819 3339 4874 sit
3368 4835 3484 4889 quas
3512 4821 3672 4884 dicit,
3701 4835 3802 4874 non

2218 4910 2394 4966 omnis
2420 4910 2579 4965 liomo
2602 4909 2792 4965 currit.
2826 4909 2881 4964 ln
2911 4909 2993 4965 bis
3018 4920 3197 4965 autem
3227 4926 3343 4979 qua:
3371 4925 3433 4965 es
3464 4910 3676 4965 inﬁnito
3705 4925 3801 4964 no-

2217 5002 2363 5056 mine
2390 5000 2632 5072 subjecm
2659 5002 2823 5066 ﬁunt,
2855 5002 2969 5055 sive
3000 5002 3052 5055 in
3083 5001 3454 5063 afﬁrmatione.
3487 5001 3603 5057 sive
3630 5003 3687 5057 in
3712 5017 3797 5057 neu

2216 5094 2432 5165 gatione
2454 5108 2485 5147 a
2505 5094 2749 5165 subjecto
2771 5094 2988 5149 nomine
3010 5110 3116 5149 non
3140 5103 3223 5151 est
3242 5094 3542 5164 separanda
3570 5096 3798 5165 negatio.

2216 5187 2330 5242 Hoc
2357 5197 2533 5243 autem
2564 5187 2633 5241 ita
2664 5202 2784 5243 esse
2818 5187 3070 5243 facillitna
3098 5189 3302 5243 ratione
3342 5186 3716 5257 cognoscitur,
3744 5187 3793 5242 si

2216 5279 2691 5337 determinationes
2727 5280 2995 5351 paulisper
3030 5280 3359 5347 auferantur,
3398 5290 3454 5338 et
3483 5282 3536 5337 in
3566 5281 3798 5351 hisrpro-

2219 5375 2568 5442 positionibus
2611 5389 2679 5429 ex
2722 5374 2929 5429 infinito
2969 5375 3187 5431 nomine
3229 5374 3475 5446 subjecto
3516 5390 3639 5447 qua:
3679 5383 3799 5432 sunt

2217 5463 2510 5521 ittdeﬁnitze
2537 5467 2833 5535 speculatio
2864 5466 2975 5524 ﬁat.
3020 5469 3101 5524 Sit
3127 5468 3270 5524 enim
3302 5468 3592 5525 afﬁrmatio
3619 5467 3795 5524 indeli-

2214 5558 2347 5621 nita,
2374 5574 2479 5612 non
2510 5558 2672 5614 homo
2698 5560 2884 5616 Currit.
2912 5559 3110 5616 Contra
3139 5563 3276 5617 hanc
3300 5564 3402 5618 erit
3430 5562 3665 5633 negatio,
3692 5575 3792 5616 non

2213 5647 2375 5703 homo
2423 5665 2527 5705 non
2566 5655 2752 5708 currit.
2803 5651 2859 5708 Si
2908 5654 3069 5722 igitur
3113 5653 3196 5709 lia:
3225 5655 3618 5725 propositiones
3645 5654 3792 5710 facta

2211 5754 2337 5797 sunt
2368 5747 2418 5798 in
2451 5746 2842 5803 nniversalibus
2872 5749 3135 5817 terminis,
3174 5750 3492 5805 universalis
3519 5752 3659 5823 enim
3693 5761 3790 5805 ter-

2213 5836 2391 5893 minus
2420 5846 2532 5903 est,
2565 5837 2759 5907 homo,
2793 5838 3019 5922 sedadd
3046 5839 3247 5899 habent
3272 5841 3511 5900 additam
3539 5840 3784 5901 deleniti-
