4060 6330
298 314 406 375 5δὸ

1018 322 1082 376 IN
1128 290 1381 381 tantum
1423 326 1509 382 DE
1550 328 2198 393 INTEKPRETATIONE
2238 338 2467 397 EDITIO
2506 344 2842 403 secum.

3456 360 3565 419 555

294 435 592 501 nationem,
624 437 877 506 quoniam
909 438 1287 499 universaliter
1315 444 1693 515 prtedicantur,
1725 448 1778 504 id
1801 458 1887 506 est
1910 455 1961 515 Α
1988 462 2078 508 aut
2104 455 2247 510 enim
2278 456 2568 518 indeﬁnitae
2593 473 2750 534 sunt,
2780 479 2873 522 aut
2897 469 3250 540 universales,
3281 483 3374 532 aut
3399 484 3571 547 parti-

292 526 471 583 omnis
490 567 507 593 ,
539 534 594 583 et
617 536 827 585 servata
854 539 937 587 est
972 538 1028 588 et
1056 533 1112 588 in
1137 534 1495 594 afﬁrmatione
1517 548 1573 597 et
1601 542 1882 611 negatione

292 616 358 673 ad
387 617 688 689 subjectum
716 622 966 693 negativa
991 625 1270 695 particula.
1304 629 1528 701 Semper
1553 634 1696 689 enim
1720 634 1884 692 ﬁebat

294 724 493 767 nomen
522 712 812 783 inﬁnitum,
847 716 1011 799 etiam
1041 728 1166 776 tunc
1193 722 1408 792 quando
1436 724 1651 782 additur
1681 728 1880 800 aliquid

291 804 433 873 quod
470 804 822 873 determinet,
864 798 1067 867 nonad
1096 810 1599 875 determinationem
1632 798 1876 877 addenda

289 902 374 949 est
407 896 650 965 negatio,
689 897 782 953 sed
822 900 996 968 potius
1025 901 1091 957 ad
1132 904 1432 984 subjectum
1479 925 1696 978 nomen,
1735 913 1877 984 quod

288 1000 413 1043 cum
441 988 494 1044 in
524 988 884 1048 afﬁrmatione
919 991 1080 1050 fuerit
1114 975 1400 1054 inﬁnitum.
1447 1000 1559 1058 Hoc
1588 975 1727 1059 idem
1752 975 1878 1060 inﬁ-

288 1083 459 1138 nitum
483 1127 497 1151 ,
530 1092 588 1138 ut
624 1084 677 1140 in
708 1086 991 1157 negatione
1016 1079 1320 1147 i'evertatur
1347 1093 1733 1163 providendum
1764 1108 1875 1166 est;

288 1175 427 1231 sicut
452 1176 594 1233 enim
623 1176 827 1233 ﬁnitum
866 1180 1150 1237 terminum
1180 1190 1234 1239 et
1260 1184 1558 1255 simplicem
1600 1188 1653 1243 in
1685 1189 1768 1245 bis
1797 1190 1879 1246 in-

288 1268 523 1324 deﬁnitis
565 1270 1023 1339 propositionibus
1059 1274 1124 1328 ad
1160 1275 1573 1335 afﬁrmationem
1617 1289 1669 1337 et
1710 1296 1875 1354 nega-

287 1363 488 1417 tionem
515 1364 770 1419 custodiri
803 1374 1051 1445 oportet,
1085 1375 1144 1423 ut
1189 1369 1430 1426 dicamus
1476 1373 1644 1429 currit
1689 1376 1873 1447 homo,

287 1469 394 1511 non
423 1456 591 1511 currit
621 1457 800 1513 homo.
845 1457 921 1514 ita
947 1475 1160 1530 quoque
1193 1463 1247 1518 in
1277 1479 1338 1519 ea
1364 1467 1730 1536 propositione
1757 1483 1876 1539 qua:

229 1585 239 1598 .
286 1556 371 1604 est
395 1565 461 1604 ex
486 1549 695 1605 inﬁnito
719 1553 934 1608 nomine
959 1554 1223 1624 subjecto,
1253 1557 1393 1613 idem
1420 1561 1740 1617 servandum
1765 1574 1870 1633 εει,

1985 545 2220 641 culares,
2242 558 2334 605 aut
2354 552 2704 622 singularium
2730 566 2890 630 atque
2912 560 3329 621 individuorum.
3358 545 3418 624 Si
3440 585 3570 641 ergo

1984 637 2345 707 perspiciatur
2382 654 2595 713 quanta:
2636 647 2743 703 sint
2770 648 3060 708 indeﬁnitze
3086 637 3573 725 afﬁrmationes,et

1985 728 2081 785 has
2123 731 2169 786 si
2216 747 2313 803 per
2353 739 2755 805 quaternarium
2805 759 3085 801 numerum
3124 748 3577 821 multiplicavero,_

1983 823 2252 893 colligitur
2277 825 2410 882 mihi
2439 845 2692 886 numerus
2720 832 3170 906 afﬁrmationum;
3214 857 3371 912 quem
3402 844 3446 899 si
3472 844 3571 900 du-

1981 913 2146 985 plico,
2175 916 2441 989 colligitur
2467 922 2980 994 etiamnegationum
3014 928 3115 987 hoc
3140 934 3303 987 modo
3330 952 3340 987 :
3375 936 3572 1008 praedi-

1982 1019 2136 1065 catur
2181 1011 2323 1067 enim
2372 1022 2456 1071 est
2492 1026 2583 1071 aut
2612 1016 2784 1087 ipsum
2815 1021 2984 1077 solum
3011 1065 3027 1091 ,
3059 1034 3149 1079 aut
3178 1036 3323 1083 certe
3351 1032 3568 1086 tertium

1980 1102 2229 1174 adjacens
2267 1120 2389 1163 cum
2432 1106 2575 1174 alio;
2609 1119 2663 1165 et
2692 1112 2752 1167 si
2784 1114 2955 1171 solum
2998 1119 3349 1189 praedicatur,
3385 1133 3475 1180 aut
3504 1126 3570 1180 ad

1979 1209 2177 1252 nomen
2205 1197 2437 1269 simplex
2468 1209 2631 1271 atque
2655 1198 2865 1260 ﬁnitum
2887 1208 3230 1276 prmdicatum
3257 1223 3343 1270 est
3383 1227 3473 1273 aut
3502 1216 3569 1273 ad

1978 1284 2266 1344 inﬁnitum.
2303 1290 2382 1346 Ex
2408 1290 2514 1361 his,
2544 1292 2665 1350 dua:
2690 1306 2816 1351 sunt
2842 1296 3242 1369 afﬁrmationes,
3270 1315 3354 1361 est
3383 1304 3567 1378 homo,

1979 1388 2063 1434 est
2088 1395 2197 1436 non
2228 1380 2414 1438 homo.
2464 1383 2685 1452 Quoties
2733 1396 2912 1445 autem
2952 1398 3037 1447 est
3076 1395 3287 1449 tertium
3318 1397 3570 1467 adjaceus

1978 1472 2316 1539 praedicatur,
2364 1484 2595 1545 quatuor
2643 1488 2804 1534 erunt
2844 1480 3266 1553 afﬁrmationes,
3306 1497 3399 1543 aut
3446 1506 3566 1547 cum

1978 1563 2280 1634 subjectum
2325 1566 2590 1624 inﬁnitum
2631 1578 2715 1627 est
2758 1573 2930 1628 solum
2956 1615 2973 1642 ,
3023 1584 3082 1631 ut
3110 1586 3231 1645 est,
3273 1595 3379 1636 non
3410 1583 3571 1640 homo

284 1650 345 1695 ut
373 1641 513 1713 quod
538 1642 589 1697 in
628 1643 984 1700 aiﬁrmatione
1018 1646 1316 1717 subjectum
1346 1661 1428 1706 est
1465 1652 1604 1708 idem
1633 1663 1875 1711 servetur
1971 1653 2182 1725 justus,
2213 1666 2306 1713 aut
2333 1672 2455 1714 cum
2486 1662 2832 1731 praedicatum
2863 1666 3127 1723 inﬁnitum
3159 1641 3242 1726 est
3270 1671 3441 1729 solum
3463 1714 3480 1742 ,
3513 1685 3572 1731 ut

284 1734 445 1788 etiam
469 1733 522 1788 in
549 1735 864 1805 negatione;
898 1737 1040 1807 quod
1068 1739 1111 1793 si
1146 1738 1247 1795 hoc
1269 1741 1322 1795 in
1348 1741 1411 1796 iis
1436 1759 1553 1813 quae
1575 1753 1698 1801 sunt
1720 1745 1873 1803 inde-

1977 1757 2084 1813 est,
2108 1746 2271 1805 homo
2291 1761 2500 1808 estnon
2520 1753 2718 1822 justus,
2746 1764 2977 1813 autcum
3004 1768 3229 1832 utraque
3250 1763 3398 1819 ﬁnita
3424 1777 3568 1833 sunt,

289 1825 457 1880 finitae
486 1827 647 1892 venit,
674 1842 771 1883 cur
794 1844 899 1884 non
927 1830 1085 1885 etiam
1110 1830 1162 1886 in
1185 1832 1291 1889 illis
1311 1833 1450 1890 idem
1480 1836 1593 1891 ﬁeri
1624 1847 1875 1909 oportere
1902 1843 1951 1906 B
1980 1847 2037 1894 ut
2063 1849 2164 1906 est,
2191 1841 2365 1912 justus
2394 1845 2590 1912 homo,
2621 1855 2714 1901 aut
2740 1861 2861 1902 cum
2889 1857 3117 1922 utraque
3148 1852 3297 1910 ﬁnita
3326 1866 3484 1924 sunt,
3512 1871 3572 1913 ut

288 1916 535 1972 videatur
554 1934 672 1988 quae
693 1920 925 1976 deﬁnitm
951 1924 1112 1977 sunt?
1131 1923 1242 1979 Hoc
1267 1926 1440 1982 solum
1466 1928 1607 1984 enim
1634 1930 1873 1988 deﬁnita

281 2009 348 2063 ab
377 2008 669 2067 indeﬁnitis
700 2012 979 2079 differunt,
1020 2016 1159 2086 quod
1190 2031 1310 2073 cum
1341 2019 1627 2077 indeﬁnite
1657 2025 1872 2083 univer-

280 2102 413 2159 salia
446 2104 768 2175 praedicant,
803 2120 997 2178 prteter
1028 2111 1444 2169 universalitatis
1470 2115 1873 2176 determinatio-

285 2208 405 2250 netn
434 2196 804 2255 determinatae
834 2241 846 2265 ,
891 2209 947 2255 et
986 2201 1219 2258 deﬁnitae.
1248 2202 1388 2260 idem
1417 2205 1549 2261 illud
1581 2208 1875 2278 praedicant

281 2289 583 2347 universale
607 2306 729 2348 cum
759 2293 1058 2371 adjectione
1085 2305 1141 2352 et
1175 2297 1589 2369 signiﬁcatione,
1620 2304 1872 2372 quoniam

283 2381 658 2440 universaliter
687 2368 1024 2457 praedicatur.
1057 2386 1198 2443 Nihil
1227 2368 1386 2459 igitur
1411 2390 1555 2446 aliud
1583 2368 1758 2449 omnis
1785 2394 1873 2450 vel

282 2476 462 2533 nullus
488 2478 768 2550 signiﬁcat,
800 2483 899 2538 nisi
930 2483 1181 2555 quoniam
1210 2485 1262 2541 id
1292 2485 1433 2557 quod
1464 2488 1763 2545 universale
1792 2491 1874 2547 di-

281 2570 421 2626 citur
440 2573 812 2631 universaliter
834 2576 1181 2647 praedicatur;
1205 2594 1333 2651 ergo
1352 2581 1531 2637 omnia
1549 2583 1734 2641 eadem
1756 2600 1875 2656 qua:

280 2659 336 2715 in
361 2660 716 2721 afﬁrmatione
738 2676 792 2722 et
813 2668 1095 2739 negatione
1117 2669 1171 2726 in
1200 2670 1492 2730 indeﬁnitis
1516 2675 1871 2747 ponebantur,

282 2753 468 2809 eadem
500 2752 711 2828 queque
749 2769 803 2814 et
848 2760 900 2815 in
941 2760 1144 2818 eisdem
1188 2762 1563 2821 determinatis
1610 2770 1873 2826 servanda

280 2857 421 2902 sunt.
472 2850 657 2907 Omnis
704 2852 844 2908 enim
889 2862 943 2910 et
994 2856 1172 2911 nullus
1211 2872 1317 2913 non
1345 2868 1467 2914 sunt
1493 2861 1747 2929 termini,
1776 2862 1873 2919 sed

280 2939 598 2998 universalis
645 2946 860 3001 tennini
910 2947 1403 3008 determinationes.
1452 2951 1548 3008 llis
1594 2952 1756 3023 igitur
1804 2955 1874 3011 ab

282 3030 575 3090 Aristotele
605 3034 881 3106 discursis,
913 3055 1013 3095 nos
1037 3055 1251 3112 quoque
1278 3057 1306 3098 a
1348 3043 1597 3115 Syriano,
1627 3046 1710 3101 cui
1739 3045 1870 3103 Phi-

282 3122 478 3180 loxeno
498 3141 790 3197 cognomen
813 3145 934 3188 esse
950 3148 1110 3203 supra
1127 3136 1426 3203 retulimus,
1442 3140 1867 3209 propositionum

1978 1936 2081 1995 est,
2109 1946 2215 1987 non
2233 1932 2409 2002 justus
2433 1950 2538 1989 non
2559 1935 2740 1994 homo.
2758 1938 2922 2011 Magis
2948 1951 3124 1998 autem
3145 1944 3327 2014 plures
3352 1949 3437 2004 his
3461 1966 3568 2006 non

1976 2034 2135 2077 erunt
2164 2026 2531 2095 oppositiones
2553 2069 2567 2094 ,
2600 2037 2659 2081 ut
2682 2022 2802 2098 ipse
2830 2031 2925 2085 ait.
2968 2030 3099 2087 Cum
3133 2034 3291 2105 igitur
3326 2054 3424 2095 sex
3464 2041 3571 2096 sint

1975 2112 2363 2171 afﬁrmationes
2386 2158 2402 2182 ,
2442 2116 2562 2171 dua:
2592 2118 2786 2188 quibus
2816 2129 2901 2176 est
2938 2123 3256 2191 praedicatur
3284 2168 3298 2193 ,
3340 2138 3570 2199 quatuor

1973 2217 2104 2259 vero
2124 2203 2398 2274 adjacens,
2421 2206 2517 2262 has
2542 2208 2586 2262 si
2614 2223 2709 2278 per
2730 2215 3127 2280 quaternarium
3149 2216 3363 2287 ducam,
3382 2219 3569 2292 viginti
3638 2218 3653 2231 ’

1930 2314 1933 2317 ·
1974 2305 2201 2367 quatuor
2232 2297 2392 2363 ﬁent,
2430 2313 2562 2369 quas
2592 2315 2779 2356 rursus
2817 2303 2864 2356 si
2896 2303 3107 2360 binario
3136 2323 3363 2364 numero
3390 2313 3568 2368 multi-

1975 2388 2165 2457 plicem
2191 2428 2209 2455 ,
2252 2389 2601 2460 quadraginta
2642 2400 2765 2446 octo
2808 2392 2941 2448 mihi
2982 2410 3191 2452 summa
3229 2412 3564 2468 succrescet;

1976 2492 2054 2540 tot
2083 2484 2246 2554 igitur
2274 2493 2434 2541 erunt
2470 2486 2855 2542 nfﬁr’mationes
2891 2496 2948 2544 et
2974 2491 3287 2561 negationes
3313 2509 3567 2565 qumcun-

1974 2591 2080 2645 que
2111 2576 2191 2631 vel
2221 2576 2509 2645 praedicato
2536 2584 2619 2631 est
2642 2576 2808 2633 verbo
2846 2578 2931 2634 vel
2961 2568 3257 2650 adjacenti,
3291 2593 3345 2639 et
3372 2586 3569 2654 praedi-

1974 2677 2096 2725 cato
2144 2668 2296 2724 ﬁunt.
2342 2669 2517 2736 Quare
2556 2671 2807 2738 quoniam
2839 2680 2954 2729 tres
2981 2683 3109 2729 sunt
3135 2674 3254 2732 alia:
3280 2678 3569 2746 qualitates

1976 2763 2398 2835 propositionum
2426 2778 2546 2833 qua
2594 2774 2719 2819 sunt
2746 2767 3061 2821 necessaria:
3091 2769 3484 2839 contingentes,
3511 2781 3567 2827 et

1974 2854 2029 2910 in
2060 2869 2180 2911 esse
2210 2863 2413 2910 tantum
2443 2854 2824 2926 signiﬁcantes,
2855 2860 3149 2914 secundum
3177 2874 3311 2930 quas
3337 2862 3565 2930 qualita-

1974 2955 2055 3003 tes
2091 2947 2207 3003 istae
2239 2962 2426 3003 omnes
2452 2949 2847 3018 propositiones
2874 2950 3255 3022 proferuntur;
3299 2952 3397 3009 has
3430 2970 3564 3024 qua-

1972 3039 2217 3112 draginta
2246 3048 2368 3096 octo
2400 3041 2793 3111 propositiones
2812 3044 2859 3099 si
2887 3043 2942 3099 in
2968 3046 3261 3101 ternarium
3282 3062 3564 3104 numerum

1972 3134 2301 3202 duxerimus,
2330 3133 2539 3190 scilicet
2561 3136 2855 3192 secundum
2887 3139 3313 3208 propositionum
3340 3142 3566 3213 qualitae

280 3217 517 3274 omnium
549 3236 828 3279 numerum
857 3264 875 3291 ,
903 3225 972 3282 de
994 3226 1192 3297 quibus
1244 3228 1298 3285 in
1342 3232 1443 3287 hac
1487 3232 1607 3288 libri
1635 3232 1873 3305 diSputa-

1979 3236 2091 3296 tes,
2125 3237 2342 3283 centum
2384 3226 2735 3299 quadraginta
2778 3240 3008 3299 quatuor
3036 3232 3276 3288 omnium
3318 3234 3564 3305 proposi-

282 3309 423 3365 tione
446 3315 746 3383 perpendit,
775 3317 931 3373 nimis
956 3319 1022 3373 ad
1051 3320 1163 3377 rem
1197 3322 1551 3391 pertinentem
1580 3336 1739 3397 atque
1765 3331 1870 3385 uti-

284 3400 385 3457 lem
414 3406 818 3476 transferamus,
852 3420 904 3466 et
936 3412 1082 3483 prius
1112 3416 1540 3486 perspiciendum
1572 3429 1657 3477 est
1683 3421 1738 3477 in
1768 3437 1863 3479 ca-

283 3495 529 3565 tegoricis
554 3503 1003 3571 propositionibus
1024 3516 1153 3577 quot
1177 3508 1471 3566 indeﬁnita‘.
1495 3510 1622 3570 sint.
1646 3513 1869 3580 Quantae

282 3585 423 3640 enim
471 3587 668 3647 fuerint
711 3592 1003 3651 indeﬁnitm
1026 3635 1045 3664 ,
1076 3605 1156 3654 tot
1190 3609 1348 3655 erunt
1392 3601 1723 3659 universales
1746 3644 1762 3668 ,
1793 3613 1871 3660 tot

281 3676 663 3750 particulares,
715 3695 794 3741 tot
845 3688 1193 3759 Singularium
1256 3701 1415 3763 atque
1466 3692 1864 3750 individuorum

288 3771 678 3840 aropositiones
697 3816 713 3843 ,
748 3787 801 3833 et
831 3782 976 3848 prius
1004 3781 1218 3852 quidem
1248 3781 1634 3841 afﬁrmationes
1664 3787 1868 3858 perspi-

281 3859 482 3921 tiatuus
504 3865 606 3924 hoc
627 3868 806 3926 modo.
839 3869 1077 3939 Quatuor
1105 3874 1247 3930 modi
1268 3885 1395 3932 sunt
1418 3878 1866 3947 propositionum,

926 3986 1020 4042 Est
1048 3987 1228 4043 homo.

921 4079 1019 4136 Est
1046 4082 1225 4138 omnis
1256 4083 1438 4142 homo.

921 4174 1020 4231 Est
1050 4158 1266 4246 quidam
1292 4176 1474 4234 homo.

923 4267 1017 4325 Est
1045 4270 1318 4326 Socrates.

925 4384 1021 4441 Est
1039 4385 1217 4456 justus
1246 4401 1349 4443 non
1380 4387 1565 4444 homo.

919 4473 1015 4530 Est
1033 4476 1211 4546 justus
1240 4479 1419 4535 omnis
1441 4494 1548 4536 non
1581 4480 1759 4536 homo.

924 4568 1019 4623 Est
1042 4569 1221 4638 justus
1249 4572 1468 4642 quidam
1499 4587 1604 4628 non
1636 4573 1817 4629 homo.

843 4688 847 4691 λ
927 4658 1024 4715 Est
1052 4660 1229 4730 justus
1258 4679 1367 4720 non
1397 4663 1667 4721 Socrates.

931 4773 1025 4830 Est
1056 4791 1161 4831 non
1192 4776 1373 4832 homo.

934 4867 1029 4925 Est
1056 4872 1230 4926 omnis
1256 4886 1365 4927 non
1395 4872 1580 4928 homo.

935 4962 1031 5017 Est
1053 4964 1269 5033 quidam
1299 4963 1612 5039 non'ltomo.

929 5054 1025 5112 Est
1050 5071 1154 5113 non
1180 5056 1450 5113 Socrates.

928 5166 1025 5222 Est
1053 5181 1159 5222 non
1178 5168 1355 5237 justus
1382 5166 1566 5223 homo.

846 5252 849 5255 ⁴
931 5256 1165 5314 Εειήοη
1183 5257 1359 5328 justus
1387 5255 1565 5313 omnis
1592 5252 1771 5309 homo.

1976 3318 2181 3375 tionum
2213 3317 2701 3388 praedicativarum,
2730 3317 2801 3373 de
2827 3319 3019 3389 quibus
3051 3321 3155 3377 hoc
3185 3322 3321 3379 libro
3349 3331 3561 3397 tractat,

1975 3409 2336 3465 numerositas
2358 3417 2585 3465 crescet.
2618 3408 2725 3465 Sed
2755 3424 2898 3466 nunc
2923 3420 3120 3481 praeter
3145 3415 3242 3471 has
3268 3424 3379 3474 tres
3397 3418 3567 3487 quali-

1975 3507 2115 3556 tates
2144 3514 2238 3556 eas
2264 3514 2384 3570 qua:
2414 3507 2538 3554 sunt
2559 3538 2577 3566 ,
2607 3498 2961 3569 quadraginta
3006 3512 3128 3558 octo
3170 3506 3569 3574 propositiones

1974 3610 2096 3651 cum
2126 3591 2500 3663 negationibus
2525 3591 2665 3657 suis;
2705 3605 2839 3659 quas
2864 3592 2905 3647 si
2938 3608 3034 3662 per
3058 3595 3343 3663 qualitates
3370 3612 3567 3668 propo~

1976 3686 2214 3754 sitionis,
2246 3683 2604 3739 necessariam
2634 3681 2843 3737 scilicet
2880 3684 3281 3754 contingentem
3313 3694 3367 3742 ct
3392 3688 3570 3742 inesse

1975 3776 2360 3849 signiﬁcantem
2417 3771 2878 3841 multiplicavero,
2948 3783 3164 3832 centum
3218 3776 3568 3849 quadrag‘nta

1979 3879 2211 3942 quatuor
2244 3868 2396 3933 ﬁent,
2422 3864 2608 3921 subter
2635 3863 2995 3936 ascripsimus.

1912 3986 2032 4044 Non
2060 3994 2144 4041 est
2171 3982 2352 4038 homo.

1912 4084 2030 4139 Non
2055 4088 2139 4136 est
2165 4077 2343 4135 omnis
2371 4074 2553 4131 homo.

1913 4175 2031 4232 Non
2059 4181 2144 4230 est
2167 4169 2384 4242 quidam
2415 4167 2597 4224 homo.

1912 4269 2031 4326 Non
2058 4276 2143 4324 est
2163 4265 2431 4322 Socrates.

1911 4385 2029 4441 Non
2056 4392 2143 4441 est
2164 4382 2339 4453 justus
2367 4393 2474 4435 non
2506 4378 2686 4435 homo.
2942 4451 2950 4460 ν

1909 4477 2024 4531 Non
2054 4482 2137 4531 est
2157 4473 2334 4544 justus
2355 4469 2531 4527 omnis
2554 4485 2659 4525 non
2682 4470 2863 4525 homo.

1912 4568 2029 4625 Non
2062 4576 2146 4624 est
2166 4565 2343 4636 justus
2371 4564 2585 4635 quidam
2611 4579 2717 4619 non
2744 4561 2921 4619 homo.

1908 4662 2025 4718 Non
2058 4670 2141 4717 est
2165 4659 2339 4729 justus
2370 4671 2476 4713 non
2504 4658 2772 4714 Socrates.

1910 4773 2026 4831 Non
2058 4781 2143 4828 est
2167 4787 2273 4829 non
2301 4770 2481 4826 homo.

1907 4868 2028 4925 Non
2056 4875 2139 4923 est
2162 4865 2341 4922 omnis
2368 4879 2473 4920 non
2498 4863 2678 4919 homo.

1902 4959 2023 5015 Non
2049 4968 2133 5015 est
2158 4957 2373 5028 quidam
2401 4971 2506 5011 non
2538 4955 2717 5013 homo.

1914 5049 2030 5107 Non
2060 5058 2147 5106 est
2174 5064 2280 5105 non
2313 5049 2586 5105 Socrates.

1910 5160 2031 5217 Non
2060 5169 2144 5217 est
2168 5174 2276 5216 non
2302 5159 2481 5230 justus
2512 5158 2692 5214 homo.

1914 5249 2031 5307 Non
2060 5256 2144 5306 est
2171 5263 2277 5304 non
2304 5249 2477 5319 justus
2506 5250 2683 5303 omnis
2711 5245 2887 5304 homo.

934 5340 1031 5408 Est
1059 5366 1164 5407 non
1189 5350 1367 5420 justus
1394 5347 1611 5419 quidam
1648 5345 1829 5401 homo.
1913 5342 2032 5398 Non
2056 5348 2138 5396 est
2166 5354 2272 5395 non
2296 5339 2475 5410 justus
2500 5338 2716 5409 quidam
2742 5338 2921 5395 homo.

931 5443 1027 5501 Est
1054 5459 1159 5499 non
1188 5443 1365 5512 justus
1390 5443 1661 5500 Socrates.

940 5562 1037 5620 Est
1060 5562 1237 5633 justus
1265 5561 1449 5618 homo.

939 5654 1035 5711 Est
1052 5654 1231 5724 justus
1258 5652 1437 5708 omnis
1465 5648 1650 5705 homo.

939 5745 1035 5800 Est
1058 5745 1233 5814 justus
1262 5741 1478 5813 quidam
1513 5741 1691 5796 homo.

940 5837 1033 5892 Est
1058 5835 1232 5904 justus
1257 5835 1522 5894 Socrates.

626 5930 892 5991 i'n‘aos.
945 5927 1164 5988 LXIV.

1907 5433 2028 5491 Non
2052 5440 2137 5490 est
2161 5446 2269 5489 non
2291 5431 2462 5501 justus
2488 5430 2757 5487 Socrates.

1906 5553 2024 5611 Non
2051 5560 2134 5610 est
2157 5552 2333 5623 justus
2362 5553 2543 5608 homo.

1806 5674 1819 5681 ε
1900 5644 2019 5701 Non
2048 5654 2134 5701 est
2157 5646 2333 5715 justus
2356 5644 2533 5699 omnis
2559 5642 2739 5697 homo.
3210 5671 3219 5697 ξ
3249 5673 3275 5701 ,ι

1910 5734 2026 5792 Non
2057 5745 2139 5792 est
2164 5735 2339 5804 justus
2367 5731 2583 5803 quidam
2612 5730 2789 5788 homo.

1903 5824 2021 5884 Non
2051 5835 2133 5882 est
2156 5824 2330 5893 justus
2353 5822 2625 5881 Socrates.

2831 5859 2962 5881 AIGO‘

2634 5956 2783 6009 “5"”
