4090 6342
480 362 584 419 555
1716 348 1825 403 an.
1870 342 2074 404 nam.
2115 346 2262 405 sev.
2306 348 2527 407 socru
3328 308 3331 309 ί
3633 328 3740 397 sic;

1123 467 1217 520 Est
1247 474 1351 519 non
1377 464 1552 532 justus
1578 474 1683 517 non
1710 462 1892 518 homo.

2072 462 2187 519 Non
2218 472 2301 520 est
2326 478 2430 520 non
2456 464 2634 536 justus
2663 476 2770 520 non
2803 462 2981 519 homo.

1119 557 1217 612 Est
1233 570 1338 617 non
1358 555 1532 624 justus
1547 554 1720 607 omnis
1737 566 1844 609 non
1864 554 2041 607 homo.
2080 553 2194 608 Non
2214 561 2297 610 est
2317 562 2422 610 nun
2446 554 2623 625 justus
2642 554 2816 611 omnis
2840 562 2948 609 non
2968 551 3169 610 homo;

1120 650 1517 719 Estnonjustus
1529 650 1741 718 quidam
1756 656 1861 703 non
1876 649 2058 704 homo.
2072 648 2189 705 Non
2208 661 2290 707 est
2316 664 2420 706 non
2443 648 2616 723 justus
2636 651 2850 723 quidam
2881 666 2989 708 non
3013 648 3190 709 homo.

1120 742 1216 797 Est
1240 757 1349 797 non
1373 741 1549 811 justus
1579 752 1682 795 non
1714 739 1986 796 Socrates.
2076 738 2192 796 Non
2216 748 2428 811 estnon
2452 743 2631 813 justus
2660 758 2766 801 non
2795 738 3062 803 Socrates.

424 870 439 899 ·’
538 885 643 940 Has
667 884 822 953 igitur
848 881 1245 953 pr0positioues
1274 878 1500 951 Syriano
1512 876 1737 934 calculis
1752 876 2054 946 colligente,
2083 877 2141 939 A
2160 880 2511 957 eodemsilla
2540 882 2685 937 enim
2714 880 3002 936 afﬁrmatio
3033 879 3102 935 de
3130 879 3431 936 hominibus
3461 878 3599 933 facta
3622 885 3735 944 est,

475 990 569 1029 nos
591 988 802 1045 quoque
828 972 1138 1027 nominatim
1167 970 1547 1038 diSposuimus,
1576 965 1777 1022 idcirco
1803 965 2055 1035 quoniam

473 1068 678 1125 facilior
708 1066 841 1123 ﬁdes
872 1066 1155 1123 habebitur
1182 1080 1430 1127 numero,
1461 1066 1503 1117 si
1535 1079 1628 1131 per
1657 1063 1906 1133 exempla
1934 1078 2059 1132 pro-

472 1160 681 1214 dantur.
717 1158 889 1213 Simul
936 1158 1119 1223 etiam,
1172 1154 1423 1225 quoniam
1475 1153 1614 1208 male
1660 1152 1848 1208 doctus
1879 1153 1945 1207 de
1975 1151 2057 1208 bis

470 1249 930 1321 propositionibus
960 1246 1365 1319 perversissime
1401 1244 1796 1313 contendebat,
1830 1253 1884 1298 et
1910 1243 2057 1297 afﬁr-

472 1342 735 1397 mationes
759 1340 971 1412 quidem
1000 1337 1341 1410 negatiOuum
1376 1336 1496 1391 loco
1521 1351 1748 1405 ponens,
1780 1351 1872 1404 per
1900 1349 2060 1404 nega-

472 1433 644 1493 tiones
676 1446 803 1487 vero
830 1428 1245 1485 alﬁrmatiunum
1278 1435 1445 1483 totum
1477 1424 1723 1481 ordinem
1768 1425 2057 1480 confunde—

473 1524 585 1579 bat.
618 1524 796 1592 Quare
834 1539 901 1578 ne
939 1538 1096 1593 quem
1138 1520 1280 1574 illius
1327 1519 1498 1574 oratio
1546 1534 1574 1572 a
1626 1527 1789 1573 recta:
1834 1517 2058 1572 rationis

470 1617 694 1672 veritate
725 1616 1060 1683 traduceret,
1093 1613 1292 1668 idcirco
1322 1612 1458 1666 hanc
1485 1610 1552 1666 ad
1584 1610 1823 1667 elatioris
1850 1626 2056 1666 memo-

470 1708 562 1763 rias
587 1707 882 1770 subsidium
924 1704 1148 1759 fecimus
1178 1703 1605 1772 dispositionem.

545 1801 797 1868 Quoniam
822 1815 934 1854 vero
964 1798 1222 1851 contraria
1254 1806 1327 1849 est
1364 1796 1563 1865 negatio
1591 1794 1635 1847 ei
1657 1808 1768 1862 qua!
1796 1801 1887 1856 est,
1916 1806 2060 1845 omne

470 1890 665 1944 animal
695 1899 767 1945 est
796 1890 1026 1962 justum,
1055 1885 1149 1940 illa
1176 1902 1288 1954 qua:
1313 1886 1566 1956 signiﬁcat
1588 1883 1830 1953 quoniam
1860 1881 2060 1936 nullum

469 1980 661 2036 animal
699 1989 771 2034 est
802 1980 1038 2050 justum,
1091 1977 1169 2031 ha:
1205 1977 1410 2047 quidem
1454 1975 1775 2045 manifestum
1816 1984 1886 2027 est
1926 1970 2060 2041 quod

469 2086 729 2139 nunquam
756 2078 902 2123 erunt
929 2085 1087 2137 neque
1112 2082 1240 2120 verae
1265 2065 1418 2119 simul
1442 2081 1600 2134 neque
1645 2065 1696 2117 in
1729 2062 1903 2117 eodem
1926 2063 2055 2132 ipso.

382 2208 391 2215 .
469 2161 570 2217 His
595 2177 709 2216 vero
736 2160 985 2232 opposin
1008 2168 1153 2214 erunt
1175 2157 1474 2227 aliquando,
1497 2166 1550 2209 ut
1573 2171 1673 2210 non
1699 2171 1843 2208 omne
1865 2151 2058 2208 animal

468 2254 658 2323 iustum
685 2261 779 2318 est,
806 2261 851 2305 et
883 2260 954 2305 est
984 2248 1193 2318 aliquod
1222 2248 1418 2301 animal
1438 2249 1661 2319 justum.

538 2341 650 2398 Hoc
671 2356 883 2419 quoque
908 2348 992 2395 est
1014 2338 1423 2408 diligentissime
1453 2337 1698 2406 superius
1721 2334 2056 2390 demonstra-

470 2440 604 2498 tum,
636 2433 890 2503 quoniam
920 2430 1203 2487 contrariae
1239 2428 1520 2499 aliquoties
1550 2442 1731 2483 verum
1765 2426 2056 2494 falsumque

469 2526 789 2591 dividerent,
813 2525 857 2580 si
888 2538 979 2580 aut
1006 2524 1059 2579 in
1092 2523 1252 2579 rebus
1281 2521 1630 2587 naturalibus,
1658 2530 1746 2575 aut
1776 2521 1826 2574 in
1858 2519 2057 2587 impos-

468 2619 714 2676 sibilibus
744 2625 1200 2689 proponerentur;
1228 2614 1512 2686 aliquoties
1539 2627 1667 2667 vero
1712 2610 1870 2666 simul
1904 2609 2056 2664 inve-

469 2711 570 2767 niri
592 2725 751 2781 posse
774 2710 955 2778 falsas,
980 2711 1023 2765 si
1056 2725 1145 2765 res
1179 2723 1350 2779 neque
1370 2705 1638 2761 naturales
1668 2717 1840 2773 neque
1859 2701 2057 2770 impos-

466 2803 648 2859 sibiles
665 2801 1042 2874 praedicarent.
1063 2799 1375 2856 Contrarias
1390 2806 1566 2851 autem
1587 2809 1706 2850 esse
1728 2793 1928 2848 dictum
1950 2798 2055 2858 est,

467 2893 513 2950 si
529 2893 645 2965 quis
666 2895 749 2950 vel
769 2893 1085 2948 afﬁrmative
1106 2891 1189 2946 vel
1214 2891 1457 2960 negative
1477 2885 1834 2942 universalem
1860 2885 2058 2939 faceret

467 2986 884 3043 enuntiationem
900 3000 916 3050 ;
933 2999 1060 3055 ergo
1082 2998 1223 3037 nunc
1246 2981 1347 3035 hoc
1369 2978 1501 3035 dicit
1527 2993 1542 3031 :
1565 2992 1684 3048 quae
1696 2984 1841 3039 sunt,
1866 2974 2055 3044 inquit,

468 3076 749 3132 contraria:
778 3074 938 3129 simul
970 3089 1109 3129 verte
1138 3087 1259 3128 esse
1290 3088 1395 3125 non
1430 3077 1689 3139 possunt,
1730 3074 1784 3122 et
1814 3068 1914 3121 hoc
1951 3081 2057 3121 non

468 3166 586 3222 sine
616 3164 840 3236 quadam
879 3180 1060 3220 rerum
1085 3160 1528 3217 determinatione
1564 3158 1774 3213 locutus
1808 3166 1926 3219 est;
1982 3156 2059 3210 ait

469 3256 611 3313 enim
641 3275 656 3311 :
680 3256 941 3324 Quoniam
965 3270 1093 3310 vero
1112 3254 1377 3308 contraria
1405 3260 1487 3306 est
1508 3252 1716 3320 negatio
1740 3249 1788 3303 ei
1813 3260 1932 3318 qua:
1952 3256 2054 3313 est,

468 3361 628 3405 omne
648 3355 729 3404 est
750 3346 947 3402 animal
968 3347 1193 3418 justum,
1218 3345 1421 3400 scilicet
1441 3342 1803 3409 afﬁrmationi,
1826 3341 1914 3396 illa
1936 3348 2055 3411 quas

469 3441 750 3513 signiﬁcat,
772 3440 1022 3512 quoniam
1047 3439 1251 3494 nullum
1275 3446 1358 3493 est
1378 3437 1575 3492 animal
1593 3435 1827 3506 justum;
1851 3432 2054 3490 scilicet

468 3534 702 3605 negatio,
726 3532 809 3589 hac
838 3532 1072 3602 quidem,
1095 3531 1281 3602 inquit,
1315 3532 1562 3601 quoniam
1594 3539 1717 3584 sunt
1747 3526 2051 3595 contrariae,

468 3642 589 3701 qua:
637 3626 795 3682 simul
827 3640 968 3682 vera:
1004 3638 1125 3681 esse
1164 3639 1270 3677 non
1311 3631 1569 3693 possunt,
1609 3619 1949 3675 manifestum
1978 3620 2137 3686 estC

469 3717 722 3790 quoniam
754 3733 1022 3789 nunquam
1052 3723 1249 3781 erunt,
1291 3730 1462 3785 neque
1515 3727 1653 3768 verre
1694 3710 1853 3765 simul
1888 3722 2060 3779 neque

470 3809 527 3865 in
552 3811 740 3866 eodem
762 3850 779 3877 ,
806 3809 899 3863 sed
934 3807 1074 3877 quod
1107 3807 1239 3860 dixit
1264 3820 1439 3874 neque
1469 3818 1612 3859 verae
1649 3802 1842 3866 simul,
1877 3799 2063 3868 hujus-

470 3902 615 3957 modi
655 3912 757 3956 est.
804 3900 945 3955 Nihil
985 3900 1129 3956 enim
1170 3899 1416 3967 prohibet
1445 3898 1553 3951 alio
1582 3906 1637 3950 et
1685 3896 1791 3948 alio
1819 3905 2059 3962 tempore

471 4002 528 4051 et
563 3994 968 4049 afﬁrmationem
1012 3991 1405 4056 universalem,
1435 3998 1488 4043 et
1527 3988 1860 4055 negationem
1899 3999 2061 4040 vera-

475 4085 614 4142 citer
642 4100 801 4156 posse
827 4084 1092 4155 proponi,
1137 4091 1193 4135 ut
1221 4081 1268 4137 si
1304 4079 1419 4149 quis
1460 4078 1601 4134 dicat
1638 4094 1651 4130 :
1683 4081 1858 4132 omnis
1898 4076 2063 4131 homo

470 4179 645 4249 iustus
672 4189 751 4235 est
776 4219 792 4245 ,
832 4178 934 4232 hoc
962 4176 1009 4231 si
1035 4188 1198 4230 aureo
1228 4173 1426 4229 saeculo
1449 4170 1718 4226 diceretur
1737 4211 1753 4235 ,
1782 4169 2061 4225 verissime

473 4278 885 4342 proponeretur.
914 4266 1065 4333 Quod
1088 4265 1135 4321 si
1157 4265 1276 4335 quis
1301 4278 1486 4319 rursus
1514 4262 1677 4328 dicat,
1701 4259 1875 4314 nullus
1899 4260 2062 4313 homo

470 4362 646 4433 justus
674 4369 789 4425 est,
821 4359 923 4413 hoc
948 4359 993 4412 si
1023 4356 1200 4411 ferreo
1228 4354 1427 4409 saeculo
1452 4351 1777 4416 enuntiaret,
1806 4351 1907 4404 erit
1932 4360 2060 4402 vera

472 4452 787 4522 prOpositio.
818 4452 994 4517 Quare
1020 4446 1279 4515 contingit
1301 4442 1712 4498 aftirmationem
1739 4449 1794 4495 et
1820 4439 2059 4510 negatio-

472 4559 595 4599 nem
618 4541 972 4597 universalem
994 4553 1150 4593 veras
1166 4550 1305 4603 esse,
1322 4547 1457 4604 quas
1478 4531 1817 4588 manifestum
1839 4539 2057 4586 estesse

473 4636 787 4705 contrarias,
808 4633 903 4687 sed
934 4647 1042 4686 non
1067 4628 1244 4685 simul.
1277 4627 1371 4683 llla
1396 4626 1538 4682 enim
1567 4625 1622 4679 in
1648 4637 1814 4678 aureo
1838 4620 2055 4686 saeculo,

472 4735 518 4789 si
541 4733 610 4787 ita
632 4729 908 4799 contingit,
933 4726 1021 4780 illa
1046 4726 1098 4779 in
1124 4724 1297 4777 ferreo
1318 4720 1533 4786 saeculo,
1559 4719 1652 4774 sed
1678 4718 1793 4774 haec
1817 4726 2055 4787 tempora

472 4822 680 4879 diversa
708 4825 855 4886 sunt,
876 4824 929 4871 et
951 4828 1058 4870 non
1085 4823 1209 4868 sunt
1229 4810 1407 4867 simul.
1439 4810 1614 4878 Quare
1636 4818 1781 4866 recte
1802 4808 1905 4866 hoc
1926 4824 2057 4880 quo-

474 4929 578 4985 que
606 4909 809 4966 addidit
834 4916 895 4962 ut
924 4906 1147 4969 diceret,
1170 4896 1507 4958 manife’stum
1535 4910 1619 4957 est
1642 4901 1892 4973 quoniam
1919 4917 2053 4956 nun-

473 4978 633 5076 quam
660 5008 819 5058 erunt
855 5012 1030 5068 neque
1058 5012 1200 5051 verae
1228 4993 1424 5059 simul,
1455 4992 1596 5065 quod
1624 5000 1797 5048 autem
1828 4992 2051 5060 addidit,
2077 4982 2134 5047 D

472 5112 649 5167 neque
674 5096 731 5155 in
755 5093 969 5158 eodem,
998 5091 1063 5146 ad
1094 5089 1252 5144 aliam
1280 5086 1521 5157 ejusdem
1552 5085 1629 5143 rei
1656 5085 2055 5141 determinatio-

474 5203 598 5243 nem
633 5185 776 5241 valet
806 5201 821 5240 :
853 5191 1073 5253 possunt
1107 5180 1249 5235 enim
1289 5191 1475 5234 rursus
1514 5176 1702 5232 eodem
1736 5185 1977 5243 tempore
2001 5183 2057 5231 et

410 5304 413 5315 ε
474 5281 631 5336 simul
649 5275 967 5334 universalis
987 5272 1270 5328 afﬁrmatio
1285 5278 1339 5325 et
1354 5268 1670 5324 universalis
1690 5266 1898 5338 negatio
1914 5279 2055 5321 verae

475 5385 624 5440 esse;
674 5369 769 5426 sed
801 5369 847 5423 si
888 5383 992 5422 non
1042 5365 1110 5421 de
1148 5362 1334 5419 eodem
1375 5360 1749 5432 prtedicentur,
1782 5366 1840 5413 ut
1864 5357 1908 5412 si
1935 5356 2055 5426 quis

475 5463 622 5520 dicat
640 5481 653 5516 :
669 5476 828 5517 omne
852 5458 1047 5514 animal
1077 5455 1334 5511 rationale
1356 5455 1571 5521 est,hoc
1593 5451 1638 5506 si
1659 5452 1727 5506 de
1746 5448 2050 5507 hominibus

475 5554 820 5625 praedicetur,
853 5564 978 5605 vera
1010 5557 1095 5601 est
1129 5544 1430 5599 aflirmatio.
1471 5542 1619 5609 Quod
1651 5542 1696 5595 si
1727 5541 1844 5611 quis
1868 5540 2047 5595 dicat:

479 5646 684 5701 nullum
710 5642 907 5697 animal
927 5638 1184 5694 rationale
1204 5645 1305 5701 est,
1331 5635 1435 5689 hoc
1461 5635 1507 5689 si
1532 5633 1601 5689 de
1619 5633 1773 5703 equis
1792 5632 2051 5697 enuntiet,

479 5751 606 5789 vera
630 5733 734 5788 erit
761 5745 867 5787 uno
892 5727 1183 5795 eodemque
1212 5737 1449 5793 tempore
1474 5734 1660 5779 contra
1697 5722 2054 5780 universalem

475 5825 888 5884 Nﬁrmstionem
930 5815 1245 5874 universalis
1285 5816 1423 5873 facta
1450 5815 1694 5885 negatio,
1725 5814 1823 5872 sed
1848 5829 1958 5874 non
1984 5813 2055 5873 de

2161 973 2248 1028 hic
2275 988 2405 1029 vero
2443 973 2511 1029 de
2550 973 2702 1044 equis
2742 974 2972 1044 negatio.
3021 971 3374 1039 Quamobrem
3416 970 3617 1025 dictum
3656 977 3742 1024 est

2162 1081 2431 1135 nunquam
2474 1081 2594 1121 esse
2625 1080 2779 1132 posse
2807 1064 2966 1120 simul
3001 1063 3297 1119 contrarias
3326 1076 3484 1118 veras
3506 1101 3522 1127 ,
3565 1073 3741 1126 neque

2162 1150 2214 1212 in
2241 1156 2453 1219 eodem,
2485 1156 2537 1210 id
2567 1165 2649 1210 est
2675 1171 2771 1211 nec
2799 1171 2903 1211 uno
2929 1153 3227 1224 eodemque
3252 1163 3511 1225 tempore,
3542 1167 3644 1208 nec
3670 1151 3742 1208 de

2162 1264 2267 1315 uno
2293 1248 2554 1317 subjecto.
2597 1247 2701 1303 Sed
2742 1250 2990 1317 quoniam
3030 1246 3114 1300 his
3145 1246 3403 1316 oppositae
3433 1254 3592 1300 erunt
3621 1245 3739 1297 nni-

2163 1340 2353 1396 versali
2388 1340 2601 1410 quidem
2631 1338 2967 1393 afﬁrmationi
3000 1337 3334 1408 particularis
3360 1336 3590 1406 negatio,
3622 1337 3741 1388 uni-

2164 1433 2359 1488 versali
2382 1444 2558 1487 autem
2584 1431 2848 1500 negationi
2880 1430 3213 1499 particularis
3239 1429 3544 1493 afﬁrmatio,
3566 1436 3620 1483 et
3644 1428 3744 1482 bas

2161 1526 2393 1581 diximus
2420 1525 2616 1580 idcirco
2640 1524 3036 1580 subcontrarias
3055 1523 3183 1589 dici,
3208 1522 3349 1593 quod
3376 1522 3584 1577 diversa
3610 1537 3743 1591 quo-

2162 1618 2449 1673 dammodo
2486 1618 2765 1672 contrariis
2794 1619 3084 1687 patiantur.
3130 1616 3465 1671 Manifestum
3493 1623 3575 1671 est
3608 1628 3743 1686 quo-

2160 1712 2305 1766 niam
2342 1712 2483 1766 sicut
2512 1711 2794 1766 contrariae
2827 1724 2969 1766 verte
2998 1710 3156 1766 simul
3196 1724 3317 1765 esse
3356 1724 3460 1763 non
3493 1716 3747 1778 possunt,

2161 1804 2402 1859 dividunt
2430 1815 2607 1859 tamen
2636 1803 2917 1873 aliquoties
2955 1804 3095 1857 inter
3123 1818 3183 1858 se
3209 1803 3487 1857 veritatem
3516 1810 3570 1857 et
3597 1802 3742 1856 falsi-

2163 1906 2349 1962 tatem,
2380 1897 2452 1949 ita
2481 1910 2692 1965 quoque
2734 1903 2790 1949 et
2819 1893 3203 1949 subcontrarias
3226 1893 3468 1949 dividunt
3495 1894 3741 1962 quaedam

2160 1989 2303 2043 inter
2327 2002 2385 2043 se
2410 2002 2593 2042 verum
2622 1986 2918 2055 falsumque
2946 1985 3259 2055 aliquoties,
3289 1984 3503 2055 quando
3530 1993 3741 2039 contra-

2160 2082 2254 2136 riae
2283 2096 2493 2151 quoque
2538 2079 2858 2144 diviserint;
2903 2077 3061 2133 simul
3099 2089 3276 2133 autem
3324 2092 3467 2131 vera:
3512 2078 3741 2132 inveniri

2162 2182 2407 2242 possunt,
2428 2170 2640 2241 quando
2662 2169 2991 2225 universales
3017 2178 3073 2224 et
3097 2169 3380 2224 contraria:
3407 2167 3569 2223 simul
3598 2183 3743 2224 vera

2084 2253 2135 2314 Β
2160 2282 2265 2321 non
2293 2272 2437 2332 sunt,
2469 2272 2528 2319 ut
2554 2274 2732 2319 autem
2762 2262 2919 2317 simul
2947 2261 3091 2317 falsae
3114 2261 3247 2328 sint,
3274 2260 3418 2314 nulla
3444 2273 3625 2314 rerum
3656 2274 3742 2313 ra-

2159 2361 2306 2416 tione
2332 2358 2610 2428 contingit.
2657 2356 2799 2427 Ergo
2828 2356 3126 2410 contrarias
3151 2352 3366 2424 quidem
3394 2353 3557 2407 simul
3585 2366 3742 2408 veras

2158 2467 2280 2507 esse
2303 2458 2465 2516 atque
2489 2449 2541 2503 in
2564 2448 2752 2503 eodem
2776 2462 3043 2517 nunquam
3067 2447 3344 2517 quisquam
3371 2445 3565 2514 poterit
3585 2443 3740 2500 inve-

2160 2544 2295 2599 nire.
2336 2539 2733 2598 Subcontrariae
2760 2547 2936 2593 autem
2965 2553 3083 2606 quae
3110 2537 3503 2593 universalibus
3527 2546 3583 2592 et
3605 2551 3741 2591 con-

2160 2636 2334 2691 trariis
2363 2634 2622 2704 oppositaa
2652 2640 2810 2698 sunt,
2840 2631 2942 2686 sibi
2973 2632 3196 2686 invicem
3224 2639 3560 2698 comparatas
3586 2643 3743 2686 veras

2158 2726 2379 2782 inveniri
2402 2724 2660 2795 possibile
2681 2731 2785 2787 est,
2808 2731 2865 2776 ut
2888 2723 2941 2775 in
2974 2736 3038 2777 eo
3060 2722 3175 2791 ipso
3195 2720 3441 2789 exemplo
3461 2720 3602 2791 quod
3627 2721 3743 2789 ipse

2160 2816 2471 2890 proposuit,
2504 2831 2608 2869 non
2650 2827 2809 2867 omne
2849 2810 3048 2865 animal
3090 2811 3291 2879 justum
3324 2817 3429 2873 est,
3460 2822 3582 2863 vera
3613 2815 3738 2873 est;

2160 2925 2367 2977 rursus,
2397 2918 2480 2966 est
2506 2904 2720 2976 aliquod
2750 2904 2948 2959 animal
2974 2906 3197 2972 justum,
3234 2901 3350 2972 haec
3374 2916 3584 2972 quoque
3613 2915 3741 2957 vera

2162 3012 2265 3059 est.
2316 3002 2492 3068 Quare
2519 2992 2802 3054 contrariae
2838 2996 2993 3052 simul
3026 3010 3163 3050 verae
3197 3010 3320 3050 esse
3359 3011 3463 3048 non
3494 3003 3740 3064 possunt,

2159 3094 2561 3151 subcontrarias
2586 3090 2744 3145 simul
2785 3104 2943 3146 veras
2973 3089 3102 3143 nihil
3135 3090 3381 3158 prohibet
3409 3089 3653 3143 inveniri.

2235 3187 2477 3255 Sequitur
2517 3200 2633 3239 vero
2664 3183 2798 3237 hanc
2834 3181 3042 3252 quidem
3086 3198 3200 3251 qua:
3237 3192 3333 3250 est,
3376 3183 3549 3237 nullus
3588 3183 3740 3237 homo

2159 3291 2231 3336 est
2251 3284 2456 3355 justus,
2476 3270 2569 3334 illa
2594 3294 2709 3349 qum
2728 3289 2822 3345 est,
2852 3279 3016 3331 omnis
3047 3277 3199 3329 homo
3228 3286 3298 3329 est
3326 3290 3428 3329 non
3447 3278 3643 3347 justus.
3667 3268 3739 3328 Il-

2160 3376 2265 3429 lam
2308 3378 2426 3426 vero
2456 3389 2567 3443 qua:
2609 3381 2700 3440 (st,
2734 3372 2919 3441 aliquis
2955 3369 3106 3423 homo
3128 3371 3305 3439 justus
3338 3376 3432 3433 est,
3480 3368 3737 3437 opposita,

2158 3482 2260 3520 non
2290 3465 2453 3519 omnis
2497 3474 2570 3518 est
2600 3463 2751 3517 homo
2780 3478 2881 3516 non
2901 3463 3098 3533 justus,
3136 3476 3338 3514 necesse
3363 3468 3437 3515 est
3464 3460 3598 3513 enim
3638 3459 3737 3513 ali-

2164 3574 2312 3627 quem
2338 3572 2464 3611 esse.

2241 3652 2313 3705 De
2336 3648 2715 3718 consequentia
2746 3644 3171 3716 propositionum
3212 3642 3533 3713 simplicium
3572 3650 3737 3712 atque

2163 3742 2492 3797 inﬁnitarum
2534 3738 2858 3793 sulﬁcienter
2886 3735 3100 3807 quidem
3131 3750 3290 3805 supra
3324 3736 3594 3791 disseruit.
3626 3734 3736 3791 Sed

2160 3853 2302 3893 nunc
2332 3837 2446 3891 haec
2473 3846 2556 3889 est
2584 3834 2704 3889 huic
2735 3833 2962 3888 intentio
2991 3848 3092 3886 non
3123 3845 3239 3901 quas
3277 3830 3613 3900 particularis
3656 3828 3735 3885 al-

2160 3927 2415 3991 ﬁrmatiu,
2443 3940 2599 3996 quam
2632 3924 2985 3978 universalem
3019 3924 3425 3977 afﬁrmationcm
3457 3922 3536 3976 vel
3570 3936 3734 3992 nega~

2160 4020 2361 4073 tionem
2406 4024 2679 4093 sequatur,
2726 4013 2868 4083 quod
2917 4027 3077 4084 supra
3117 4013 3224 4082 jam
3257 4011 3595 4067 monstravit.
3628 4010 3733 4067 Sed

2159 4125 2278 4181 qua:
2308 4107 2625 4163 universalis
2653 4104 2866 4175 negatio
2895 4106 3256 4159 universalem
3298 4113 3549 4174 sequatur
3590 4102 3731 4158 afﬁr-

2158 4202 2470 4266 mationem,
2509 4200 2595 4256 vel
2628 4214 2745 4269 quae
2792 4199 3131 4268 particularis
3173 4197 3386 4268 negatio
3426 4196 3730 4267 particulari

2158 4295 2362 4351 scilicet
2388 4292 2728 4348 afﬁrmationi
2756 4290 3077 4354 consentiat,
3101 4288 3455 4360 proponitque
3480 4288 3577 4342 bas
3605 4301 3730 4358 qua-

2159 4394 2281 4441 tuor
2315 4384 2520 4448 dicens,
2568 4381 2905 4450 negationem
2946 4380 3243 4449 simplicem
3290 4378 3647 4435 universalem
3677 4385 3729 4433 et

2156 4480 2567 4537 afﬁrmationem
2611 4477 2873 4531 inﬁnitam
2913 4478 3269 4532 universalem
3317 4490 3438 4531 sese
3471 4476 3622 4547 sequi
3675 4482 3729 4530 et

2156 4574 2371 4630 sibimet
2408 4571 2732 4635 consentire,
2765 4584 2866 4627 nec
2911 4570 3090 4626 minus
3126 4571 3211 4625 his
3238 4570 3535 4641 oppositas,
3567 4568 3618 4623 id
3646 4575 3730 4623 est

2158 4666 2533 4739 particularem
2564 4662 2974 4718 afﬁrmatiouem
3004 4663 3301 4733 simplicem
3344 4671 3399 4717 et
3443 4661 3725 4731 particula-

2157 4776 2273 4817 rem
2306 4758 2564 4813 inﬁnitam
2595 4756 2954 4826 negationem,
2982 4764 3039 4810 et
3065 4758 3114 4811 in
3147 4756 3372 4810 veritate
3411 4763 3465 4808 et
3492 4754 3546 4808 in
3584 4751 3727 4808 falsi-

2158 4863 2265 4909 tate
2291 4866 2351 4906 se
2376 4850 2550 4917 sequi,
2585 4856 2639 4904 et
2677 4862 2708 4901 a
2738 4861 2796 4903 se
2816 4847 2965 4903 nullo
2991 4846 3151 4902 modo
3178 4847 3507 4914 discrepare.
3541 4844 3728 4913 Dispo.

2159 4952 2350 4999 nantur
2393 4940 2538 4996 enim
2576 4939 2659 4994 hie
2706 4947 2955 5008 quatuor,
3005 4938 3149 5007 prior
3196 4936 3481 4991 afﬁrmatio
3522 4932 3727 4989 inﬁnita

2158 5033 2475 5092 universalis
2502 5047 2624 5103 quas
2658 5031 2806 5095 dicit,
2846 5031 3021 5086 omnis
3051 5030 3213 5085 homo
3258 5038 3339 5085 est
3385 5044 3489 5084 non
3526 5029 3725 5098 justus.

2156 5128 2255 5197 sub
2285 5128 2382 5182 hac
2421 5126 2472 5181 ei
2514 5124 2855 5181 consentiens
2895 5124 3122 5193 simplex
3153 5123 3470 5179 universalis
3514 5120 3727 5193 negatio

2156 5235 2275 5291 quae
2304 5218 2572 5290 proponit,
2604 5215 2781 5271 nullus
2812 5215 2972 5271 homo
2988 5215 3163 5284 justus
3188 5222 3294 5270 est.
3324 5214 3527 5269 Rursus
3558 5213 3612 5267 in
3651 5211 3727 5266 al-

2159 5321 2268 5368 tera
2298 5318 2448 5379 parte
2473 5317 2656 5364 contra
2685 5306 3095 5362 afﬁrmationem
3122 5305 3402 5370 inﬁnitam,
3436 5302 3726 5377 particula-

2156 5403 2231 5459 ris
2257 5402 2484 5472 simplex
2511 5397 2799 5454 afﬁrmatio
2825 5413 2943 5467 qua:
2964 5396 3112 5467 dicit,
3138 5408 3221 5453 est
3244 5396 3435 5466 aliquis
3463 5397 3622 5452 homo
3640 5394 3727 5466 ju-

2150 5504 2286 5562 stus,
2336 5504 2392 5549 et
2436 5492 2536 5548 sub
2584 5492 2683 5545 hac
2723 5488 3059 5560 particularis
3104 5489 3313 5544 inﬁnita
3357 5488 3569 5560 negatio
3603 5498 3727 5559 qua

2155 5586 2423 5663 proponit,
2449 5599 2558 5643 non
2586 5582 2763 5639 omnis
2790 5591 2876 5639 est
2897 5580 3061 5638 homo
3089 5595 3198 5638 non
3216 5579 3413 5650 justus.

2594 5907 2669 5920 ,.»ov
2692 5900 2706 5921 ἶ,

2854 5906 2947 5933 ἓ⁴¹

2746 5932 2837 5958 AV
