4060 6330
279 307 384 370 B57

1003 316 1072 374 ΙΝ
1110 318 1368 377 LIBRUM
1411 320 1496 375 DE
1541 320 2190 379 INTERPRETATIONE
2235 327 2459 382 EDlTlU
2499 327 2846 385 SECUNDA.

3460 343 3560 398 52-58

1065 434 1248 491 Omnis
1279 443 1362 491 est
1383 436 1543 492 homo
1570 451 1676 492 non
1701 436 1899 506 justus.
1976 437 2072 492 Est
2099 438 2294 509 aliquis
2320 440 2482 498 homo
2499 446 2695 514 justus.

1069 525 1257 583 Nullus
1281 538 1364 585 est
1389 529 1551 585 homo
1573 519 1774 600 justus.

1970 529 2089 586 Non
2120 535 2297 590 omnis
2322 543 2408 592 est
2435 537 2598 596 homo
2625 555 2734 598 non
2759 539 2958 613 justus.

353 655 671 728 Bisergoits
699 658 1057 730 dispositis,si
1079 661 1367 720 afﬁrmatio
1396 665 1714 722 universalis
1743 666 1866 722 inﬁ-
1893 671 1949 732 Α
1975 680 2162 724 rursus
2191 683 2319 726 vera
2344 681 2428 728 est
2448 673 2765 733 universalis
2794 680 3022 752 simplex
3047 687 3280 758 negatio,
3313 689 3446 745 falsa
3471 703 3555 754 est

289 747 402 804 nita
435 764 563 806 vera
590 753 682 818 sit,
710 768 772 808 ea
802 768 921 824 qua:
951 755 1108 821 dicit,
1141 759 1316 814 omnis
1341 768 1423 814 est
1458 759 1621 816 homo
1656 777 1761 818 non
1783 761 1870 832 ju-

274 850 414 907 stus,
464 858 591 899 vera
628 853 714 900 est
767 850 927 902 etiam
973 863 1036 904 ea
1078 865 1196 920 quae
1239 852 1512 921 proponit,
1571 854 1748 909 nullus
1782 862 1867 910 est

278 933 446 992 homo
469 936 666 1005 justus,
713 955 833 1009 quas
877 949 960 996 est
997 941 1317 999 universalis
1347 946 1572 1016 simplex
1618 948 1862 1017 negatio;

280 1028 385 1085 hoc
407 1041 585 1087 autem
629 1033 820 1090 melius
853 1035 904 1088 in
938 1035 1282 1094 inferioribus
1310 1041 1654 1110 cognoscitur
1683 1057 1868 1099 exem-

275 1122 396 1192 plis.
430 1122 649 1180 Dicatur
688 1127 852 1190 enim,
879 1129 1056 1184 omnis
1099 1138 1184 1185 est
1209 1130 1370 1187 homo
1399 1133 1858 1204 non'qnadrupes,

273 1227 396 1268 vera
437 1223 543 1282 est,
584 1232 769 1273 rursus
822 1219 1001 1275 nullus
1055 1232 1140 1276 est
1182 1221 1345 1279 homo
1385 1225 1714 1295 quadrupes,
1749 1225 1866 1282 haec

273 1321 487 1377 quoque
518 1324 642 1364 vera
673 1318 787 1375 est;
827 1312 968 1382 quod
1001 1312 1047 1366 si
1079 1328 1180 1368 una
1211 1315 1398 1371 harum
1430 1317 1502 1371 sit
1541 1317 1694 1383 falsa,
1726 1317 1860 1373 falsa

275 1413 488 1468 quoque
526 1401 632 1454 erit
676 1409 731 1455 et
775 1401 968 1456 altera.
1020 1402 1152 1458 Nam
1201 1404 1247 1459 si
1284 1404 1416 1461 falsa
1463 1416 1565 1474 est,
1608 1407 1862 1477 quoniam

272 1493 448 1545 omnis
476 1501 560 1547 est
589 1493 753 1549 homo
784 1509 891 1550 non
928 1497 1126 1564 justus,
1159 1498 1296 1552 sicut
1323 1515 1450 1555 vere
1487 1516 1700 1571 quoque
1731 1502 1861 1557 falsa

272 1595 377 1650 εει,
410 1583 497 1639 illa
525 1599 738 1654 quoque
765 1585 981 1656 negatio
1011 1587 1239 1659 simplex
1273 1591 1684 1646 mendacissime
1725 1606 1861 1660 prae-

271 1672 473 1728 dicavit
501 1690 620 1745 qua:
655 1676 806 1744 dicit,
843 1679 1018 1734 nullus
1058 1691 1140 1734 est
1184 1679 1344 1735 liomo
1365 1681 1562 1750 justus.
1595 1683 1858 1751 Quocirca

270 1767 559 1823 afﬁrmatio
597 1768 919 1825 universalis
952 1771 1156 1825 inﬁnita
1200 1781 1250 1825 ct
1294 1775 1508 1843 negatio
1535 1776 1856 1830 universalis

270 1858 503 1930 simplex
530 1860 742 1916 sibimet
770 1861 1138 1930 consentiunt,
1182 1873 1264 1933 ut,
1299 1880 1402 1919 una
1435 1881 1580 1934 vera,
1628 1868 1853 1922 alteram

269 1963 456 2005 veram
487 1965 609 2012 esse
638 1965 863 2007 necesse
889 1953 962 2007 sit
986 1970 1000 2018 ;
1042 1955 1268 2010 alterius
1297 1956 1584 2011 falsitatem
1633 1959 1853 2028 reliqua:

1973 761 2313 830 particularis
2351 764 2578 835 simplex
2606 768 2931 841 afﬁrmatio;
2977 776 3071 831 sed
3119 779 3436 838 universalis
3461 783 3550 838 af-

1972 853 2206 910 ﬁrmatio
2231 857 2436 912 inﬁnita
2466 868 2521 916 et
2542 862 2866 920 universalis
2897 872 3108 940 negatio
3138 874 3367 944 simplex
3392 879 3553 936 simul

1972 961 2113 1004 vera:
2138 959 2286 1017 sunt,
2313 952 2474 1009 simul
2503 955 2660 1027 igitur
2691 971 2848 1015 erunt
2873 961 3021 1019 falsae
3043 967 3380 1036 particularis
3409 974 3552 1029 afﬁr-

1971 1043 2138 1099 matio
2161 1045 2387 1117 simplex
2420 1057 2474 1104 et
2512 1052 2865 1120 particularis.
2885 1056 3090 1114 infinita
3119 1063 3351 1133 negatio.
3375 1070 3551 1134 Quare

1971 1135 2056 1190 bae
2095 1152 2332 1209 quoque,
2379 1140 2432 1196 id
2481 1152 2563 1198 est
2612 1145 2946 1214 particularis
2990 1152 3278 1213 afﬁrmatio
3322 1160 3552 1230 simplex

1968 1235 2025 1282 et
2052 1231 2394 1298 particularis
2420 1232 2626 1290 inﬁnita
2657 1238 2875 1296 sibimet
2901 1242 2952 1296 iu
2983 1247 3204 1302 veritate
3233 1259 3289 1305 et
3319 1252 3551 1311 falsitate

1974 1325 2344 1393 consentiunt,
2390 1336 2445 1384 et
2485 1331 2766 1387 veritatem
2805 1350 2954 1391 suam
2995 1349 3050 1393 ει
3093 1345 3425 1401 mendacium
3467 1349 3549 1402 in-

1969 1412 2141 1504 vicem
2189 1428 2616 1488 consequuntur.
2676 1425 2853 1490 Quare
2900 1427 3185 1486 afﬁrmatio
3233 1437 3447 1504 quidem
3493 1449 3548 1497 et

1968 1503 2204 1572 negatio,
2238 1515 2466 1578 utraque
2500 1512 2842 1577 universalis.
2877 1517 2990 1575 haec
3027 1503 3276 1592 simplex,
3307 1528 3394 1582 illa
3428 1529 3547 1584 infi-

1965 1593 2096 1661 nita,
2130 1610 2430 1670 sequuntur
2456 1617 2578 1660 sese
2617 1605 2827 1679 sibique
2856 1616 3220 1672 consentiunt.
3252 1618 3545 1690 Pargicula-

1963 1702 2054 1744 res
2083 1699 2286 1758 autem,
2319 1692 2373 1748 id
2403 1705 2486 1752 est
2509 1698 2902 1758 universalibus
2928 1711 3188 1776 Opposita:
3216 1714 3442 1784 simplex
3469 1718 3544 1773 af~

1961 1778 2225 1838 ﬁrmativa
2269 1792 2324 1841 et
2354 1789 2596 1860 negativa
2645 1791 2874 1863 inﬁnita,
2907 1797 3037 1867 ipsae
3065 1816 3280 1874 quoque
3322 1778 3546 1868 sibimet

1958 1877 2324 1934 consentiunt.
2347 1879 2525 1947 Quare
2548 1895 2728 1941 rectus
2757 1889 2892 1944 ordo
2920 1901 3024 1960 est,
3059 1904 3116 1950 ut
3143 1898 3284 1954 sicut
3304 1901 3544 1958 afﬁrma-

1958 1963 2092 2019 tioni
2124 1969 2413 2027 universali
2444 1973 2670 2032 inﬁnita:
2696 1986 2968 2039 consentit
3009 1987 3236 2058 simplex
3280 1996 3546 2054 universa-

268 2058 494 2161 quoqueI
515 2044 719 2099 falsitas
757 2056 1135 2148 consequatur.
1165 2046 1571 2161 Idemquoquej
1589 2053 1772 2161 evenit
1803 2051 1857 2108 in
1886 2062 1934 2122 Β
1961 2053 2027 2157 lis
2051 2061 2286 2161 negatio,
2317 2062 2391 2118 na
2423 2067 2736 2134 particula”
2761 2044 3128 2136 afﬁrmationi-
3158 2044 3544 2161 ὦ

267 2144 419 2207 parte
448 2134 635 2206 altera,
663 2150 788 2192 nam
817 2137 864 2193 si
886 2153 1010 2193 vera
1033 2149 1138 2206 est,
1165 2140 1417 2210 quoniam
1447 2142 1663 2212 quidam
1692 2146 1852 2202 homo

265 2223 444 2296 justus
471 2235 573 2296 εει,
607 2241 736 2281 vera
762 2241 977 2300 quoque
1013 2239 1118 2298 est,
1144 2234 1395 2300 quoniam
1435 2248 1542 2288 non
1570 2236 1747 2290 omnis
1771 2247 1855 2292 est

267 2309 432 2376 homo
457 2337 562 2376 non
582 2319 785 2393 justus,
815 2330 900 2378 est
918 2323 1064 2378 enim
1092 2323 1322 2394 aliquis;
1355 2340 1478 2380 nam
1517 2328 1562 2380 si
1603 2329 1746 2398 quod
1773 2329 1854 2384 di-

265 2413 427 2481 citur,
456 2429 562 2469 non
604 2415 807 2481 omnis,
838 2417 1172 2472 tantumdem
1217 2427 1324 2484 est,
1354 2425 1605 2488 tanquam
1643 2419 1690 2473 si
1731 2422 1869 2490 quis

265 2504 430 2572 dicat,
459 2507 677 2578 quidam
702 2522 810 2564 non
835 2519 939 2574 εει,
979 2511 1122 2580 quod
1152 2511 1206 2565 in
1234 2510 1344 2566 alio
1371 2526 1584 2582 quoque
1603 2515 1852 2583 exemplo

265 2601 603 2658 manifestius
639 2602 938 2672 apparebit.
984 2603 1040 2659 Si
1069 2603 1191 2674 quis
1219 2604 1384 2673 dicat,
1413 2619 1521 2660 non
1561 2607 1739 2661 omnis
1768 2620 1852 2663 est

266 2691 427 2751 homo
455 2695 656 2766 justus,
705 2699 807 2752 hoc
852 2705 936 2752 est
975 2697 1178 2764 dicere,
1208 2698 1425 2768 quidam
1477 2699 1639 2755 homo
1672 2700 1852 2769 justus

266 2803 376 2844 non
397 2799 512 2856 est;
543 2804 674 2860 ergo
697 2805 806 2847 non
839 2792 1039 2860 omnis,
1070 2791 1284 2862 quidam
1310 2808 1440 2860 non,
1473 2793 1758 2864 signiﬁcat.
1792 2794 1850 2849 Si

268 2881 392 2950 quis
413 2897 542 2952 ergo
568 2883 638 2938 ita
671 2884 1188 2954 proponat,quidam
1222 2885 1381 2940 homo
1410 2900 1514 2941 non
1538 2887 1718 2956 justus
1742 2900 1848 2941 non

264 2983 373 3041 est,
397 2989 555 3044 quem
582 2974 714 3031 dicit
747 2991 854 3032 non
885 2990 1006 3032 esse
1037 2991 1142 3030 non
1185 2975 1466 3046 iniustum,
1497 2975 1700 3047 justum
1728 2991 1848 3049 esse

265 3065 568 3122 conﬁrmat.
599 3068 774 3135 Quare
807 3069 897 3124 llle
935 3068 1004 3124 de
1043 3083 1150 3138 quo
1193 3067 1410 3134 dicitur,
1441 3069 1692 3138 quoniam
1742 3081 1849 3122 non

264 3154 438 3225 iustus
457 3172 566 3212 non
598 3167 701 3224 est,
732 3158 836 3214 erit
854 3158 1050 3229 justus.
1090 3159 1238 3215 Unde
1274 3159 1334 3212 ﬁt
1358 3168 1416 3214 ut
1458 3173 1520 3214 ea
1547 3173 1667 3228 quae
1695 3158 1845 3223 dicit,

265 3261 370 3302 non
398 3251 573 3303 omnis
619 3262 700 3304 est
730 3249 893 3304 bomo
924 3266 1031 3304 non
1054 3250 1251 3318 justus,
1301 3250 1604 3304 consentiat
1641 3250 1688 3304 ei
1725 3263 1848 3319 quae

266 3338 412 3408 dicit,
443 3341 661 3410 quidam
693 3341 855 3396 homo
871 3341 1055 3412 justus
1077 3352 1184 3397 est.
1211 3342 1316 3397 Sed
1349 3344 1460 3396 haec
1483 3356 1588 3395 non
1612 3356 1844 3396 consen-

1963 2146 2202 2205 ticularis
2230 2155 2444 2224 negatio
2467 2158 2674 2214 infinita
2704 2168 3024 2224 consentiat.

2030 2239 2365 2310 Manifestum
2396 2258 2467 2302 est
2495 2259 2688 2319 autem,
2718 2257 2960 2321 quoniam
2989 2263 3146 2317 etiam
3178 2266 3230 2318 in
3258 2268 3543 2339 singulari“-

1958 2331 2068 2396 bus,
2111 2335 2155 2387 si
2200 2347 2274 2389 est
2309 2353 2480 2394 verum
2518 2342 2892 2417 interrogatum
2920 2367 3105 2422 negare
3151 2358 3287 2426 quod
3324 2331 3372 2414 et
3416 2364 3542 2433 adir-

1957 2428 2096 2478 mafe
2111 2443 2284 2482 verum
2307 2439 2400 2494 est,
2424 2443 2501 2496 ut,
2522 2433 2749 2493 Putasne
2776 2440 3015 2499 Socrates
3037 2450 3239 2518 sapiens
3266 2454 3377 2507 est?
3400 2428 3540 2516 Νἶθη.

1957 2514 2192 2573 Socrates
2220 2521 2378 2592 igitur
2413 2540 2518 2578 non
2552 2529 2754 2597 sapiens
2783 2541 2879 2588 est.
2923 2534 2990 2591 In
3021 2514 3392 2601 nniversafibus
3423 2514 3539 2604 vero

1955 2623 2058 2662 non
2086 2621 2158 2666 est
2187 2627 2304 2666 vera
2332 2631 2447 2681 quis
2474 2619 2711 2675 similiter
2751 2624 2964 2694 dicitur;
2993 2645 3108 2686 vera
3149 2647 3220 2688 est
3255 2649 3421 2692 autem
3451 2659 3538 2696 ne-

1952 2703 2112 2771 gatio,
2140 2713 2218 2771 ut,
2237 2704 2465 2762 Putasne
2486 2713 2650 2766 omnis
2677 2714 2829 2771 homo
2851 2724 3054 2789 sapiens
3077 2737 3148 2779 est
3163 2728 3344 2784 fNon.
3363 2730 3541 2788 Omnis

1951 2793 2112 2864 igitur
2138 2794 2290 2852 homo
2311 2816 2414 2855 non
2435 2812 2639 2874 sapiens
2661 2817 2764 2873 est;
2793 2808 2888 2864 hoc
2910 2815 3042 2867 enim
3066 2829 3138 2870 est
3187 2821 3399 2894 falsum,
3423 2841 3464 2879 εί
3481 2827 3538 2894 ιι,

1952 2902 2054 2940 non
2079 2888 2234 2958 igitur
2259 2894 2424 2946 omnis
2451 2895 2601 2950 homo
2629 2900 2833 2968 sapiens
2865 2915 2958 2971 est,
2989 2922 3106 2961 vera
3129 2888 3234 2976 est;
3264 2888 3537 2977 [two-enini

1954 2982 2187 3048 apposita
2216 2992 2312 3049 est,
2336 2983 2429 3038 illa
2456 3003 2574 3041 vero
2596 2995 2878 3047 contraria.

2033 3072 2106 3126 De
2134 3077 2516 3165 consequentia
2547 3086 2971 3152 propositionum
3014 3089 3311 3165 disputans,
3352 3108 3404 3152 et
3437 3095 3536 3160 sibi

1951 3163 2403 3230 quemadmodum
2425 3173 2798 3229 consentirent
2825 3176 2974 3232 illum
3010 3163 3303 3240 tractatum
3324 3202 3534 3258 parum-

1955 3273 2049 3326 per
2083 3274 2337 3330 egressus
2377 3264 2574 3322 docere
2604 3274 2901 3342 proposuit,
2949 3292 3069 3347 qua:
3101 3283 3319 3338 veniant
3359 3286 3414 3342 in
3445 3305 3535 3344 re~

1948 3352 2293 3418 sponsionem
2337 3355 2408 3411 de
2455 3358 2844 3430 singularibus,
2891 3368 2936 3420 si
2979 3369 3043 3422 ad
3093 3374 3531 3438 medicationem

265 3432 326 3487 tit
349 3433 398 3488 ei
429 3447 548 3504 quae
582 3435 733 3498 dicit,
773 3433 992 3504 quidam
1040 3433 1203 3489 homo
1243 3450 1350 3488 non
1376 3436 1552 3504 justus
1599 3445 1703 3500 est,
1737 3449 1843 3489 non
1870 3446 1916 3510 ρ
1950 3440 2186 3511 ipsarum
2234 3449 2305 3503 sit
2332 3451 2587 3517 particula
2621 3458 2921 3525 negationis
2960 3432 3226 3534 ερράείιθ,
3259 3485 3378 3536 qua,

264 3523 421 3596 igitur
470 3526 584 3584 haec
623 3529 894 3584 consentit
937 3527 988 3583 ei
1032 3545 1151 3600 qua:
1206 3529 1474 3598 proponit,
1513 3542 1619 3581 non
1669 3528 1845 3582 omnis

266 3618 425 3676 homo
454 3628 539 3677 est
579 3637 686 3676 non
708 3621 902 3692 justus.
935 3621 1039 3678 Sed
1068 3621 1319 3693 quoniam
1354 3623 1452 3677 hoc
1486 3623 1711 3677 fortasse
1738 3623 1842 3677 ali-

265 3723 526 3785 quatenus
574 3716 782 3771 videtur
824 3716 1129 3783 obscurius,
1175 3729 1570 3789 consequentiae
1610 3718 1842 3788 ipsarum

266 3806 369 3862 hoc
398 3807 558 3863 modo
592 3811 868 3864 sumendae
897 3822 1042 3866 sunt.
1082 3811 1270 3881 Sitque
1298 3813 1454 3867 nobis
1483 3813 1586 3867 hoc
1613 3812 1843 3882 positum

262 3899 676 3958 afﬁrtnatlonein
709 3904 1065 3959 universalem
1095 3904 1380 3972 inﬁnitam,
1414 3915 1469 3960 et
1504 3905 1840 3976 negationem

263 3994 619 4048 universalem
654 3997 951 4061 SimpliCt'lll
988 3997 1201 4053 sibimet
1239 3999 1568 4066 consentire,
1601 4008 1660 4054 ut
1686 4000 1843 4055 unius

261 4086 544 4142 veritatem
582 4099 637 4143 et
667 4089 972 4155 falsitatem,
1021 4091 1242 4145 alterius
1268 4091 1467 4145 veritas
1513 4101 1602 4144 aut
1639 4089 1842 4146 falsitas

260 4188 640 4248 consequatur.
683 4179 737 4237 Si
778 4180 913 4236 falsa
942 4193 1023 4238 εει
1066 4181 1352 4236 affirmatio
1394 4183 1597 4238 infinita
1628 4185 1842 4239 univer-

258 4271 389 4326 salis
411 4253 531 4342 qute
555 4271 707 4338 dicit,
741 4274 916 4329 omnis
945 4286 1027 4329 est
1049 4273 1208 4330 homo
1241 4291 1344 4329 non
1364 4275 1560 4344 justus,
1587 4291 1712 4331 vera
1738 4277 1842 4332 erit

258 4364 384 4420 huic
414 4367 658 4435 opposita
691 4368 1027 4436 particularis
1060 4368 1262 4422 inﬁnita
1314 4369 1527 4440 negatio
1556 4385 1674 4438 quin
1720 4384 1842 4437 pro-

259 4458 439 4525 ponit,
487 4474 592 4512 non
635 4459 809 4513 omnis
849 4469 931 4515 est
983 4461 1141 4514 homo
1190 4477 1294 4514 non
1321 4459 1528 4530 justus;
1577 4460 1669 4515 sed
1717 4475 1839 4516 cum

258 4547 390 4604 falsa
420 4559 501 4604 est
528 4549 815 4605 afﬁrmatio
847 4550 1168 4607 universalis
1210 4549 1438 4619 inﬁnita,
1472 4551 1600 4606 falsa
1628 4567 1840 4622 quoque

256 4648 312 4697 et
341 4641 660 4698 universalis
701 4642 930 4710 simplex
979 4644 1192 4715 negatio
1220 4659 1338 4714 quae
1375 4646 1524 4713 dicit,
1557 4644 1733 4699 nullus
1759 4655 1841 4700 est

256 4730 420 4788 homo
444 4734 650 4804 justus;
681 4735 775 4791 sed
824 4735 922 4791 bac
953 4737 1083 4791 falsa
1117 4738 1492 4806 particularem
1523 4736 1836 4792 afﬁrmatio-

1949 3550 2040 3593 sus
2061 3539 2115 3638 i-n
2146 3541 2228 3595 bis
2251 3559 2368 3610 quae
2390 3543 2460 3600 de
2484 3547 2877 3607 universalibus
2905 3564 3032 3610 sunt
3052 3562 3528 3638 pr0positionibus,

1949 3628 1992 3682 si
2022 3628 2088 3682 ad
2119 3632 2554 3699 przedicationem
2603 3639 2781 3696 addita
2824 3644 3084 3713 particula
3127 3628 3371 3722 negativa
3401 3628 3528 3714 con:

1946 3729 2151 3788 currat,
2183 3736 2358 3793 neque
2389 3724 2534 3782 enim
2563 3740 2776 3798 oportet
2803 3735 3050 3793 similiter
3078 3738 3255 3798 facere
3276 3750 3526 3804 enuntia-

1946 3811 2140 3870 tiones.
2165 3813 2281 3869 Non
2311 3815 2453 3872 enim
2485 3821 2663 3878 simile
2691 3834 2772 3879 est
2799 3828 2938 3896 quod
2971 3846 3034 3886 ex
3071 3844 3294 3906 utraque
3323 3845 3520 3910 praedi—

1944 3905 2158 3962 eatione
2185 3910 2468 3982 contingit.
2497 3913 2609 3970 Hoc
2636 3927 2816 3974 autem
2847 3922 2921 3976 ita
2951 3927 3293 3989 manifestum
3323 3905 3407 3992 est
3436 3956 3451 3993 :
3484 3944 3526 3996 si

1945 3999 2067 4071 quis
2099 4002 2167 4059 de
2196 4005 2454 4076 singulari
2485 4010 2664 4081 aliquo
2708 4015 3065 4087 interrogatus
3094 4037 3271 4094 neget,
3317 4029 3405 4085 ille
3433 4034 3525 4103 qui

1944 4092 2355 4164 interrogaverit
2384 4108 2560 4169 potest
2587 4101 2764 4159 facere
2790 4121 2852 4160 ex
2889 4109 3099 4166 inﬁnito
3137 4092 3356 4175 nomine
3382 4092 3524 4192 prte-

1944 4183 2122 4240 dicato
2148 4187 2573 4258 conclusionem,
2617 4193 2762 4250 illam
2793 4199 2999 4256 scilicet
3029 4209 3362 4274 negationem
3382 4183 3525 4282 ujun-

1943 4291 2077 4346 gens
2101 4292 2262 4348 quam
2295 4283 2629 4351 respondens
2657 4299 2781 4342 ante
2818 4305 3129 4361 negaverat,
3168 4312 3219 4354 et
3249 4301 3351 4358 hoc
3373 4321 3524 4364 vera-

1945 4369 2082 4422 citer
2113 4371 2448 4438 praedicabit.
2482 4374 2557 4430 De
2598 4378 2992 4440 universalihus
3024 4397 3200 4445 autem
3243 4399 3522 4465 apparebit

1944 4476 2051 4515 non
2087 4463 2329 4519 eamdem
2373 4469 2648 4526 veritatem
2681 4488 2838 4542 posse
2878 4479 3209 4552 contingere,
3257 4463 3409 4547 si‘ex
3441 4493 3522 4550 his

1943 4553 2225 4612 afﬁrmatio
2242 4572 2616 4629 componatur.
2647 4565 2702 4622 Si
2721 4571 2842 4636 quis
2856 4570 3000 4628 enim
3018 4575 3483 4654 interrogetaliuni
3507 4627 3522 4644 .

1945 4646 2175 4704 Putasne
2206 4651 2457 4708 Socrates
2482 4657 2694 4726 sapiens
2715 4661 2834 4715 est?
2856 4663 2901 4718 si
2933 4666 3021 4722 ille
3049 4646 3352 4740 respondet.
3377 4677 3517 4748 Non,

1946 4755 2072 4796 vere
2117 4742 2207 4797 ille
2236 4745 2506 4800 concludit
2546 4749 2733 4804 dicens
2765 4757 3057 4814 :Socrates
3098 4763 3258 4831 igitur
3293 4782 3398 4822 non
3435 4742 3522 4824 se;

257 4839 380 4880 nem
420 4841 540 4898 quas
580 4826 705 4882 huic
747 4829 1180 4884 contradictoriae
1227 4831 1468 4900 opposita
1517 4842 1620 4897 est,
1655 4846 1833 4887 verum
1862 4831 1915 4892 ι)
1940 4831 2093 4901 piens
2145 4843 2249 4888 est.
2297 4834 2378 4890 Sit
2422 4847 2598 4892 autem
2648 4839 2748 4896 boc
2799 4858 3011 4914 quoque
3058 4826 3264 4908 invalio
3305 4857 3522 4914 clarior-1

256 4933 378 4975 esse
406 4934 628 4976 necesse
667 4930 751 4976 est
779 4937 898 4992 quin
933 4930 1034 4990 est,
1088 4920 1304 4992 quidam
1332 4922 1492 4976 homo
1519 4926 1695 4990 justus
1734 4934 1836 4979 est.

257 5014 544 5083 Quocirca,
566 5015 780 5086 quando
811 5014 1094 5070 afﬁrmatio
1126 5015 1442 5069 universalis
1471 5015 1675 5073 inﬁnita
1707 5016 1838 5073 falsa

167 5173 184 5194 ί
254 5115 361 5174 εει,
395 5122 522 5161 vera
553 5116 638 5162 est
669 5108 1005 5176 particularis
1034 5107 1238 5161 inﬁnita
1270 5105 1505 5177 negatio,
1537 5117 1590 5162 et
1625 5109 1839 5179 quando

171 5199 182 5217 '
252 5200 574 5257 universalis
603 5202 816 5272 negatio
845 5201 1072 5271 simplex
1102 5201 1230 5255 falsa
1275 5207 1379 5266 est,
1413 5215 1537 5255 vera
1584 5211 1667 5256 est
1708 5203 1838 5257 sim-

252 5295 379 5366 plex
420 5294 706 5350 afﬁrmatio
747 5294 1102 5364 particularis.
1151 5293 1257 5351 Sed
1287 5293 1577 5350 afﬁrmatio
1619 5294 1838 5350 univer-

251 5390 382 5447 salis
411 5392 620 5447 inﬁnita
648 5403 702 5447 et
729 5393 944 5462 negatio
966 5393 1282 5448 universal.s
1301 5389 1530 5460 simplex
1551 5389 1711 5444 simul
1741 5387 1841 5445 fal-

252 5498 329 5538 sa:
361 5493 486 5538 sunt
531 5493 583 5538 et
615 5483 830 5539 sibimet
880 5484 932 5539 in
977 5483 1210 5539 falsimte
1253 5482 1634 5548 consentiunt;
1679 5483 1839 5536 simul

182 5621 194 5644 ,
254 5575 419 5645 igitur
445 5591 588 5632 verae
618 5585 777 5632 eruitt
821 5576 1048 5645 simplex
1089 5574 1428 5648 particularis
1468 5573 1757 5631 afﬁrmatio
1787 5585 1841 5632 ct

182 5659 191 5666 ’
253 5667 461 5724 inﬁnita
499 5672 715 5743 negatio
737 5671 1095 5742 particularis.
1127 5672 1332 5729 Rursus
1356 5672 1403 5729 si
1432 5688 1556 5727 vera
1585 5683 1668 5729 est
1691 5672 1834 5727 afﬁr-

255 5760 423 5816 matio
447 5762 764 5819 universalis
793 5763 1020 5831 inﬁnita,
1044 5764 1178 5820 falsa
1217 5767 1320 5821 erit
1357 5767 1569 5840 negatio
1600 5766 1835 5837 particu-

253 5850 386 5910 lavis
414 5852 640 5920 inﬁnita,
664 5854 711 5910 ei
743 5854 889 5910 enim
919 5857 1348 5915 contraditum-ire
1372 5859 1612 5928 opposita
1645 5863 1746 5913 est.
1773 5857 1829 5913 Si

1946 4925 2194 4997 exemplo
2216 4931 2575 4986 manifestum.
2599 4933 2655 4989 Si
2678 4935 3129 5012 interrogaremus
3156 4950 3388 5018 aliquem
3419 4952 3518 5008 boc

1945 5016 2144 5072 modo:
2170 5017 2493 5078 Socratesne
2522 5023 2794 5083 Romanus
2825 5033 2942 5086 est?
2971 5045 3130 5107 atque
3162 5016 3257 5095 ille
3296 5057 3524 5112 respon-

1944 5107 2098 5165 deat:
2121 5110 2260 5178 Non,
2295 5128 2391 5169 nos
2418 5130 2545 5171 vere
2569 5119 2894 5180 concludere
2920 5140 3203 5194 possumus
3227 5148 3240 5184 :
3273 5107 3524 5194 Socrates

1945 5200 2104 5271 igitur
2128 5217 2234 5259 non
2259 5203 2531 5288 Romanus
2546 5217 2644 5263 est.
2671 5209 2951 5271 Facientes
2971 5232 3038 5273 ex
3058 5223 3341 5291 negatione
3361 5242 3462 5296 qua
3472 5245 3522 5283 tn

1945 5294 2035 5351 ille
2057 5299 2432 5367 respondebat,
2463 5311 2518 5357 et
2552 5319 2617 5358 ex
2644 5306 2860 5362 nomine
2893 5311 3034 5379 quod
3068 5312 3122 5367 in
3156 5294 3521 5385 propositione

1944 5387 2356 5455 prmdicavimus
2387 5392 2797 5452 afﬁrmationem
2830 5413 2896 5453 ex
2927 5400 3136 5456 inﬁnito
3159 5406 3376 5462 nomine
3405 5423 3520 5476 qua!

1944 5474 2072 5537 dicit
2098 5500 2111 5537 :
2143 5481 2392 5540 Socrates
2417 5502 2521 5542 non
2551 5489 2763 5558 sapiens
2785 5502 2888 5556 est,
2914 5493 2997 5547 vel
3020 5495 3267 5553 Socrates
3286 5514 3390 5552 non
3418 5474 3518 5554 lio-

1943 5589 2133 5630 manus
2163 5587 2265 5631 est.
2302 5576 2407 5632 Has
2440 5580 2583 5634 enim
2626 5582 3010 5640 alﬁrmationes
3046 5601 3168 5642 esse
3214 5603 3280 5644 ex
3317 5591 3517 5647 inﬁnito

1944 5666 2166 5722 nomine
2183 5682 2341 5737 supra
2366 5681 2721 5727 monstratum
2752 5684 2852 5727 est.
2879 5674 2934 5730 Si
2961 5675 3118 5746 igitur
3146 5679 3334 5734 eodem
3362 5683 3517 5740 modi.

1942 5761 2132 5833 aliquis
2163 5761 2216 5817 in
2252 5763 2642 5820 universalibus
2673 5765 2930 5836 subjectis
2968 5769 3261 5842 interroget
3288 5773 3519 5837 dicens:

1944 5857 2199 5914 Omnisnc
2232 5859 2392 5912 homo
2424 5859 2636 5926 sapiens
2677 5863 2790 5915 est?
2827 5878 2922 5916 nos
2955 5868 3134 5939 utique
3167 5867 3522 5938 t'tasg‘nontlebiu
