4090 6342
528 358 628 430 55'9
726 375 773 410 ὀ

1772 366 1883 421 ΑΝ.
1926 364 2133 419 MANL.
2176 362 2328 419 SEV.
2372 359 2595 416 BOETII

3703 311 3795 413 sua

528 504 651 544 mus
684 507 694 541 :
727 487 863 543 Non.
902 483 1036 541 Tum
1068 483 1157 539 ille
1184 480 1372 538 eadem
1421 478 1770 535 similitudine
1809 478 2106 545 concludit,
2139 486 2193 547 Α
2222 478 2311 531 ﬁat
2340 477 2555 547 negatio
2587 474 2922 545 particularis
2966 492 2984 529 ι
3015 480 3098 530 εει
3141 472 3283 529 enim
3329 472 3445 528 haec
3486 486 3649 541 vera,
3682 472 3796 528 haec

504 585 657 645 dicit
685 584 848 646 enim',
875 578 1062 634 Omnis
1093 577 1248 647 igitur
1273 576 1435 630 homo
1466 589 1569 629 non
1592 575 1806 644 sapiens
1835 587 1939 630 εει.
1965 576 2109 641 Quo-

526 678 666 731 circa
709 673 882 728 nullus
925 673 1087 727 homo
1116 670 1330 738 sapiens
1360 677 1475 733 est;
1522 681 1584 723 ea
1615 669 1758 723 enim
1788 683 1908 739 qua:
1939 667 2066 722 dicit
2095 687 2107 722 :
2144 665 2150 673 ’

528 767 704 822 omnis
730 765 891 819 homo
938 779 1045 817 non
1074 762 1289 831 sapiens
1317 770 1421 828 est,
1456 761 1768 816 consentire
1814 769 2113 816 monstrata

526 868 606 916 est
638 858 685 913 ei
715 873 835 928 quae
862 856 990 912 dicit
1019 872 1032 908 :
1063 856 1244 911 nullus
1274 854 1435 908 homo
1466 853 1682 923 sapiens
1700 858 1805 908 est.
1834 851 2115 908 Videbitur

530 952 688 1023 igitur
714 950 1110 1021 quodammodo
1153 964 1219 1003 ex
1254 963 1380 1002 vera
1419 947 1773 1016 responsione
1801 945 1933 1001 falsa
1965 945 2113 1000 illata

529 1060 650 1100 esse
680 1042 977 1108 conclusio,
1008 1042 1092 1095 cui
1131 1055 1229 1104 nos
1258 1038 1487 1094 dicimus
1517 1038 1856 1109 negationem
1890 1037 2107 1107 quidem

529 1153 627 1192 nos
670 1134 1034 1204 respondisse,
1062 1146 1167 1187 non
1214 1141 1271 1185 ut
1302 1146 1363 1185 ea
1411 1131 1620 1200 negatio
1652 1130 1718 1184 ad
1761 1128 2108 1201 praedicatum

528 1231 859 1299 jungeretur,
910 1226 1003 1281 sed
1049 1225 1116 1279 ad
1159 1222 1686 1287 determinationem,
1742 1236 1915 1292 neque
1964 1221 2108 1276 enim

533 1337 631 1376 nos
682 1320 916 1375 voluisse
961 1318 1030 1371 ab
1078 1318 1225 1372 omni
1276 1316 1492 1370 homine
1534 1314 1849 1384 sapientiam
1899 1313 2109 1377 tollere,

533 1429 655 1469 cum
708 1414 1071 1481 interrogante
1120 1408 1303 1478 aliquo
1352 1422 1418 1461 an
1479 1406 1653 1460 omnis
1695 1405 1857 1460 homo
1902 1404 2116 1475 sapiens

529 1514 699 1570 esset,
753 1518 849 1558 nos
894 1516 1234 1572 negaremus,
1267 1499 1363 1555 sed
1413 1499 1482 1553 ab
1525 1498 1672 1552 omni
1718 1498 1893 1567 potius
1940 1496 1994 1551 id
2036 1506 2118 1551 est

530 1594 978 1666 determinatione
1014 1592 1246 1647 voluisse
1286 1606 1383 1646 nos
1414 1589 1727 1644 abstrahere
1773 1589 2114 1659 sapientiam,

533 1687 665 1742 illud
733 1686 939 1742 scilicet
985 1682 1375 1754 signiﬁcantes,
1429 1681 1569 1750 quod
1621 1680 1781 1734 alicui
1834 1689 2010 1745 esset,
2063 1691 2117 1734 et

531 1781 691 1837 alicui
742 1795 867 1843 non
904 1788 1050 1835 esset
1086 1777 1370 1847 sapientia,
1418 1783 1477 1831 ut
1526 1774 1669 1843 quod
1715 1773 1951 1830 diximus
2010 1790 2113 1830 non

2215 565 2403 627 autem'
2422 578 2503 628 est
2531 572 2691 627 etiam
2722 569 2988 641 opposita.
3018 568 3149 624 Nam
3192 583 3313 625 cum
3357 566 3644 624 afﬁrmatio
3685 567 3800 624 uni-

2218 664 2447 721 versalis
2494 663 2821 734 interrogata
2863 670 3008 718 esset
3051 676 3112 715 ea
3156 676 3276 733 qua:
3323 660 3497 730 dicit,
3553 661 3802 717 omnisne

2218 758 2379 812 homo
2406 759 2621 827 sapiens
2649 756 2765 812 est?
2799 770 2868 812 ex
2900 755 3143 826 negativa
3167 756 3425 825 particula
3457 754 3654 810 factum
3684 763 3765 809 cst
3784 797 3799 819 ,

2217 866 2325 907 non
2351 852 2525 907 omnis
2554 851 2714 906 homo
2740 849 2952 921 sapiens
2979 859 3061 905 est
3099 850 3155 903 in
3188 849 3565 915 conclusione,
3599 856 3805 903 etsunt

2217 946 2499 1017 Oppositae.
2542 944 2635 1000 illa
2661 955 2742 1001 est
2785 944 2930 1001 enim
2973 943 3258 1000 afﬁrmatio
3304 944 3656 1008 universalis,
3690 943 3806 997 haec

2220 1046 2395 1094 autem
2420 1038 2761 1109 particularis
2788 1038 3027 1109 negatio,
3058 1037 3146 1093 illa
3185 1052 3315 1094 vero
3343 1037 3637 1094 contraria.
3671 1034 3806 1091 Nam

2217 1131 2263 1187 si
2293 1146 2401 1186 non
2429 1130 2642 1202 negatio
2662 1128 2728 1186 ad
2747 1131 3093 1202 pradicatum
3112 1131 3386 1202 jungatur,
3406 1130 3465 1185 fit
3488 1128 3811 1185 universalis

2219 1222 2504 1277 afﬁrmatio
2551 1222 2784 1289 inﬁnita,
2823 1236 2944 1295 quae
2993 1224 3261 1279 consentit
3305 1223 3591 1279 universali
3648 1238 3812 1291 nrga—

2220 1316 2351 1371 tioni
2384 1316 2578 1383 ﬁnitae;
2613 1317 2711 1372 sed
2743 1317 2857 1372 haec
2884 1326 3067 1373 contra
3099 1317 3460 1372 universalem
3494 1314 3812 1370 afﬁrmatio-

2222 1423 2344 1463 nem
2368 1410 2570 1463 ﬁnitam
2598 1424 2715 1478 qua:
2736 1409 2789 1463 in
2822 1394 3352 1478 interrogatione'est
3377 1408 3567 1479 posita,
3594 1416 3813 1463 contra-

2220 1500 2296 1554 ria
2324 1510 2429 1556 est.
2462 1501 2742 1557 Contraria
2768 1500 2928 1570 igitur
2951 1503 3053 1557 erit
3080 1502 3241 1557 etiam
3270 1502 3358 1556 illa
3384 1516 3505 1572 quae
3528 1500 3814 1555 universa-

2221 1590 2287 1646 lis
2313 1600 2397 1647 est
2443 1592 2732 1647 afﬁrmatio
2758 1591 2986 1647 inﬁnita.
3017 1593 3148 1662 Quae
3192 1600 3370 1647 autem
3407 1606 3567 1647 causa
3595 1602 3681 1648 est
3717 1607 3816 1646 cur

2224 1681 2275 1735 in
2306 1681 2672 1753 singularibus
2701 1683 2785 1740 vel
2808 1684 3098 1740 afﬁrmatio
3121 1699 3184 1741 ex
3220 1684 3426 1740 inﬁnito
3450 1684 3699 1754 nomine,
3729 1685 3816 1740 vel

2224 1776 2435 1845 negatio
2460 1775 2677 1831 sibimet
2714 1774 2863 1831 ﬁnita
2907 1776 3286 1843 consentiant,
3317 1775 3369 1831 in
3418 1775 3819 1832 universalibus

534 1885 737 1932 tantum
779 1874 983 1929 valeret
1036 1880 1290 1941 quantum
1342 1870 1387 1924 si
1427 1868 1730 1924 diceremus
1777 1882 1883 1922 non
1915 1867 2111 1923 omnis.
2148 1876 2197 1936 Β
2222 1876 2401 1920 autem
2449 1866 2768 1922 universalis
2804 1866 3095 1923 afﬁrmatio
3123 1881 3188 1923 es
3222 1866 3429 1923 inﬁnito
3457 1867 3676 1922 nomin‘e
3705 1879 3819 1921 non

532 1971 695 2043 Igitur
720 1971 766 2026 si
795 1968 886 2023 illa
918 1965 1131 2037 negatio
1161 1964 1225 2020 ad
1257 1978 1476 2029 nomen,
1508 1964 1558 2018 id
1594 1972 1677 2018 est
1704 1962 1771 2016 ad
1801 1960 2118 2030 sapientiam

530 2064 801 2135 jungatur,
853 2057 1170 2115 universalis
1200 2055 1260 2110 ﬁt
1285 2053 1573 2119 afﬁrmatio
1617 2068 1736 2124 qua:
1761 2052 1911 2117 dicit,
1946 2051 2121 2106 omnis

534 2158 695 2213 homo
718 2169 823 2211 non
854 2152 1068 2222 sapiens
1095 2158 1212 2217 est,
1247 2149 1593 2205 consentiens
1635 2144 1927 2201 universali
1960 2158 2123 2214 nega-

532 2249 683 2314 tioni,
715 2262 835 2317 quae
870 2242 1142 2315 proponit,
1191 2241 1368 2296 nullus
1395 2241 1555 2293 homo
1602 2238 1816 2308 sapiens
1861 2244 1963 2292 est.
2012 2234 2122 2291 Sed

534 2344 652 2398 hac
680 2340 950 2397 contraria
979 2344 1063 2392 est
1092 2332 1492 2401 interrogationi
1520 2347 1535 2396 ;
1567 2330 1661 2385 fuit
1696 2329 1838 2384 enim
1888 2328 2119 2383 interro-

530 2436 700 2507 gatio,
758 2431 1002 2487 omnisne
1032 2428 1194 2482 homo
1246 2425 1457 2495 sapiens
1488 2433 1591 2480 est.
1639 2422 1765 2477 Haec
1812 2420 1975 2476 habet
2003 2418 2123 2475 uni-

532 2526 798 2582 versalem
828 2521 1267 2582 aiﬁrmationem,
1298 2518 1384 2595 cui
1426 2514 1700 2572 contraria
1728 2520 1814 2570 est
1846 2512 2123 2569 universa-

534 2619 602 2674 lis
625 2616 859 2688 negatio,
894 2614 979 2671 cui
1001 2625 1188 2668 rursus
1211 2608 1480 2680 negationi
1508 2606 1779 2663 consentit
1803 2602 2123 2660 universalis

532 2709 822 2767 afﬁrmatio
883 2704 1111 2760 inﬁnita.
1180 2702 1442 2770 Quocirca
1506 2698 1853 2753 aiﬁrmationi
1908 2710 2124 2768 quoque

535 2798 825 2858 universali
853 2796 1105 2866 simplici,
1130 2810 1250 2867 quae
1274 2794 1325 2848 in
1350 2790 1775 2862 interrogatione
1812 2788 1982 2859 posita
2017 2796 2120 2853 est,

551 2894 586 2949 d
632 2903 714 2948 est
751 2893 997 2947 omnisne
1025 2891 1186 2944 homo
1235 2887 1450 2957 sapiens
1479 2894 1599 2951 est,
1631 2883 1897 2939 contraria
1940 2890 2025 2938 est
2061 2896 2124 2937 ea

535 3003 654 3058 quae
675 2986 805 3041 dicit
833 2982 1135 3046 conclusio,
1183 2980 1438 3050 quoniam
1468 2977 1648 3033 omnis
1699 2976 1862 3031 homo
1902 2991 2009 3051 non
2038 2989 2125 3030 sa-

534 3078 689 3145 piens
709 3084 811 3130 est.
844 3072 994 3141 Quod
1032 3072 1077 3127 si
1120 3069 1348 3136 dicatur,
1373 3083 1479 3123 non
1510 3067 1687 3122 omnis
1716 3068 1879 3121 homo
1908 3064 2123 3138 sapiens

532 3177 638 3233 est,
659 3176 725 3222 ἐι
765 3180 952 3221 verum
1000 3172 1117 3227 est,
1148 3170 1204 3217 et
1230 3163 1277 3217 ei
1309 3161 1554 3231 opposita
1602 3169 1706 3214 est.
1738 3159 1935 3213 Contra
1980 3159 2122 3215 enim

2224 1959 2523 2014 consentiat
2554 1959 2863 2029 particulari
2914 1960 3181 2031 negationi
3222 1959 3384 2015 ﬁnitae
3408 2001 3424 2027 ,
3463 1959 3819 2030 quaerendum

2223 2062 2325 2109 εει.
2361 2053 2574 2108 Etenim
2602 2054 2649 2107 si
2690 2053 2812 2123 quis
2855 2053 3033 2118 dicat,
3061 2053 3310 2109 Socrates
3340 2070 3444 2109 non
3481 2054 3700 2124 sapiens
3733 2066 3821 2109 est

2221 2158 2277 2203 et
2301 2146 2552 2203 Socrates
2572 2149 2789 2221 sapiens
2820 2164 2927 2205 non
2954 2158 3057 2217 est,
3078 2148 3219 2205 idem
3246 2156 3349 2221 est,
3372 2160 3427 2205 et
3451 2151 3536 2205 ha:
3547 2149 3668 2205 dua:
3687 2149 3821 2206 sibi-

2225 2246 2336 2293 met
2363 2236 2732 2295 eonsentiunt.
2762 2239 2819 2297 Si
2855 2242 2976 2310 quis
3028 2249 3204 2297 autem
3234 2241 3410 2311 dicat,
3439 2243 3617 2299 omnis
3658 2241 3822 2299 homo

2224 2342 2333 2383 non
2364 2332 2579 2397 sapiens
2606 2339 2719 2396 est,
2746 2341 2799 2387 ει
2829 2346 3039 2401 rursus,
3074 2347 3178 2389 non
3210 2335 3387 2391 omnis
3413 2334 3577 2391 homo
3601 2335 3823 2405 sapiens

2225 2430 2328 2485 est,
2362 2420 2451 2475 ha:
2477 2422 2596 2477 dum
2624 2437 2731 2478 non
2757 2421 2974 2479 sibimet
3009 2426 3371 2481 consentiunt.
3401 2425 3508 2483 Sed
3540 2425 3658 2481 haec
3680 2426 3823 2482 ratio

2225 2520 2309 2564 est
2368 2511 2510 2580 quod
2540 2512 2593 2566 in
2622 2513 2982 2585 singularibus
3009 2517 3267 2586 subjectis
3295 2531 3402 2573 non
3428 2527 3555 2574 sunt
3579 2518 3824 2589 duplices

2224 2602 2615 2673 oppositiones,
2638 2605 2734 2661 sed
2758 2620 2860 2661 una
2885 2608 3191 2677 tantum,id
3211 2617 3318 2674 est,
3340 2624 3459 2680 qua:
3480 2610 3824 2680 negationem

2227 2695 2370 2752 facit.
2404 2696 2460 2751 lu
2484 2698 2875 2756 universalibus
2903 2709 3084 2758 autem
3112 2703 3488 2759 universaliter
3517 2702 3826 2773 praedicatis

2227 2784 2425 2856 duplex
2445 2789 2716 2859 oppositio
2739 2802 2844 2857 est,
2874 2806 2978 2847 una
3001 2794 3293 2858 centraria,
3324 2809 3428 2848 una
3451 2807 3579 2849 vero
3603 2801 3826 2849 contra-

2227 2884 2473 2942 dictoris.
2502 2889 2556 2943 Si
2594 2889 2665 2945 sit
2693 2904 2822 2962 ergo
2857 2890 3163 2961 huiusmodi
3206 2891 3497 2948 alﬁrmatio
3521 2907 3635 2963 qua:
3661 2891 3826 2961 dicit,

2228 2980 2476 3035 Socrates
2518 2980 2738 3049 sapiens
2768 2990 2873 3050 est,
2902 2991 3089 3038 contra
3120 2982 3258 3040 hanc
3300 2998 3404 3039 una
3443 2984 3711 3055 oppositio
3740 2997 3827 3041 εει

2228 3087 2348 3142 quae
2371 3074 2643 3143 proponit,
2667 3075 2921 3133 Socrates
2941 3077 3156 3148 sapiens
3179 3093 3285 3145 non
3311 3087 3416 3134 est.
3440 3078 3496 3134 Si
3525 3092 3655 3148 ergo
3680 3078 3827 3137 dicat

2230 3167 2419 3237 aliquis
2439 3209 2452 3234 ,
2484 3167 2738 3226 Socrates
2761 3185 2870 3227 non
2901 3172 3118 3243 sapiens
3141 3182 3253 3241 est,»
3278 3172 3394 3230 haec
3422 3174 3628 3229 nullum
3656 3174 3825 3230 alium

531 3274 650 3316 eam
668 3266 788 3327 quas
798 3256 928 3313 dicit
943 3252 1441 3325 interrogationem,
1458 3250 1703 3306 omnisne
1723 3250 1884 3305 homo
1900 3249 2116 3321 sapiens

2229 3264 2789 3326 babebitintellectum
2808 3285 3038 3340 quamea
3056 3287 3174 3343 quae
3185 3273 3336 3342 dicit,
3350 3272 3597 3331 Socrates
3608 3275 3827 3344 sapiens

532 3352 783 3410 est?cum
808 3361 1129 3419 responsum
1148 3343 1309 3401 fuerit
1325 3358 1457 3411 non,
1482 3351 1536 3399 et
1552 3341 1737 3412 juncta
1762 3341 1977 3412 negatio
2000 3340 2115 3398 iue-

531 3450 602 3509 rit
621 3450 688 3507 ad
706 3453 903 3519 omnis,
924 3446 1267 3520 particularis
1286 3445 1500 3517 negatio
1518 3443 1577 3499 ﬁt
1592 3442 1801 3508 dicens,
1821 3457 1927 3499 non
1944 3445 2120 3501 omnis

529 3544 695 3602 homo
724 3543 941 3614 sapiens
961 3548 1064 3607 est,
1093 3554 1217 3612 quae
1238 3548 1323 3595 est
1373 3537 1617 3609 opposita
1660 3538 1949 3593 universali
1978 3537 2122 3594 afﬁr-

532 3644 751 3702 mationi
803 3642 855 3699 ei
901 3657 1021 3713 quae
1075 3642 1126 3696 in
1172 3639 1591 3710 interrogatione
1642 3648 1726 3695 est
1771 3638 1948 3710 posita
1998 3640 2119 3695 uni-

533 3736 751 3801 versali,
781 3735 884 3789 hoc
903 3742 986 3789 est
1007 3732 1150 3789 enim
1174 3730 1317 3802 quod
1348 3732 1443 3787 ait.
1492 3730 1619 3787 Haec
1655 3741 1740 3787 est
1768 3732 1908 3787 enim
1954 3747 2123 3803 oppo-

531 3833 652 3895 sita,
686 3826 775 3882 illa
801 3841 930 3882 vero
959 3825 1249 3881 contraria.
1272 3824 1376 3881 Per
1406 3826 1566 3881 verba
1592 3835 1771 3881 autem
1799 3840 1991 3881 sensus
2021 3826 2123 3883 iste

532 3922 609 3976 sic
635 3926 864 3975 constat.
900 3917 1237 3973 Manifestum
1273 3924 1356 3971 est
1376 3922 1577 3986 autem,
1610 3916 1807 3985 inquit,
1865 3918 2119 3988 quoniam

532 4016 585 4070 in
604 4013 982 4085 singularibus,
1033 4022 1090 4067 ut
1131 4020 1213 4066 εει
1259 4008 1510 4065 Socrates
1539 4019 1592 4065 et
1641 4009 1900 4081 quidquid
1935 4012 2125 4068 indivi-

532 4108 692 4163 duum
724 4114 825 4172 est,
852 4106 897 4161 si
929 4119 1116 4161 verum
1148 4111 1231 4159 est
1259 4103 1646 4172 interrogatum
1674 4116 1904 4173 negare,
1941 4103 1993 4159 id
2044 4116 2127 4161 est

532 4200 821 4271 siquando
841 4198 1043 4268 aliquid
1073 4198 1192 4268 quis
1224 4198 1517 4265 interrogat
1568 4211 1695 4252 vere
1748 4196 1841 4252 ille
1895 4212 2123 4270 negave-

533 4297 628 4364 rit,
653 4303 713 4350 ut
740 4310 864 4350 cum
887 4292 1082 4364 aliquis
1110 4291 1401 4361 interrogat
1420 4305 1487 4346 an
1525 4290 1800 4346 Romanus
1829 4292 1901 4347 sit
1932 4291 2126 4348 Socra-

535 4398 639 4451 tes,
672 4386 765 4441 ille
794 4394 953 4455 neget
999 4382 1247 4454 quoniam
1278 4392 1333 4437 et
1355 4382 1625 4439 afﬁrmare
1653 4399 1847 4440 verum
1904 4394 2010 4449 est,
2071 4394 2128 4440 ut

535 4480 630 4535 ille
653 4479 744 4547 qui
769 4478 1063 4546 interrogat
1092 4490 1158 4532 ex
1191 4474 1478 4545 negatione
1504 4483 1559 4531 et
1589 4477 1809 4532 nomine
1840 4477 2129 4546 praedicato

537 4569 801 4627 inﬁnitam
820 4568 1425 4636 faciatalﬂrmationem,
1440 4578 1495 4623 et
1510 4567 1665 4636 hujus
1687 4578 1768 4625 est
1785 4570 2091 4640 exemplum
2113 4590 2123 4623 :

2230 3386 2335 3424 non
2362 3380 2466 3437 est,
2487 3386 2646 3426 unam
2663 3372 2804 3427 enim
2826 3381 3049 3429 tamtum
3073 3375 3243 3430 Solam
3265 3374 3497 3431 diximus
3518 3377 3571 3431 in
3593 3377 3825 3447 singula-

2226 3461 2377 3518 ribus
2390 3464 2803 3534 oppositionem.
2820 3466 2997 3533 Quare
3008 3481 3339 3539 quaecunque
3352 3469 3474 3524 alia:
3496 3468 3714 3535 fuerint,
3734 3484 3829 3524 ea.

2225 3557 2348 3615 dem
2363 3559 2755 3631 signiﬁcatione
2775 3571 3192 3629 concurrerent;
3214 3564 3265 3620 in
3290 3563 3676 3621 univerSalibus
3698 3578 3831 3621 vero

2228 3654 2610 3711 univcrsaliter
2632 3654 2933 3726 praedicatis
2962 3672 3067 3711 non
3096 3656 3285 3712 eodem
3308 3658 3468 3713 modo
3488 3666 3591 3713 est.
3623 3656 3758 3711 Nam
3784 3658 3831 3715 si

2225 3746 2595 3803 sitafﬁrmatio
2614 3748 2933 3803 universalis
2947 3752 3066 3818 qua:
3078 3748 3229 3815 dicit,
3243 3749 3418 3804 omnis
3433 3751 3591 3805 homo
3607 3750 3828 3816 sapient

2228 3848 2332 3908 est,
2358 3847 2543 3895 contra
2573 3839 2711 3893 hanc
2735 3839 2895 3895 etiam
2926 3840 3013 3895 illa
3036 3849 3119 3896 est
3139 3856 3258 3910 quae
3280 3840 3433 3910 dicit,
3459 3839 3634 3895 nullus
3663 3844 3830 3897 homo

2229 3931 2445 4001 sapiens
2476 3939 2590 3997 est,
2620 3932 2779 3986 etiam
2827 3931 2915 3985 illa
2960 3946 3077 4002 qua:
3123 3931 3279 3996 dicit,
3317 3948 3423 3986 non
3448 3934 3619 3987 omnis
3663 3932 3831 3989 homo

2228 4022 2442 4091 sapiens
2469 4031 2580 4090 est,
2608 4032 2662 4078 et
2684 4022 2770 4077 illa
2793 4032 2879 4078 est
2899 4024 3164 4078 contraria
3182 4066 3198 4091 ,
3244 4024 3358 4079 haec
3387 4025 3826 4079 contradictoris.

2228 4116 2469 4188 Simplex
2487 4131 2615 4188 ergo
2636 4117 2751 4174 haec
2773 4117 3040 4188 oppositio
3056 4118 3159 4172 sibi
3184 4134 3286 4174 non
3304 4119 3826 4188 potcsl‘consentire,

2236 4211 2327 4265 illa
2376 4209 2519 4266 enim
2554 4210 2690 4265 tollit
2717 4226 2835 4281 quae
2862 4219 2944 4264 est
2976 4209 3296 4265 universalis
3326 4211 3554 4280 negatio,
3588 4209 3678 4264 illa
3702 4224 3829 4278 ρετ-

2232 4312 2337 4361 tem
2370 4303 2618 4373 diflinite,
2661 4320 2781 4374 quae
2812 4312 2893 4359 est
2922 4304 3261 4374 particularis
3291 4304 3525 4375 negatio.
3560 4304 3664 4359 Sed
3698 4303 3830 4358 uni-

2232 4397 2459 4451 versalis
2505 4398 2718 4468 negatio
2760 4397 3047 4452 universali
3090 4395 3434 4453 aiﬁrmationi
3490 4413 3552 4453 ex
3610 4396 3828 4452 inﬁnito

2233 4492 2447 4546 nomine
2469 4490 2772 4555 consentit;
2800 4488 3013 4546 diversa
3046 4489 3204 4561 igitur
3238 4488 3341 4546 erit
3389 4490 3504 4545 hare
3547 4504 3763 4559 quoque
3798 4506 3828 4543 a

2237 4583 2542 4653 particulari
2575 4582 2793 4638 deﬁnita
2827 4584 3132 4653 negatione,
3158 4590 3213 4638 et
3242 4582 3493 4662 quoniam
3520 4581 3711 4650 duplex
3740 4591 3831 4639 cst

540 4672 767 4732 putasne
794 4660 1046 4718 Socrates
1082 4660 1299 4730 sapiens
1328 4658 1444 4715 est?
1474 4658 1800 4729 Responsio,
1827 4677 1954 4717 non.
1983 4661 2122 4717 Con-

2236 4678 2505 4749 oppositio
2538 4678 2587 4730 in
2612 4676 3007 4732 universalibus
3032 4720 3046 4743 ,
3081 4686 3137 4731 et
3172 4654 3398 4748 simplex
3448 4676 3500 4729 in
3540 4674 3829 4745 singulari-

537 4755 740 4821 clusio,
770 4755 1021 4811 Socrates
1046 4766 1175 4823 ergo
1208 4767 1314 4807 non
1356 4752 1570 4822 sapiens
1599 4762 1699 4808 est.
1732 4754 1840 4810 Sed
1887 4755 1989 4811 hoc
2020 4771 2127 4811 non

536 4848 783 4905 similiter
832 4847 886 4901 in
932 4844 1323 4901 universalibus
1367 4857 1426 4899 se
1468 4843 1668 4910 habet,
1714 4845 1854 4915 quod
1893 4861 1988 4917 per
2030 4848 2132 4903 hoc

538 4949 802 4997 monstrat
839 4938 982 5009 quod
1030 4936 1137 5004 ait,
1181 4935 1235 4992 in
1275 4936 1673 4993 universalibus
1714 4952 1846 4994 vero
1892 4953 2000 4994 non
2048 4947 2131 4994 est

535 5047 664 5089 vera
700 5045 821 5103 quae
846 5029 1094 5086 similiter
1116 5028 1333 5093 dicitur,
1365 5027 1417 5083 id
1446 5038 1528 5084 est
1558 5044 1666 5084 non
1689 5044 1816 5085 vera
1841 5039 1955 5095 est,
1984 5029 2135 5085 afﬁr-

538 5126 705 5182 matio
744 5121 953 5179 inﬁnita
984 5121 1119 5177 facta
1150 5135 1216 5177 ex
1251 5121 1544 5192 praedicata
1573 5123 1791 5178 nomine
1821 5132 1876 5179 et
1906 5137 2129 5194 respon-

541 5218 715 5274 dentis
750 5217 1067 5287 negatione,
1098 5215 1193 5273 sed
1238 5218 1415 5287 potius
1460 5230 1587 5273 vera
1627 5225 1711 5273 est
1742 5217 1955 5288 negatio
1977 5257 1993 5285 ,
2023 5233 2129 5273 non

539 5310 857 5375 afﬁrmatio;
886 5309 1043 5379 hujus
1074 5309 1380 5379 exemplum
1412 5309 1517 5365 tale
1546 5318 1651 5375 est,
1681 5326 1803 5366 nam
1838 5311 2135 5382 interroga-

540 5412 615 5467 tio
644 5420 840 5479 estut,
896 5418 1122 5480 putasne
1174 5410 1335 5465 homo
1365 5411 1539 5465 omnis
1586 5412 1801 5481 sapiens
1853 5413 1972 5468 est?
2034 5413 2135 5467 Re-

542 5504 782 5574 sponsio,
806 5518 935 5560 non.
956 5501 1108 5558 Falsa
1139 5503 1435 5567 conclusio,
1450 5502 1625 5558 omnis
1651 5502 1813 5573 igitur
1846 5504 2008 5559 homo
2033 5496 2135 5559 non

541 5600 755 5669 sapiens
775 5606 887 5662 est;
920 5598 1020 5652 hoc
1046 5605 1224 5651 autem
1260 5595 1451 5651 falsum
1478 5604 1564 5650 est
1588 5634 1604 5660 ,
1635 5606 1691 5651 et
1716 5612 1825 5651 non
1849 5598 2027 5651 simile
2054 5609 2138 5654 est

539 5691 589 5747 ci
616 5689 756 5761 quod
787 5703 946 5760 supra
974 5689 1042 5744 de
1070 5687 1325 5759 singulari
1354 5687 1596 5757 subjecto
1634 5686 2007 5757 prmdiximus,
2038 5691 2133 5747 sed

544 5780 722 5850 potius
747 5780 836 5836 illa
863 5793 983 5849 qua:
1008 5778 1168 5841 dicit.
1203 5792 1307 5833 non
1331 5776 1506 5831 omnis
1536 5778 1698 5847 igitur
1728 5777 1888 5835 homo
1915 5784 2130 5851 sapiens

543 5881 655 5937 est.
686 5879 749 5931 ut
774 5869 1152 5937 respondentis
1186 5870 1397 5940 negatio
1435 5870 1498 5928 ad
1542 5872 1716 5932 omnis
1754 5874 2006 5947 jungatur
2028 5920 2044 5946 ,
2080 5888 2132 5937 et

2240 4773 2365 4836 bus,
2399 4778 2543 4826 recte
2580 4770 2633 4823 in
2664 4769 2851 4825 eadem
2893 4768 3244 4825 similitudine
3284 4767 3676 4838 prtedicationis
3715 4781 3830 4823 non

2239 4852 2424 4922 eadem
2458 4864 2655 4920 veritas
2687 4864 2997 4934 falsitasque
3021 4864 3302 4934 contingit.

2314 4954 2430 5011 Illa:
2458 4973 2573 5011 vero
2600 4973 2715 5026 quw
2742 4966 2862 5010 sunt
2891 4957 3291 5025 contrajacentes
3318 4955 3592 5010 secundum
3619 4953 3829 5023 inﬁnita

2243 5047 2449 5102 nomina
2482 5047 2560 5102 vel
2590 5046 2738 5100 verba
2758 5089 2772 5112 ,
2813 5056 2867 5100 nt
2900 5047 2951 5101 in
2983 5063 3041 5101 eo
3069 5047 3205 5115 quod
3233 5055 3333 5113 est,
3384 5062 3485 5117 non
3525 5048 3673 5099 homo
3693 5086 3707 5109 ,
3750 5047 3829 5098 vel

2244 5156 2344 5193 non
2358 5147 2533 5211 justus
2552 5180 2565 5204 ,
2597 5138 2744 5207 quasi
2774 5139 3062 5209 negationes
3090 5139 3195 5193 sine
3230 5139 3430 5192 nomine
3458 5149 3505 5193 et
3535 5137 3680 5191 verba
3719 5152 3832 5191 esse
3902 5144 3909 5211 έ

2243 5230 2579 5294 videbuntur,
2604 5230 2693 5284 sed
2722 5245 2823 5283 non
2853 5241 3001 5297 sunt,
3040 5246 3239 5298 semper
3264 5231 3397 5285 enim
3420 5229 3497 5285 vel
3524 5245 3689 5285 rerum
3721 5244 3832 5284 esse

2241 5328 2317 5381 vel
2346 5324 2531 5395 falsam
2565 5341 2761 5380 necesse
2790 5334 2863 5380 est
2893 5326 3229 5397 negationem.
3266 5324 3370 5391 Qui
3405 5341 3519 5379 vero
3564 5324 3692 5377 dixit
3726 5338 3831 5380 non

2245 5419 2392 5473 homo
2412 5458 2426 5485 ,
2451 5434 2553 5472 non
2582 5418 2696 5487 plus
2724 5418 2924 5473 dicente
2952 5417 3134 5485 homo,
3160 5418 3250 5472 sed
3270 5417 3421 5472 etiam
3449 5415 3619 5469 minus
3639 5457 3653 5483 ,
3681 5430 3826 5469 verus

2243 5512 2319 5565 vel
2347 5509 2510 5582 falsus
2532 5511 2649 5579 fuit,
2681 5510 2726 5564 si
2749 5526 2849 5564 non
2872 5509 3069 5581 aliquid
3091 5509 3331 5564 addatur.

2316 5601 2569 5660 Novimus
2596 5604 2990 5676 propasitiones
3017 5619 3083 5661 ex
3114 5603 3332 5659 inﬁnitis
3361 5601 3477 5658 ﬁeri
3517 5614 3675 5673 posse
3725 5612 3824 5653 no-

2244 5696 2511 5764 minihus,
2546 5697 2641 5752 has
2672 5712 2799 5768 ergo
2842 5697 3144 5753 dissolvens
3178 5696 3494 5752 Aristoteles
3531 5691 3693 5748 sumit
3730 5704 3822 5761 per

2241 5805 2301 5847 se
2332 5791 2625 5847 dictionem
2676 5791 2908 5847 nominis
2956 5790 3141 5846 inﬁniti
3164 5831 3177 5855 ,
3209 5798 3263 5845 et
3292 5788 3358 5845 de
3393 5804 3456 5845 ea
3507 5787 3745 5857 disputat
3767 5775 3818 5840 si

2238 5890 2422 5941 contra
2453 5881 2659 5940 ﬁnitum
2689 5898 2880 5942 nomen
2907 5890 3267 5955 comparetur,
3291 5898 3358 5940 an
3381 5882 3623 5954 quzedam
3651 5888 3813 5935 earn-
