4060 6330
1015 329 1080 387 ΙΝ
1119 329 1372 386 LIBRUM
1413 330 1499 386 DE
1540 329 2183 390 INTERPRETATIONE
2216 334 2446 392 EDITIO
2486 336 2827 397 SECUNDA.

3447 342 3551 398 562

280 451 466 506 tiativa
507 450 779 522 oppositio
825 451 1089 509 videatur.
1120 453 1200 509 .Si
1251 453 1372 521 quis
1412 453 1555 509 enim
1596 463 1771 508 sumat
1812 451 1865 507 id
1893 452 1947 514 Α
1972 455 2369 523 propositiones
2401 471 2524 526 quae
2544 472 2611 513 ex
2642 459 2849 514 inﬁnito
2874 459 3118 527 subjecto
3143 471 3287 525 sunt,
3319 475 3439 516 cum
3467 461 3553 516 his

280 544 423 616 quod
450 542 674 610 dicitur,
703 559 810 600 non
837 544 1000 601 homo
1021 589 1036 609 ,
1074 555 1128 601 et
1168 554 1401 616 opponat
1428 555 1615 603 contra
1639 545 1691 601 id
1717 546 1858 616 quod

278 638 532 707 dicimus,
562 640 751 708 homo,
778 638 1045 695 videbitur
1074 640 1301 697 fortasse
1326 641 1661 710 aliquatenus
1688 639 1867 698 facere

279 732 679 801 Oppositionem
698 774 715 800 ,
743 733 993 803 quoniam
1024 734 1168 789 enim
1216 734 1393 790 omnis
1427 735 1670 806 negativa
1699 734 1867 805 parti-

281 823 402 878 cula
445 822 654 894 adjecta
696 825 897 891 verbo,
927 824 1070 896 quod
1116 827 1358 881 continet
1407 828 1864 897 propositionem,

282 919 622 986 negationem
644 917 790 984 facit,
814 919 1025 975 etiamsi
1045 920 1236 975 modus
1260 919 1454 991 aliquis
1486 921 1868 992 propositionis

285 1026 390 1067 non
419 1011 758 1081 praedicetur,
790 1012 930 1083 quod
963 1012 1228 1083 posterius
1258 1014 1732 1073 demonstrandum
1763 1026 1866 1085 est,

286 1104 359 1160 ita
386 1104 548 1160 etiam
575 1105 776 1160 nomini
807 1106 1018 1161 videtur
1040 1122 1161 1162 cum
1193 1106 1402 1177 adjecta
1431 1108 1593 1166 fuerit
1621 1112 1867 1181 negativa

284 1198 575 1270 particula,
613 1198 898 1269 quamdam
931 1199 1111 1257 facere
1153 1202 1524 1273 negationem,
1566 1213 1622 1259 ut
1666 1205 1711 1260 si
1759 1220 1867 1261 non

283 1292 540 1363 particula
561 1291 818 1362 jungatur
836 1293 885 1349 ei
908 1294 1051 1364 quod
1072 1304 1158 1350 est
1178 1295 1359 1360 homo,
1385 1296 1542 1351 faciat
1559 1312 1661 1353 non
1684 1298 1866 1366 homo,

284 1384 387 1440 hoc
412 1394 496 1441 est
517 1386 661 1441 enim
682 1386 824 1457 quod
854 1369 954 1442 ait.
986 1386 1096 1444 illa:
1128 1404 1253 1444 vero
1274 1405 1396 1460 quae
1425 1400 1551 1445 sunt
1574 1390 1867 1447 secundum

284 1478 492 1535 inﬁnita
522 1480 741 1536 nomina
763 1483 848 1537 vel
879 1482 1039 1539 verba
1069 1485 1353 1555 oppositae,
1381 1495 1440 1542 ut
1459 1486 1511 1542 in
1539 1502 1604 1542 eo
1623 1488 1764 1557 quod
1787 1499 1869 1545 est

282 1584 390 1626 non
420 1571 603 1640 homo,
636 1573 721 1629 vel
749 1588 857 1630 non
878 1576 1076 1645 justus,
1107 1577 1260 1647 quasi
1286 1579 1600 1649 negationes
1626 1579 1869 1645 sinequo-

283 1664 429 1720 mine
466 1664 553 1721 vel
601 1665 769 1722 verbo
814 1681 936 1723 esse
981 1668 1253 1727 videntur.
1285 1668 1342 1726 Si
1374 1670 1493 1740 quis
1527 1672 1675 1726 enim
1701 1670 1864 1738 dicat,

282 1770 392 1811 non
434 1758 632 1823 currit,
665 1757 782 1812 haec
810 1759 871 1813 ﬁt
918 1758 1037 1815 sine
1082 1760 1302 1816 nomine
1341 1761 1583 1832 negatio;
1628 1761 1771 1834 quod
1818 1761 1866 1818 si

280 1852 404 1922 quis
442 1852 611 1921 dicat,
653 1868 760 1909 non
791 1854 987 1924 homo,
1032 1858 1145 1912 haec
1190 1872 1403 1929 quoque
1430 1868 1513 1915 est
1558 1860 1674 1916 sine
1704 1860 1870 1915 verbo

281 1944 516 2015 negatio.
539 1947 669 2014 Quae
707 1945 972 2003 dictiones
1015 1949 1308 2006 secundum
1359 1952 1621 2009 inﬁnitum
1673 1969 1868 2010 nomen

280 2039 502 2095 verbum
524 2051 866 2111 apponuntur
888 2041 1039 2098 ﬁnito
1064 2043 1264 2099 nomini
1288 2045 1371 2101 vel
1398 2046 1583 2112 verbo,
1614 2050 1756 2118 quod
1786 2059 1871 2107 est

280 2129 472 2199 homo,
505 2140 561 2187 et
590 2134 788 2201 currit;
819 2133 1144 2191 videbuntur
1170 2150 1300 2207 ergo
1334 2136 1416 2192 hae
1446 2140 1756 2209 negationes
1783 2155 1868 2198 se-

279 2223 512 2306 cundum
556 2223 820 2280 inﬁnitum
865 2240 1058 2282 nomen
1103 2227 1185 2282 vel
1231 2228 1449 2284 verbum
1500 2245 1620 2301 qua.-
1677 2231 1871 2302 praedi-

280 2323 492 2385 cantur,
521 2315 616 2372 sed
646 2330 753 2371 non
783 2326 927 2373 sunt.
959 2316 1198 2375 Maxime
1237 2319 1378 2375 enim
1410 2320 1545 2375 ratio
1575 2320 1673 2376 has
1705 2336 1868 2393 nega-

282 2408 458 2463 tiones
504 2422 609 2463 non
656 2423 778 2465 esse
824 2409 1122 2479 convincit,
1153 2412 1296 2482 quod
1331 2414 1509 2467 omnis
1545 2414 1759 2484 negatio
1786 2416 1870 2472 vel

282 2514 408 2557 vera
454 2502 540 2558 vel
582 2500 717 2557 falsa
746 2511 863 2569 est,
896 2503 1039 2574 quod
1068 2513 1248 2561 autem
1292 2505 1521 2562 dicimus
1562 2520 1667 2562 non
1710 2507 1873 2562 homo

282 2595 365 2651 vel
388 2608 494 2651 non
515 2596 709 2663 currit,
736 2595 861 2652 licet
889 2596 1154 2667 simplicia
1181 2612 1393 2668 quoque
1420 2607 1478 2654 et
1504 2596 1649 2653 ﬁnita
1669 2640 1683 2665 ,
1711 2599 1874 2655 homo

282 2687 492 2745 scilicet
509 2688 845 2760 atquecurrit
861 2729 878 2756 ,
901 2690 1035 2745 nihil
1049 2705 1235 2747 verum
1258 2691 1517 2747 falsumve
1537 2694 1869 2763 significent:

285 2788 464 2836 tamen
494 2778 610 2836 haec
652 2779 855 2835 inﬁnita
902 2781 1068 2836 multo
1114 2782 1289 2838 minus
1326 2784 1526 2854 aliquid
1558 2799 1741 2841 verum
1782 2794 1874 2840 aut

285 2872 478 2929 falsum
507 2871 916 2937 demonstrant,
949 2888 1054 2928 non
1081 2873 1222 2945 quod
1265 2874 1527 2946 simplicia
1562 2891 1748 2931 verum
1780 2876 1871 2932 ali-

284 2967 412 3039 quid
437 2966 700 3023 falsumve
745 2967 1317 3037 signiﬁcent;'idcirco
1361 2969 1592 3026 dicimus
1638 2971 1872 3031 inﬁnitas

284 3058 555 3115 dictiones
575 3059 910 3129 simplicibus
955 3061 1131 3115 minus
1160 3076 1344 3117 verum
1376 3070 1467 3116 aut
1499 3063 1685 3118 falsum
1718 3078 1871 3120 mon-

283 3163 481 3210 strare.
513 3152 618 3208 Sed
666 3153 806 3223 quod
847 3169 1150 3223 quanquam
1196 3154 1330 3210 nihil
1380 3170 1562 3211 verum
1612 3156 1870 3213 falsumve

284 3244 529 3314 designet
551 3245 778 3315 simplex
807 3260 1002 3301 nomen
1033 3254 1087 3317 et
1108 3246 1354 3316 verbum,
1380 3256 1558 3303 tamen
1587 3248 1867 3305 delinitum

285 3336 535 3406 quiddam
583 3338 865 3408 proponit,
889 3346 955 3393 ut
996 3340 1052 3394 in
1089 3352 1156 3394 eo
1193 3339 1336 3410 quod
1363 3349 1445 3396 est
1468 3341 1628 3396 homo
1665 3341 1871 3397 ﬁnitum

286 3416 536 3501 quiddam
564 3441 648 3486 est
683 3441 737 3488 et
768 3446 869 3488 una
899 3433 1132 3504 species.
1174 3434 1225 3489 Is
1260 3448 1391 3491 vero
1414 3436 1506 3505 qui
1552 3435 1713 3504 dicit,
1766 3452 1874 3492 non

282 3522 471 3588 homo,
499 3532 814 3594 praesentem
837 3524 1050 3596 quidem
1072 3527 1307 3596 speciem
1330 3527 1612 3594 interimit,
1638 3528 1875 3585 inﬁnitas

287 3624 463 3670 autem
492 3615 626 3671 alias
654 3615 747 3671 dat
782 3616 1078 3688 intelligere
1118 3618 1261 3689 ipsas
1289 3619 1421 3674 nihil
1459 3635 1683 3690 ponens.
1732 3620 1876 3688 Quo-

287 3707 430 3763 circa
461 3722 764 3778 quanquam
793 3707 940 3764 ﬁnita
968 3711 1133 3766 verba
1170 3711 1254 3766 vel
1285 3712 1500 3767 nomina
1538 3728 1635 3783 per
1664 3728 1723 3770 se
1752 3728 1876 3769 vera

282 3799 374 3865 vel
406 3798 537 3855 falsa
557 3814 678 3855 esse
702 3815 808 3855 non
833 3800 1039 3870 possint
1070 3801 1169 3857 nisi
1206 3818 1332 3859 cum
1367 3804 1489 3860 aliis
1514 3804 1701 3875 juncta
1727 3806 1834 3861 sint
1859 3851 1872 3875 ,

288 3900 469 3947 tamen
518 3892 676 3962 longe
721 3893 900 3947 minus
943 3892 1185 3949 veritatis
1235 3904 1328 3950 aut
1374 3895 1618 3951 falsitatis
1655 3897 1874 3967 capacia

291 3992 417 4038 sunt
459 3984 674 4039 nomina
719 3984 929 4040 inﬁnita
967 3986 1053 4041 vel
1082 3987 1245 4043 verba
1291 4002 1414 4059 qua:
1445 4004 1545 4045 nec
1571 3988 1675 4046 hoc
1701 3990 1875 4060 ipsum

292 4078 510 4149 quidem
555 4074 695 4148 quOd
743 4080 1044 4149 signiﬁcant
1082 4090 1320 4151 ponunt,
1361 4083 1455 4138 sed
1498 4082 1628 4138 illud
1660 4083 1875 4153 quidem

296 4172 598 4241 perimunt:
629 4174 759 4230 nihil
783 4187 962 4233 autem
994 4193 1089 4248 per
1118 4193 1178 4235 se
1204 4179 1347 4234 aliud
1386 4180 1439 4234 in
1486 4180 1878 4249 signiﬁcatione

291 4267 648 4321 constituunt.
689 4267 968 4324 Postremo
1014 4270 1361 4341 propinquius
1408 4271 1476 4326 ad
1524 4272 1764 4327 veritatis
1791 4273 1878 4328 vel

276 4357 539 4421 falsitatis
587 4359 733 4415 ﬁnita
772 4369 899 4439 sunt
943 4360 1268 4416 intellectus.
1313 4361 1488 4416 Minus
1542 4362 1704 4431 igitur
1753 4377 1877 4418 vera

292 4453 373 4506 vel
402 4452 535 4506 falsa
581 4462 664 4507 est
705 4452 870 4506 dictio
900 4452 1133 4507 nominis
1174 4451 1403 4518 inﬁniti,
1445 4466 1603 4521 quam
1649 4451 1879 4522 alicujus

293 4544 551 4614 simplicis
579 4555 635 4602 et
662 4545 794 4600 ﬁniti
824 4545 1086 4602 vocabuli.
1260 4602 1263 4603 ν

365 4634 635 4706 Signiﬁcat
669 4646 835 4692 autem
861 4679 875 4703 ,
907 4647 981 4692 est
1011 4637 1173 4691 omnis
1198 4654 1303 4691 non
1327 4636 1475 4691 homo
1497 4637 1669 4703 justus
1689 4678 1703 4701 ,
1750 4635 1878 4689 nulli

291 4726 501 4782 illarum
541 4729 676 4783 idem
696 4770 711 4795 ,
744 4746 833 4784 nec
863 4730 981 4784 huic
1011 4731 1247 4799 opposita
1286 4746 1347 4785 ea
1373 4746 1488 4800 qua
1514 4740 1586 4784 est
1606 4772 1623 4797 ,
1664 4746 1764 4784 non
1802 4739 1878 4783 est

294 4819 459 4873 amitis
487 4836 592 4874 non
618 4820 769 4874 homo
785 4823 980 4891 justus.
1014 4819 1120 4874 Illa
1150 4838 1267 4875 vero
1305 4838 1418 4891 quae
1446 4831 1519 4876 cst
1542 4862 1559 4888 ,
1583 4821 1747 4877 omnis
1776 4837 1878 4876 non

291 4912 458 4982 justus
482 4928 584 4967 non
611 4913 782 4980 homo,
810 4913 886 4966 illi
906 4928 1022 4984 qua:
1047 4923 1153 4981 est,
1185 4914 1360 4969 nullus
1376 4915 1550 4988 justus
1579 4932 1680 4970 non
1700 4914 1876 4980 Iwmo,

291 5005 426 5058 idem
443 5005 719 5076 signiﬁcat.

274 5154 277 5157 γ
366 5099 654 5173 Postquam
684 5099 753 5153 de
783 5100 1235 5171 propositionibus
1264 5099 1528 5156 inﬁnitum
1556 5101 1878 5158 habentibus

295 5188 679 5259 praedicatum,
731 5188 1018 5247 sufﬁcienti
1071 5190 1433 5261 disputatione
1490 5191 1699 5246 locutus
1754 5201 1881 5259 est,

294 5294 587 5350 carumque
631 5280 996 5351 oppositiones
1047 5282 1314 5348 ostendit,
1366 5284 1883 5354 conscquentiasque

294 5373 708 5437 demonstravit,
744 5381 905 5444 atque
924 5372 977 5427 in
1008 5372 1188 5451 medio
1212 5374 1280 5427 de
1305 5372 1529 5429 inﬁnitis
1555 5374 1879 5440 nominibus,

294 5464 438 5533 quod
465 5481 571 5520 non
596 5474 775 5520 essent
806 5466 1116 5535 negationes
1142 5464 1376 5521 breviter
1402 5468 1721 5536 pernotavit,
1741 5480 1882 5522 nunc

296 5556 436 5610 rcdit
460 5556 528 5610 ad
555 5570 648 5612 eas
679 5557 1074 5628 propositiones
1100 5573 1220 5627 quae
1248 5557 1548 5626 subjectum
1579 5558 1779 5611 habent
1804 5557 1884 5614 in-

297 5649 507 5705 ﬁnitum
534 5692 549 5717 ,
581 5650 929 5717 pradicatum
952 5664 1082 5706 vero
1105 5651 1189 5706 vel
1222 5650 1430 5705 ﬁnitum
1462 5649 1545 5705 vel
1576 5649 1840 5706 inﬁnitum
1866 5696 1881 5719 ,

297 5748 354 5795 et
380 5742 609 5809 primum
636 5742 849 5813 quidem
884 5758 955 5798 an
981 5742 1183 5800 eaedem
1224 5743 1365 5808 sint,
1396 5736 1646 5812 idemque
1683 5742 1885 5813 signiﬁ-

300 5841 453 5915 pent,
484 5833 821 5909 habeantque
845 5837 1034 5909 ordine
1062 5837 1292 5919 aliquam
1322 5835 1760 5907 consequentiam
1802 5835 1887 5925 has

1967 563 2087 619 quae
2112 564 2177 605 ex
2203 550 2411 606 inﬁnito
2440 552 2730 621 prtedicato
2757 563 2883 609 sunt
2914 555 2992 610 vel
3021 560 3087 610 ex
3119 556 3356 626 utrisque
3387 556 3551 612 ﬁnitis

1968 640 2145 697 docet.
2174 643 2265 698 Ait
2288 643 2433 698 enim
2465 643 2560 699 has
2583 644 2718 700 duas
2743 646 3137 716 propositiones
3164 662 3284 715 qua:
3305 656 3445 710 sunt.
3467 658 3553 703 est

1967 733 2147 789 omnis
2188 748 2294 788 non
2339 732 2504 790 homo
2544 735 2751 806 justus,
2779 752 2883 792 non
2930 747 3011 794 est
3050 739 3222 795 omnis
3255 754 3358 794 non
3390 740 3553 794 homo

1961 822 2171 894 justus,
2210 822 2343 879 nulli
2387 824 2598 881 illarum
2644 826 2788 881 idem
2838 827 3141 898 signiﬁcare
3188 844 3306 900 qua:
3351 837 3443 884 aut
3484 845 3551 885 ex

1967 916 2208 985 utrisque
2256 916 2422 972 ﬁnitis
2458 926 2585 973 sunt
2635 927 2727 974 aut
2756 934 2826 974 ex
2874 920 3163 988 pradicato
3207 920 3457 986 inﬁnito,
3496 932 3547 976 et

1967 1008 2321 1079 disponantur
2343 1008 2559 1082 quidem
2587 1009 2693 1065 illa:
2721 1026 2839 1081 qua:
2864 1018 2955 1066 aut
2982 1026 3047 1067 ex
3097 1010 3340 1083 utrisque
3387 1011 3554 1066 ﬁnitis

1969 1111 2096 1157 sunt
2128 1113 2223 1158 aut
2267 1090 2336 1158 ex
2377 1103 2663 1174 praedicam
2692 1103 2932 1172 inﬁnito,
2980 1113 3030 1159 et
3061 1105 3291 1172 primum
3334 1105 3550 1176 quidem

1968 1207 2198 1267 ponatur
2224 1198 2450 1268 simplex
2479 1197 2765 1253 afﬁrmatio
2795 1196 3113 1253 universalis
3132 1240 3146 1265 ,
3180 1199 3279 1253 sub
3319 1198 3420 1255 hac
3462 1216 3553 1255 ue-

1968 1288 2113 1361 gatio
2138 1289 2456 1345 universalis
2480 1304 2545 1344 ex
2574 1287 2864 1359 praedicato
2893 1286 3101 1344 inﬁnito
3129 1289 3391 1359 superiori
3420 1290 3553 1346 sim-

1971 1378 2095 1449 plici
2124 1378 2466 1435 afﬁrmationi
2506 1378 2866 1435 consentiens.
2917 1378 3113 1435 Contra
3152 1395 3282 1435 vero
3326 1392 3555 1450 ponatur

1968 1470 2284 1528 universalis
2302 1471 2527 1542 simplex
2554 1472 2789 1543 negatio,
2814 1482 2868 1527 et
2896 1471 2996 1528 sub
3023 1471 3124 1527 hac
3149 1472 3466 1528 universalis
3488 1489 3553 1529 ex

1970 1567 2180 1623 inﬁnito
2225 1567 2517 1639 praedicato
2568 1567 2894 1636 afﬁrmatio,
2926 1581 3059 1649 quas
3094 1576 3305 1623 constat
3343 1568 3558 1624 sibimet

1969 1659 2273 1716 consentire
2323 1659 2662 1728 precedente
2709 1660 3066 1717 afﬁrmatione
3110 1658 3396 1716 universali
3435 1676 3557 1732 qua:

1967 1762 2050 1808 eat
2077 1765 2144 1808 ex
2164 1750 2376 1807 inﬁnito
2404 1751 2613 1808 scilicet
2641 1746 2967 1822 praedicato.’

2032 2043 2119 2095 Est
2140 2046 2297 2095 omnis
2313 2044 2458 2095 homo
2474 2043 2635 2105 justus
2883 2040 3056 2093 Nullus
3078 2050 3156 2094 est
3179 2045 3322 2095 homo
3342 2046 3501 2109 justus

2188 2151 2241 2219 ς
3306 2160 3344 2215 a

2190 2221 2228 2343 ξ
2552 2242 2648 2313 Q’"
2894 2233 3050 2322 κτθτλῼ

2192 2369 2239 2471 Ξ
2494 2404 2497 2407 ’
2563 2392 2665 2447 (ιω
2912 2381 3063 2471 “hic
3308 2351 3347 2473 ἓ

1976 2584 2147 2636 Nullus
2171 2592 2248 2637 est
2270 2587 2417 2637 homo
2440 2599 2533 2638 non
2552 2587 2715 2649 justus
2844 2588 2928 2638 Est
2949 2591 3107 2641 omnis
3127 2589 3273 2639 homo
3291 2599 3385 2637 non
3409 2587 3566 2649 jusma

2050 2870 2185 2925 Cum
2218 2870 2379 2941 igitur
2408 2871 2481 2924 ita
2511 2871 2623 2925 sint
2652 2869 3038 2927 alﬁrmationes
3084 2872 3273 2942 posita:
3312 2854 3565 2946 et‘nega-

1977 2963 2151 3020 tiones
2178 2980 2296 3035 qua:
2328 2966 2558 3034 simplex
2579 2965 2796 3036 quidem
2820 2965 3119 3036 subjectum
3144 2967 3361 3033 habent,
3385 2968 3567 3025 inﬁni-

1979 3065 2087 3111 tum
2116 3069 2246 3111 vero
2286 3056 2372 3111 vel
2404 3056 2634 3127 simplex
2664 3056 3014 3127 praedicatum
3034 3099 3051 3125 ,
3082 3073 3225 3114 nunc
3252 3060 3567 3117 Aristoteles

1973 3151 2362 3221 dicitquoniam
2381 3151 2462 3205 ha:
2492 3151 2889 3220 propositiones
2909 3166 3027 3222 qua:
3049 3152 3348 3222 subjectum
3370 3152 3569 3209 habent

1974 3242 2245 3300 inﬁnitum
2277 3242 2411 3298 nulli
2441 3242 2653 3299 illarum
2674 3245 3015 3314 superiorum
3042 3259 3178 3316 quas
3204 3244 3571 3315 disposuimus

1976 3337 2118 3397 idem
2134 3337 2472 3408 signiﬁcant:
2509 3337 2624 3393 haec
2652 3339 2795 3394 enim
2826 3354 2945 3411 qua:
2964 3336 3126 3408 dicit,
3153 3351 3234 3395 est
3258 3340 3433 3396 omnis
3459 3354 3567 3395 non
3652 3370 3665 3383 ο

1977 3434 2142 3491 homo
2167 3434 2373 3504 justus,
2418 3449 2527 3489 non
2557 3435 2832 3490 consentit
2857 3437 2907 3489 ei
2940 3450 3060 3503 quae
3089 3433 3250 3500 dicit,
3279 3446 3364 3491 est
3393 3435 3571 3490 omnis

1978 3526 2144 3583 homo
2162 3528 2361 3597 justus,
2381 3541 2480 3581 nec
2511 3541 2699 3581 rursus
2727 3526 2776 3581 ei
2798 3540 2920 3595 qum
2947 3526 3385 3592 dicit,estomnis
3407 3525 3572 3580 homo

1979 3634 2085 3675 non
2106 3618 2312 3688 justus,
2368 3632 2469 3673 nec
2522 3618 2606 3672 his
2657 3631 2847 3672 rursus
2883 3633 3003 3688 quae
3053 3627 3215 3681 sunt,
3261 3617 3439 3671 nullus
3489 3625 3572 3670 est

1980 3708 2141 3765 homo
2169 3709 2368 3779 justus,
2398 3708 2483 3763 vel
2516 3708 2694 3764 nullus
2734 3719 2819 3764 est
2869 3707 3033 3764 homo
3090 3723 3197 3762 non
3222 3708 3432 3779 justus;
3490 3709 3572 3759 lite

1979 3804 2121 3859 enim
2153 3817 2341 3857 omnes
2386 3800 2659 3857 hominem
2692 3801 2991 3870 subjectum
3043 3800 3261 3867 habent,
3297 3798 3401 3853 illa:
3443 3813 3575 3853 vero

1979 3909 2086 3951 non
2134 3893 2427 3949 hominem.
2483 3892 2750 3959 Quocirca
2791 3908 2889 3947 nec
2919 3891 3079 3961 hujus
3110 3894 3352 3961 negatio,
3393 3889 3445 3944 id
3493 3898 3576 3944 est

1980 3988 2300 4046 universalis
2320 3987 2697 4043 al‘ﬁrmationis
2726 4003 2791 4041 ex
2821 3986 3307 4057 inﬁnitosubjecto,
3336 3987 3572 4055 particu-

1980 4083 2109 4139 laris
2137 4083 2348 4137 scilicet
2394 4082 2610 4151 negatio
2651 4095 2774 4134 cum
2816 4080 2922 4134 ulla
2971 4082 3315 4147 earum'qute
3360 4078 3568 4132 ﬁnitum

1984 4175 2184 4230 habent
2224 4173 2550 4243 subjecmm,
2598 4174 2793 4242 poterit
2830 4172 3154 4228 consentire.
3180 4171 3254 4226 Ea
3284 4172 3429 4226 enim
3458 4187 3578 4240 qua:

1984 4269 2134 4334 dicit,
2169 4281 2276 4321 non
2306 4276 2390 4322 est
2417 4267 2598 4321 omnis
2621 4281 2728 4320 non
2753 4266 2917 4320 homo
2936 4266 3137 4336 justus,
3168 4279 3342 4335 neque
3370 4280 3489 4320 cum
3516 4282 3579 4321 ca

1983 4378 2104 4434 quae
2144 4360 2417 4431 proponit,
2436 4368 2521 4416 est
2541 4360 2720 4414 omnis
2753 4358 2914 4413 homo
2937 4359 3137 4429 justus,
3168 4373 3343 4428 neque
3370 4374 3491 4413 cum
3517 4372 3581 4412 ea

1983 4472 2101 4527 quae
2118 4456 2283 4521 dicit,
2312 4462 2398 4511 est
2418 4453 2596 4508 omnis
2622 4451 2783 4505 homo
2805 4464 2911 4504 non
2930 4450 3129 4518 justus,
3155 4464 3326 4519 neque
3354 4462 3474 4503 cum
3499 4450 3581 4503 his

1984 4562 2105 4618 quae
2148 4549 2465 4614 enuntiant,
2505 4545 2682 4600 nullus
2723 4554 2803 4599 est
2836 4542 2998 4598 homo
3035 4543 3244 4613 justus,
3278 4543 3361 4598 vel
3407 4543 3585 4598 nullus

1985 4649 2071 4694 est
2105 4640 2267 4695 homo
2316 4654 2422 4694 non
2447 4638 2646 4706 justus.
2698 4635 2802 4691 Sed
2834 4652 2939 4690 non
2987 4637 3089 4691 hoc
3116 4636 3283 4705 dicit,
3332 4638 3584 4707 quoniam

1985 4746 2052 4786 ex
2081 4730 2291 4786 inﬁnito
2320 4729 2563 4799 subjecto
2606 4728 3004 4797 propositiones
3048 4726 3275 4783 diversa:
3298 4740 3420 4783 sunt
3447 4768 3461 4791 ,
3495 4727 3581 4783 his

1986 4837 2106 4892 quae
2128 4832 2251 4877 sunt
2272 4821 2358 4877 vel
2388 4835 2456 4876 ex
2485 4819 2637 4875 ﬁnito
2663 4817 2958 4889 praedicato
2988 4819 3072 4873 vel
3096 4835 3161 4873 ex
3202 4819 3433 4884 inﬁnito,
3453 4821 3583 4875 sub.

1981 4915 2128 4986 jecto
2150 4926 2329 4972 tamen
2354 4915 2522 4970 ﬁnito.
2548 4915 2779 4969 Possunt
2798 4913 2941 4969 enim
2960 4911 3187 4970 diversa:
3211 4913 3429 4983 quidem
3462 4927 3586 4967 esse

1987 5008 2420 5080 praedicationes,
2448 5006 2590 5064 idem
2622 5016 2803 5063 tamen
2843 5005 3132 5076 aliquoties
3162 5005 3493 5075 signiﬁcare,
3527 5015 3588 5060 ut

1985 5117 2048 5158 ea
2090 5116 2210 5172 qua:
2241 5101 2395 5168 dicit,
2418 5099 2602 5156 omnis
2627 5110 2712 5154 est
2738 5099 2902 5152 homo
2938 5097 3188 5167 injustus,
3216 5110 3338 5150 cum
3371 5096 3582 5150 diversa

1985 5197 2057 5251 sit
2102 5194 2171 5249 ab
2224 5209 2288 5249 ea
2315 5207 2433 5263 quae
2465 5191 2626 5258 dicit,
2667 5189 2847 5245 nullus
2878 5197 2963 5244 est
3014 5187 3176 5242 homo
3201 5186 3408 5256 justus;
3446 5186 3587 5241 idem

1993 5294 2174 5341 tamen
2216 5282 2503 5354 aliquando
2532 5280 2862 5351 significant,
2892 5279 2937 5333 si
2967 5277 3256 5332 afﬁrmatio
3290 5277 3581 5346 privatoria

1988 5375 2341 5448 prrecesserit.
2394 5374 2602 5429 Dictum
2648 5382 2732 5427 est
2760 5371 2903 5426 enim
2943 5369 3087 5440 quod
3135 5369 3587 5424 afﬁrmationibus

1995 5470 2420 5543 praecedentibus
2468 5466 2777 5536 negationes
2812 5466 2932 5520 sine
2978 5462 3142 5518 dubio
3192 5469 3588 5532 sequerentur;

1994 5578 2124 5632 ergo
2147 5578 2254 5617 non
2298 5562 2401 5616 hoc
2426 5559 2593 5626 dicit,
2623 5556 2876 5628 quoniam
2899 5555 3128 5610 diversae
3174 5562 3301 5609 sunt
3349 5555 3596 5623 proposi-

1994 5658 2166 5710 tiones
2196 5669 2259 5709 ex
2306 5653 2517 5708 inﬁnito
2565 5651 2785 5706 nomine
2824 5646 3067 5715 subjecto
3106 5646 3172 5701 iis
3217 5659 3339 5716 quae
3368 5651 3494 5699 sunt
3524 5657 3592 5699 ex

1993 5747 2286 5819 praedicato
2324 5746 2408 5801 vel
2444 5745 2593 5798 linito
2615 5733 2699 5797 vel
2730 5739 2938 5795 inﬁnito
2959 5779 2975 5805 ,
3004 5736 3251 5807 subjecto
3294 5746 3474 5791 tamen
3516 5736 3583 5789 ﬁ-

1993 5839 2138 5906 nito,
2170 5837 2268 5894 sed
2294 5836 2438 5909 quod
2467 5835 2687 5893 omnino
2710 5833 2810 5893 sibi
2841 5848 2955 5915 non.
2979 5834 3342 5915 consentiant,
3366 5829 3452 5885 vel
3476 5844 3585 5905 non
