4090 6342
492 358 598 414 565

1713 347 1822 407 AN.
1865 349 2071 404 MANL.
2107 348 2259 405 SEV.
2303 346 2524 403 BOE‘I’ll

3667 337 3766 398 εει

492 468 638 526 idem
681 467 1014 541 signiﬁcent,
1044 465 1096 520 id
1122 471 1202 520 est
1228 471 1336 517 tota
1382 460 1489 516 sint
1518 461 1714 516 virtute
1743 460 2067 530 propositio-
2104 471 2152 526 Α
2185 461 2346 515 homo
2366 470 2470 526 est,
2495 469 2548 515 et
2577 474 2762 515 rursus
2791 458 2970 514 nullas
2994 457 3171 528 justus
3197 472 3304 514 on
3330 458 3495 516 homo
3512 469 3626 525 est;
3650 477 3772 517 nam

489 565 575 620 nis
605 563 910 620 dissimiles.
966 562 1138 630 Atque
1165 557 1382 627 quidem
1432 556 1547 610 hinc
1575 555 1708 609 dixit
1737 554 1804 610 de
1847 554 1930 609 bis
1957 569 2076 625 qua:

505 660 715 716 ﬁnitum
750 656 1046 726 subjectum
1080 653 1359 716 baberent,
1389 648 1655 705 inﬁnitum
1687 663 1822 704 vero
1848 648 1934 703 vel
1961 648 2080 702 ﬁni-

497 762 610 807 tum
664 747 1048 818 praedicatum;
1104 741 1249 798 venit
1305 751 1482 795 autem
1543 752 1684 792 nunc
1730 736 1797 792 ad
1843 736 2080 807 ipsarum

488 839 900 908 consequentias
927 851 1046 907 quas
1078 849 1141 890 ex
1167 834 1377 888 infinito
1408 831 1626 887 nomine
1664 829 1910 899 subjecto
1938 839 2075 885 con-‘

483 943 667 997 stant,
701 941 755 984 et
785 945 848 985 ex
899 939 1124 998 utroque
1156 925 1398 990 inﬁnito;
1432 931 1486 978 et
1535 923 1673 977 sicut
1702 935 1860 992 supra
1890 934 2082 974 conse-

485 1024 759 1094 quentiam
813 1037 996 1077 earum
1046 1036 1163 1090 qure
1195 1033 1261 1074 ex
1307 1017 1545 1087 utrisque
1573 1014 1738 1070 ﬁnitis
1764 1021 1922 1085 erant
1947 1055 1962 1080 ,
1995 1012 2081 1068 vel

486 1129 551 1169 ex
581 1112 790 1167 inﬁnito
832 1111 1122 1182 pra-dicato
1151 1109 1352 1174 docuit,
1384 1108 1454 1162 ita
1481 1120 1695 1178 quoque
1738 1117 1878 1158 nunc
1916 1117 2079 1158 econ-

487 1219 646 1259 νει-εο
673 1218 790 1275 qua?
812 1218 877 1258 ex
903 1203 1145 1272 utrisque
1177 1199 1402 1254 inﬁnitis
1439 1197 1752 1253 nominibus
1791 1203 2038 1250 constant
2062 1236 2078 1262 ,

488 1297 572 1350 vel
601 1313 666 1350 ex
699 1294 911 1350 inﬁnito
935 1297 1152 1350 nomine
1177 1293 1421 1363 subjecto
1445 1292 1658 1360 qualem
1677 1290 1742 1345 ad
1769 1304 1829 1344 se
1852 1288 2086 1342 habeant-

487 1369 953 1458 consequentiam,
987 1395 1280 1452 monstrat,
1313 1385 1526 1439 dicens:
1565 1383 1656 1436 llla
1684 1395 1813 1436 vero
1835 1394 1953 1450 quae
1975 1387 2078 1444 est,

490 1480 667 1534 omnis
703 1495 807 1534 non
831 1480 1010 1548 justus
1039 1492 1143 1532 non
1198 1479 1392 1542 homo,
1424 1475 1502 1530 illi
1555 1488 1674 1544 qure
1722 1481 1849 1539 est,
1902 1469 2082 1524 nullus

487 1573 660 1644 justus
691 1589 795 1628 non
830 1573 990 1626 ltomo
1011 1615 1026 1640 ,
1070 1573 1207 1628 idem
1238 1570 1533 1643 signiﬁcat;
1583 1568 1682 1622 has
1708 1568 1843 1622 duas
1876 1575 2079 1620 tantum

489 1663 889 1733 propi-sitiones
956 1674 1248 1726 monstrat,
1289 1661 1663 1717 afﬁrmativum
1702 1658 1907 1713 scilicet
1961 1655 2080 1710 uni-

493 1757 761 1812 versaiem
793 1773 862 1812 ex
896 1758 1133 1828 utrisque
1165 1755 1384 1811 inﬁnitis
1413 1770 1532 1824 quae
1570 1754 1701 1807 dicit
1721 1789 1735 1814 ,
1768 1750 1944 1803 omnis
1974 1762 2080 1801 non

2183 553 2320 606 sicut
2344 551 2399 605 in
2429 551 2509 606 his
2537 566 2657 621 quae
2689 550 2896 606 ﬁnitum
2927 549 3197 606 habebant
3218 550 3522 620 subjectum
3544 593 3559 620 ,
3591 552 3776 608 inﬁni-

2183 655 2297 701 tum
2322 660 2450 700 vero
2481 645 2564 700 vel
2594 643 2803 700 ﬁnitum
2851 644 3232 712 prtedicatum,
3266 643 3681 702 afﬁrmationern
3705 662 3773 701 ex

2185 738 2335 793 ﬁnito
2365 737 2610 807 subjecto
2656 737 2738 792 vel
2789 735 3000 791 inﬁnito
3041 734 3366 806 pmdicato,
3399 753 3520 793 eam
3569 738 3777 794 scilicet

2183 846 2302 901 qua:
2328 829 2490 895 dicit,
2522 838 2607 885 est
2651 827 2830 884 omnis
2877 829 3039 884 homo
3084 843 3194 884 non
3218 828 3417 898 justus,
3451 829 3777 900 sequebatur

2183 924 2414 994 simplex
2465 921 2786 978 universalis
2834 921 3072 992 negatio,
3095 937 3217 994 qua:
3243 937 3311 978 ex
3342 924 3580 992 utrisque
3611 922 3780 977 ﬁnitis

2184 1025 2419 1082 constat,
2451 1016 2631 1071 nullus
2679 1016 2839 1069 homo
2860 1016 3040 1085 justus
3077 1027 3180 1071 est.
3225 1016 3300 1072 Ita
3339 1031 3553 1086 quoque
3595 1016 3652 1071 itt
3699 1017 3780 1070 his

2184 1107 2499 1178 permutatis
2532 1117 2737 1163 tantum
2777 1107 3038 1176 subjectis
3084 1106 3226 1162 idem
3271 1107 3440 1162 venit.
3473 1107 3606 1163 Nam
3638 1111 3778 1163 sicut

2185 1199 2296 1254 illic
2324 1198 2536 1269 negatio
2564 1214 2632 1253 ex
2663 1198 2905 1268 utrisque
2921 1197 3088 1256 ﬁnitis
3105 1198 3424 1255 universalis
3454 1200 3781 1268 sequebatur

2185 1290 2595 1346 afﬁrmationem
2618 1305 2684 1345 ex
2709 1291 2859 1346 linito
2872 1293 3117 1361 subjecto
3145 1302 3199 1346 et
3229 1292 3441 1348 infinito
3460 1292 3775 1357 praedicata,

2184 1384 2258 1438 ita
2285 1397 2496 1452 quoque
2546 1382 2960 1438 afﬁrmationem
3009 1400 3077 1440 ex
3122 1375 3367 1451 utrisque
3400 1384 3628 1442 inlini.is
3660 1385 3779 1438 uni-

2185 1478 2447 1534 versalem
2477 1477 2720 1545 sequitur
2751 1476 2964 1545 negatio
3007 1492 3075 1532 ex
3122 1477 3332 1534 inﬁnito
3360 1477 3606 1546 subjecto
3625 1519 3640 1541 ,
3668 1477 3778 1545 ipsa

2184 1585 2395 1641 quoque
2417 1569 2755 1635 universalis,
2781 1578 2835 1624 et
2863 1571 2958 1623 itas
2979 1568 3195 1640 quidem
3225 1568 3359 1624 duas
3382 1569 3781 1638 pr0pesitiones

2183 1663 2467 1732 ascripsit,
2519 1664 2686 1718 solam
2740 1662 2791 1716 in
2846 1662 2930 1716 bis
2973 1665 3416 1728 consequentiam
3462 1663 3780 1720 ostendens.

2184 1757 2420 1812 Caeteras
2444 1764 2623 1812 autem
2663 1754 2789 1825 quia
2835 1755 3053 1823 putabat
3095 1757 3368 1810 intellectu
3399 1769 3520 1812 esse
3552 1753 3740 1812 faciles
3763 1794 3780 1822 ,

491 1852 665 1910 'ustus
694 1870 798 1911 non
848 1855 1030 1920 homo,
1061 1855 1110 1908 ei
1141 1851 1448 1908 consentire
1478 1863 1600 1920 qua:
1627 1855 1710 1902 est
1753 1841 2079 1898 universalis
2109 1871 2158 1932 Β
2185 1852 2436 1921 persequi
2477 1850 2731 1919 neglexit.
2780 1849 2887 1906 Nos
2940 1860 3121 1912 autem
3151 1864 3244 1906 eas
3273 1865 3340 1905 ω,
3371 1850 3496 1918 quid
3529 1849 3781 1908 teucrum

497 1947 712 2018 negatio
740 1963 804 2004 ex
849 1949 964 2003 solo
1012 1947 1217 2002 inﬁnito
1247 1944 1522 2014 subjecto,
1557 1955 1675 2011 qua:
1705 1937 1854 2002 dicit,
1904 1935 2082 1990 nullus

489 2038 663 2109 justus
693 2054 800 2092 non
846 2037 1025 2093 homo.
1057 2037 1113 2093 ln
1146 2037 1229 2091 his
1269 2045 1446 2090 autem
1477 2030 1792 2086 subauditur
1822 2024 2080 2094 particula

493 2141 612 2200 est,
650 2140 706 2186 ut
746 2132 817 2188 sit
847 2141 954 2187 tota
987 2129 1314 2201 propositio,
1367 2125 1542 2182 omnis
1585 2137 1688 2178 non
1732 2121 1909 2190 justus
1972 2130 2078 2170 non

928 2281 1026 2336 Est
1047 2281 1225 2336 omnis
1252 2295 1358 2334 non
1388 2278 1552 2332 homo
1582 2291 1686 2330 non
1713 2275 1913 2344 justus.

927 2353 1114 2412 Nullus
1127 2367 1234 2406 non
1258 2351 1420 2404 homo
1427 2349 1606 2420 justus
1623 2355 1724 2402 est.

929 2486 1154 2561 Quidam
1185 2502 1291 2543 non
1317 2489 1475 2561 homo
1498 2487 1677 2561 justus
1701 2492 1805 2537 e5t.
1860 2549 1872 2561 ι

930 2559 1046 2617 Non
1075 2569 1158 2614 est
1182 2559 1360 2615 omnis
1385 2571 1492 2617 non
1535 2559 1694 2617 homo
1724 2566 1830 2610 non
1855 2557 2052 2622 justus.

571 2674 674 2728 llas
705 2673 862 2744 igitur
889 2673 932 2728 si
962 2675 1084 2743 quis
1111 2673 1398 2744 diligenter
1443 2669 1736 2742 inspexerit
1762 2667 1897 2722 duas
1924 2677 2078 2718 com-

494 2769 831 2842 parationes,
872 2769 1080 2825 duabus
1127 2766 1694 2825 convenientissimam
1737 2771 2077 2829 consequen-

2191 1944 2433 1998 videatur
2483 1943 2834 2012 apponimus;
2896 1954 2980 1998 est
3037 1943 3182 2000 enim
3232 1943 3616 2010 consequentia
3680 1941 3780 1998 hos

2191 2036 2352 2094 modo
2378 2053 2392 2088 :

2251 2263 2351 2317 Est
2379 2259 2557 2315 omnis
2584 2272 2689 2312 non
2714 2258 2874 2312 homo
2891 2258 3085 2326 justus.

2257 2334 2444 2388 Nullus
2472 2346 2580 2386 non
2614 2330 2775 2384 homo
2802 2344 2908 2383 non
2936 2329 3113 2398 justus
3141 2339 3244 2386 est.

2262 2467 2487 2536 Quidam
2512 2481 2616 2520 non
2643 2467 2803 2522 homo
2823 2481 2927 2520 non
2951 2465 3123 2534 jusms
3149 2477 3246 2521 est.

2269 2539 2385 2594 Non
2409 2551 2489 2593 est
2518 2538 2693 2592 omnis
2720 2551 2826 2591 non
2859 2538 3018 2591 homo
3045 2537 3242 2607 justus.

2191 2655 2318 2712 tiam
2355 2660 2786 2721 consensquue
2817 2652 3204 2710 monstrabunt.

1553 3034 1935 3142 LIBER
2055 3017 2668 3148 QUINTUS.

542 3276 826 3336 animam
857 3276 1040 3346 operis
1071 3273 1230 3346 hujus
1257 3271 1461 3329 emensi
1479 3277 1718 3352 partem,
1746 3279 1811 3322 ea
1849 3276 1968 3335 qua:
1996 3273 2089 3314 se-
2118 3259 2165 3321 C
2201 3271 2336 3324 hanc
2368 3278 2418 3322 te
2447 3268 2737 3321 amentiam
2760 3276 2951 3322 natura
2986 3270 3214 3340 peperit,
3243 3270 3489 3327 voluntas
3513 3275 3757 3332 exercuit

494 3377 729 3442 quuntur
765 3368 892 3432 licet
919 3368 1126 3440 magnis
1163 3363 1548 3438 qumstionibus
1590 3359 1865 3428 impedita,
1900 3363 2080 3410 tamen

494 3461 751 3528 audacius
781 3469 941 3534 atque
986 3460 1280 3516 animosius
1313 3467 1668 3528 exsequemur
1691 3491 1707 3519 ,
1742 3464 1841 3505 nec
1888 3443 2081 3502 defati-

495 3556 610 3632 gari
640 3556 693 3614 in
746 3555 973 3626 singulis
1020 3554 1260 3625 partibus
1301 3558 1535 3623 oportet,
1569 3547 1732 3602 totius
1781 3541 2080 3597 dialecticae

497 3631 726 3718 prodere
773 3663 1056 3722 aggressos
1095 3655 1257 3717 atque
1304 3642 1560 3713 expedire
1611 3631 1944 3700 doetrinam,
1979 3634 2080 3688 ita-

497 3756 600 3809 que
631 3750 830 3796 rectam
862 3738 1332 3794 commentationis
1362 3737 1556 3790 seriem
1586 3733 1942 3786 centesimus.

567 3830 905 3900 Transposita
934 3846 1051 3885 vero
1083 3831 1287 3882 numina
1319 3839 1365 3881 et
1401 3827 1552 3881 verba
1584 3826 1720 3878 idem
1749 3821 2041 3894 signiﬁcant
2061 3859 2076 3882 ,

495 3934 571 3988 ut,
597 3933 667 3978 est
695 3923 842 3976 albus
870 3922 1042 3988 homo,
1061 3931 1130 3973 est
1154 3922 1302 3972 homo
1329 3919 1504 3982 albus;
1533 3932 1651 3969 nam
1680 3916 1724 3967 si
1744 3914 1837 3966 hoc
1860 3929 1960 3965 non
1983 3919 2078 3976 est,

495 4014 727 4088 ejusdem
771 4015 945 4067 mutue
993 4021 1137 4065 erunt
1191 4010 1514 4078 negationes,
1568 4007 1654 4059 sed
1702 4014 1957 4057 ostensum
2007 4009 2083 4054 est

491 4110 630 4182 quod
662 4125 764 4163 una
780 4110 930 4164 unius
948 4118 1054 4182 est;
1085 4109 1192 4179 ejus
1223 4105 1355 4158 enim
1374 4119 1486 4174 qua?
1515 4109 1608 4165 est,
1640 4110 1710 4152 est
1741 4096 1886 4150 albus
1908 4098 2077 4158 homo,

489 4204 691 4272 negatio
720 4209 830 4266 est,
865 4214 966 4251 non
1013 4207 1087 4250 est
1131 4195 1276 4250 albus
1319 4194 1509 4260 homo;
1540 4193 1649 4263 ejus
1699 4205 1814 4245 vero
1844 4203 1956 4258 qua:
1984 4194 2078 4251 est,

492 4303 564 4348 est
588 4293 739 4346 homo
769 4293 946 4356 albus,
979 4292 1024 4344 si
1053 4307 1154 4344 non
1183 4291 1360 4344 eadem
1382 4298 1453 4344 est
1484 4287 1529 4342 ei
1571 4301 1686 4358 qua:
1715 4294 1809 4350 est,
1832 4293 1906 4337 est
1933 4281 2080 4335 albus

491 4386 640 4440 homo
662 4426 677 4450 ,
709 4385 801 4437 erit
827 4383 1048 4454 negatio,
1083 4381 1160 4434 vel
1188 4397 1248 4435 ea
1277 4395 1391 4450 qum
1419 4391 1516 4445 est,
1548 4395 1650 4432 non
1678 4384 1750 4430 est
1781 4390 1881 4427 non
1929 4374 2080 4424 homo

488 4474 655 4540 albus,
689 4473 767 4527 vel
796 4489 856 4527 ea
882 4488 997 4541 qua:
1025 4483 1096 4524 est
1120 4512 1134 4536 ,
1177 4489 1278 4525 non
1315 4485 1388 4525 est
1428 4472 1580 4524 homo
1599 4469 1766 4522 albus.
1794 4464 1899 4521 Sed
1919 4465 2081 4519 altera

487 4565 690 4635 quidem
720 4573 792 4618 est
829 4564 1031 4636 negatio
1074 4564 1187 4634 ejus
1218 4578 1334 4633 qute
1363 4571 1458 4630 εει,
1488 4571 1564 4614 εει
1594 4576 1694 4613 non
1726 4559 1878 4612 homo
1907 4559 2076 4623 albus,

2191 3363 2409 3417 fortuna
2439 3359 2710 3426 servavit,
2744 3361 2815 3414 ita
2845 3360 3048 3417 dixisse
3086 3373 3145 3417 ut
3175 3363 3379 3420 dictum
3409 3375 3495 3422 est
3522 3409 3538 3432 ,
3571 3383 3638 3422 an
3670 3368 3774 3438 ita,

2188 3457 2268 3512 Ad
2290 3456 2428 3510 hanc
2453 3465 2505 3511 te
2533 3456 2822 3510 amentiam
2848 3458 3056 3527 peperit
3086 3469 3296 3528 natura,
3317 3464 3557 3518 exercuit
3583 3466 3772 3520 volun-

2189 3563 2294 3616 tas,
2329 3547 2561 3604 servavit
2617 3548 2849 3603 fortuna.
2886 3550 2976 3604 Sic
3007 3553 3150 3606 enim
3181 3554 3356 3608 minor
3382 3565 3465 3610 est
3492 3559 3775 3615 sententia

2189 3641 2524 3713 magnitudo,
2553 3642 2838 3712 minusque
2865 3643 2917 3696 in
2943 3658 3004 3698 ea
3038 3644 3177 3700 lucet
3201 3645 3253 3700 id
3282 3647 3425 3716 quod
3450 3644 3494 3704 si
3522 3649 3601 3704 sic
3628 3667 3775 3706 com-

2189 3741 2418 3802 ponatur
2466 3735 2701 3801 eminet,
2733 3743 2788 3789 et
2838 3749 2961 3791 sese
3008 3737 3091 3791 vel
3144 3738 3448 3795 nolentibus
3491 3741 3773 3800 hominum

2187 3825 2407 3880 auribus
2443 3825 2744 3897 animisque
2775 3826 3046 3895 patefacit.
3092 3828 3295 3884 Rursus
3330 3847 3450 3886 cum
3492 3833 3624 3890 dicit
3653 3835 3773 3891 Vir-

2185 3917 2343 3983 gilius
2380 3934 2392 3968 :
2427 3916 2657 3986 Pacique
2681 3917 2958 3986 imponere
2987 3935 3189 3976 morem
3213 3964 3226 3987 ,
3264 3924 3525 3994 potui-set
3553 3941 3773 3984 servare

2188 4018 2416 4062 metrum
2436 4049 2449 4072 ,
2491 4008 2539 4062 si
2579 4009 2649 4062 ita
2680 4008 2937 4078 dixisset,
2973 4027 3287 4085 moremque
3319 4018 3596 4086 imponere
3626 4021 3769 4091 paci,

2186 4099 2279 4154 sed
2309 4108 2455 4155 esset
2479 4101 2710 4156 debilior
2739 4117 2936 4170 sonus,
2981 4121 3080 4161 nec
3123 4106 3177 4160 in
3207 4124 3272 4163 eo
3303 4110 3410 4165 ictu
3441 4127 3631 4169 versus
3664 4127 3770 4171 tam

2187 4191 2447 4260 praeclare
2477 4201 2535 4247 ut
2565 4208 2707 4247 nunc
2753 4197 3081 4266 compositus
3129 4199 3419 4257 diceretur.
3472 4204 3612 4275 Ergo
3665 4223 3771 4263 non

2186 4284 2327 4340 idem
2357 4285 2500 4340 valet
2524 4287 2828 4342 oratoribus
2847 4289 2929 4343 vel
2955 4291 3125 4358 poetis
3147 4294 3434 4351 verborum
3466 4300 3770 4354 nominum-

2186 4391 2290 4445 que
2315 4376 2449 4431 ordo
2477 4386 2732 4433 mutatus.
2766 4379 2866 4448 Qui
2895 4371 3040 4435 enim
3079 4383 3147 4438 ad
3169 4389 3617 4456 compositionem
3648 4407 3770 4460 spe-

2185 4484 2354 4545 ctant,
2389 4477 2616 4530 multum
2647 4480 2696 4530 itt
2735 4479 2923 4535 ordine
2944 4494 3254 4538 sermonum
3285 4485 3587 4538 ornamenti
3617 4500 3767 4554 repe-

2187 4566 2346 4620 rient.
2378 4565 2682 4622 Dialecticis
2719 4584 2869 4636 vero,
2900 4572 3095 4640 quibus
3126 4572 3268 4626 nulla
3291 4582 3374 4627 est
3401 4575 3466 4628 ad
3513 4576 3767 4630 orationis

487 4656 652 4710 altera
686 4673 804 4711 vero
828 4658 938 4729 ejus
967 4672 1082 4727 qua:
1107 4664 1210 4724 εει,
1240 4665 1314 4709 εει
1344 4654 1492 4708 albus
1519 4655 1688 4709 homo.
1726 4654 1896 4719 Quare
1925 4661 2072 4706 erunt
2097 4655 2151 4718 D
2179 4658 2416 4726 leporem
2441 4671 2570 4712 cura
2617 4659 2891 4730 loquendi,
2920 4664 3226 4736 quibusque
3265 4666 3380 4722 sola
3412 4671 3614 4723 veritas
3642 4686 3764 4740 per-

487 4749 608 4804 dute
641 4750 814 4804 unius.

559 4842 728 4898 Docet
764 4856 905 4897 nunc
942 4842 1196 4912 quoniam
1247 4841 1292 4896 si
1318 4841 1532 4895 nomina
1560 4849 1615 4896 et
1660 4841 1817 4895 verba
1845 4839 2074 4895 transfe-

485 4925 700 5004 ru'ntur,
731 4943 786 4990 et
804 4934 869 4989 ad
889 4934 1031 4989 aliud
1056 4934 1225 5004 prius,
1257 4933 1398 4988 aliud
1432 4949 1560 4988 vero
1583 4933 1848 5002 posterius
1880 4930 2075 5004 praedi-

488 5041 660 5094 cetur,
694 5042 854 5083 unam
881 5029 998 5083 sine
1025 5027 1187 5083 dubio
1216 5027 1628 5099 signiﬁcantiam
1659 5031 1912 5083 retinere.
1949 5026 2072 5082 Sive

488 5121 631 5173 enim
654 5119 772 5190 quis
799 5119 960 5190 dicat,
977 5130 1062 5176 est
1087 5119 1245 5174 homo
1273 5121 1449 5188 albus,
1484 5122 1598 5176 sive
1615 5130 1698 5175 est
1716 5122 1868 5175 albus
1885 5119 2074 5186 homo,

485 5213 600 5268 sive
627 5212 787 5268 homo
807 5213 962 5268 albus
977 5223 1060 5270 est
1075 5255 1091 5279 ,
1125 5215 1237 5269 sive
1250 5215 1403 5269 albus
1420 5218 1580 5268 homo
1595 5222 1696 5280 est,
1719 5214 1831 5267 sive
1849 5225 2074 5281 quomo-

482 5302 855 5358 dolibetaliter
877 5304 1120 5359 ordinem
1137 5303 1532 5376 prmdicationis
1547 5313 1812 5372 permutet
1835 5344 1847 5364 ,
1880 5301 2069 5355 eadem

481 5392 600 5449 sine
620 5393 782 5449 dubio
803 5395 1120 5465 signiﬁcatio
1143 5396 1493 5465 permanebit,
1525 5406 1577 5448 et
1607 5397 1706 5448 hoc
1729 5393 1943 5462 (Illide
1960 5395 2070 5450 for-

480 5493 625 5538 tasse
645 5485 947 5540 oratoribus
979 5487 1063 5542 vel
1121 5487 1293 5554 poetis
1321 5501 1426 5540 non
1454 5486 1643 5539 eodem
1673 5484 1834 5537 modo
1867 5487 2070 5554 perspi-

479 5576 730 5644 ciendum
779 5587 864 5633 est
906 5593 1015 5649 quo
1065 5578 1379 5634 dialecticis.
1438 5579 1646 5631 Etenim
1699 5588 1955 5648 quantum
2000 5581 2065 5634 ad

480 5675 928 5746 compositionem
954 5674 1214 5729 orationis
1235 5681 1462 5744 spectat,
1495 5673 1730 5730 maxime
1753 5674 1929 5729 dill‘ert
1961 5692 2066 5744 quo

480 5765 646 5820 verba
667 5777 721 5822 et
744 5767 960 5820 nomina
987 5764 1382 5835 praedicationis
1411 5781 1520 5821 suae
1554 5767 1745 5822 ordine
1777 5765 2061 5839 proferan-

481 5864 588 5910 tur.
621 5856 840 5912 Multum
869 5856 1015 5912 cnim
1046 5856 1266 5912 interest
1289 5858 1342 5912 in
1371 5873 1437 5914 eo
1469 5858 1611 5932 quod
1639 5862 1711 5915 ait
1733 5859 1952 5926 Cicero,
1982 5863 2062 5916 Ad

2180 4759 2466 4815 scrutatur,
2497 4752 2630 4806 nihil
2658 4753 2837 4810 ditiert
2883 4755 3120 4825 quolibet
3164 4757 3354 4815 ordine
3393 4760 3558 4816 verba
3588 4772 3643 4817 et
3671 4779 3766 4817 no-

2182 4845 2323 4894 mina
2355 4853 2749 4914 permutentur,
2798 4861 2917 4902 cum
2951 4857 3130 4902 tamen
3169 4849 3414 4904 eamdem
3446 4853 3552 4906 vim
3605 4869 3765 4924 quam

2181 4933 2328 5001 prius
2353 4935 2405 4988 in
2438 4935 2832 5005 signiﬁcatione
2861 4939 3146 4996 retineant.
3180 4942 3284 4997 Sed
3313 4959 3411 4999 nec
3450 4944 3592 5015 apud
3623 4947 3767 5016 ipsos

2179 5024 2354 5077 modis
2397 5027 2645 5082 omnibus
2694 5042 2995 5096 permutato
3047 5032 3239 5088 ordine
3290 5034 3538 5089 dictionis
3578 5038 3763 5093 eadem

2177 5128 2390 5187 semper
2417 5117 2496 5172 vis
2528 5118 2957 5192 signiﬁcatioque
3003 5133 3268 5179 servatur.
3311 5125 3437 5181 Haec
3473 5127 3618 5183 enim
3646 5146 3765 5200 par-

2181 5210 2339 5265 ticula
2367 5227 2486 5282 quae
2530 5215 2776 5284 negativa
2808 5226 2889 5271 est
2912 5259 2927 5284 ,
2957 5217 3009 5272 id
3036 5228 3137 5286 est,
3183 5235 3288 5274 non
3331 5222 3556 5278 multum
3591 5226 3763 5293 valet,
3817 5210 3828 5254 ³

2178 5305 2508 5376 multamque
2535 5307 2892 5365 differentiam
2949 5311 3155 5381 perlicit
3183 5314 3344 5368 variis
3370 5316 3580 5385 adjecta
3610 5317 3759 5373 locis.

2178 5400 2234 5454 Si
2268 5401 2387 5469 quis
2417 5403 2558 5457 enim
2589 5404 2752 5472 dicat,
2785 5405 2946 5460 homo
2975 5407 3131 5461 albus
3163 5421 3266 5462 non
3291 5417 3395 5475 est,
3422 5408 3582 5464 faciet
3614 5410 3761 5466 inde-

2176 5492 2378 5548 ﬁnitam
2435 5498 2794 5565 negationem.
2827 5497 2883 5553 Si
2912 5500 3033 5569 quis
3060 5515 3190 5556 vero
3231 5501 3393 5568 dicat,
3444 5501 3606 5557 homo
3657 5518 3762 5558 non

2174 5586 2327 5641 albus
2375 5595 2488 5653 est,
2523 5585 2678 5642 faciet
2715 5589 3051 5646 indeﬁnitum
3100 5607 3166 5648 ex
3208 5593 3421 5649 inﬁnito
3467 5593 3760 5663 praedican

2173 5678 2602 5762 afﬁrmationem.
2651 5683 2705 5739 Si
2737 5684 2855 5752 quis
2884 5694 3061 5742 autem
3111 5688 3394 5756 praedicet,
3444 5703 3550 5743 non
3598 5687 3758 5742 homo

2172 5772 2328 5827 albus
2349 5785 2453 5840 est,
2482 5775 2622 5831 idem
2649 5793 2863 5849 quoque
2883 5779 3166 5836 constituit
3189 5795 3255 5837 ex
3281 5780 3489 5836 inﬁnito
3511 5778 3756 5850 subjecto

2172 5865 2501 5924 indelinitam
2531 5869 2963 5930 afﬁrmationem.
3003 5874 3209 5932 Rursus
3231 5874 3275 5932 si
3303 5874 3424 5946 quis
3445 5873 3613 5943 dicat,
3637 5886 3725 5928 οω
