4060 6330
293 333 402 439 sit

1037 374 1099 430 IN
1135 375 1392 432 LIBRUM
1433 376 1521 430 DE
1562 331 2210 430 l-NTERPﬁETATIONE
2249 370 2477 429 E’DlTlO
2514 370 2850 428 SECUNDA.

3462 367 3568 424 566

297 499 384 554 nis
411 495 573 550 homo
604 508 710 547 non
730 491 906 560 justus
935 501 1035 558 est,
1073 491 1187 545 hate
1216 492 1483 545 consentit
1509 489 1555 544 ei
1588 504 1704 558 qua:
1731 487 1879 552 dicit,
1912 489 1960 548 Α
1996 483 2129 540 Cum
2176 484 2338 554 igitur
2365 482 2482 554 ejus
2511 499 2632 553 quae
2658 483 2811 549 dicit,
2835 491 2921 537 est
2960 481 3112 536 albus
3141 479 3330 552 homo,
3356 490 3570 555 negatio

301 591 481 648 nullus
506 590 666 643 homo
686 587 862 656 justus
891 596 993 642 est.
1024 585 1176 652 Quod
1209 586 1252 640 si
1285 585 1423 638 idem
1446 599 1550 637 non
1579 583 1643 635 ad
1668 582 1882 636 univer-

301 686 469 740 saletn
497 681 996 736 determinationem
1022 690 1265 748 ponatur,
1297 687 1353 732 ιιι
1379 678 1607 743 dicatur,
1639 691 1744 730 non
1775 691 1883 730 om-

303 779 388 832 nis
412 778 571 830 homo
596 775 769 843 justus
796 782 898 836 est,
947 789 1052 826 non
1104 773 1214 842 jam
1245 771 1567 825 universalis
1601 769 1885 822 afﬁrmatio

304 867 526 923 inﬁnitze
551 865 945 933 praedicationis
968 864 1312 917 consentiens
1334 861 1623 916 universali
1652 859 1883 929 simplici

305 954 573 1025 negationi
599 954 670 1014 ﬁt,
705 953 798 1006 sed
833 953 1010 1021 pmius
1038 951 1376 1021 particularis
1402 951 1611 1019 negatio
1638 950 1882 1018 simplex.

312 1047 543 1102 Videsne
574 1046 733 1115 igitur
764 1059 921 1113 quam
952 1045 1146 1097 multas
1171 1043 1329 1098 faciat
1357 1042 1692 1097 differentias
1721 1056 1885 1110 nega-

309 1140 412 1192 tiva
439 1137 695 1203 particula
726 1136 950 1189 diversa:
973 1136 1246 1190 nominum
1271 1134 1639 1203 pratdicationi
1665 1135 1889 1204 conjun-

307 1238 392 1284 cta
413 1228 436 1281 ?
460 1227 564 1283 Sed
594 1241 897 1296 quanquam
943 1226 1055 1280 ltavc
1087 1227 1158 1280 ita
1207 1227 1340 1292 sint,
1377 1236 1551 1296 potest
1583 1239 1759 1282 tamen
1781 1228 1889 1281 alio

309 1321 473 1376 modo
514 1321 725 1384 eadem,
749 1319 978 1373 diversis
1008 1319 1059 1372 in
1092 1319 1224 1372 locis
1261 1320 1456 1387 posita,
1490 1319 1732 1373 eamdem
1782 1321 1888 1373 vim

309 1415 862 1485 signiﬁcationemque
914 1426 1150 1466 servare.
1205 1410 1261 1466 Si
1293 1412 1434 1464 enim
1483 1411 1554 1464 sit
1584 1412 1753 1480 posita
1786 1427 1889 1467 non

309 1505 572 1575 particula
615 1519 736 1558 cum
791 1501 1192 1555 universalitate
1221 1516 1339 1568 sua,
1381 1515 1500 1556 cum
1545 1502 1734 1556 eadem
1781 1502 1891 1570 ipsa

312 1599 509 1668 sapius
556 1603 905 1665 permutetur,
939 1595 1076 1650 idem
1100 1595 1218 1650 sine
1245 1593 1408 1649 dubio
1432 1594 1483 1650 in
1508 1595 1895 1663 signiﬁcatione

314 1692 582 1748 consistit.
615 1692 669 1745 Si
697 1691 815 1760 quis
841 1693 983 1745 enim
1009 1693 1174 1754 dicat,
1208 1706 1312 1745 non
1344 1690 1518 1746 omnis
1553 1694 1714 1745 homo
1744 1691 1893 1746 albus

316 1797 402 1843 est
426 1830 439 1853 ,
473 1785 811 1855 particularis
840 1796 923 1838 est
970 1786 1201 1854 simplex
1233 1787 1466 1854 negatio.
1499 1785 1553 1841 Si
1599 1786 1720 1854 quis
1769 1801 1894 1840 vero

1992 579 2063 633 sit
2083 593 2145 633 ea
2177 593 2297 647 qua:
2328 579 2598 646 proponit,
2630 591 2735 632 non
2766 585 2850 632 est
2875 575 3027 630 albus
3068 575 3247 643 homo,
3288 576 3332 632 si
3364 592 3425 637 ea
3453 594 3572 645 quae

1991 668 2140 735 dicit,
2171 679 2254 724 est
2284 669 2445 724 homo
2471 669 2626 724 albus
2651 669 2859 724 diversa
2887 667 2990 724 erit
3011 667 3077 721 ab
3102 681 3162 722 ea
3211 668 3573 738 propositione

1988 779 2109 833 quae
2144 765 2474 833 pronuntiat,
2502 773 2587 819 est
2611 763 2764 818 albus
2797 763 2980 830 homo,
3015 762 3117 817 alia
3140 763 3244 820 erit
3273 762 3389 833 ejus
3414 778 3573 833 nega-

1990 858 2096 924 tio;
2129 857 2200 911 sit
2227 873 2353 927 ergo
2384 866 2476 912 aut
2509 872 2571 911 ea
2601 872 2720 925 quae
2767 857 2916 923 dicit,
2946 871 3052 912 non
3080 865 3164 911 est
3189 871 3295 912 non
3318 856 3477 914 homo
3499 859 3574 910 al-

1991 951 2112 1015 bus,
2145 960 2237 1005 aut
2266 965 2330 1005 ea
2359 967 2479 1021 qua:
2514 950 2663 1015 dicit,
2697 967 2800 1005 non
2830 959 2914 1006 est
2958 951 3120 1006 homo
3163 952 3333 1006 albus.
3371 952 3574 1010 Rursus

1990 1045 2153 1114 igitur
2179 1045 2530 1114 disponantur
2571 1045 2691 1099 duae
2721 1045 2937 1113 quidem
2973 1044 3355 1100 al'ﬁrmationes
3391 1045 3575 1112 primae

1992 1136 2296 1190 alternatim
2337 1136 2546 1205 positze,
2573 1145 2627 1191 et
2654 1137 2958 1191 econtrario
2987 1136 3232 1192 confessa
3264 1138 3456 1204 prioris
3482 1152 3576 1192 ne-

1991 1230 2156 1298 gatio.
2179 1230 2382 1285 Contra
2407 1229 2699 1284 secundum
2733 1244 2862 1284 vero
2892 1241 3130 1297 utrmque
3159 1229 3238 1284 hac
3265 1231 3578 1300 negationes

1994 1336 2129 1390 quas
2159 1321 2390 1376 diximus
2417 1322 2776 1375 ascribantur.

2176 1414 2271 1468 Est
2300 1413 2451 1469 albus
2483 1415 2661 1468 homo.
2736 1411 2850 1470 Non
2883 1424 2966 1468 est.
2992 1412 3146 1468 albos
3189 1415 3369 1472 homo.

2176 1505 2272 1560 Est
2302 1505 2460 1560 homo
2503 1506 2675 1560 albus.
2754 1505 2866 1560 Non
2889 1516 2971 1562 est
3003 1506 3166 1562 homo
3195 1507 3368 1562 albus.

2177 1600 2293 1656 Non
2323 1605 2415 1655 est‘
2438 1616 2541 1655 non
2577 1602 2736 1656 homo
2758 1602 2932 1656 albus.

2073 1693 2168 1748 His
2197 1694 2444 1762 igiturita
2462 1695 2707 1750 discretis
2729 1694 2845 1765 ejus
2872 1694 3252 1764 propositionis
3283 1711 3402 1766 qua:
3432 1697 3580 1763 dicit,

1998 1796 2083 1841 est
2112 1787 2278 1840 homo
2304 1787 2480 1851 albus,
2513 1801 2618 1841 non
2654 1797 2824 1854 potest
2853 1802 2973 1843 esse
2998 1787 3087 1842 illa
3109 1787 3321 1856 negatio
3352 1803 3470 1856 quas
3506 1789 3586 1844 di-

317 1878 397 1932 sic
425 1878 588 1944 dicat,
615 1880 774 1930 homo
815 1891 920 1930 non
949 1877 1125 1930 omnis
1155 1877 1308 1931 albus
1338 1886 1444 1941 est,
1472 1878 1659 1932 eadem
1694 1877 1896 1947 signiﬁ-
1923 1867 1971 1930 Β
2005 1883 2097 1948 cit,
2123 1897 2229 1935 non
2262 1891 2342 1934 est
2369 1898 2472 1935 non
2520 1884 2678 1934 homo
2704 1882 2877 1936 albus.
2920 1882 3063 1937 lllius
3092 1893 3175 1937 est
3201 1883 3347 1938 enim
3379 1884 3588 1952 negatio

317 1969 460 2024 catio
482 1979 584 2024 est.
620 1968 712 2024 Vel
735 1970 779 2023 si
811 1969 910 2022 hoc
942 1968 1121 2031 modo,
1175 1970 1334 2023 homo
1365 1969 1520 2024 albus
1564 1985 1673 2024 non
1723 1972 1901 2024 omnis

320 2068 424 2127 est,
449 2074 547 2115 nec
577 2060 690 2113 hac
721 2075 750 2113 a
781 2064 1058 2128 superiore
1099 2060 1490 2128 signiﬁcatione
1535 2060 1785 2127 discedit,
1818 2061 1902 2116 vel

319 2151 364 2206 si
395 2151 510 2218 qui.
537 2150 764 2217 amplius
793 2166 1005 2219 quoque
1034 2159 1297 2219 permutet
1321 2151 1539 2217 dicens,
1566 2151 1730 2208 homo
1750 2153 1902 2208 albus

319 2251 402 2300 est
447 2256 553 2298 non
582 2243 791 2308 omnis,
825 2258 854 2296 a
889 2241 1050 2310 priori
1079 2242 1465 2310 signiﬁcatione
1503 2242 1579 2296 nil
1608 2243 1900 2311 discrepat.

324 2335 526 2392 Eodem
557 2335 718 2392 modo
746 2335 828 2390 vel
860 2334 905 2388 si
936 2335 1336 2402 quomodolibet
1367 2336 1522 2392 aliter
1550 2347 1900 2405 permittetur,

322 2441 440 2482 cum
466 2427 678 2495 propria
704 2437 880 2484 tamen
908 2426 1329 2482 universalitatis
1353 2428 1801 2482 detertninationc
1823 2428 1902 2482 di-

325 2533 480 2574 verso
510 2517 669 2572 modo
699 2525 1015 2587 permutata,
1052 2517 1191 2574 idem
1236 2533 1451 2586 semper
1482 2533 1702 2573 necesse
1741 2529 1822 2573 est
1852 2520 1901 2573 in

323 2609 714 2678 signiﬁcatione
744 2618 1010 2664 servetur.
1058 2609 1261 2666 Eodem
1294 2611 1452 2666 tnodo
1499 2609 1545 2662 si
1575 2610 1759 2664 eadem
1800 2627 1902 2664 non

326 2701 583 2770 particula
636 2716 757 2755 cum
788 2700 894 2756 alio
925 2699 1142 2762 nomine
1187 2701 1270 2760 vel
1303 2701 1470 2758 verbo
1496 2701 1678 2770 juncta
1710 2701 1907 2770 saepius

325 2794 698 2863 transferatur,
745 2803 800 2848 ut
825 2810 948 2850 cum
979 2794 1228 2877 dicimus,
1271 2793 1429 2850 homo
1451 2794 1628 2863 justus
1653 2810 1759 2850 non
1798 2804 1900 2861 est,

327 2905 511 2944 rursus
544 2891 702 2944 homo
731 2905 836 2946 non
882 2899 966 2946 est
1003 2889 1211 2958 justus,
1260 2904 1447 2944 rursus
1476 2905 1584 2944 non
1622 2898 1705 2946 est
1746 2893 1906 2946 homo

328 2983 520 3053 justus,
549 2982 734 3038 eadem
765 2983 1088 3053 signiﬁcatio
1118 2985 1404 3043 retinetur.
1437 2983 1701 3049 Quocirca
1726 2982 1770 3036 si
1793 2983 1905 3040 sola

331 3074 586 3144 particula
619 3077 858 3144 negativa
889 3084 1185 3144 permutata
1214 3076 1304 3141 sit,
1334 3084 1389 3131 et
1419 3091 1523 3130 non
1543 3076 1734 3131 eodem
1766 3090 1908 3130 sem-

327 3182 424 3238 per
447 3167 635 3222 ordine
658 3168 996 3236 prtedicetur,
1023 3169 1216 3224 multas
1241 3167 1570 3226 diﬁerentias
1601 3166 1758 3222 faciet
1787 3182 1908 3236 pro-

327 3261 669 3330 positionum.
700 3261 790 3317 Sin
819 3276 947 3317 vero
973 3260 1159 3330 juncta
1185 3275 1304 3314 cum
1337 3260 1442 3316 alio
1467 3260 1683 3316 nomine
1712 3260 1909 3329 saepius
1935 3249 1983 3313 C

328 3356 408 3426 (ut
429 3355 629 3410 dictum
654 3356 762 3424 est)
788 3354 1365 3421 transferatur,eadem
1391 3354 1444 3409 in
1470 3353 1907 3409 translationibus

327 3449 575 3506 omnibus
596 3449 922 3517 signiﬁcatio
946 3449 1302 3517 permanebit.
1336 3449 1428 3502 llis
1456 3447 1615 3517 igitur
1638 3448 1710 3502 ita
1739 3448 1910 3518 dispo-

328 3541 444 3598 sitis
470 3541 757 3596 videndum
784 3552 865 3596 est
893 3558 1011 3610 qua:
1043 3541 1112 3596 sit
1138 3542 1444 3598 Aristotelis
1484 3541 1908 3610 demonstratio,

331 3634 488 3688 verba
516 3643 570 3688 et
606 3633 822 3689 nomina
878 3634 1200 3702 transposita
1250 3633 1494 3690 eamdem
1539 3647 1753 3702 semper
1801 3634 1909 3689 vim

329 3726 878 3796 signiﬁcationemque
925 3727 1213 3794 subjicere.
1248 3728 1340 3784 Ait
1369 3727 1534 3791 enim,
1590 3726 1909 3794 transposita

329 3832 458 3874 vero
489 3817 648 3874 verba
680 3826 736 3872 et
780 3817 994 3874 nomina
1025 3818 1166 3873 idem
1195 3816 1520 3887 signiﬁcant,
1557 3824 1615 3872 ut
1641 3824 1724 3872 est
1759 3816 1911 3871 albus

329 3915 512 3981 homo,
546 3923 626 3970 est
656 3915 816 3970 homo
850 3914 1025 3972 albus.
1054 3915 1181 3973 Haec
1211 3919 1355 3970 enim
1386 3915 1707 3984 transposita
1737 3915 1912 3972 nomi-

333 4009 488 4064 nibus
511 4019 668 4078 atque
693 4009 871 4066 vetbis
899 4009 1144 4064 eamdem
1179 4011 1412 4064 retinent
1441 4009 1907 4078 signiﬁCatiouem.

334 4099 394 4157 In
427 4101 512 4155 illa
542 4102 680 4156 enim
713 4101 862 4172 prius
891 4102 1041 4156 albus
1069 4112 1170 4158 est.
1203 4101 1470 4169 posterius
1505 4100 1695 4164 homo;
1731 4101 1783 4154 in
1815 4101 1912 4154 hac

333 4202 511 4248 autem
543 4195 690 4263 prior
719 4195 899 4259 homo,
923 4195 1190 4263 posterior
1211 4194 1400 4250 albus:
1424 4193 1570 4263 quod
1599 4195 1644 4250 si
1680 4193 1779 4248 hoc
1811 4193 1911 4247 fal-

331 4298 452 4342 sutn
479 4294 580 4349 est,
610 4294 666 4342 ει
707 4300 812 4342 non
835 4287 944 4341 sint
972 4285 1200 4354 eaedem,
1233 4285 1327 4340 sed
1358 4300 1387 4340 a
1417 4300 1478 4340 se
1507 4285 1734 4339 diversas
1762 4293 1944 4352 sunt;

332 4377 673 4448 impossibile
694 4379 895 4449 aliquid
924 4380 1417 4449 inconveniensquo
1446 4378 1727 4448 contingit,
1754 4387 1916 4434 erunt

331 4474 475 4529 enim
525 4472 646 4529 dua:
676 4474 991 4543 negationes
1038 4474 1192 4527 unius
1221 4471 1628 4537 afﬁrmationis,
1661 4470 1802 4540 quod
1832 4481 1914 4526 est

334 4566 688 4636 impossibile.
718 4567 1006 4622 Ostensum
1036 4565 1180 4620 enim
1209 4574 1292 4620 est
1334 4565 1587 4634 quoniam
1620 4578 1723 4618 una
1758 4564 1915 4618 unius

333 4625 426 4715 est
444 4658 819 4715 afﬁrmatiouis
841 4659 1071 4728 negatio.
1092 4658 1242 4713 Nunc
1267 4625 1428 4728 igitur
1449 4657 1726 4713 videamus
1757 4657 1803 4711 si
1834 4658 1916 4713 lite
1941 4625 1994 4686 D

335 4752 722 4808 alﬁrmationes
743 4767 864 4822 qua
884 4752 1068 4808 dicunt
1091 4764 1172 4808 est
1194 4752 1348 4807 albus
1375 4752 1558 4814 homo,
1577 4763 1633 4807 et
1656 4762 1738 4808 est
1755 4752 1917 4808 homo

335 4844 508 4911 albus,
539 4860 645 4900 non
667 4854 793 4900 sunt
821 4845 1046 4911 eaedem,
1064 4845 1156 4902 sed
1177 4845 1424 4910 diversae,
1457 4845 1915 4915 quemadmodum

339 4938 496 4992 unius
542 4936 917 4992 aflirmationis
962 4937 1083 4992 duae
1114 4946 1239 4991 sunt
1285 4938 1629 5007 negationes,
1661 4947 1714 4991 et
1747 4936 1921 5006 primo

338 5031 553 5100 quidem
584 5031 936 5102 disponantur
962 5031 1066 5084 hoc
1096 5031 1276 5094 modo,
1316 5043 1398 5084 est
1443 5030 1597 5085 albus
1623 5030 1804 5097 homo,
1839 5039 1924 5084 est

343 5125 504 5178 homo
527 5122 714 5188 albus;
748 5123 906 5193 hujus
934 5138 1062 5193 ergo
1093 5123 1473 5192 propositionis
1513 5137 1634 5190 qua:
1661 5124 1815 5188 dicit,
1840 5132 1922 5177 est

341 5215 496 5269 albus
527 5215 707 5279 homo,
737 5216 843 5271 erit
883 5214 1120 5284 negatio,
1163 5230 1225 5268 ea
1254 5214 1463 5268 scilicet
1488 5229 1608 5276 quas
1640 5216 1921 5282 proponit,

344 5325 448 5361 non
476 5318 560 5362 est
587 5306 740 5362 albus
764 5309 949 5376 homo,
975 5309 1078 5363 alia
1110 5322 1341 5377 namque
1362 5322 1481 5376 quae
1502 5320 1621 5362 esse
1645 5305 1813 5375 possit
1836 5321 1922 5360 ra-

341 5399 675 5455 tionabiliter
704 5415 813 5455 non
844 5410 1021 5470 potest
1067 5400 1317 5454 inveniri.
1365 5400 1724 5469 Disponantur
1764 5397 1925 5468 igitur

345 5506 530 5546 rursus
571 5491 772 5548 eaedem
825 5501 881 5548 et
919 5495 1166 5562 superior
1212 5490 1498 5548 affirmatio
1545 5505 1665 5546 cum
1708 5492 1922 5560 propria

345 5584 646 5653 negatione.

884 5680 980 5735 Est
1015 5679 1170 5734 albus
1199 5679 1373 5734 homo.

884 5771 999 5827 Non
1029 5780 1110 5824 est
1131 5771 1287 5826 albus
1319 5771 1498 5826 homo.

880 5866 973 5923 Est
1001 5866 1162 5920 homo
1185 5863 1355 5922 albus.

2006 1991 2126 2046 quae
2171 1977 2329 2029 habet
2360 1975 2659 2045 subjectum
2708 1975 2971 2029 inﬁnitum
3004 1992 3124 2046 quae
3149 1976 3308 2042 dicit,
3349 1987 3432 2032 est
3479 1991 3586 2034 nun

2009 2071 2174 2124 homo
2214 2069 2386 2122 albus.
2419 2068 2677 2122 Similiter
2715 2077 2893 2121 autem
2927 2078 2980 2123 et
3017 2069 3061 2122 si
3093 2069 3386 2138 quamlibet
3432 2068 3590 2128 aliam

2005 2164 2126 2232 quis
2156 2162 2398 2231 posuerit
2426 2159 2762 2228 negationem
2791 2159 2908 2228 ejus
2951 2161 3070 2214 sine
3099 2160 3262 2214 dubio
3297 2161 3404 2213 alia
3435 2175 3591 2228 repe-

2007 2257 2143 2309 ritur
2170 2255 2476 2308 afﬁrmatio.
2515 2253 2666 2307 Unde
2697 2253 2753 2305 ﬁt
2788 2261 2843 2304 ut
2874 2253 3205 2322 relinquatur
3232 2268 3293 2306 ea
3326 2252 3442 2321 ejus
3472 2267 3592 2312 esse

2007 2352 2219 2419 negatio
2248 2366 2366 2419 quae
2392 2349 2662 2418 proponit,
2697 2364 2801 2401 non
2831 2359 2915 2402 est
2945 2349 3105 2403 homo
3133 2350 3324 2414 albus;
3353 2360 3434 2404 est
3464 2364 3593 2419 ergo

2009 2441 2224 2512 negatio
2250 2442 2368 2511 ejus
2399 2456 2516 2509 qua:
2543 2440 2671 2494 dicit
2700 2450 2781 2493 est
2812 2440 2972 2494 homo
3000 2442 3183 2506 albus,
3206 2456 3270 2496 ea
3295 2458 3413 2508 qua:
3442 2442 3593 2508 dicit,

2007 2549 2112 2586 non
2143 2541 2223 2586 est
2250 2532 2409 2583 homo
2441 2530 2627 2593 albus;
2662 2531 2755 2583 sed
2780 2529 2898 2598 ejus
2929 2533 3303 2586 al'ﬁrmationis
3327 2548 3445 2601 quze
3475 2549 3593 2600 pro-

2008 2625 2176 2696 ponit,
2208 2633 2289 2679 est
2316 2624 2468 2678 albus
2495 2623 2676 2688 homo,
2723 2626 2934 2692 negatio
2961 2634 3044 2678 est
3073 2636 3125 2679 et
3154 2627 3255 2680 ista
3288 2642 3407 2694 quae
3439 2627 3591 2694 dicit,

2010 2734 2115 2771 non
2147 2727 2229 2770 est
2259 2720 2418 2771 homo
2458 2716 2631 2769 albus.
2661 2716 2812 2782 Quod
2845 2717 3036 2785 probat
3061 2731 3124 2770 ea
3168 2733 3255 2771 res
3291 2720 3431 2786 quod
3459 2720 3595 2772 inter

2009 2823 2069 2862 se
2101 2823 2288 2861 verum
2319 2807 2618 2876 falsumque
2646 2805 2910 2872 dividunt,
2937 2822 3058 2861 nam
3085 2808 3128 2860 si
3160 2824 3342 2862 verum
3373 2818 3456 2864 est
3475 2823 3596 2864 esse

2009 2902 2188 2955 ιιὶὺιιιιι
2238 2901 2532 2968 hominem,
2562 2901 2753 2954 falsum
2778 2910 2862 2954 est
2903 2915 3009 2955 non
3053 2916 3175 2955 esse
3217 2901 3488 2958 hominem
3521 2904 3597 2957 al-

2011 2993 2156 3047 bum.
2189 2993 2340 3060 Quod
2368 2994 2412 3046 si
2446 2984 2510 3046 in'
2537 2991 2806 3061 aliquibus
2842 3007 3027 3046 verum
3057 2993 3347 3057 invenitur,
3382 2993 3482 3048 hoc
3509 3008 3598 3049 se-

2011 3087 2244 3141 cundum
2302 3086 2669 3140 deﬁnitionem
2716 3085 3100 3154 propositionis
3129 3086 3466 3154 agnoscitur,
3494 3103 3599 3141 non

2012 3179 2306 3234 secundum
2357 3178 2656 3248 negationis
2711 3177 2962 3246 formam,
2994 3187 3049 3230 ut
3094 3179 3262 3245 magis
3307 3178 3600 3236 secundum

2013 3274 2365 3341 quantitatem
2403 3287 2508 3326 non
2535 3270 2645 3324 sint
2670 3269 2773 3323 sibi
2801 3271 3062 3340 opposita:
3094 3272 3277 3339 potius
3315 3286 3474 3340 quam
3519 3288 3602 3327 se.

2013 3368 2247 3422 cundum
2279 3367 2612 3435 qualitatem,
2644 3364 2782 3432 quod
2837 3365 2928 3416 illa
2974 3378 3063 3418 res
3110 3374 3378 3420 monstrat
3403 3365 3447 3419 si
3479 3365 3602 3433 quis

2014 3460 2094 3514 sic
2123 3459 2270 3512 dicat
2297 3476 2307 3510 :
2339 3467 2418 3511 est
2449 3457 2602 3509 albus
2629 3455 2808 3508 omnis
2839 3454 3029 3518 homo;
3062 3454 3106 3508 si
3131 3466 3316 3508 contra
3343 3454 3481 3508 hanc
3512 3470 3603 3522 ρος

2014 3560 2191 3613 natur,
2222 3565 2327 3603 non
2358 3561 2438 3602 est
2471 3547 2644 3600 omnis
2693 3546 2853 3600 homo
2899 3545 3086 3609 albus,
3141 3547 3479 3613 perspicuum
3520 3555 3603 3602 est

2014 3641 2266 3710 quoniam
2298 3642 2439 3692 inter
2465 3654 2525 3692 se
2553 3650 2606 3692 et
2630 3639 2912 3692 veritatem
2943 3637 3190 3692 dividunt
3215 3647 3270 3693 et
3291 3637 3604 3703 falsitatem,

2016 3749 2181 3788 Lnam
2214 3733 2360 3787 enim
2388 3747 2568 3785 veram
2617 3745 2737 3785 esse
2782 3745 3005 3785 necesse
3031 3739 3134 3796 est,
3179 3745 3340 3785 unam
3366 3730 3598 3797 falsam;

2014 3842 2182 3898 quare
2231 3828 2392 3880 etiam
2431 3827 2474 3879 si
2516 3825 2991 3878 detertninationes
3035 3824 3370 3889 auferantur,
3411 3823 3600 3882 eadem

1980 3920 2284 3993 °oppositio
2313 3919 2474 3984 redit,
2507 3919 2630 3972 licet
2661 3919 2731 3972 sit
2777 3917 3077 3972 indeﬁnita.
3097 3917 3251 3974 .Nam
3281 3917 3420 3972 sicut
3460 3917 3511 3971 in
3539 3930 3604 3972 ea

1963 4071 1966 4074 ,
2013 4031 2133 4087 quae
2157 4015 2306 4079 dicit,
2341 4015 2516 4068 omnis
2566 4014 2725 4066 homo
2753 4011 2934 4081 justus
2962 4020 3066 4077 est,
3103 4026 3205 4066 non
3242 4011 3417 4066 omnis
3445 4010 3610 4065 homo

2011 4108 2186 4178 justus
2209 4118 2311 4175 est,
2345 4106 2567 4160 sublatis
2599 4105 2776 4159 omnis
2815 4113 2872 4158 et
2905 4119 3010 4158 non
3042 4103 3220 4156 omnis
3252 4103 3411 4156 homo
3429 4103 3610 4174 justus

1981 4189 2120 4265 'est,
2155 4209 2209 4253 et
2253 4199 2413 4251 homo
2447 4199 2623 4264 justus
2669 4211 2774 4250 non
2814 4207 2925 4258 est,
2969 4194 3257 4247 afﬁrmatio
3288 4204 3340 4247 et
3388 4194 3602 4262 negatio

2015 4290 2273 4358 Opposita:
2321 4298 2466 4350 sunt,
2505 4288 2575 4339 ita
2622 4299 2839 4354 quoque
2868 4285 2919 4340 in
2968 4284 3046 4338 his
3099 4284 3310 4339 sublato
3350 4285 3526 4337 omnis
3551 4294 3608 4336 et

2018 4398 2124 4437 non
2143 4381 2316 4435 omnis
2343 4394 2407 4434 ea
2425 4394 2542 4447 quae
2568 4378 2720 4442 dicit,
2747 4387 2827 4430 est
2849 4376 3005 4430 albus
3028 4377 3208 4443 homo,
3240 4377 3286 4430 ei
3314 4390 3434 4446 qum
3453 4375 3608 4441 dicit,

2020 4491 2123 4530 non
2156 4485 2239 4528 est
2287 4474 2448 4528 homo
2476 4473 2651 4536 albus,
2684 4471 2930 4540 opposita
2961 4479 3064 4523 est.
3100 4469 3310 4523 Additis
3341 4469 3483 4522 enim
3512 4466 3606 4521 de-

2020 4567 2484 4623 terminationibus
2515 4580 2616 4617 una
2661 4579 2875 4632 semper
2905 4579 3029 4616 vera
3072 4573 3184 4629 est,
3233 4563 3398 4616 altera
3433 4562 3594 4625 falsa;

2020 4663 2114 4717 sed
2156 4660 2383 4716 diximus
2414 4658 2665 4728 quoniam
2714 4655 3086 4711 al'ﬁrmationis
3135 4655 3254 4725 ejus
3289 4671 3405 4726 qua:
3436 4656 3604 4721 dicit,

2021 4766 2106 4812 est
2134 4756 2287 4809 albus
2338 4754 2525 4813 homo.
2558 4754 2772 4821 negatio
2822 4761 2933 4816 est,
2968 4761 3074 4805 non
3115 4759 3199 4804 est
3226 4751 3378 4804 albus
3421 4751 3604 4803 homo.

2026 4847 2153 4900 Duas
2178 4846 2337 4916 igitur
2363 4845 2670 4914 negationes
2693 4858 2797 4897 non
2823 4853 2904 4898 est
2926 4843 3079 4896 albus
3109 4844 3289 4905 homo,
3315 4849 3369 4894 et
3394 4855 3500 4894 non
3527 4847 3612 4893 est

2027 4941 2178 4994 albus
2212 4941 2372 4991 homo
2403 4938 2561 4991 unius
2611 4935 2984 4990 afﬁrmationis
3031 4946 3185 5002 sunt,
3237 4934 3355 5003 ejus
3408 4931 3614 4986 scilicet

2027 5047 2145 5102 qua:
2175 5031 2440 5095 enuntiat,
2471 5039 2552 5082 est
2595 5031 2755 5082 homo
2802 5030 2978 5093 albus,
3010 5027 3154 5096 quod
3183 5026 3360 5080 evenit
3385 5023 3428 5077 si
3456 5036 3616 5091 nega-

2029 5125 2200 5177 tiones
2228 5123 2307 5175 h:c
2330 5138 2450 5191 qua:
2473 5122 2677 5185 dicunt,
2703 5136 2807 5174 non
2831 5130 2914 5175 est
2937 5121 3099 5173 homo
3126 5118 3301 5179 albus,
3329 5129 3380 5168 et
3405 5129 3509 5169 non
3533 5124 3617 5169 est

2028 5217 2180 5270 albus
2205 5217 2365 5269 homo
2390 5231 2417 5266 a
2443 5231 2504 5269 se
2532 5214 2759 5269 diversa:
2791 5224 2936 5276 sunt,
2969 5212 3112 5281 quod
3158 5226 3227 5265 ex
3260 5223 3324 5264 eo
3352 5208 3620 5276 contingit

2029 5308 2167 5377 quod
2218 5308 2364 5374 prius
2414 5307 2642 5374 positum
2701 5314 2783 5359 est
2819 5320 2935 5358 eam
2968 5317 3087 5371 quae
3119 5301 3282 5364 dicit,
3336 5308 3418 5354 est
3464 5299 3621 5352 altius

2030 5399 2213 5466 homo,
2240 5397 2505 5450 diversam
2535 5411 2655 5449 esse
2679 5397 2744 5448 ab
2770 5409 2830 5448 ea
2855 5409 2973 5463 qua:
2992 5393 3140 5456 dicit,
3167 5400 3249 5444 est
3269 5395 3429 5441 homo
3443 5389 3616 5441 albus.

2030 5490 2249 5557 Quodsi
2294 5488 2393 5542 hoc
2426 5488 2755 5555 impossibile
2784 5496 2866 5540 est
2913 5493 2972 5538 ut
3023 5498 3125 5537 una
3156 5481 3441 5536 affirmatio
3481 5482 3618 5533 duas

2033 5587 2225 5640 habeat
2254 5584 2591 5654 negationes,
2613 5594 2666 5637 et
2709 5584 3043 5652 perspicuum
3070 5587 3152 5634 est
3181 5587 3369 5633 contra
3393 5591 3511 5630 eam
3535 5576 3618 5629 af-

2032 5680 2392 5733 ﬁrmationem
2415 5694 2533 5746 quae
2558 5677 2708 5740 dicit,
2738 5685 2818 5730 est
2847 5676 3009 5727 homo
3032 5673 3204 5737 albus,
3236 5677 3487 5737 utrasque
3523 5667 3618 5723 has

2035 5772 2348 5841 negationes
2371 5786 2487 5838 quae
2512 5770 2718 5830 dicunt,
2747 5783 2854 5821 non
2876 5774 2959 5822 est
2977 5765 3132 5818 albus
3155 5766 3316 5818 homo
3337 5772 3392 5815 et
3414 5777 3515 5817 non
3540 5773 3619 5821 est

2032 5864 2194 5919 homo
2225 5865 2378 5918 albus
2408 5865 2626 5931 opponi,
2660 5863 2740 5918 hc
2778 5875 2806 5916 a
2837 5875 2896 5917 se
2925 5859 3153 5916 diversa
3184 5872 3288 5915 non
3318 5866 3462 5922 sunt,
3488 5857 3616 5916 sibiv
