  <div class='ocr_page' id='page_1' title='image "/cluster/home/n/w/nwhite01/storage/ocr_20150623/64/hvd.32044024222309/291.png"; bbox 0 0 4090 6342; ppageno 0'>
   <div class='ocr_carea' id='block_1_1' title="bbox 463 351 563 415">
    <p class='ocr_par' dir='ltr' id='par_1_1' title="bbox 463 351 563 415">
     <span class='ocr_line' id='line_1_1' title="bbox 463 351 563 415; baseline -0.03 -1"><span class='ocrx_word' id='word_1_1' title='bbox 463 351 563 415; x_wconf 69' lang='lat'><strong>5‘37</strong></span> 
     </span>
    </p>
   </div>
   <div class='ocr_carea' id='block_1_2' title="bbox 1699 296 2511 401">
    <p class='ocr_par' dir='ltr' id='par_1_2' title="bbox 1699 296 2511 401">
     <span class='ocr_line' id='line_1_2' title="bbox 1699 296 2511 401; baseline -0.007 0"><span class='ocrx_word' id='word_1_2' title='bbox 1699 345 1808 401; x_wconf 81' lang='grc' dir='ltr'><strong>ΑΝ.</strong></span> <span class='ocrx_word' id='word_1_3' title='bbox 1848 343 2051 401; x_wconf 78' lang='lat' dir='ltr'><strong>MANL.</strong></span> <span class='ocrx_word' id='word_1_4' title='bbox 2095 296 2250 400; x_wconf 63' lang='grc' dir='ltr'><strong>δέν.</strong></span> <span class='ocrx_word' id='word_1_5' title='bbox 2292 338 2511 400; x_wconf 81' lang='grc' dir='ltr'><strong>ΒΟΕΤΙΙ</strong></span> 
     </span>
    </p>
   </div>
   <div class='ocr_carea' id='block_1_3' title="bbox 3645 343 3747 397">
    <p class='ocr_par' dir='ltr' id='par_1_3' title="bbox 3645 343 3747 397">
     <span class='ocr_line' id='line_1_3' title="bbox 3645 343 3747 397; baseline 0 -1"><span class='ocrx_word' id='word_1_6' title='bbox 3645 343 3747 397; x_wconf 72' lang='grc'><strong>568</strong></span> 
     </span>
    </p>
   </div>
   <div class='ocr_carea' id='block_1_4' title="bbox 467 452 3747 539">
    <p class='ocr_par' dir='ltr' id='par_1_4' title="bbox 467 452 3747 539">
     <span class='ocr_line' id='line_1_4' title="bbox 467 452 3747 539; baseline -0.005 -17"><span class='ocrx_word' id='word_1_7' title='bbox 467 482 573 539; x_wconf 88' lang='lat' dir='ltr'><strong>que</strong></span> <span class='ocrx_word' id='word_1_8' title='bbox 625 464 994 527; x_wconf 70' lang='lat' dir='ltr'><strong>censentium,</strong></span> <span class='ocrx_word' id='word_1_9' title='bbox 1024 466 1081 517; x_wconf 91' lang='lat' dir='ltr'><strong>et</strong></span> <span class='ocrx_word' id='word_1_10' title='bbox 1110 468 1313 515; x_wconf 89' lang='lat' dir='ltr'><strong>tantum</strong></span> <span class='ocrx_word' id='word_1_11' title='bbox 1363 454 1754 527; x_wconf 74' lang='lat' dir='ltr'><strong>permutatione</strong></span> <span class='ocrx_word' id='word_1_12' title='bbox 1807 456 2045 511; x_wconf 87' lang='lat' dir='ltr'><strong>nominis</strong></span> <span class='ocrx_word' id='word_1_13' title='bbox 2074 459 2127 517; x_wconf 81' lang='grc' dir='ltr'><strong>Α</strong></span> <span class='ocrx_word' id='word_1_14' title='bbox 2149 455 2237 509; x_wconf 84' lang='lat' dir='ltr'><strong>sed</strong></span> <span class='ocrx_word' id='word_1_15' title='bbox 2260 470 2323 509; x_wconf 70' lang='lat' dir='ltr'><strong>ea:</strong></span> <span class='ocrx_word' id='word_1_16' title='bbox 2352 454 2432 508; x_wconf 81' lang='lat' dir='ltr'><strong>his</strong></span> <span class='ocrx_word' id='word_1_17' title='bbox 2455 453 2610 507; x_wconf 87' lang='lat' dir='ltr'><strong>etiam</strong></span> <span class='ocrx_word' id='word_1_18' title='bbox 2642 468 2800 507; x_wconf 78' lang='lat' dir='ltr'><strong>unum</strong></span> <span class='ocrx_word' id='word_1_19' title='bbox 2838 454 2918 521; x_wconf 77' lang='lat' dir='ltr'><strong>fit,</strong></span> <span class='ocrx_word' id='word_1_20' title='bbox 2950 467 3013 507; x_wconf 75' lang='lat' dir='ltr'><strong>ex</strong></span> <span class='ocrx_word' id='word_1_21' title='bbox 3046 452 3165 507; x_wconf 81' lang='lat' dir='ltr'><strong>albo</strong></span> <span class='ocrx_word' id='word_1_22' title='bbox 3192 461 3360 507; x_wconf 80' lang='lat' dir='ltr'><strong>ciuem</strong></span> <span class='ocrx_word' id='word_1_23' title='bbox 3394 461 3443 508; x_wconf 85' lang='lat' dir='ltr'><strong>et</strong></span> <span class='ocrx_word' id='word_1_24' title='bbox 3471 453 3676 509; x_wconf 68' lang='grc' dir='ltr'><strong>Ιιοιηὶπε</strong></span> <span class='ocrx_word' id='word_1_25' title='bbox 3701 468 3747 512; x_wconf 68' lang='lat' dir='ltr'><strong>ei</strong></span> 
     </span>
    </p>
   </div>
   <div class='ocr_carea' id='block_1_5' title="bbox 467 544 2055 617">
    <p class='ocr_par' dir='ltr' id='par_1_5' title="bbox 467 544 2055 617">
     <span class='ocr_line' id='line_1_5' title="bbox 467 544 2055 617; baseline -0.009 -2"><span class='ocrx_word' id='word_1_26' title='bbox 467 561 694 615; x_wconf 90' lang='lat' dir='ltr'><strong>distant.</strong></span> <span class='ocrx_word' id='word_1_27' title='bbox 718 550 960 613; x_wconf 26' lang='lat' dir='ltr'><strong>’Catteris</strong></span> <span class='ocrx_word' id='word_1_28' title='bbox 1002 561 1180 607; x_wconf 90' lang='lat' dir='ltr'><strong>autem</strong></span> <span class='ocrx_word' id='word_1_29' title='bbox 1218 547 1470 606; x_wconf 80' lang='lat' dir='ltr'><strong>omnibus</strong></span> <span class='ocrx_word' id='word_1_30' title='bbox 1497 546 1700 604; x_wconf 66' lang='lat' dir='ltr'><strong>eaedem</strong></span> <span class='ocrx_word' id='word_1_31' title='bbox 1727 556 1885 612; x_wconf 90' lang='lat' dir='ltr'><strong>sunt;</strong></span> <span class='ocrx_word' id='word_1_32' title='bbox 1912 544 2055 617; x_wconf 89' lang='lat' dir='ltr'><strong>quod</strong></span> 
     </span>
    </p>
   </div>
   <div class='ocr_carea' id='block_1_6' title="bbox 466 642 2058 723">
    <p class='ocr_par' dir='ltr' id='par_1_6' title="bbox 466 642 2058 723">
     <span class='ocr_line' id='line_1_6' title="bbox 466 642 2058 723; baseline -0.012 -12"><span class='ocrx_word' id='word_1_33' title='bbox 466 655 515 711; x_wconf 86' lang='lat' dir='ltr'><strong>si</strong></span> <span class='ocrx_word' id='word_1_34' title='bbox 545 654 627 708; x_wconf 78' lang='lat' dir='ltr'><strong>hae</strong></span> <span class='ocrx_word' id='word_1_35' title='bbox 659 650 971 723; x_wconf 75' lang='lat' dir='ltr'><strong>negationes</strong></span> <span class='ocrx_word' id='word_1_36' title='bbox 1012 647 1217 704; x_wconf 68' lang='lat' dir='ltr'><strong>eaedem</strong></span> <span class='ocrx_word' id='word_1_37' title='bbox 1255 652 1402 709; x_wconf 87' lang='lat' dir='ltr'><strong>sunt,</strong></span> <span class='ocrx_word' id='word_1_38' title='bbox 1437 642 1640 699; x_wconf 66' lang='lat' dir='ltr'><strong>eaedem</strong></span> <span class='ocrx_word' id='word_1_39' title='bbox 1684 655 1899 712; x_wconf 89' lang='lat' dir='ltr'><strong>quoque</strong></span> <span class='ocrx_word' id='word_1_40' title='bbox 1934 648 2058 694; x_wconf 90' lang='lat' dir='ltr'><strong>sunt</strong></span> 
     </span>
    </p>
   </div>
   <div class='ocr_carea' id='block_1_7' title="bbox 466 734 2059 811">
    <p class='ocr_par' dir='ltr' id='par_1_7' title="bbox 466 734 2059 811">
     <span class='ocr_line' id='line_1_7' title="bbox 466 734 2059 811; baseline -0.009 -10"><span class='ocrx_word' id='word_1_41' title='bbox 466 744 877 802; x_wconf 83' lang='lat' dir='ltr'><strong>afﬁrmationes.</strong></span> <span class='ocrx_word' id='word_1_42' title='bbox 904 743 1068 798; x_wconf 81' lang='lat' dir='ltr'><strong>Recte</strong></span> <span class='ocrx_word' id='word_1_43' title='bbox 1091 741 1253 811; x_wconf 81' lang='lat' dir='ltr'><strong>igitur</strong></span> <span class='ocrx_word' id='word_1_44' title='bbox 1276 738 1480 795; x_wconf 90' lang='lat' dir='ltr'><strong>dictum</strong></span> <span class='ocrx_word' id='word_1_45' title='bbox 1503 746 1588 794; x_wconf 91' lang='lat' dir='ltr'><strong>est</strong></span> <span class='ocrx_word' id='word_1_46' title='bbox 1608 734 1860 806; x_wconf 90' lang='lat' dir='ltr'><strong>quoniam</strong></span> <span class='ocrx_word' id='word_1_47' title='bbox 1885 743 2059 789; x_wconf 84' lang='lat' dir='ltr'><strong>trans-</strong></span> 
     </span>
    </p>
   </div>
   <div class='ocr_carea' id='block_1_8' title="bbox 468 828 2058 908">
    <p class='ocr_par' dir='ltr' id='par_1_8' title="bbox 468 828 2058 908">
     <span class='ocr_line' id='line_1_8' title="bbox 468 828 2058 908; baseline -0.009 -13"><span class='ocrx_word' id='word_1_48' title='bbox 468 839 639 908; x_wconf 90' lang='lat' dir='ltr'><strong>posita</strong></span> <span class='ocrx_word' id='word_1_49' title='bbox 668 837 893 893; x_wconf 87' lang='lat' dir='ltr'><strong>nomina</strong></span> <span class='ocrx_word' id='word_1_50' title='bbox 915 845 971 892; x_wconf 90' lang='lat' dir='ltr'><strong>et</strong></span> <span class='ocrx_word' id='word_1_51' title='bbox 988 834 1152 890; x_wconf 89' lang='lat' dir='ltr'><strong>verba</strong></span> <span class='ocrx_word' id='word_1_52' title='bbox 1182 833 1428 889; x_wconf 87' lang='lat' dir='ltr'><strong>eamdem</strong></span> <span class='ocrx_word' id='word_1_53' title='bbox 1451 832 1559 887; x_wconf 85' lang='lat' dir='ltr'><strong>vim</strong></span> <span class='ocrx_word' id='word_1_54' title='bbox 1585 828 2058 900; x_wconf 87' lang='lat' dir='ltr'><strong>signiﬁcationem-</strong></span> 
     </span>
    </p>
   </div>
   <div class='ocr_carea' id='block_1_9' title="bbox 466 920 2060 1003">
    <p class='ocr_par' dir='ltr' id='par_1_9' title="bbox 466 920 2060 1003">
     <span class='ocr_line' id='line_1_9' title="bbox 466 920 2060 1003; baseline -0.008 -14"><span class='ocrx_word' id='word_1_55' title='bbox 466 947 570 1003; x_wconf 86' lang='lat' dir='ltr'><strong>que</strong></span> <span class='ocrx_word' id='word_1_56' title='bbox 597 941 835 989; x_wconf 75' lang='lat' dir='ltr'><strong>servant.</strong></span> <span class='ocrx_word' id='word_1_57' title='bbox 872 930 1081 987; x_wconf 89' lang='lat' dir='ltr'><strong>Sensus</strong></span> <span class='ocrx_word' id='word_1_58' title='bbox 1129 941 1257 997; x_wconf 92' lang='lat' dir='ltr'><strong>ergo</strong></span> <span class='ocrx_word' id='word_1_59' title='bbox 1303 935 1444 982; x_wconf 90' lang='lat' dir='ltr'><strong>totus</strong></span> <span class='ocrx_word' id='word_1_60' title='bbox 1493 924 1565 978; x_wconf 88' lang='lat' dir='ltr'><strong>ita</strong></span> <span class='ocrx_word' id='word_1_61' title='bbox 1611 936 1671 979; x_wconf 90' lang='lat' dir='ltr'><strong>se</strong></span> <span class='ocrx_word' id='word_1_62' title='bbox 1718 922 1905 987; x_wconf 89' lang='lat' dir='ltr'><strong>habet;</strong></span> <span class='ocrx_word' id='word_1_63' title='bbox 1957 920 2060 976; x_wconf 85' lang='lat' dir='ltr'><strong>hoc</strong></span> 
     </span>
    </p>
   </div>
   <div class='ocr_carea' id='block_1_10' title="bbox 466 1015 2053 1088">
    <p class='ocr_par' dir='ltr' id='par_1_10' title="bbox 466 1015 2053 1088">
     <span class='ocr_line' id='line_1_10' title="bbox 466 1015 2053 1088; baseline -0.009 -5"><span class='ocrx_word' id='word_1_64' title='bbox 466 1037 648 1083; x_wconf 87' lang='lat' dir='ltr'><strong>autem</strong></span> <span class='ocrx_word' id='word_1_65' title='bbox 692 1026 856 1081; x_wconf 91' lang='lat' dir='ltr'><strong>modo</strong></span> <span class='ocrx_word' id='word_1_66' title='bbox 901 1025 1035 1080; x_wconf 89' lang='lat' dir='ltr'><strong>ordo</strong></span> <span class='ocrx_word' id='word_1_67' title='bbox 1084 1022 1394 1079; x_wconf 84' lang='lat' dir='ltr'><strong>verborum.</strong></span> <span class='ocrx_word' id='word_1_68' title='bbox 1428 1017 1809 1088; x_wconf 87' lang='lat' dir='ltr'><strong>Transposita,</strong></span> <span class='ocrx_word' id='word_1_69' title='bbox 1858 1015 2053 1086; x_wconf 88' lang='lat' dir='ltr'><strong>inquit,</strong></span> 
     </span>
    </p>
   </div>
   <div class='ocr_carea' id='block_1_11' title="bbox 468 1109 2062 1183">
    <p class='ocr_par' dir='ltr' id='par_1_11' title="bbox 468 1109 2062 1183">
     <span class='ocr_line' id='line_1_11' title="bbox 468 1109 2062 1183; baseline -0.01 -7"><span class='ocrx_word' id='word_1_70' title='bbox 468 1117 685 1176; x_wconf 88' lang='lat' dir='ltr'><strong>nomina</strong></span> <span class='ocrx_word' id='word_1_71' title='bbox 708 1126 763 1174; x_wconf 89' lang='lat' dir='ltr'><strong>et</strong></span> <span class='ocrx_word' id='word_1_72' title='bbox 780 1117 941 1173; x_wconf 83' lang='lat' dir='ltr'><strong>verba</strong></span> <span class='ocrx_word' id='word_1_73' title='bbox 962 1115 1105 1169; x_wconf 90' lang='lat' dir='ltr'><strong>idem</strong></span> <span class='ocrx_word' id='word_1_74' title='bbox 1134 1112 1467 1183; x_wconf 89' lang='lat' dir='ltr'><strong>signiﬁcant,</strong></span> <span class='ocrx_word' id='word_1_75' title='bbox 1490 1119 1545 1166; x_wconf 91' lang='lat' dir='ltr'><strong>et</strong></span> <span class='ocrx_word' id='word_1_76' title='bbox 1560 1119 1642 1165; x_wconf 89' lang='lat' dir='ltr'><strong>est</strong></span> <span class='ocrx_word' id='word_1_77' title='bbox 1663 1109 1851 1163; x_wconf 87' lang='lat' dir='ltr'><strong>horum</strong></span> <span class='ocrx_word' id='word_1_78' title='bbox 1871 1121 2062 1163; x_wconf 78' lang='lat' dir='ltr'><strong>exem-</strong></span> 
     </span>
    </p>
   </div>
   <div class='ocr_carea' id='block_1_12' title="bbox 462 1200 2058 1283">
    <p class='ocr_par' dir='ltr' id='par_1_12' title="bbox 462 1200 2058 1283">
     <span class='ocr_line' id='line_1_12' title="bbox 462 1200 2058 1283; baseline -0.008 -16"><span class='ocrx_word' id='word_1_79' title='bbox 462 1213 632 1283; x_wconf 86' lang='lat' dir='ltr'><strong>plum,</strong></span> <span class='ocrx_word' id='word_1_80' title='bbox 654 1220 715 1267; x_wconf 91' lang='lat' dir='ltr'><strong>ut</strong></span> <span class='ocrx_word' id='word_1_81' title='bbox 740 1221 823 1267; x_wconf 90' lang='lat' dir='ltr'><strong>est</strong></span> <span class='ocrx_word' id='word_1_82' title='bbox 849 1210 1011 1265; x_wconf 90' lang='lat' dir='ltr'><strong>homo</strong></span> <span class='ocrx_word' id='word_1_83' title='bbox 1032 1207 1207 1272; x_wconf 87' lang='lat' dir='ltr'><strong>albus,</strong></span> <span class='ocrx_word' id='word_1_84' title='bbox 1230 1215 1313 1262; x_wconf 89' lang='lat' dir='ltr'><strong>est</strong></span> <span class='ocrx_word' id='word_1_85' title='bbox 1341 1205 1492 1261; x_wconf 90' lang='lat' dir='ltr'><strong>albus</strong></span> <span class='ocrx_word' id='word_1_86' title='bbox 1516 1204 1695 1259; x_wconf 90' lang='lat' dir='ltr'><strong>homo.</strong></span> <span class='ocrx_word' id='word_1_87' title='bbox 1728 1201 1784 1255; x_wconf 88' lang='lat' dir='ltr'><strong>In</strong></span> <span class='ocrx_word' id='word_1_88' title='bbox 1816 1202 1898 1255; x_wconf 91' lang='lat' dir='ltr'><strong>his</strong></span> <span class='ocrx_word' id='word_1_89' title='bbox 1916 1200 2058 1256; x_wconf 89' lang='lat' dir='ltr'><strong>enim</strong></span> 
     </span>
    </p>
   </div>
   <div class='ocr_carea' id='block_1_13' title="bbox 464 1292 2064 1371">
    <p class='ocr_par' dir='ltr' id='par_1_13' title="bbox 464 1292 2064 1371">
     <span class='ocr_line' id='line_1_13' title="bbox 464 1292 2064 1371; baseline -0.009 -12"><span class='ocrx_word' id='word_1_90' title='bbox 464 1303 684 1359; x_wconf 87' lang='lat' dir='ltr'><strong>nomina</strong></span> <span class='ocrx_word' id='word_1_91' title='bbox 715 1300 1040 1371; x_wconf 88' lang='lat' dir='ltr'><strong>transposita</strong></span> <span class='ocrx_word' id='word_1_92' title='bbox 1071 1305 1216 1353; x_wconf 91' lang='lat' dir='ltr'><strong>sunt.</strong></span> <span class='ocrx_word' id='word_1_93' title='bbox 1251 1296 1382 1351; x_wconf 87' lang='lat' dir='ltr'><strong>Nam</strong></span> <span class='ocrx_word' id='word_1_94' title='bbox 1414 1294 1460 1349; x_wconf 89' lang='lat' dir='ltr'><strong>si</strong></span> <span class='ocrx_word' id='word_1_95' title='bbox 1498 1295 1598 1349; x_wconf 91' lang='lat' dir='ltr'><strong>hoc</strong></span> <span class='ocrx_word' id='word_1_96' title='bbox 1629 1308 1734 1348; x_wconf 89' lang='lat' dir='ltr'><strong>non</strong></span> <span class='ocrx_word' id='word_1_97' title='bbox 1765 1300 1869 1358; x_wconf 87' lang='lat' dir='ltr'><strong>est,</strong></span> <span class='ocrx_word' id='word_1_98' title='bbox 1900 1292 1953 1346; x_wconf 92' lang='lat' dir='ltr'><strong>id</strong></span> <span class='ocrx_word' id='word_1_99' title='bbox 1979 1301 2064 1348; x_wconf 86' lang='grc' dir='ltr'><strong>εει</strong></span> 
     </span>
    </p>
   </div>
   <div class='ocr_carea' id='block_1_14' title="bbox 466 1378 2057 1470">
    <p class='ocr_par' dir='ltr' id='par_1_14' title="bbox 466 1378 2057 1470">
     <span class='ocr_line' id='line_1_14' title="bbox 466 1378 2057 1470; baseline -0.008 -17"><span class='ocrx_word' id='word_1_100' title='bbox 466 1398 509 1453; x_wconf 90' lang='lat' dir='ltr'><strong>si</strong></span> <span class='ocrx_word' id='word_1_101' title='bbox 538 1412 643 1453; x_wconf 91' lang='lat' dir='ltr'><strong>non</strong></span> <span class='ocrx_word' id='word_1_102' title='bbox 678 1397 818 1452; x_wconf 87' lang='lat' dir='ltr'><strong>idem</strong></span> <span class='ocrx_word' id='word_1_103' title='bbox 852 1393 1166 1470; x_wconf 70' lang='lat' dir='ltr'><strong>significant</strong></span> <span class='ocrx_word' id='word_1_104' title='bbox 1197 1378 1410 1447; x_wconf 86' lang='lat' dir='ltr'><strong>nomina</strong></span> <span class='ocrx_word' id='word_1_105' title='bbox 1442 1398 1497 1444; x_wconf 89' lang='lat' dir='ltr'><strong>et</strong></span> <span class='ocrx_word' id='word_1_106' title='bbox 1522 1389 1686 1445; x_wconf 88' lang='lat' dir='ltr'><strong>verba</strong></span> <span class='ocrx_word' id='word_1_107' title='bbox 1714 1388 2057 1457; x_wconf 78' lang='lat' dir='ltr'><strong>tranSposita,</strong></span> 
     </span>
    </p>
   </div>
   <div class='ocr_carea' id='block_1_15' title="bbox 465 1477 2061 1559">
    <p class='ocr_par' dir='ltr' id='par_1_15' title="bbox 465 1477 2061 1559">
     <span class='ocr_line' id='line_1_15' title="bbox 465 1477 2061 1559; baseline -0.009 -14"><span class='ocrx_word' id='word_1_108' title='bbox 465 1489 723 1559; x_wconf 81' lang='lat' dir='ltr'><strong>quiddam</strong></span> <span class='ocrx_word' id='word_1_109' title='bbox 776 1487 1104 1559; x_wconf 86' lang='lat' dir='ltr'><strong>impossibile</strong></span> <span class='ocrx_word' id='word_1_110' title='bbox 1129 1496 1184 1542; x_wconf 91' lang='lat' dir='ltr'><strong>et</strong></span> <span class='ocrx_word' id='word_1_111' title='bbox 1241 1484 1619 1540; x_wconf 86' lang='lat' dir='ltr'><strong>inconveniens</strong></span> <span class='ocrx_word' id='word_1_112' title='bbox 1661 1481 1942 1550; x_wconf 81' lang='lat' dir='ltr'><strong>contingit.</strong></span> <span class='ocrx_word' id='word_1_113' title='bbox 1974 1477 2061 1532; x_wconf 86' lang='lat' dir='ltr'><strong>Ait</strong></span> 
     </span>
    </p>
   </div>
   <div class='ocr_carea' id='block_1_16' title="bbox 466 1570 2059 1651">
    <p class='ocr_par' dir='ltr' id='par_1_16' title="bbox 466 1570 2059 1651">
     <span class='ocr_line' id='line_1_16' title="bbox 466 1570 2059 1651; baseline -0.009 -13"><span class='ocrx_word' id='word_1_114' title='bbox 466 1583 636 1649; x_wconf 83' lang='lat' dir='ltr'><strong>enim,</strong></span> <span class='ocrx_word' id='word_1_115' title='bbox 664 1580 907 1651; x_wconf 91' lang='lat' dir='ltr'><strong>ejusdem</strong></span> <span class='ocrx_word' id='word_1_116' title='bbox 938 1581 1121 1635; x_wconf 64' lang='lat' dir='ltr'><strong>multa:</strong></span> <span class='ocrx_word' id='word_1_117' title='bbox 1158 1587 1315 1634; x_wconf 90' lang='lat' dir='ltr'><strong>erunt</strong></span> <span class='ocrx_word' id='word_1_118' title='bbox 1354 1574 1680 1646; x_wconf 85' lang='lat' dir='ltr'><strong>negationes,</strong></span> <span class='ocrx_word' id='word_1_119' title='bbox 1716 1573 1767 1627; x_wconf 93' lang='lat' dir='ltr'><strong>id</strong></span> <span class='ocrx_word' id='word_1_120' title='bbox 1805 1580 1887 1628; x_wconf 91' lang='lat' dir='ltr'><strong>est</strong></span> <span class='ocrx_word' id='word_1_121' title='bbox 1916 1570 2059 1640; x_wconf 89' lang='lat' dir='ltr'><strong>ejus-</strong></span> 
     </span>
    </p>
   </div>
   <div class='ocr_carea' id='block_1_17' title="bbox 465 1665 2063 1741">
    <p class='ocr_par' dir='ltr' id='par_1_17' title="bbox 465 1665 2063 1741">
     <span class='ocr_line' id='line_1_17' title="bbox 465 1665 2063 1741; baseline -0.008 -11"><span class='ocrx_word' id='word_1_122' title='bbox 465 1676 589 1730; x_wconf 88' lang='lat' dir='ltr'><strong>dem</strong></span> <span class='ocrx_word' id='word_1_123' title='bbox 637 1672 1008 1729; x_wconf 82' lang='lat' dir='ltr'><strong>afﬁrmatinnis</strong></span> <span class='ocrx_word' id='word_1_124' title='bbox 1048 1671 1229 1727; x_wconf 69' lang='lat' dir='ltr'><strong>multae</strong></span> <span class='ocrx_word' id='word_1_125' title='bbox 1261 1671 1572 1741; x_wconf 85' lang='lat' dir='ltr'><strong>negationes</strong></span> <span class='ocrx_word' id='word_1_126' title='bbox 1593 1677 1770 1723; x_wconf 88' lang='lat' dir='ltr'><strong>erunt.</strong></span> <span class='ocrx_word' id='word_1_127' title='bbox 1817 1666 1923 1722; x_wconf 85' lang='lat' dir='ltr'><strong>Sed</strong></span> <span class='ocrx_word' id='word_1_128' title='bbox 1962 1665 2063 1718; x_wconf 92' lang='lat' dir='ltr'><strong>hoc</strong></span> 
     </span>
    </p>
   </div>
   <div class='ocr_carea' id='block_1_18' title="bbox 466 1754 2063 1837">
    <p class='ocr_par' dir='ltr' id='par_1_18' title="bbox 466 1754 2063 1837">
     <span class='ocr_line' id='line_1_18' title="bbox 466 1754 2063 1837; baseline -0.008 -16"><span class='ocrx_word' id='word_1_129' title='bbox 466 1765 805 1837; x_wconf 85' lang='lat' dir='ltr'><strong>impossibile</strong></span> <span class='ocrx_word' id='word_1_130' title='bbox 844 1775 948 1831; x_wconf 90' lang='lat' dir='ltr'><strong>est,</strong></span> <span class='ocrx_word' id='word_1_131' title='bbox 982 1772 1255 1819; x_wconf 87' lang='lat' dir='ltr'><strong>ostensum</strong></span> <span class='ocrx_word' id='word_1_132' title='bbox 1282 1770 1365 1818; x_wconf 89' lang='lat' dir='ltr'><strong>est</strong></span> <span class='ocrx_word' id='word_1_133' title='bbox 1392 1760 1534 1816; x_wconf 91' lang='lat' dir='ltr'><strong>enim</strong></span> <span class='ocrx_word' id='word_1_134' title='bbox 1571 1758 1822 1830; x_wconf 87' lang='lat' dir='ltr'><strong>quoniam</strong></span> <span class='ocrx_word' id='word_1_135' title='bbox 1855 1754 2063 1825; x_wconf 88' lang='lat' dir='ltr'><strong>negatio</strong></span> 
     </span>
    </p>
   </div>
   <div class='ocr_carea' id='block_1_19' title="bbox 2158 544 3749 617">
    <p class='ocr_par' dir='ltr' id='par_1_19' title="bbox 2158 544 3749 617">
     <span class='ocr_line' id='line_1_19' title="bbox 2158 544 3749 617; baseline -0.001 -15"><span class='ocrx_word' id='word_1_136' title='bbox 2158 546 2422 602; x_wconf 82' lang='lat' dir='ltr'><strong>ambulare</strong></span> <span class='ocrx_word' id='word_1_137' title='bbox 2456 562 2555 600; x_wconf 79' lang='lat' dir='ltr'><strong>non</strong></span> <span class='ocrx_word' id='word_1_138' title='bbox 2594 547 2659 615; x_wconf 82' lang='lat' dir='ltr'><strong>ﬁt</strong></span> <span class='ocrx_word' id='word_1_139' title='bbox 2686 560 2866 601; x_wconf 83' lang='lat' dir='ltr'><strong>unum.</strong></span> <span class='ocrx_word' id='word_1_140' title='bbox 2906 544 3080 611; x_wconf 82' lang='lat' dir='ltr'><strong>Quare</strong></span> <span class='ocrx_word' id='word_1_141' title='bbox 3117 560 3209 599; x_wconf 83' lang='lat' dir='ltr'><strong>nec</strong></span> <span class='ocrx_word' id='word_1_142' title='bbox 3267 547 3310 598; x_wconf 90' lang='lat' dir='ltr'><strong>si</strong></span> <span class='ocrx_word' id='word_1_143' title='bbox 3353 561 3513 598; x_wconf 84' lang='lat' dir='ltr'><strong>unum</strong></span> <span class='ocrx_word' id='word_1_144' title='bbox 3551 546 3749 617; x_wconf 67' lang='lat' dir='ltr'><strong>aliquid</strong></span> 
     </span>
    </p>
   </div>
   <div class='ocr_carea' id='block_1_20' title="bbox 2160 635 3752 708">
    <p class='ocr_par' dir='ltr' id='par_1_20' title="bbox 2160 635 3752 708">
     <span class='ocr_line' id='line_1_20' title="bbox 2160 635 3752 708; baseline 0 -16"><span class='ocrx_word' id='word_1_145' title='bbox 2160 638 2224 695; x_wconf 87' lang='lat' dir='ltr'><strong>de</strong></span> <span class='ocrx_word' id='word_1_146' title='bbox 2265 640 2347 693; x_wconf 79' lang='lat' dir='ltr'><strong>his</strong></span> <span class='ocrx_word' id='word_1_147' title='bbox 2387 639 2601 708; x_wconf 74' lang='lat' dir='ltr'><strong>afﬁrmet</strong></span> <span class='ocrx_word' id='word_1_148' title='bbox 2650 636 2866 707; x_wconf 78' lang='lat' dir='ltr'><strong>aliquis,</strong></span> <span class='ocrx_word' id='word_1_149' title='bbox 2911 637 3005 690; x_wconf 87' lang='lat' dir='ltr'><strong>erit</strong></span> <span class='ocrx_word' id='word_1_150' title='bbox 3044 635 3315 706; x_wconf 66' lang='lat' dir='ltr'><strong>affirmatio</strong></span> <span class='ocrx_word' id='word_1_151' title='bbox 3359 651 3497 702; x_wconf 81' lang='lat' dir='ltr'><strong>una,</strong></span> <span class='ocrx_word' id='word_1_152' title='bbox 3538 639 3629 691; x_wconf 84' lang='lat' dir='ltr'><strong>sed</strong></span> <span class='ocrx_word' id='word_1_153' title='bbox 3654 653 3752 693; x_wconf 68' lang='lat' dir='ltr'><strong>vos</strong></span> 
     </span>
    </p>
   </div>
   <div class='ocr_carea' id='block_1_21' title="bbox 2158 726 3751 803">
    <p class='ocr_par' dir='ltr' id='par_1_21' title="bbox 2158 726 3751 803">
     <span class='ocr_line' id='line_1_21' title="bbox 2158 726 3751 803; baseline -0.001 -17"><span class='ocrx_word' id='word_1_154' title='bbox 2158 731 2360 803; x_wconf 79' lang='lat' dir='ltr'><strong>quidem</strong></span> <span class='ocrx_word' id='word_1_155' title='bbox 2388 747 2511 786; x_wconf 85' lang='lat' dir='ltr'><strong>una.</strong></span> <span class='ocrx_word' id='word_1_156' title='bbox 2561 729 2931 800; x_wconf 77' lang='lat' dir='ltr'><strong>Aﬁirmationes</strong></span> <span class='ocrx_word' id='word_1_157' title='bbox 2960 743 3077 784; x_wconf 80' lang='lat' dir='ltr'><strong>vero</strong></span> <span class='ocrx_word' id='word_1_158' title='bbox 3105 726 3310 795; x_wconf 67' lang='lat' dir='ltr'><strong>multis,</strong></span> <span class='ocrx_word' id='word_1_159' title='bbox 3338 742 3429 781; x_wconf 84' lang='lat' dir='ltr'><strong>nec</strong></span> <span class='ocrx_word' id='word_1_160' title='bbox 3466 728 3513 782; x_wconf 82' lang='lat' dir='ltr'><strong>si</strong></span> <span class='ocrx_word' id='word_1_161' title='bbox 3553 729 3618 782; x_wconf 88' lang='lat' dir='ltr'><strong>de</strong></span> <span class='ocrx_word' id='word_1_162' title='bbox 3648 744 3751 785; x_wconf 80' lang='lat' dir='ltr'><strong>uno</strong></span> 
     </span>
    </p>
   </div>
   <div class='ocr_carea' id='block_1_22' title="bbox 2159 822 2878 890">
    <p class='ocr_par' dir='ltr' id='par_1_22' title="bbox 2159 822 2878 890">
     <span class='ocr_line' id='line_1_22' title="bbox 2159 822 2878 890; baseline -0.006 -11"><span class='ocrx_word' id='word_1_163' title='bbox 2159 826 2279 890; x_wconf 83' lang='lat' dir='ltr'><strong>ista,</strong></span> <span class='ocrx_word' id='word_1_164' title='bbox 2308 824 2397 879; x_wconf 81' lang='lat' dir='ltr'><strong>sed</strong></span> <span class='ocrx_word' id='word_1_165' title='bbox 2422 822 2657 879; x_wconf 76' lang='lat' dir='ltr'><strong>similiter</strong></span> <span class='ocrx_word' id='word_1_166' title='bbox 2688 824 2878 887; x_wconf 83' lang='lat' dir='ltr'><strong>plures.</strong></span> 
     </span>
    </p>
   </div>
   <div class='ocr_carea' id='block_1_23' title="bbox 2164 910 3754 986">
    <p class='ocr_par' dir='ltr' id='par_1_23' title="bbox 2164 910 3754 986">
     <span class='ocr_line' id='line_1_23' title="bbox 2164 910 3754 986; baseline -0.001 -13"><span class='ocrx_word' id='word_1_167' title='bbox 2164 959 2169 964; x_wconf 81' lang='lat'><strong>.</strong></span> <span class='ocrx_word' id='word_1_168' title='bbox 2232 910 2426 974; x_wconf 77' lang='lat' dir='ltr'><strong>Multos</strong></span> <span class='ocrx_word' id='word_1_169' title='bbox 2468 918 2588 973; x_wconf 90' lang='lat' dir='ltr'><strong>talis</strong></span> <span class='ocrx_word' id='word_1_170' title='bbox 2616 917 2718 973; x_wconf 92' lang='lat' dir='ltr'><strong>loci</strong></span> <span class='ocrx_word' id='word_1_171' title='bbox 2764 915 2922 985; x_wconf 86' lang='lat' dir='ltr'><strong>hujus</strong></span> <span class='ocrx_word' id='word_1_172' title='bbox 2951 915 3123 986; x_wconf 77' lang='lat' dir='ltr'><strong>caligo</strong></span> <span class='ocrx_word' id='word_1_173' title='bbox 3168 913 3477 981; x_wconf 87' lang='lat' dir='ltr'><strong>confundit,</strong></span> <span class='ocrx_word' id='word_1_174' title='bbox 3506 917 3754 985; x_wconf 85' lang='lat' dir='ltr'><strong>ut-digue</strong></span> 
     </span>
    </p>
   </div>
   <div class='ocr_carea' id='block_1_24' title="bbox 2161 1000 3752 1080">
    <p class='ocr_par' dir='ltr' id='par_1_24' title="bbox 2161 1000 3752 1080">
     <span class='ocr_line' id='line_1_24' title="bbox 2161 1000 3752 1080; baseline -0.003 -15"><span class='ocrx_word' id='word_1_175' title='bbox 2161 1011 2382 1080; x_wconf 80' lang='lat' dir='ltr'><strong>exsequi</strong></span> <span class='ocrx_word' id='word_1_176' title='bbox 2405 1018 2461 1064; x_wconf 91' lang='lat' dir='ltr'><strong>et</strong></span> <span class='ocrx_word' id='word_1_177' title='bbox 2479 1000 2619 1079; x_wconf 84' lang='lat' dir='ltr'><strong>quod</strong></span> <span class='ocrx_word' id='word_1_178' title='bbox 2641 1009 2708 1063; x_wconf 91' lang='lat' dir='ltr'><strong>ab</strong></span> <span class='ocrx_word' id='word_1_179' title='bbox 2734 1007 3026 1063; x_wconf 81' lang='lat' dir='ltr'><strong>Aristotele</strong></span> <span class='ocrx_word' id='word_1_180' title='bbox 3051 1006 3333 1062; x_wconf 82' lang='lat' dir='ltr'><strong>dicebatur</strong></span> <span class='ocrx_word' id='word_1_181' title='bbox 3358 1005 3615 1076; x_wconf 79' lang='lat' dir='ltr'><strong>expedire</strong></span> <span class='ocrx_word' id='word_1_182' title='bbox 3645 1020 3752 1061; x_wconf 87' lang='lat' dir='ltr'><strong>non</strong></span> 
     </span>
    </p>
   </div>
   <div class='ocr_carea' id='block_1_25' title="bbox 2163 1096 3756 1175">
    <p class='ocr_par' dir='ltr' id='par_1_25' title="bbox 2163 1096 3756 1175">
     <span class='ocr_line' id='line_1_25' title="bbox 2163 1096 3756 1175; baseline -0.003 -17"><span class='ocrx_word' id='word_1_183' title='bbox 2163 1111 2403 1175; x_wconf 87' lang='lat' dir='ltr'><strong>possent.</strong></span> <span class='ocrx_word' id='word_1_184' title='bbox 2433 1100 2541 1157; x_wconf 81' lang='lat' dir='ltr'><strong>Nos</strong></span> <span class='ocrx_word' id='word_1_185' title='bbox 2565 1109 2743 1157; x_wconf 89' lang='lat' dir='ltr'><strong>autem</strong></span> <span class='ocrx_word' id='word_1_186' title='bbox 2776 1114 2935 1169; x_wconf 85' lang='lat' dir='ltr'><strong>supra</strong></span> <span class='ocrx_word' id='word_1_187' title='bbox 2958 1098 3069 1168; x_wconf 87' lang='lat' dir='ltr'><strong>jam</strong></span> <span class='ocrx_word' id='word_1_188' title='bbox 3094 1098 3328 1153; x_wconf 81' lang='lat' dir='ltr'><strong>diximus</strong></span> <span class='ocrx_word' id='word_1_189' title='bbox 3352 1111 3561 1167; x_wconf 60' lang='lat' dir='ltr'><strong>magna:</strong></span> <span class='ocrx_word' id='word_1_190' title='bbox 3588 1096 3756 1154; x_wconf 84' lang='lat' dir='ltr'><strong>fuisse</strong></span> 
     </span>
    </p>
   </div>
   <div class='ocr_carea' id='block_1_26' title="bbox 2162 1188 3755 1263">
    <p class='ocr_par' dir='ltr' id='par_1_26' title="bbox 2162 1188 3755 1263">
     <span class='ocr_line' id='line_1_26' title="bbox 2162 1188 3755 1263; baseline -0.004 -13"><span class='ocrx_word' id='word_1_191' title='bbox 2162 1209 2307 1251; x_wconf 83' lang='lat' dir='ltr'><strong>curae</strong></span> <span class='ocrx_word' id='word_1_192' title='bbox 2342 1192 2482 1263; x_wconf 89' lang='lat' dir='ltr'><strong>apud</strong></span> <span class='ocrx_word' id='word_1_193' title='bbox 2528 1190 2887 1263; x_wconf 63' lang='lat' dir='ltr'><strong>peripatetica:</strong></span> <span class='ocrx_word' id='word_1_194' title='bbox 2924 1199 3086 1245; x_wconf 69' lang='lat' dir='ltr'><strong>sectae</strong></span> <span class='ocrx_word' id='word_1_195' title='bbox 3128 1189 3397 1259; x_wconf 86' lang='lat' dir='ltr'><strong>principes</strong></span> <span class='ocrx_word' id='word_1_196' title='bbox 3434 1188 3755 1259; x_wconf 84' lang='lat' dir='ltr'><strong>dijudicare,</strong></span> 
     </span>
    </p>
   </div>
   <div class='ocr_carea' id='block_1_27' title="bbox 2164 1283 3755 1359">
    <p class='ocr_par' dir='ltr' id='par_1_27' title="bbox 2164 1283 3755 1359">
     <span class='ocr_line' id='line_1_27' title="bbox 2164 1283 3755 1359; baseline -0.002 -16"><span class='ocrx_word' id='word_1_197' title='bbox 2164 1304 2284 1359; x_wconf 70' lang='lat' dir='ltr'><strong>qua:</strong></span> <span class='ocrx_word' id='word_1_198' title='bbox 2313 1295 2458 1343; x_wconf 86' lang='lat' dir='ltr'><strong>esset</strong></span> <span class='ocrx_word' id='word_1_199' title='bbox 2500 1302 2607 1341; x_wconf 86' lang='lat' dir='ltr'><strong>una</strong></span> <span class='ocrx_word' id='word_1_200' title='bbox 2650 1283 2935 1339; x_wconf 87' lang='lat' dir='ltr'><strong>afﬁrmatio</strong></span> <span class='ocrx_word' id='word_1_201' title='bbox 2980 1283 3065 1339; x_wconf 86' lang='lat' dir='ltr'><strong>vel</strong></span> <span class='ocrx_word' id='word_1_202' title='bbox 3114 1283 3347 1354; x_wconf 85' lang='lat' dir='ltr'><strong>negatio,</strong></span> <span class='ocrx_word' id='word_1_203' title='bbox 3382 1297 3501 1353; x_wconf 67' lang='lat' dir='ltr'><strong>qua</strong></span> <span class='ocrx_word' id='word_1_204' title='bbox 3548 1283 3755 1353; x_wconf 82' lang='lat' dir='ltr'><strong>plures.</strong></span> 
     </span>
    </p>
   </div>
   <div class='ocr_carea' id='block_1_28' title="bbox 2162 1378 3757 1454">
    <p class='ocr_par' dir='ltr' id='par_1_28' title="bbox 2162 1378 3757 1454">
     <span class='ocr_line' id='line_1_28' title="bbox 2162 1378 3757 1454; baseline -0.005 -15"><span class='ocrx_word' id='word_1_205' title='bbox 2162 1383 2348 1454; x_wconf 87' lang='lat' dir='ltr'><strong>Neque</strong></span> <span class='ocrx_word' id='word_1_206' title='bbox 2375 1380 2515 1436; x_wconf 90' lang='lat' dir='ltr'><strong>enim</strong></span> <span class='ocrx_word' id='word_1_207' title='bbox 2563 1380 2710 1434; x_wconf 88' lang='lat' dir='ltr'><strong>vocis</strong></span> <span class='ocrx_word' id='word_1_208' title='bbox 2738 1378 2913 1434; x_wconf 87' lang='lat' dir='ltr'><strong>sonitu</strong></span> <span class='ocrx_word' id='word_1_209' title='bbox 2965 1388 3381 1449; x_wconf 85' lang='lat' dir='ltr'><strong>cognoscuntur,</strong></span> <span class='ocrx_word' id='word_1_210' title='bbox 3409 1386 3503 1433; x_wconf 92' lang='lat' dir='ltr'><strong>aut</strong></span> <span class='ocrx_word' id='word_1_211' title='bbox 3531 1391 3757 1433; x_wconf 84' lang='lat' dir='ltr'><strong>numero</strong></span> 
     </span>
    </p>
   </div>
   <div class='ocr_carea' id='block_1_29' title="bbox 2166 1470 3757 1541">
    <p class='ocr_par' dir='ltr' id='par_1_29' title="bbox 2166 1470 3757 1541">
     <span class='ocr_line' id='line_1_29' title="bbox 2166 1470 3757 1541; baseline -0.001 -12"><span class='ocrx_word' id='word_1_212' title='bbox 2166 1475 2559 1537; x_wconf 82' lang='lat' dir='ltr'><strong>terminorutn;</strong></span> <span class='ocrx_word' id='word_1_213' title='bbox 2591 1481 2674 1527; x_wconf 90' lang='lat' dir='ltr'><strong>est</strong></span> <span class='ocrx_word' id='word_1_214' title='bbox 2719 1472 2861 1526; x_wconf 91' lang='lat' dir='ltr'><strong>enim</strong></span> <span class='ocrx_word' id='word_1_215' title='bbox 2895 1481 2952 1525; x_wconf 90' lang='lat' dir='ltr'><strong>ut</strong></span> <span class='ocrx_word' id='word_1_216' title='bbox 2994 1486 3094 1525; x_wconf 88' lang='lat' dir='ltr'><strong>una</strong></span> <span class='ocrx_word' id='word_1_217' title='bbox 3144 1470 3362 1541; x_wconf 90' lang='lat' dir='ltr'><strong>quidem</strong></span> <span class='ocrx_word' id='word_1_218' title='bbox 3409 1485 3499 1527; x_wconf 86' lang='lat' dir='ltr'><strong>res</strong></span> <span class='ocrx_word' id='word_1_219' title='bbox 3541 1471 3612 1527; x_wconf 90' lang='lat' dir='ltr'><strong>de</strong></span> <span class='ocrx_word' id='word_1_220' title='bbox 3654 1486 3757 1527; x_wconf 85' lang='lat' dir='ltr'><strong>una</strong></span> 
     </span>
    </p>
   </div>
   <div class='ocr_carea' id='block_1_30' title="bbox 2166 1563 3756 1639">
    <p class='ocr_par' dir='ltr' id='par_1_30' title="bbox 2166 1563 3756 1639">
     <span class='ocr_line' id='line_1_30' title="bbox 2166 1563 3756 1639; baseline -0.003 -16"><span class='ocrx_word' id='word_1_221' title='bbox 2166 1567 2517 1639; x_wconf 82' lang='lat' dir='ltr'><strong>praedicetur,</strong></span> <span class='ocrx_word' id='word_1_222' title='bbox 2549 1575 2604 1621; x_wconf 89' lang='lat' dir='ltr'><strong>et</strong></span> <span class='ocrx_word' id='word_1_223' title='bbox 2632 1579 2738 1619; x_wconf 90' lang='lat' dir='ltr'><strong>non</strong></span> <span class='ocrx_word' id='word_1_224' title='bbox 2769 1563 2840 1618; x_wconf 88' lang='lat' dir='ltr'><strong>sit</strong></span> <span class='ocrx_word' id='word_1_225' title='bbox 2884 1580 2988 1619; x_wconf 91' lang='lat' dir='ltr'><strong>una</strong></span> <span class='ocrx_word' id='word_1_226' title='bbox 3031 1564 3349 1619; x_wconf 85' lang='lat' dir='ltr'><strong>enuntiatio.</strong></span> <span class='ocrx_word' id='word_1_227' title='bbox 3376 1563 3565 1620; x_wconf 78' lang='lat' dir='ltr'><strong>Potest</strong></span> <span class='ocrx_word' id='word_1_228' title='bbox 3589 1564 3756 1620; x_wconf 88' lang='lat' dir='ltr'><strong>etiam</strong></span> 
     </span>
    </p>
   </div>
   <div class='ocr_carea' id='block_1_31' title="bbox 2167 1658 3757 1731">
    <p class='ocr_par' dir='ltr' id='par_1_31' title="bbox 2167 1658 3757 1731">
     <span class='ocr_line' id='line_1_31' title="bbox 2167 1658 3757 1731; baseline -0.002 -13"><span class='ocrx_word' id='word_1_229' title='bbox 2167 1663 2281 1719; x_wconf 89' lang='lat' dir='ltr'><strong>ﬁeri</strong></span> <span class='ocrx_word' id='word_1_230' title='bbox 2313 1670 2371 1717; x_wconf 92' lang='lat' dir='ltr'><strong>ut</strong></span> <span class='ocrx_word' id='word_1_231' title='bbox 2407 1662 2495 1718; x_wconf 85' lang='lat' dir='ltr'><strong>vel</strong></span> <span class='ocrx_word' id='word_1_232' title='bbox 2528 1661 2711 1731; x_wconf 88' lang='lat' dir='ltr'><strong>plures</strong></span> <span class='ocrx_word' id='word_1_233' title='bbox 2747 1660 2816 1716; x_wconf 89' lang='lat' dir='ltr'><strong>de</strong></span> <span class='ocrx_word' id='word_1_234' title='bbox 2863 1674 2966 1714; x_wconf 90' lang='lat' dir='ltr'><strong>una</strong></span> <span class='ocrx_word' id='word_1_235' title='bbox 3012 1675 3071 1715; x_wconf 92' lang='lat' dir='ltr'><strong>re</strong></span> <span class='ocrx_word' id='word_1_236' title='bbox 3118 1658 3501 1729; x_wconf 66' lang='lat' dir='ltr'><strong>praedicentur,</strong></span> <span class='ocrx_word' id='word_1_237' title='bbox 3534 1658 3620 1715; x_wconf 88' lang='lat' dir='ltr'><strong>vel</strong></span> <span class='ocrx_word' id='word_1_238' title='bbox 3652 1674 3757 1715; x_wconf 88' lang='lat' dir='ltr'><strong>una</strong></span> 
     </span>
    </p>
   </div>
   <div class='ocr_carea' id='block_1_32' title="bbox 2167 1751 3758 1826">
    <p class='ocr_par' dir='ltr' id='par_1_32' title="bbox 2167 1751 3758 1826">
     <span class='ocr_line' id='line_1_32' title="bbox 2167 1751 3758 1826; baseline -0.003 -15"><span class='ocrx_word' id='word_1_239' title='bbox 2167 1756 2234 1811; x_wconf 89' lang='lat' dir='ltr'><strong>de</strong></span> <span class='ocrx_word' id='word_1_240' title='bbox 2277 1754 2534 1826; x_wconf 83' lang='lat' dir='ltr'><strong>pluribus,</strong></span> <span class='ocrx_word' id='word_1_241' title='bbox 2566 1769 2671 1808; x_wconf 90' lang='lat' dir='ltr'><strong>una</strong></span> <span class='ocrx_word' id='word_1_242' title='bbox 2715 1761 2893 1808; x_wconf 89' lang='lat' dir='ltr'><strong>tamen</strong></span> <span class='ocrx_word' id='word_1_243' title='bbox 2933 1768 3000 1808; x_wconf 83' lang='lat' dir='ltr'><strong>ex</strong></span> <span class='ocrx_word' id='word_1_244' title='bbox 3044 1751 3126 1807; x_wconf 89' lang='lat' dir='ltr'><strong>his</strong></span> <span class='ocrx_word' id='word_1_245' title='bbox 3170 1752 3422 1807; x_wconf 87' lang='lat' dir='ltr'><strong>omnibus</strong></span> <span class='ocrx_word' id='word_1_246' title='bbox 3457 1751 3758 1807; x_wconf 81' lang='lat' dir='ltr'><strong>enuntiatio</strong></span> 
     </span>
    </p>
   </div>
   <div class='ocr_carea' id='block_1_33' title="bbox 466 1843 3753 1921">
    <p class='ocr_par' dir='ltr' id='par_1_33' title="bbox 466 1843 3753 1921">
     <span class='ocr_line' id='line_1_33' title="bbox 466 1843 3753 1921; baseline -0.005 -8"><span class='ocrx_word' id='word_1_247' title='bbox 466 1872 574 1913; x_wconf 87' lang='lat' dir='ltr'><strong>una</strong></span> <span class='ocrx_word' id='word_1_248' title='bbox 604 1858 764 1915; x_wconf 90' lang='lat' dir='ltr'><strong>unius</strong></span> <span class='ocrx_word' id='word_1_249' title='bbox 791 1866 874 1913; x_wconf 89' lang='lat' dir='ltr'><strong>est</strong></span> <span class='ocrx_word' id='word_1_250' title='bbox 901 1853 1290 1910; x_wconf 89' lang='lat' dir='ltr'><strong>afﬁrmationis.</strong></span> <span class='ocrx_word' id='word_1_251' title='bbox 1328 1853 1455 1909; x_wconf 65' lang='lat' dir='ltr'><strong>Duae</strong></span> <span class='ocrx_word' id='word_1_252' title='bbox 1482 1865 1609 1921; x_wconf 88' lang='lat' dir='ltr'><strong>ergo</strong></span> <span class='ocrx_word' id='word_1_253' title='bbox 1625 1848 1940 1919; x_wconf 74' lang='lat' dir='ltr'><strong>negationes</strong></span> <span class='ocrx_word' id='word_1_254' title='bbox 1966 1844 2060 1900; x_wconf 87' lang='lat' dir='ltr'><strong>uni</strong></span> <span class='ocrx_word' id='word_1_255' title='bbox 2093 1846 2136 1906; x_wconf 87' lang='grc' dir='ltr'><strong><em>Β</em></strong></span> <span class='ocrx_word' id='word_1_256' title='bbox 2167 1848 2278 1914; x_wconf 91' lang='lat' dir='ltr'><strong>ﬁat,</strong></span> <span class='ocrx_word' id='word_1_257' title='bbox 2310 1862 2430 1917; x_wconf 66' lang='lat' dir='ltr'><strong>quas</strong></span> <span class='ocrx_word' id='word_1_258' title='bbox 2477 1860 2567 1901; x_wconf 91' lang='lat' dir='ltr'><strong>res</strong></span> <span class='ocrx_word' id='word_1_259' title='bbox 2597 1860 2806 1916; x_wconf 75' lang='lat' dir='ltr'><strong>magna:</strong></span> <span class='ocrx_word' id='word_1_260' title='bbox 2846 1844 2988 1915; x_wconf 87' lang='lat' dir='ltr'><strong>apud</strong></span> <span class='ocrx_word' id='word_1_261' title='bbox 3030 1859 3124 1899; x_wconf 88' lang='lat' dir='ltr'><strong>eos</strong></span> <span class='ocrx_word' id='word_1_262' title='bbox 3167 1843 3392 1900; x_wconf 78' lang='lat' dir='ltr'><strong>cautelae</strong></span> <span class='ocrx_word' id='word_1_263' title='bbox 3421 1844 3540 1910; x_wconf 89' lang='lat' dir='ltr'><strong>fuit,</strong></span> <span class='ocrx_word' id='word_1_264' title='bbox 3574 1850 3635 1899; x_wconf 90' lang='lat' dir='ltr'><strong>ut</strong></span> <span class='ocrx_word' id='word_1_265' title='bbox 3663 1843 3753 1898; x_wconf 89' lang='lat' dir='ltr'><strong>ubi</strong></span> 
     </span>
    </p>
   </div>
   <div class='ocr_carea' id='block_1_34' title="bbox 466 1936 2061 2019">
    <p class='ocr_par' dir='ltr' id='par_1_34' title="bbox 466 1936 2061 2019">
     <span class='ocr_line' id='line_1_34' title="bbox 466 1936 2061 2019; baseline -0.009 -15"><span class='ocrx_word' id='word_1_266' title='bbox 466 1948 664 2019; x_wconf 87' lang='lat' dir='ltr'><strong>opponi</strong></span> <span class='ocrx_word' id='word_1_267' title='bbox 709 1944 1075 2013; x_wconf 87' lang='lat' dir='ltr'><strong>afﬁrmationi,</strong></span> <span class='ocrx_word' id='word_1_268' title='bbox 1107 1945 1152 2000; x_wconf 90' lang='lat' dir='ltr'><strong>si</strong></span> <span class='ocrx_word' id='word_1_269' title='bbox 1196 1943 1360 2000; x_wconf 88' lang='lat' dir='ltr'><strong>verba</strong></span> <span class='ocrx_word' id='word_1_270' title='bbox 1387 1951 1443 1997; x_wconf 92' lang='lat' dir='ltr'><strong>et</strong></span> <span class='ocrx_word' id='word_1_271' title='bbox 1470 1940 1689 1997; x_wconf 89' lang='lat' dir='ltr'><strong>nomina</strong></span> <span class='ocrx_word' id='word_1_272' title='bbox 1737 1936 2061 2007; x_wconf 86' lang='lat' dir='ltr'><strong>transposita</strong></span> 
     </span>
    </p>
   </div>
   <div class='ocr_carea' id='block_1_35' title="bbox 466 2029 2063 2110">
    <p class='ocr_par' dir='ltr' id='par_1_35' title="bbox 466 2029 2063 2110">
     <span class='ocr_line' id='line_1_35' title="bbox 466 2029 2063 2110; baseline -0.007 -15"><span class='ocrx_word' id='word_1_273' title='bbox 466 2055 572 2097; x_wconf 90' lang='lat' dir='ltr'><strong>non</strong></span> <span class='ocrx_word' id='word_1_274' title='bbox 604 2038 745 2096; x_wconf 90' lang='lat' dir='ltr'><strong>idem</strong></span> <span class='ocrx_word' id='word_1_275' title='bbox 778 2038 1102 2110; x_wconf 88' lang='lat' dir='ltr'><strong>signiﬁcant,</strong></span> <span class='ocrx_word' id='word_1_276' title='bbox 1130 2036 1210 2093; x_wconf 92' lang='lat' dir='ltr'><strong>sic</strong></span> <span class='ocrx_word' id='word_1_277' title='bbox 1237 2034 1588 2092; x_wconf 87' lang='lat' dir='ltr'><strong>demonstrat.</strong></span> <span class='ocrx_word' id='word_1_278' title='bbox 1622 2032 1753 2102; x_wconf 85' lang='lat' dir='ltr'><strong>Ejus</strong></span> <span class='ocrx_word' id='word_1_279' title='bbox 1774 2029 1917 2087; x_wconf 92' lang='lat' dir='ltr'><strong>enim</strong></span> <span class='ocrx_word' id='word_1_280' title='bbox 1941 2043 2063 2099; x_wconf 66' lang='lat' dir='ltr'><strong>qua:</strong></span> 
     </span>
    </p>
   </div>
   <div class='ocr_carea' id='block_1_36' title="bbox 465 2118 2062 2199">
    <p class='ocr_par' dir='ltr' id='par_1_36' title="bbox 465 2118 2062 2199">
     <span class='ocr_line' id='line_1_36' title="bbox 465 2118 2062 2199; baseline -0.009 -13"><span class='ocrx_word' id='word_1_281' title='bbox 465 2141 578 2199; x_wconf 88' lang='lat' dir='ltr'><strong>est,</strong></span> <span class='ocrx_word' id='word_1_282' title='bbox 623 2141 705 2187; x_wconf 89' lang='lat' dir='ltr'><strong>est</strong></span> <span class='ocrx_word' id='word_1_283' title='bbox 743 2130 895 2186; x_wconf 88' lang='lat' dir='ltr'><strong>albus</strong></span> <span class='ocrx_word' id='word_1_284' title='bbox 936 2130 1126 2195; x_wconf 89' lang='lat' dir='ltr'><strong>homo,</strong></span> <span class='ocrx_word' id='word_1_285' title='bbox 1185 2125 1391 2181; x_wconf 89' lang='lat' dir='ltr'><strong>scilicet</strong></span> <span class='ocrx_word' id='word_1_286' title='bbox 1426 2121 1803 2179; x_wconf 89' lang='lat' dir='ltr'><strong>afﬁrmationis</strong></span> <span class='ocrx_word' id='word_1_287' title='bbox 1849 2118 2062 2189; x_wconf 87' lang='lat' dir='ltr'><strong>negatio</strong></span> 
     </span>
    </p>
   </div>
   <div class='ocr_carea' id='block_1_37' title="bbox 466 2212 2063 2289">
    <p class='ocr_par' dir='ltr' id='par_1_37' title="bbox 466 2212 2063 2289">
     <span class='ocr_line' id='line_1_37' title="bbox 466 2212 2063 2289; baseline -0.008 -11"><span class='ocrx_word' id='word_1_288' title='bbox 466 2232 568 2289; x_wconf 87' lang='lat' dir='ltr'><strong>est,</strong></span> <span class='ocrx_word' id='word_1_289' title='bbox 604 2236 712 2278; x_wconf 90' lang='lat' dir='ltr'><strong>non</strong></span> <span class='ocrx_word' id='word_1_290' title='bbox 742 2231 827 2277; x_wconf 89' lang='lat' dir='ltr'><strong>est</strong></span> <span class='ocrx_word' id='word_1_291' title='bbox 850 2222 1002 2277; x_wconf 86' lang='lat' dir='ltr'><strong>albus</strong></span> <span class='ocrx_word' id='word_1_292' title='bbox 1033 2219 1217 2274; x_wconf 89' lang='lat' dir='ltr'><strong>homo.</strong></span> <span class='ocrx_word' id='word_1_293' title='bbox 1248 2216 1448 2272; x_wconf 87' lang='lat' dir='ltr'><strong>Contra</strong></span> <span class='ocrx_word' id='word_1_294' title='bbox 1478 2216 1625 2271; x_wconf 88' lang='lat' dir='ltr'><strong>illam</strong></span> <span class='ocrx_word' id='word_1_295' title='bbox 1656 2216 1799 2271; x_wconf 91' lang='lat' dir='ltr'><strong>enim</strong></span> <span class='ocrx_word' id='word_1_296' title='bbox 1829 2212 2063 2268; x_wconf 80' lang='lat' dir='ltr'><strong>afﬁrma-</strong></span> 
     </span>
    </p>
   </div>
   <div class='ocr_carea' id='block_1_38' title="bbox 468 2307 2060 2384">
    <p class='ocr_par' dir='ltr' id='par_1_38' title="bbox 468 2307 2060 2384">
     <span class='ocr_line' id='line_1_38' title="bbox 468 2307 2060 2384; baseline -0.007 -15"><span class='ocrx_word' id='word_1_297' title='bbox 468 2316 696 2384; x_wconf 87' lang='lat' dir='ltr'><strong>tionem,</strong></span> <span class='ocrx_word' id='word_1_298' title='bbox 741 2315 855 2369; x_wconf 70' lang='lat' dir='ltr'><strong>htec</strong></span> <span class='ocrx_word' id='word_1_299' title='bbox 881 2313 1091 2383; x_wconf 84' lang='lat' dir='ltr'><strong>negatio</strong></span> <span class='ocrx_word' id='word_1_300' title='bbox 1114 2311 1257 2382; x_wconf 88' lang='lat' dir='ltr'><strong>juste</strong></span> <span class='ocrx_word' id='word_1_301' title='bbox 1286 2309 1602 2379; x_wconf 89' lang='lat' dir='ltr'><strong>opponitur,</strong></span> <span class='ocrx_word' id='word_1_302' title='bbox 1643 2307 1762 2375; x_wconf 89' lang='lat' dir='ltr'><strong>ejus</strong></span> <span class='ocrx_word' id='word_1_303' title='bbox 1788 2320 1919 2361; x_wconf 91' lang='lat' dir='ltr'><strong>vero</strong></span> <span class='ocrx_word' id='word_1_304' title='bbox 1940 2317 2060 2375; x_wconf 74' lang='lat' dir='ltr'><strong>quae</strong></span> 
     </span>
    </p>
   </div>
   <div class='ocr_carea' id='block_1_39' title="bbox 458 2395 2060 2471">
    <p class='ocr_par' dir='ltr' id='par_1_39' title="bbox 458 2395 2060 2471">
     <span class='ocr_line' id='line_1_39' title="bbox 458 2395 2060 2471; baseline -0.007 -10"><span class='ocrx_word' id='word_1_305' title='bbox 458 2415 571 2471; x_wconf 80' lang='lat' dir='ltr'><strong>est,</strong></span> <span class='ocrx_word' id='word_1_306' title='bbox 605 2413 690 2459; x_wconf 88' lang='lat' dir='ltr'><strong>est</strong></span> <span class='ocrx_word' id='word_1_307' title='bbox 721 2406 883 2460; x_wconf 89' lang='lat' dir='ltr'><strong>homo</strong></span> <span class='ocrx_word' id='word_1_308' title='bbox 906 2402 1086 2471; x_wconf 89' lang='lat' dir='ltr'><strong>albus,</strong></span> <span class='ocrx_word' id='word_1_309' title='bbox 1133 2401 1186 2456; x_wconf 91' lang='lat' dir='ltr'><strong>id</strong></span> <span class='ocrx_word' id='word_1_310' title='bbox 1231 2410 1314 2456; x_wconf 90' lang='lat' dir='ltr'><strong>est</strong></span> <span class='ocrx_word' id='word_1_311' title='bbox 1334 2398 1552 2454; x_wconf 88' lang='lat' dir='ltr'><strong>alterius</strong></span> <span class='ocrx_word' id='word_1_312' title='bbox 1590 2395 1983 2460; x_wconf 87' lang='lat' dir='ltr'><strong>aflirmationis,</strong></span> <span class='ocrx_word' id='word_1_313' title='bbox 2012 2395 2060 2452; x_wconf 89' lang='lat' dir='ltr'><strong>si</strong></span> 
     </span>
    </p>
   </div>
   <div class='ocr_carea' id='block_1_40' title="bbox 469 2488 2063 2566">
    <p class='ocr_par' dir='ltr' id='par_1_40' title="bbox 469 2488 2063 2566">
     <span class='ocr_line' id='line_1_40' title="bbox 469 2488 2063 2566; baseline -0.005 -14"><span class='ocrx_word' id='word_1_314' title='bbox 469 2513 577 2552; x_wconf 86' lang='lat' dir='ltr'><strong>nou</strong></span> <span class='ocrx_word' id='word_1_315' title='bbox 604 2495 792 2555; x_wconf 89' lang='lat' dir='ltr'><strong>eadem</strong></span> <span class='ocrx_word' id='word_1_316' title='bbox 822 2504 907 2552; x_wconf 87' lang='grc' dir='ltr'><strong>εει</strong></span> <span class='ocrx_word' id='word_1_317' title='bbox 951 2494 1002 2551; x_wconf 90' lang='lat' dir='ltr'><strong>ei</strong></span> <span class='ocrx_word' id='word_1_318' title='bbox 1043 2508 1162 2566; x_wconf 64' lang='lat' dir='ltr'><strong>qua:</strong></span> <span class='ocrx_word' id='word_1_319' title='bbox 1186 2501 1289 2561; x_wconf 83' lang='lat' dir='ltr'><strong>est,</strong></span> <span class='ocrx_word' id='word_1_320' title='bbox 1322 2502 1401 2548; x_wconf 88' lang='lat' dir='ltr'><strong>est</strong></span> <span class='ocrx_word' id='word_1_321' title='bbox 1427 2491 1582 2547; x_wconf 87' lang='lat' dir='ltr'><strong>albus</strong></span> <span class='ocrx_word' id='word_1_322' title='bbox 1611 2491 1792 2557; x_wconf 89' lang='lat' dir='ltr'><strong>homo,</strong></span> <span class='ocrx_word' id='word_1_323' title='bbox 1829 2489 1883 2545; x_wconf 92' lang='lat' dir='ltr'><strong>id</strong></span> <span class='ocrx_word' id='word_1_324' title='bbox 1905 2497 1990 2545; x_wconf 90' lang='lat' dir='ltr'><strong>est</strong></span> <span class='ocrx_word' id='word_1_325' title='bbox 2017 2488 2063 2546; x_wconf 91' lang='lat' dir='ltr'><strong>si</strong></span> 
     </span>
    </p>
   </div>
   <div class='ocr_carea' id='block_1_41' title="bbox 470 2580 2065 2658">
    <p class='ocr_par' dir='ltr' id='par_1_41' title="bbox 470 2580 2065 2658">
     <span class='ocr_line' id='line_1_41' title="bbox 470 2580 2065 2658; baseline -0.005 -14"><span class='ocrx_word' id='word_1_326' title='bbox 470 2589 684 2645; x_wconf 89' lang='lat' dir='ltr'><strong>diversa</strong></span> <span class='ocrx_word' id='word_1_327' title='bbox 714 2596 798 2645; x_wconf 88' lang='lat' dir='ltr'><strong>est</strong></span> <span class='ocrx_word' id='word_1_328' title='bbox 822 2602 853 2643; x_wconf 90' lang='lat' dir='ltr'><strong>a</strong></span> <span class='ocrx_word' id='word_1_329' title='bbox 886 2586 1049 2658; x_wconf 84' lang='lat' dir='ltr'><strong>priori</strong></span> <span class='ocrx_word' id='word_1_330' title='bbox 1076 2584 1443 2657; x_wconf 87' lang='lat' dir='ltr'><strong>propositione</strong></span> <span class='ocrx_word' id='word_1_331' title='bbox 1470 2598 1590 2653; x_wconf 70' lang='lat' dir='ltr'><strong>qua!</strong></span> <span class='ocrx_word' id='word_1_332' title='bbox 1622 2580 1772 2646; x_wconf 90' lang='lat' dir='ltr'><strong>dicit,</strong></span> <span class='ocrx_word' id='word_1_333' title='bbox 1804 2588 1887 2637; x_wconf 89' lang='lat' dir='ltr'><strong>est</strong></span> <span class='ocrx_word' id='word_1_334' title='bbox 1910 2580 2065 2636; x_wconf 89' lang='lat' dir='ltr'><strong>albus</strong></span> 
     </span>
    </p>
   </div>
   <div class='ocr_carea' id='block_1_42' title="bbox 469 2677 2065 2750">
    <p class='ocr_par' dir='ltr' id='par_1_42' title="bbox 469 2677 2065 2750">
     <span class='ocr_line' id='line_1_42' title="bbox 469 2677 2065 2750; baseline -0.003 -12"><span class='ocrx_word' id='word_1_335' title='bbox 469 2684 664 2750; x_wconf 91' lang='lat' dir='ltr'><strong>homo,</strong></span> <span class='ocrx_word' id='word_1_336' title='bbox 704 2693 761 2740; x_wconf 92' lang='lat' dir='ltr'><strong>et</strong></span> <span class='ocrx_word' id='word_1_337' title='bbox 808 2698 914 2739; x_wconf 92' lang='lat' dir='ltr'><strong>non</strong></span> <span class='ocrx_word' id='word_1_338' title='bbox 944 2691 1027 2740; x_wconf 88' lang='lat' dir='ltr'><strong>est</strong></span> <span class='ocrx_word' id='word_1_339' title='bbox 1074 2684 1124 2739; x_wconf 92' lang='lat' dir='ltr'><strong>ei</strong></span> <span class='ocrx_word' id='word_1_340' title='bbox 1162 2682 1350 2739; x_wconf 89' lang='lat' dir='ltr'><strong>eadem</strong></span> <span class='ocrx_word' id='word_1_341' title='bbox 1385 2696 1450 2737; x_wconf 89' lang='lat' dir='ltr'><strong>ac</strong></span> <span class='ocrx_word' id='word_1_342' title='bbox 1477 2680 1524 2736; x_wconf 90' lang='lat' dir='ltr'><strong>si</strong></span> <span class='ocrx_word' id='word_1_343' title='bbox 1553 2679 1778 2748; x_wconf 88' lang='lat' dir='ltr'><strong>diceret,</strong></span> <span class='ocrx_word' id='word_1_344' title='bbox 1802 2678 1848 2734; x_wconf 90' lang='lat' dir='ltr'><strong>si</strong></span> <span class='ocrx_word' id='word_1_345' title='bbox 1876 2677 1924 2733; x_wconf 92' lang='lat' dir='ltr'><strong>ei</strong></span> <span class='ocrx_word' id='word_1_346' title='bbox 1957 2692 2065 2734; x_wconf 93' lang='lat' dir='ltr'><strong>non</strong></span> 
     </span>
    </p>
   </div>
   <div class='ocr_carea' id='block_1_43' title="bbox 472 2770 2067 2848">
    <p class='ocr_par' dir='ltr' id='par_1_43' title="bbox 472 2770 2067 2848">
     <span class='ocr_line' id='line_1_43' title="bbox 472 2770 2067 2848; baseline -0.004 -15"><span class='ocrx_word' id='word_1_347' title='bbox 472 2777 767 2842; x_wconf 88' lang='lat' dir='ltr'><strong>consentit,</strong></span> <span class='ocrx_word' id='word_1_348' title='bbox 799 2775 903 2832; x_wconf 90' lang='lat' dir='ltr'><strong>erit</strong></span> <span class='ocrx_word' id='word_1_349' title='bbox 930 2774 1146 2848; x_wconf 90' lang='lat' dir='ltr'><strong>negatio</strong></span> <span class='ocrx_word' id='word_1_350' title='bbox 1178 2774 1259 2831; x_wconf 92' lang='lat' dir='ltr'><strong>vel</strong></span> <span class='ocrx_word' id='word_1_351' title='bbox 1288 2789 1353 2830; x_wconf 92' lang='lat' dir='ltr'><strong>ea</strong></span> <span class='ocrx_word' id='word_1_352' title='bbox 1381 2787 1501 2845; x_wconf 67' lang='lat' dir='ltr'><strong>quae</strong></span> <span class='ocrx_word' id='word_1_353' title='bbox 1529 2781 1633 2841; x_wconf 91' lang='grc' dir='ltr'>εει,</span> <span class='ocrx_word' id='word_1_354' title='bbox 1667 2785 1774 2833; x_wconf 85' lang='lat' dir='ltr'><strong>non</strong></span> <span class='ocrx_word' id='word_1_355' title='bbox 1805 2779 1888 2826; x_wconf 90' lang='lat' dir='ltr'><strong>est</strong></span> <span class='ocrx_word' id='word_1_356' title='bbox 1907 2770 2067 2827; x_wconf 86' lang='lat' dir='ltr'><strong>albus</strong></span> 
     </span>
    </p>
   </div>
   <div class='ocr_carea' id='block_1_44' title="bbox 454 2864 2065 2941">
    <p class='ocr_par' dir='ltr' id='par_1_44' title="bbox 454 2864 2065 2941">
     <span class='ocr_line' id='line_1_44' title="bbox 454 2864 2065 2941; baseline -0.004 -16"><span class='ocrx_word' id='word_1_357' title='bbox 454 2869 660 2937; x_wconf 85' lang='lat' dir='ltr'><strong>homo,</strong></span> <span class='ocrx_word' id='word_1_358' title='bbox 691 2869 777 2925; x_wconf 85' lang='lat' dir='ltr'><strong>vel</strong></span> <span class='ocrx_word' id='word_1_359' title='bbox 803 2883 1138 2941; x_wconf 61' lang='lat' dir='ltr'><strong>quaecunque</strong></span> <span class='ocrx_word' id='word_1_360' title='bbox 1168 2866 1295 2933; x_wconf 89' lang='lat' dir='ltr'><strong>alia,</strong></span> <span class='ocrx_word' id='word_1_361' title='bbox 1326 2880 1484 2937; x_wconf 91' lang='lat' dir='ltr'><strong>quam</strong></span> <span class='ocrx_word' id='word_1_362' title='bbox 1516 2865 1563 2919; x_wconf 91' lang='lat' dir='ltr'><strong>si</strong></span> <span class='ocrx_word' id='word_1_363' title='bbox 1605 2864 1726 2934; x_wconf 88' lang='lat' dir='ltr'><strong>quis</strong></span> <span class='ocrx_word' id='word_1_364' title='bbox 1754 2870 1920 2934; x_wconf 89' lang='lat' dir='ltr'><strong>ponat</strong></span> <span class='ocrx_word' id='word_1_365' title='bbox 1944 2875 2065 2918; x_wconf 86' lang='lat' dir='ltr'><strong>esse</strong></span> 
     </span>
    </p>
   </div>
   <div class='ocr_carea' id='block_1_45' title="bbox 450 2955 2065 3037">
    <p class='ocr_par' dir='ltr' id='par_1_45' title="bbox 450 2955 2065 3037">
     <span class='ocr_line' id='line_1_45' title="bbox 450 2955 2065 3037; baseline -0.005 -19"><span class='ocrx_word' id='word_1_366' title='bbox 450 2966 814 3037; x_wconf 76' lang='lat' dir='ltr'><strong>negationem</strong></span> <span class='ocrx_word' id='word_1_367' title='bbox 841 2978 941 3017; x_wconf 89' lang='lat' dir='ltr'><strong>una</strong></span> <span class='ocrx_word' id='word_1_368' title='bbox 974 2963 1181 3016; x_wconf 88' lang='lat' dir='ltr'><strong>ratione</strong></span> <span class='ocrx_word' id='word_1_369' title='bbox 1230 2958 1512 3022; x_wconf 79' lang='lat' dir='ltr'><strong>refellitur,</strong></span> <span class='ocrx_word' id='word_1_370' title='bbox 1546 2971 1706 3026; x_wconf 88' lang='lat' dir='ltr'><strong>quam</strong></span> <span class='ocrx_word' id='word_1_371' title='bbox 1738 2955 1827 3010; x_wconf 86' lang='lat' dir='ltr'><strong>hic</strong></span> <span class='ocrx_word' id='word_1_372' title='bbox 1851 2970 2065 3025; x_wconf 90' lang='lat' dir='ltr'><strong>quoque</strong></span> 
     </span>
    </p>
   </div>
   <div class='ocr_carea' id='block_1_46' title="bbox 474 3046 2064 3125">
    <p class='ocr_par' dir='ltr' id='par_1_46' title="bbox 474 3046 2064 3125">
     <span class='ocr_line' id='line_1_46' title="bbox 474 3046 2064 3125; baseline -0.005 -14"><span class='ocrx_word' id='word_1_373' title='bbox 474 3055 679 3125; x_wconf 86' lang='lat' dir='ltr'><strong>posuit;</strong></span> <span class='ocrx_word' id='word_1_374' title='bbox 711 3052 973 3109; x_wconf 82' lang='lat' dir='ltr'><strong>refellitur</strong></span> <span class='ocrx_word' id='word_1_375' title='bbox 1020 3059 1197 3106; x_wconf 89' lang='lat' dir='ltr'><strong>autem</strong></span> <span class='ocrx_word' id='word_1_376' title='bbox 1238 3049 1341 3105; x_wconf 90' lang='lat' dir='ltr'><strong>hoc</strong></span> <span class='ocrx_word' id='word_1_377' title='bbox 1388 3047 1583 3114; x_wconf 88' lang='lat' dir='ltr'><strong>modo,</strong></span> <span class='ocrx_word' id='word_1_378' title='bbox 1614 3048 1693 3103; x_wconf 86' lang='lat' dir='ltr'><strong>ait</strong></span> <span class='ocrx_word' id='word_1_379' title='bbox 1735 3047 1878 3101; x_wconf 88' lang='lat' dir='ltr'><strong>enim</strong></span> <span class='ocrx_word' id='word_1_380' title='bbox 1913 3064 1925 3099; x_wconf 89' lang='lat'>:</span> <span class='ocrx_word' id='word_1_381' title='bbox 1959 3046 2064 3103; x_wconf 90' lang='lat' dir='ltr'><strong>Sed</strong></span> 
     </span>
    </p>
   </div>
   <div class='ocr_carea' id='block_1_47' title="bbox 473 3140 2064 3218">
    <p class='ocr_par' dir='ltr' id='par_1_47' title="bbox 473 3140 2064 3218">
     <span class='ocr_line' id='line_1_47' title="bbox 473 3140 2064 3218; baseline -0.004 -15"><span class='ocrx_word' id='word_1_382' title='bbox 473 3150 642 3203; x_wconf 88' lang='lat' dir='ltr'><strong>altera</strong></span> <span class='ocrx_word' id='word_1_383' title='bbox 669 3146 883 3218; x_wconf 88' lang='lat' dir='ltr'><strong>quidem</strong></span> <span class='ocrx_word' id='word_1_384' title='bbox 915 3155 998 3201; x_wconf 90' lang='lat' dir='ltr'><strong>est</strong></span> <span class='ocrx_word' id='word_1_385' title='bbox 1023 3144 1237 3215; x_wconf 89' lang='lat' dir='ltr'><strong>negatio</strong></span> <span class='ocrx_word' id='word_1_386' title='bbox 1275 3143 1395 3212; x_wconf 92' lang='lat' dir='ltr'><strong>ejus</strong></span> <span class='ocrx_word' id='word_1_387' title='bbox 1424 3156 1544 3212; x_wconf 71' lang='lat' dir='ltr'><strong>quae</strong></span> <span class='ocrx_word' id='word_1_388' title='bbox 1572 3149 1677 3209; x_wconf 90' lang='lat' dir='ltr'><strong>est,</strong></span> <span class='ocrx_word' id='word_1_389' title='bbox 1708 3148 1793 3196; x_wconf 89' lang='lat' dir='ltr'><strong>est</strong></span> <span class='ocrx_word' id='word_1_390' title='bbox 1821 3154 1930 3195; x_wconf 91' lang='lat' dir='ltr'><strong>non</strong></span> <span class='ocrx_word' id='word_1_391' title='bbox 1964 3140 2064 3196; x_wconf 88' lang='lat' dir='ltr'><strong>ho-</strong></span> 
     </span>
    </p>
   </div>
   <div class='ocr_carea' id='block_1_48' title="bbox 2168 1935 3756 2010">
    <p class='ocr_par' dir='ltr' id='par_1_48' title="bbox 2168 1935 3756 2010">
     <span class='ocr_line' id='line_1_48' title="bbox 2168 1935 3756 2010; baseline -0.003 -15"><span class='ocrx_word' id='word_1_392' title='bbox 2168 1939 2453 1995; x_wconf 89' lang='lat' dir='ltr'><strong>incidisset</strong></span> <span class='ocrx_word' id='word_1_393' title='bbox 2481 1950 2761 2010; x_wconf 88' lang='lat' dir='ltr'><strong>perspecta</strong></span> <span class='ocrx_word' id='word_1_394' title='bbox 2803 1938 2986 2008; x_wconf 88' lang='lat' dir='ltr'><strong>regula</strong></span> <span class='ocrx_word' id='word_1_395' title='bbox 3018 1952 3123 1994; x_wconf 92' lang='lat' dir='ltr'><strong>non</strong></span> <span class='ocrx_word' id='word_1_396' title='bbox 3156 1936 3365 1993; x_wconf 85' lang='lat' dir='ltr'><strong>lateret.</strong></span> <span class='ocrx_word' id='word_1_397' title='bbox 3398 1935 3541 1991; x_wconf 84' lang='lat' dir='ltr'><strong>Nam</strong></span> <span class='ocrx_word' id='word_1_398' title='bbox 3562 1936 3611 1991; x_wconf 89' lang='lat' dir='ltr'><strong>si</strong></span> <span class='ocrx_word' id='word_1_399' title='bbox 3635 1938 3756 2006; x_wconf 83' lang='lat' dir='ltr'><strong>quis</strong></span> 
     </span>
    </p>
   </div>
   <div class='ocr_carea' id='block_1_49' title="bbox 2167 2029 3755 2098">
    <p class='ocr_par' dir='ltr' id='par_1_49' title="bbox 2167 2029 3755 2098">
     <span class='ocr_line' id='line_1_49' title="bbox 2167 2029 3755 2098; baseline -0.003 -10"><span class='ocrx_word' id='word_1_400' title='bbox 2167 2032 2327 2097; x_wconf 85' lang='lat' dir='ltr'><strong>dicat,</strong></span> <span class='ocrx_word' id='word_1_401' title='bbox 2359 2033 2508 2088; x_wconf 79' lang='lat' dir='ltr'><strong>canis</strong></span> <span class='ocrx_word' id='word_1_402' title='bbox 2532 2032 2733 2087; x_wconf 89' lang='lat' dir='ltr'><strong>animal</strong></span> <span class='ocrx_word' id='word_1_403' title='bbox 2756 2038 2860 2098; x_wconf 91' lang='lat' dir='ltr'><strong>est,</strong></span> <span class='ocrx_word' id='word_1_404' title='bbox 2889 2046 2994 2087; x_wconf 90' lang='lat' dir='ltr'><strong>non</strong></span> <span class='ocrx_word' id='word_1_405' title='bbox 3025 2044 3126 2084; x_wconf 89' lang='lat' dir='ltr'><strong>una</strong></span> <span class='ocrx_word' id='word_1_406' title='bbox 3148 2040 3233 2085; x_wconf 89' lang='lat' dir='ltr'><strong>est</strong></span> <span class='ocrx_word' id='word_1_407' title='bbox 3261 2030 3580 2098; x_wconf 83' lang='lat' dir='ltr'><strong>enuntiatio,</strong></span> <span class='ocrx_word' id='word_1_408' title='bbox 3607 2029 3755 2084; x_wconf 90' lang='lat' dir='ltr'><strong>canis</strong></span> 
     </span>
    </p>
   </div>
   <div class='ocr_carea' id='block_1_50' title="bbox 2167 2120 3754 2195">
    <p class='ocr_par' dir='ltr' id='par_1_50' title="bbox 2167 2120 3754 2195">
     <span class='ocr_line' id='line_1_50' title="bbox 2167 2120 3754 2195; baseline -0.003 -15"><span class='ocrx_word' id='word_1_409' title='bbox 2167 2124 2310 2181; x_wconf 91' lang='lat' dir='ltr'><strong>enim</strong></span> <span class='ocrx_word' id='word_1_410' title='bbox 2338 2124 2507 2179; x_wconf 88' lang='lat' dir='ltr'><strong>multa</strong></span> <span class='ocrx_word' id='word_1_411' title='bbox 2535 2122 2817 2195; x_wconf 85' lang='lat' dir='ltr'><strong>signiﬁcat.</strong></span> <span class='ocrx_word' id='word_1_412' title='bbox 2853 2122 2911 2179; x_wconf 91' lang='lat' dir='ltr'><strong>Si</strong></span> <span class='ocrx_word' id='word_1_413' title='bbox 2942 2123 3060 2195; x_wconf 86' lang='lat' dir='ltr'><strong>quis</strong></span> <span class='ocrx_word' id='word_1_414' title='bbox 3087 2136 3216 2177; x_wconf 86' lang='lat' dir='ltr'><strong>vero</strong></span> <span class='ocrx_word' id='word_1_415' title='bbox 3247 2122 3412 2187; x_wconf 84' lang='lat' dir='ltr'><strong>dicat,</strong></span> <span class='ocrx_word' id='word_1_416' title='bbox 3445 2120 3754 2177; x_wconf 46' lang='lat' dir='ltr'><strong>homo‘ani-</strong></span> 
     </span>
    </p>
   </div>
   <div class='ocr_carea' id='block_1_51' title="bbox 2168 2215 3755 2281">
    <p class='ocr_par' dir='ltr' id='par_1_51' title="bbox 2168 2215 3755 2281">
     <span class='ocr_line' id='line_1_51' title="bbox 2168 2215 3755 2281; baseline -0.001 -8"><span class='ocrx_word' id='word_1_417' title='bbox 2168 2218 2273 2273; x_wconf 89' lang='lat' dir='ltr'><strong>mal</strong></span> <span class='ocrx_word' id='word_1_418' title='bbox 2299 2217 2559 2273; x_wconf 89' lang='lat' dir='ltr'><strong>rationale</strong></span> <span class='ocrx_word' id='word_1_419' title='bbox 2587 2216 2814 2273; x_wconf 87' lang='lat' dir='ltr'><strong>mortale</strong></span> <span class='ocrx_word' id='word_1_420' title='bbox 2842 2224 2946 2281; x_wconf 88' lang='lat' dir='ltr'><strong>est,</strong></span> <span class='ocrx_word' id='word_1_421' title='bbox 2973 2216 3059 2271; x_wconf 89' lang='lat' dir='ltr'><strong>vel</strong></span> <span class='ocrx_word' id='word_1_422' title='bbox 3085 2215 3289 2270; x_wconf 90' lang='lat' dir='ltr'><strong>animal</strong></span> <span class='ocrx_word' id='word_1_423' title='bbox 3319 2215 3583 2270; x_wconf 87' lang='lat' dir='ltr'><strong>rationale</strong></span> <span class='ocrx_word' id='word_1_424' title='bbox 3612 2229 3755 2271; x_wconf 83' lang='lat' dir='ltr'><strong>mor-</strong></span> 
     </span>
    </p>
   </div>
   <div class='ocr_carea' id='block_1_52' title="bbox 2171 2308 3755 2380">
    <p class='ocr_par' dir='ltr' id='par_1_52' title="bbox 2171 2308 3755 2380">
     <span class='ocr_line' id='line_1_52' title="bbox 2171 2308 3755 2380; baseline -0.003 -13"><span class='ocrx_word' id='word_1_425' title='bbox 2171 2310 2275 2367; x_wconf 87' lang='lat' dir='ltr'><strong>tale</strong></span> <span class='ocrx_word' id='word_1_426' title='bbox 2306 2311 2489 2377; x_wconf 87' lang='lat' dir='ltr'><strong>bomo,</strong></span> <span class='ocrx_word' id='word_1_427' title='bbox 2520 2310 2743 2380; x_wconf 74' lang='lat' dir='ltr'><strong>singula:</strong></span> <span class='ocrx_word' id='word_1_428' title='bbox 2774 2308 3170 2365; x_wconf 88' lang='lat' dir='ltr'><strong>enuntiationes</strong></span> <span class='ocrx_word' id='word_1_429' title='bbox 3199 2318 3353 2375; x_wconf 89' lang='lat' dir='ltr'><strong>sunt;</strong></span> <span class='ocrx_word' id='word_1_430' title='bbox 3392 2309 3595 2365; x_wconf 88' lang='lat' dir='ltr'><strong>idcirco</strong></span> <span class='ocrx_word' id='word_1_431' title='bbox 3620 2323 3755 2380; x_wconf 90' lang='lat' dir='ltr'><strong>quo-</strong></span> 
     </span>
    </p>
   </div>
   <div class='ocr_carea' id='block_1_53' title="bbox 2170 2401 3757 2479">
    <p class='ocr_par' dir='ltr' id='par_1_53' title="bbox 2170 2401 3757 2479">
     <span class='ocr_line' id='line_1_53' title="bbox 2170 2401 3757 2479; baseline -0.003 -19"><span class='ocrx_word' id='word_1_432' title='bbox 2170 2408 2312 2460; x_wconf 87' lang='lat' dir='ltr'><strong>niam</strong></span> <span class='ocrx_word' id='word_1_433' title='bbox 2341 2420 2504 2460; x_wconf 91' lang='lat' dir='ltr'><strong>unum</strong></span> <span class='ocrx_word' id='word_1_434' title='bbox 2542 2418 2609 2460; x_wconf 80' lang='lat' dir='ltr'><strong>ex</strong></span> <span class='ocrx_word' id='word_1_435' title='bbox 2649 2402 2903 2479; x_wconf 86' lang='lat' dir='ltr'><strong>omnibus</strong></span> <span class='ocrx_word' id='word_1_436' title='bbox 2945 2401 3198 2473; x_wconf 90' lang='lat' dir='ltr'><strong>quiddam</strong></span> <span class='ocrx_word' id='word_1_437' title='bbox 3236 2401 3352 2457; x_wconf 86' lang='lat' dir='ltr'><strong>ﬁeri</strong></span> <span class='ocrx_word' id='word_1_438' title='bbox 3390 2409 3591 2471; x_wconf 83' lang='lat' dir='ltr'><strong>potest,</strong></span> <span class='ocrx_word' id='word_1_439' title='bbox 3632 2416 3757 2456; x_wconf 88' lang='lat' dir='ltr'><strong>nam</strong></span> 
     </span>
    </p>
   </div>
   <div class='ocr_carea' id='block_1_54' title="bbox 2168 2489 3756 2568">
    <p class='ocr_par' dir='ltr' id='par_1_54' title="bbox 2168 2489 3756 2568">
     <span class='ocr_line' id='line_1_54' title="bbox 2168 2489 3756 2568; baseline -0.001 -13"><span class='ocrx_word' id='word_1_440' title='bbox 2168 2489 2266 2555; x_wconf 62' lang='lat' dir='ltr'><strong>de.</strong></span> <span class='ocrx_word' id='word_1_441' title='bbox 2289 2499 2531 2567; x_wconf 88' lang='lat' dir='ltr'><strong>animali,</strong></span> <span class='ocrx_word' id='word_1_442' title='bbox 2563 2498 2813 2554; x_wconf 89' lang='lat' dir='ltr'><strong>rationali</strong></span> <span class='ocrx_word' id='word_1_443' title='bbox 2863 2505 3022 2568; x_wconf 86' lang='lat' dir='ltr'><strong>atque</strong></span> <span class='ocrx_word' id='word_1_444' title='bbox 3068 2497 3286 2553; x_wconf 86' lang='lat' dir='ltr'><strong>mortali</strong></span> <span class='ocrx_word' id='word_1_445' title='bbox 3334 2498 3492 2553; x_wconf 86' lang='lat' dir='ltr'><strong>simul</strong></span> <span class='ocrx_word' id='word_1_446' title='bbox 3534 2498 3756 2568; x_wconf 88' lang='lat' dir='ltr'><strong>junctis,</strong></span> 
     </span>
    </p>
   </div>
   <div class='ocr_carea' id='block_1_55' title="bbox 2170 2589 3756 2661">
    <p class='ocr_par' dir='ltr' id='par_1_55' title="bbox 2170 2589 3756 2661">
     <span class='ocr_line' id='line_1_55' title="bbox 2170 2589 3756 2661; baseline -0.003 -12"><span class='ocrx_word' id='word_1_447' title='bbox 2170 2608 2310 2649; x_wconf 90' lang='lat' dir='ltr'><strong>unus</strong></span> <span class='ocrx_word' id='word_1_448' title='bbox 2337 2593 2498 2649; x_wconf 88' lang='lat' dir='ltr'><strong>homo</strong></span> <span class='ocrx_word' id='word_1_449' title='bbox 2526 2590 2821 2661; x_wconf 88' lang='lat' dir='ltr'><strong>perficitur.</strong></span> <span class='ocrx_word' id='word_1_450' title='bbox 2857 2590 2987 2645; x_wconf 84' lang='lat' dir='ltr'><strong>flent</strong></span> <span class='ocrx_word' id='word_1_451' title='bbox 3012 2589 3118 2644; x_wconf 88' lang='lat' dir='ltr'><strong>alia</strong></span> <span class='ocrx_word' id='word_1_452' title='bbox 3145 2601 3268 2644; x_wconf 90' lang='lat' dir='ltr'><strong>sunt</strong></span> <span class='ocrx_word' id='word_1_453' title='bbox 3293 2604 3413 2660; x_wconf 73' lang='lat' dir='ltr'><strong>qua:</strong></span> <span class='ocrx_word' id='word_1_454' title='bbox 3442 2590 3597 2660; x_wconf 89' lang='lat' dir='ltr'><strong>plura</strong></span> <span class='ocrx_word' id='word_1_455' title='bbox 3625 2604 3756 2660; x_wconf 71' lang='lat' dir='ltr'><strong>prte-</strong></span> 
     </span>
    </p>
   </div>
   <div class='ocr_carea' id='block_1_56' title="bbox 2170 2680 3759 2754">
    <p class='ocr_par' dir='ltr' id='par_1_56' title="bbox 2170 2680 3759 2754">
     <span class='ocr_line' id='line_1_56' title="bbox 2170 2680 3759 2754; baseline -0.001 -14"><span class='ocrx_word' id='word_1_456' title='bbox 2170 2685 2435 2751; x_wconf 90' lang='lat' dir='ltr'><strong>dicantur,</strong></span> <span class='ocrx_word' id='word_1_457' title='bbox 2466 2683 2537 2739; x_wconf 89' lang='lat' dir='ltr'><strong>de</strong></span> <span class='ocrx_word' id='word_1_458' title='bbox 2563 2682 2757 2754; x_wconf 88' lang='lat' dir='ltr'><strong>quibus</strong></span> <span class='ocrx_word' id='word_1_459' title='bbox 2795 2696 2961 2737; x_wconf 90' lang='lat' dir='ltr'><strong>unum</strong></span> <span class='ocrx_word' id='word_1_460' title='bbox 2993 2681 3192 2751; x_wconf 90' lang='lat' dir='ltr'><strong>aliquid</strong></span> <span class='ocrx_word' id='word_1_461' title='bbox 3224 2680 3366 2737; x_wconf 90' lang='lat' dir='ltr'><strong>efﬁci</strong></span> <span class='ocrx_word' id='word_1_462' title='bbox 3393 2683 3759 2753; x_wconf 88' lang='lat' dir='ltr'><strong>constituique</strong></span> 
     </span>
    </p>
   </div>
   <div class='ocr_carea' id='block_1_57' title="bbox 2171 2773 3762 2849">
    <p class='ocr_par' dir='ltr' id='par_1_57' title="bbox 2171 2773 3762 2849">
     <span class='ocr_line' id='line_1_57' title="bbox 2171 2773 3762 2849; baseline -0.001 -16"><span class='ocrx_word' id='word_1_463' title='bbox 2171 2793 2276 2833; x_wconf 90' lang='lat' dir='ltr'><strong>non</strong></span> <span class='ocrx_word' id='word_1_464' title='bbox 2303 2776 2490 2849; x_wconf 84' lang='lat' dir='ltr'><strong>possit,</strong></span> <span class='ocrx_word' id='word_1_465' title='bbox 2512 2789 2686 2846; x_wconf 91' lang='lat' dir='ltr'><strong>neque</strong></span> <span class='ocrx_word' id='word_1_466' title='bbox 2708 2775 2752 2829; x_wconf 89' lang='lat' dir='ltr'><strong>si</strong></span> <span class='ocrx_word' id='word_1_467' title='bbox 2777 2775 2866 2829; x_wconf 90' lang='lat' dir='ltr'><strong>illa</strong></span> <span class='ocrx_word' id='word_1_468' title='bbox 2889 2774 2957 2830; x_wconf 91' lang='lat' dir='ltr'><strong>de</strong></span> <span class='ocrx_word' id='word_1_469' title='bbox 2982 2773 3153 2829; x_wconf 91' lang='lat' dir='ltr'><strong>altero</strong></span> <span class='ocrx_word' id='word_1_470' title='bbox 3174 2775 3561 2845; x_wconf 59' lang='lat' dir='ltr'><strong>praedicentur,</strong></span> <span class='ocrx_word' id='word_1_471' title='bbox 3583 2790 3762 2845; x_wconf 81' lang='lat' dir='ltr'><strong>neque</strong></span> 
     </span>
    </p>
   </div>
   <div class='ocr_carea' id='block_1_58' title="bbox 2146 2862 3761 2938">
    <p class='ocr_par' dir='ltr' id='par_1_58' title="bbox 2146 2862 3761 2938">
     <span class='ocr_line' id='line_1_58' title="bbox 2146 2862 3761 2938; baseline -0.002 -11"><span class='ocrx_word' id='word_1_472' title='bbox 2146 2872 2222 2929; x_wconf 71' lang='grc' dir='ltr'><strong>κεί</strong></span> <span class='ocrx_word' id='word_1_473' title='bbox 2250 2870 2317 2927; x_wconf 92' lang='lat' dir='ltr'><strong>de</strong></span> <span class='ocrx_word' id='word_1_474' title='bbox 2364 2869 2471 2926; x_wconf 91' lang='lat' dir='ltr'><strong>illis</strong></span> <span class='ocrx_word' id='word_1_475' title='bbox 2511 2870 2677 2935; x_wconf 84' lang='lat' dir='ltr'><strong>aliud,</strong></span> <span class='ocrx_word' id='word_1_476' title='bbox 2713 2883 2814 2924; x_wconf 88' lang='lat' dir='ltr'><strong>una</strong></span> <span class='ocrx_word' id='word_1_477' title='bbox 2842 2862 3131 2923; x_wconf 82' lang='lat' dir='ltr'><strong>affirmatio</strong></span> <span class='ocrx_word' id='word_1_478' title='bbox 3175 2867 3261 2923; x_wconf 89' lang='lat' dir='ltr'><strong>vel</strong></span> <span class='ocrx_word' id='word_1_479' title='bbox 3291 2870 3503 2938; x_wconf 84' lang='lat' dir='ltr'><strong>negatio</strong></span> <span class='ocrx_word' id='word_1_480' title='bbox 3527 2876 3629 2932; x_wconf 87' lang='lat' dir='ltr'><strong>est.</strong></span> <span class='ocrx_word' id='word_1_481' title='bbox 3660 2869 3761 2924; x_wconf 86' lang='lat' dir='ltr'><strong>sed</strong></span> 
     </span>
    </p>
   </div>
   <div class='ocr_carea' id='block_1_59' title="bbox 2171 2960 3763 3030">
    <p class='ocr_par' dir='ltr' id='par_1_59' title="bbox 2171 2960 3763 3030">
     <span class='ocr_line' id='line_1_59' title="bbox 2171 2960 3763 3030; baseline -0.003 -10"><span class='ocrx_word' id='word_1_482' title='bbox 2171 2973 2254 3020; x_wconf 91' lang='lat' dir='ltr'><strong>tot</strong></span> <span class='ocrx_word' id='word_1_483' title='bbox 2307 2961 2549 3019; x_wconf 61' lang='lat' dir='ltr'><strong>dicenda:</strong></span> <span class='ocrx_word' id='word_1_484' title='bbox 2596 2971 2719 3017; x_wconf 89' lang='lat' dir='ltr'><strong>sunt</strong></span> <span class='ocrx_word' id='word_1_485' title='bbox 2767 2960 3150 3016; x_wconf 85' lang='lat' dir='ltr'><strong>affirmationes</strong></span> <span class='ocrx_word' id='word_1_486' title='bbox 3197 2972 3318 3015; x_wconf 87' lang='lat' dir='ltr'><strong>esse</strong></span> <span class='ocrx_word' id='word_1_487' title='bbox 3352 2969 3482 3030; x_wconf 89' lang='lat' dir='ltr'><strong>quot</strong></span> <span class='ocrx_word' id='word_1_488' title='bbox 3523 2960 3631 3015; x_wconf 91' lang='lat' dir='ltr'><strong>sint</strong></span> <span class='ocrx_word' id='word_1_489' title='bbox 3675 2960 3763 3016; x_wconf 66' lang='lat' dir='ltr'><strong>hat</strong></span> 
     </span>
    </p>
   </div>
   <div class='ocr_carea' id='block_1_60' title="bbox 2172 3054 3763 3128">
    <p class='ocr_par' dir='ltr' id='par_1_60' title="bbox 2172 3054 3763 3128">
     <span class='ocr_line' id='line_1_60' title="bbox 2172 3054 3763 3128; baseline -0.001 -16"><span class='ocrx_word' id='word_1_490' title='bbox 2172 3072 2260 3114; x_wconf 87' lang='lat' dir='ltr'><strong>res</strong></span> <span class='ocrx_word' id='word_1_491' title='bbox 2285 3072 2404 3128; x_wconf 76' lang='lat' dir='ltr'><strong>qua:</strong></span> <span class='ocrx_word' id='word_1_492' title='bbox 2433 3057 2519 3112; x_wconf 89' lang='lat' dir='ltr'><strong>vel</strong></span> <span class='ocrx_word' id='word_1_493' title='bbox 2550 3056 2618 3112; x_wconf 91' lang='lat' dir='ltr'><strong>de</strong></span> <span class='ocrx_word' id='word_1_494' title='bbox 2646 3071 2751 3111; x_wconf 84' lang='lat' dir='ltr'><strong>una</strong></span> <span class='ocrx_word' id='word_1_495' title='bbox 2799 3054 3195 3125; x_wconf 65' lang='lat' dir='ltr'><strong>praedicantur,</strong></span> <span class='ocrx_word' id='word_1_496' title='bbox 3227 3054 3313 3110; x_wconf 87' lang='lat' dir='ltr'><strong>vel</strong></span> <span class='ocrx_word' id='word_1_497' title='bbox 3338 3054 3408 3110; x_wconf 88' lang='lat' dir='ltr'><strong>de</strong></span> <span class='ocrx_word' id='word_1_498' title='bbox 3435 3054 3628 3125; x_wconf 86' lang='lat' dir='ltr'><strong>quibus</strong></span> <span class='ocrx_word' id='word_1_499' title='bbox 3657 3069 3763 3110; x_wconf 89' lang='lat' dir='ltr'><strong>una</strong></span> 
     </span>
    </p>
   </div>
   <div class='ocr_carea' id='block_1_61' title="bbox 2144 3146 3762 3217">
    <p class='ocr_par' dir='ltr' id='par_1_61' title="bbox 2144 3146 3762 3217">
     <span class='ocr_line' id='line_1_61' title="bbox 2144 3146 3762 3217; baseline -0.002 -13"><span class='ocrx_word' id='word_1_500' title='bbox 2144 3149 2387 3216; x_wconf 86' lang='lat' dir='ltr'><strong>dicitur,</strong></span> <span class='ocrx_word' id='word_1_501' title='bbox 2414 3156 2473 3203; x_wconf 88' lang='lat' dir='ltr'><strong>ut</strong></span> <span class='ocrx_word' id='word_1_502' title='bbox 2490 3163 2610 3203; x_wconf 93' lang='lat' dir='ltr'><strong>cum</strong></span> <span class='ocrx_word' id='word_1_503' title='bbox 2634 3148 2856 3203; x_wconf 88' lang='lat' dir='ltr'><strong>dicimus</strong></span> <span class='ocrx_word' id='word_1_504' title='bbox 2882 3167 2894 3201; x_wconf 92' lang='lat'><strong>:</strong></span> <span class='ocrx_word' id='word_1_505' title='bbox 2921 3147 3170 3204; x_wconf 87' lang='lat' dir='ltr'><strong>Socrates</strong></span> <span class='ocrx_word' id='word_1_506' title='bbox 3197 3147 3381 3202; x_wconf 89' lang='lat' dir='ltr'><strong>calvus</strong></span> <span class='ocrx_word' id='word_1_507' title='bbox 3406 3146 3762 3217; x_wconf 81' lang='lat' dir='ltr'><strong>philosophus</strong></span> 
     </span>
    </p>
   </div>
   <div class='ocr_carea' id='block_1_62' title="bbox 474 3232 3760 3310">
    <p class='ocr_par' dir='ltr' id='par_1_62' title="bbox 474 3232 3760 3310">
     <span class='ocr_line' id='line_1_62' title="bbox 474 3232 3760 3310; baseline 0.001 -17"><span class='ocrx_word' id='word_1_508' title='bbox 474 3254 565 3293; x_wconf 88' lang='lat' dir='ltr'><strong>mo</strong></span> <span class='ocrx_word' id='word_1_509' title='bbox 591 3237 767 3305; x_wconf 88' lang='lat' dir='ltr'><strong>albus,</strong></span> <span class='ocrx_word' id='word_1_510' title='bbox 802 3236 970 3291; x_wconf 84' lang='lat' dir='ltr'><strong>altera</strong></span> <span class='ocrx_word' id='word_1_511' title='bbox 997 3250 1125 3290; x_wconf 82' lang='lat' dir='ltr'><strong>vero</strong></span> <span class='ocrx_word' id='word_1_512' title='bbox 1155 3235 1273 3304; x_wconf 76' lang='lat' dir='ltr'><strong>eius</strong></span> <span class='ocrx_word' id='word_1_513' title='bbox 1298 3248 1419 3305; x_wconf 63' lang='lat' dir='ltr'><strong>qua!</strong></span> <span class='ocrx_word' id='word_1_514' title='bbox 1447 3242 1551 3298; x_wconf 72' lang='grc' dir='ltr'>εει,</span> <span class='ocrx_word' id='word_1_515' title='bbox 1582 3242 1664 3288; x_wconf 76' lang='grc' dir='ltr'><strong>εει</strong></span> <span class='ocrx_word' id='word_1_516' title='bbox 1694 3232 1847 3288; x_wconf 76' lang='lat' dir='ltr'><strong>albus</strong></span> <span class='ocrx_word' id='word_1_517' title='bbox 1878 3232 2063 3289; x_wconf 76' lang='lat' dir='ltr'><strong>homo.</strong></span> <span class='ocrx_word' id='word_1_518' title='bbox 2096 3243 2142 3305; x_wconf 90' lang='lat' dir='ltr'><strong>C</strong></span> <span class='ocrx_word' id='word_1_519' title='bbox 2174 3242 2431 3297; x_wconf 90' lang='lat' dir='ltr'><strong>ambulat.</strong></span> <span class='ocrx_word' id='word_1_520' title='bbox 2463 3241 2540 3296; x_wconf 85' lang='lat' dir='ltr'><strong>Ex</strong></span> <span class='ocrx_word' id='word_1_521' title='bbox 2572 3239 2783 3296; x_wconf 90' lang='lat' dir='ltr'><strong>calvitie</strong></span> <span class='ocrx_word' id='word_1_522' title='bbox 2813 3250 2866 3296; x_wconf 88' lang='lat' dir='ltr'><strong>et</strong></span> <span class='ocrx_word' id='word_1_523' title='bbox 2897 3240 3234 3310; x_wconf 87' lang='lat' dir='ltr'><strong>philosophia</strong></span> <span class='ocrx_word' id='word_1_524' title='bbox 3277 3248 3332 3295; x_wconf 88' lang='lat' dir='ltr'><strong>et</strong></span> <span class='ocrx_word' id='word_1_525' title='bbox 3371 3241 3760 3307; x_wconf 83' lang='lat' dir='ltr'><strong>ambulatione,</strong></span> 
     </span>
    </p>
   </div>
   <div class='ocr_carea' id='block_1_63' title="bbox 450 3322 2059 3397">
    <p class='ocr_par' dir='ltr' id='par_1_63' title="bbox 450 3322 2059 3397">
     <span class='ocr_line' id='line_1_63' title="bbox 450 3322 2059 3397; baseline -0.002 -12"><span class='ocrx_word' id='word_1_526' title='bbox 450 3328 618 3385; x_wconf 38' lang='lat' dir='ltr'><strong>.lnter</strong></span> <span class='ocrx_word' id='word_1_527' title='bbox 639 3328 773 3383; x_wconf 89' lang='lat' dir='ltr'><strong>duas</strong></span> <span class='ocrx_word' id='word_1_528' title='bbox 794 3328 937 3383; x_wconf 89' lang='lat' dir='ltr'><strong>enim</strong></span> <span class='ocrx_word' id='word_1_529' title='bbox 966 3324 1279 3397; x_wconf 77' lang='lat' dir='ltr'><strong>negationes</strong></span> <span class='ocrx_word' id='word_1_530' title='bbox 1300 3339 1432 3395; x_wconf 88' lang='lat' dir='ltr'><strong>quas</strong></span> <span class='ocrx_word' id='word_1_531' title='bbox 1455 3322 1652 3394; x_wconf 88' lang='lat' dir='ltr'><strong>posuit,</strong></span> <span class='ocrx_word' id='word_1_532' title='bbox 1678 3323 1825 3379; x_wconf 91' lang='lat' dir='ltr'><strong>illam</strong></span> <span class='ocrx_word' id='word_1_533' title='bbox 1854 3324 2059 3381; x_wconf 87' lang='lat' dir='ltr'><strong>scilicet</strong></span> 
     </span>
    </p>
   </div>
   <div class='ocr_carea' id='block_1_64' title="bbox 475 3416 2061 3493">
    <p class='ocr_par' dir='ltr' id='par_1_64' title="bbox 475 3416 2061 3493">
     <span class='ocr_line' id='line_1_64' title="bbox 475 3416 2061 3493; baseline -0.003 -16"><span class='ocrx_word' id='word_1_534' title='bbox 475 3437 594 3493; x_wconf 74' lang='lat' dir='ltr'><strong>qure</strong></span> <span class='ocrx_word' id='word_1_535' title='bbox 623 3421 774 3488; x_wconf 88' lang='lat' dir='ltr'><strong>dicit,</strong></span> <span class='ocrx_word' id='word_1_536' title='bbox 801 3434 909 3477; x_wconf 91' lang='lat' dir='ltr'><strong>non</strong></span> <span class='ocrx_word' id='word_1_537' title='bbox 934 3428 1016 3477; x_wconf 87' lang='lat' dir='ltr'><strong>est</strong></span> <span class='ocrx_word' id='word_1_538' title='bbox 1043 3436 1150 3477; x_wconf 91' lang='lat' dir='ltr'><strong>non</strong></span> <span class='ocrx_word' id='word_1_539' title='bbox 1181 3420 1343 3477; x_wconf 90' lang='lat' dir='ltr'><strong>homo</strong></span> <span class='ocrx_word' id='word_1_540' title='bbox 1361 3418 1534 3485; x_wconf 91' lang='lat' dir='ltr'><strong>albus,</strong></span> <span class='ocrx_word' id='word_1_541' title='bbox 1562 3426 1617 3474; x_wconf 89' lang='lat' dir='ltr'><strong>et</strong></span> <span class='ocrx_word' id='word_1_542' title='bbox 1640 3416 1756 3473; x_wconf 88' lang='lat' dir='ltr'><strong>eam</strong></span> <span class='ocrx_word' id='word_1_543' title='bbox 1787 3432 1909 3488; x_wconf 83' lang='lat' dir='ltr'><strong>quae</strong></span> <span class='ocrx_word' id='word_1_544' title='bbox 1933 3432 2061 3488; x_wconf 82' lang='lat' dir='ltr'><strong>pro-</strong></span> 
     </span>
    </p>
   </div>
   <div class='ocr_carea' id='block_1_65' title="bbox 448 3513 2061 3592">
    <p class='ocr_par' dir='ltr' id='par_1_65' title="bbox 448 3513 2061 3592">
     <span class='ocr_line' id='line_1_65' title="bbox 448 3513 2061 3592; baseline -0.005 -17"><span class='ocrx_word' id='word_1_545' title='bbox 448 3560 453 3563; x_wconf 93' lang='grc'><strong>-</strong></span> <span class='ocrx_word' id='word_1_546' title='bbox 477 3518 647 3592; x_wconf 89' lang='lat' dir='ltr'><strong>ponit,</strong></span> <span class='ocrx_word' id='word_1_547' title='bbox 670 3534 778 3574; x_wconf 91' lang='lat' dir='ltr'><strong>non</strong></span> <span class='ocrx_word' id='word_1_548' title='bbox 806 3528 890 3575; x_wconf 90' lang='lat' dir='ltr'><strong>est</strong></span> <span class='ocrx_word' id='word_1_549' title='bbox 918 3522 1080 3574; x_wconf 89' lang='lat' dir='ltr'><strong>homo</strong></span> <span class='ocrx_word' id='word_1_550' title='bbox 1100 3516 1273 3583; x_wconf 90' lang='lat' dir='ltr'><strong>albus,</strong></span> <span class='ocrx_word' id='word_1_551' title='bbox 1302 3515 1390 3571; x_wconf 91' lang='lat' dir='ltr'><strong>illa</strong></span> <span class='ocrx_word' id='word_1_552' title='bbox 1412 3530 1531 3585; x_wconf 79' lang='lat' dir='ltr'><strong>quae</strong></span> <span class='ocrx_word' id='word_1_553' title='bbox 1549 3513 1699 3580; x_wconf 91' lang='lat' dir='ltr'><strong>dicit,</strong></span> <span class='ocrx_word' id='word_1_554' title='bbox 1718 3527 1825 3568; x_wconf 88' lang='lat' dir='ltr'><strong>non</strong></span> <span class='ocrx_word' id='word_1_555' title='bbox 1847 3521 1929 3568; x_wconf 90' lang='grc' dir='ltr'><strong>εει</strong></span> <span class='ocrx_word' id='word_1_556' title='bbox 1955 3527 2061 3568; x_wconf 92' lang='lat' dir='ltr'><strong>non</strong></span> 
     </span>
    </p>
   </div>
   <div class='ocr_carea' id='block_1_66' title="bbox 448 3603 2063 3680">
    <p class='ocr_par' dir='ltr' id='par_1_66' title="bbox 448 3603 2063 3680">
     <span class='ocr_line' id='line_1_66' title="bbox 448 3603 2063 3680; baseline -0.003 -17"><span class='ocrx_word' id='word_1_557' title='bbox 448 3612 639 3668; x_wconf 85' lang='lat' dir='ltr'><strong>.homo</strong></span> <span class='ocrx_word' id='word_1_558' title='bbox 686 3611 868 3677; x_wconf 87' lang='lat' dir='ltr'><strong>albus,</strong></span> <span class='ocrx_word' id='word_1_559' title='bbox 902 3609 1116 3680; x_wconf 88' lang='lat' dir='ltr'><strong>negatio</strong></span> <span class='ocrx_word' id='word_1_560' title='bbox 1142 3617 1226 3664; x_wconf 89' lang='lat' dir='ltr'><strong>est</strong></span> <span class='ocrx_word' id='word_1_561' title='bbox 1264 3606 1636 3662; x_wconf 81' lang='lat' dir='ltr'><strong>afﬁrmationis</strong></span> <span class='ocrx_word' id='word_1_562' title='bbox 1668 3605 1938 3660; x_wconf 90' lang='lat' dir='ltr'><strong>inﬁnitum</strong></span> <span class='ocrx_word' id='word_1_563' title='bbox 1971 3603 2063 3659; x_wconf 88' lang='lat' dir='ltr'><strong>ha-</strong></span> 
     </span>
    </p>
   </div>
   <div class='ocr_carea' id='block_1_67' title="bbox 456 3696 2065 3772">
    <p class='ocr_par' dir='ltr' id='par_1_67' title="bbox 456 3696 2065 3772">
     <span class='ocr_line' id='line_1_67' title="bbox 456 3696 2065 3772; baseline -0.006 -13"><span class='ocrx_word' id='word_1_564' title='bbox 456 3702 652 3760; x_wconf 82' lang='lat' dir='ltr'><strong>bentis</strong></span> <span class='ocrx_word' id='word_1_565' title='bbox 671 3702 995 3771; x_wconf 80' lang='lat' dir='ltr'><strong>subjectum,</strong></span> <span class='ocrx_word' id='word_1_566' title='bbox 1013 3715 1135 3772; x_wconf 65' lang='lat' dir='ltr'><strong>qua:</strong></span> <span class='ocrx_word' id='word_1_567' title='bbox 1157 3697 1309 3767; x_wconf 90' lang='lat' dir='ltr'><strong>dicit,</strong></span> <span class='ocrx_word' id='word_1_568' title='bbox 1323 3707 1406 3754; x_wconf 89' lang='lat' dir='ltr'><strong>est</strong></span> <span class='ocrx_word' id='word_1_569' title='bbox 1435 3713 1541 3753; x_wconf 93' lang='lat' dir='ltr'><strong>non</strong></span> <span class='ocrx_word' id='word_1_570' title='bbox 1571 3697 1733 3753; x_wconf 87' lang='lat' dir='ltr'><strong>homo</strong></span> <span class='ocrx_word' id='word_1_571' title='bbox 1756 3696 1939 3763; x_wconf 86' lang='lat' dir='ltr'><strong>albus;</strong></span> <span class='ocrx_word' id='word_1_572' title='bbox 1959 3696 2065 3751; x_wconf 89' lang='lat' dir='ltr'><strong>alia</strong></span> 
     </span>
    </p>
   </div>
   <div class='ocr_carea' id='block_1_68' title="bbox 476 3789 2061 3864">
    <p class='ocr_par' dir='ltr' id='par_1_68' title="bbox 476 3789 2061 3864">
     <span class='ocr_line' id='line_1_68' title="bbox 476 3789 2061 3864; baseline -0.004 -13"><span class='ocrx_word' id='word_1_573' title='bbox 476 3810 632 3861; x_wconf 87' lang='lat' dir='ltr'><strong>vero,</strong></span> <span class='ocrx_word' id='word_1_574' title='bbox 677 3794 885 3850; x_wconf 87' lang='lat' dir='ltr'><strong>scilicet</strong></span> <span class='ocrx_word' id='word_1_575' title='bbox 911 3808 1030 3864; x_wconf 69' lang='lat' dir='ltr'><strong>quae</strong></span> <span class='ocrx_word' id='word_1_576' title='bbox 1070 3791 1349 3863; x_wconf 92' lang='lat' dir='ltr'><strong>proponit,</strong></span> <span class='ocrx_word' id='word_1_577' title='bbox 1399 3806 1505 3846; x_wconf 91' lang='lat' dir='ltr'><strong>non</strong></span> <span class='ocrx_word' id='word_1_578' title='bbox 1537 3800 1621 3847; x_wconf 88' lang='lat' dir='ltr'><strong>est</strong></span> <span class='ocrx_word' id='word_1_579' title='bbox 1670 3790 1832 3845; x_wconf 91' lang='lat' dir='ltr'><strong>homo</strong></span> <span class='ocrx_word' id='word_1_580' title='bbox 1875 3789 2061 3855; x_wconf 90' lang='lat' dir='ltr'><strong>albus,</strong></span> 
     </span>
    </p>
   </div>
   <div class='ocr_carea' id='block_1_69' title="bbox 476 3882 2063 3956">
    <p class='ocr_par' dir='ltr' id='par_1_69' title="bbox 476 3882 2063 3956">
     <span class='ocr_line' id='line_1_69' title="bbox 476 3882 2063 3956; baseline -0.004 -14"><span class='ocrx_word' id='word_1_581' title='bbox 476 3886 595 3956; x_wconf 90' lang='lat' dir='ltr'><strong>ejus</strong></span> <span class='ocrx_word' id='word_1_582' title='bbox 624 3894 708 3941; x_wconf 89' lang='lat' dir='ltr'><strong>est</strong></span> <span class='ocrx_word' id='word_1_583' title='bbox 737 3885 950 3956; x_wconf 84' lang='lat' dir='ltr'><strong>negatio</strong></span> <span class='ocrx_word' id='word_1_584' title='bbox 974 3883 1282 3953; x_wconf 9' lang='lat' dir='ltr'><strong>aquze&#39;dicit,</strong></span> <span class='ocrx_word' id='word_1_585' title='bbox 1315 3891 1397 3939; x_wconf 91' lang='lat' dir='ltr'><strong>est</strong></span> <span class='ocrx_word' id='word_1_586' title='bbox 1425 3884 1579 3939; x_wconf 91' lang='lat' dir='ltr'><strong>albus</strong></span> <span class='ocrx_word' id='word_1_587' title='bbox 1628 3882 1820 3950; x_wconf 87' lang='lat' dir='ltr'><strong>homo,</strong></span> <span class='ocrx_word' id='word_1_588' title='bbox 1851 3896 1973 3937; x_wconf 92' lang='lat' dir='ltr'><strong>cum</strong></span> <span class='ocrx_word' id='word_1_589' title='bbox 2000 3895 2063 3937; x_wconf 88' lang='lat' dir='ltr'><strong>ea</strong></span> 
     </span>
    </p>
   </div>
   <div class='ocr_carea' id='block_1_70' title="bbox 476 3972 2066 4046">
    <p class='ocr_par' dir='ltr' id='par_1_70' title="bbox 476 3972 2066 4046">
     <span class='ocr_line' id='line_1_70' title="bbox 476 3972 2066 4046; baseline -0.004 -12"><span class='ocrx_word' id='word_1_590' title='bbox 476 3978 622 4034; x_wconf 88' lang='lat' dir='ltr'><strong>enim</strong></span> <span class='ocrx_word' id='word_1_591' title='bbox 650 3991 836 4033; x_wconf 89' lang='lat' dir='ltr'><strong>verum</strong></span> <span class='ocrx_word' id='word_1_592' title='bbox 868 3974 1057 4033; x_wconf 87' lang='lat' dir='ltr'><strong>dividit</strong></span> <span class='ocrx_word' id='word_1_593' title='bbox 1088 3986 1249 4046; x_wconf 89' lang='lat' dir='ltr'><strong>atque</strong></span> <span class='ocrx_word' id='word_1_594' title='bbox 1294 3975 1507 4031; x_wconf 90' lang='lat' dir='ltr'><strong>falsum.</strong></span> <span class='ocrx_word' id='word_1_595' title='bbox 1538 3975 1717 4042; x_wconf 84' lang='lat' dir='ltr'><strong>Quare</strong></span> <span class='ocrx_word' id='word_1_596' title='bbox 1763 3982 1921 4029; x_wconf 89' lang='lat' dir='ltr'><strong>erunt</strong></span> <span class='ocrx_word' id='word_1_597' title='bbox 1944 3972 2066 4028; x_wconf 69' lang='lat' dir='ltr'><strong>dua:</strong></span> 
     </span>
    </p>
   </div>
   <div class='ocr_carea' id='block_1_71' title="bbox 477 4065 2065 4142">
    <p class='ocr_par' dir='ltr' id='par_1_71' title="bbox 477 4065 2065 4142">
     <span class='ocr_line' id='line_1_71' title="bbox 477 4065 2065 4142; baseline -0.003 -16"><span class='ocrx_word' id='word_1_598' title='bbox 477 4070 791 4142; x_wconf 86' lang='lat' dir='ltr'><strong>negationes</strong></span> <span class='ocrx_word' id='word_1_599' title='bbox 834 4070 993 4127; x_wconf 88' lang='lat' dir='ltr'><strong>unius</strong></span> <span class='ocrx_word' id='word_1_600' title='bbox 1038 4068 1446 4133; x_wconf 84' lang='lat' dir='ltr'><strong>afﬁrmationis,</strong></span> <span class='ocrx_word' id='word_1_601' title='bbox 1478 4066 1573 4124; x_wconf 89' lang='lat' dir='ltr'><strong>sed</strong></span> <span class='ocrx_word' id='word_1_602' title='bbox 1601 4066 1703 4124; x_wconf 86' lang='lat' dir='ltr'><strong>hoc</strong></span> <span class='ocrx_word' id='word_1_603' title='bbox 1732 4065 2065 4136; x_wconf 87' lang='lat' dir='ltr'><strong>impossibile</strong></span> 
     </span>
    </p>
   </div>
   <div class='ocr_carea' id='block_1_72' title="bbox 477 4174 578 4218">
    <p class='ocr_par' dir='ltr' id='par_1_72' title="bbox 477 4174 578 4218">
     <span class='ocr_line' id='line_1_72' title="bbox 477 4174 578 4218; baseline -0.03 0"><span class='ocrx_word' id='word_1_604' title='bbox 477 4174 578 4218; x_wconf 85' lang='grc' dir='ltr'>εει.</span> 
     </span>
    </p>
   </div>
   <div class='ocr_carea' id='block_1_73' title="bbox 549 4253 2066 4327">
    <p class='ocr_par' dir='ltr' id='par_1_73' title="bbox 549 4253 2066 4327">
     <span class='ocr_line' id='line_1_73' title="bbox 549 4253 2066 4327; baseline -0.002 -18"><span class='ocrx_word' id='word_1_605' title='bbox 549 4255 807 4320; x_wconf 82' lang='lat' dir='ltr'><strong>Quoniam</strong></span> <span class='ocrx_word' id='word_1_606' title='bbox 834 4257 988 4327; x_wconf 83' lang='lat' dir='ltr'><strong>igitur</strong></span> <span class='ocrx_word' id='word_1_607' title='bbox 1015 4257 1323 4326; x_wconf 84' lang='lat' dir='ltr'><strong>transposito</strong></span> <span class='ocrx_word' id='word_1_608' title='bbox 1366 4253 1571 4307; x_wconf 85' lang='lat' dir='ltr'><strong>nomine</strong></span> <span class='ocrx_word' id='word_1_609' title='bbox 1609 4263 1655 4308; x_wconf 88' lang='lat' dir='ltr'><strong>et</strong></span> <span class='ocrx_word' id='word_1_610' title='bbox 1692 4253 1862 4321; x_wconf 82' lang='lat' dir='ltr'><strong>verbo,</strong></span> <span class='ocrx_word' id='word_1_611' title='bbox 1891 4253 2066 4308; x_wconf 80' lang='lat' dir='ltr'><strong>eadem</strong></span> 
     </span>
    </p>
   </div>
   <div class='ocr_carea' id='block_1_74' title="bbox 474 4344 1611 4418">
    <p class='ocr_par' dir='ltr' id='par_1_74' title="bbox 474 4344 1611 4418">
     <span class='ocr_line' id='line_1_74' title="bbox 474 4344 1611 4418; baseline 0 -19"><span class='ocrx_word' id='word_1_612' title='bbox 474 4345 540 4399; x_wconf 85' lang='lat' dir='ltr'><strong>sit</strong></span> <span class='ocrx_word' id='word_1_613' title='bbox 568 4347 837 4416; x_wconf 69' lang='lat' dir='ltr'><strong>afﬁrmatio</strong></span> <span class='ocrx_word' id='word_1_614' title='bbox 867 4356 912 4402; x_wconf 90' lang='lat' dir='ltr'><strong>et</strong></span> <span class='ocrx_word' id='word_1_615' title='bbox 940 4347 1137 4418; x_wconf 84' lang='lat' dir='ltr'><strong>negatio</strong></span> <span class='ocrx_word' id='word_1_616' title='bbox 1162 4344 1489 4413; x_wconf 80' lang='lat' dir='ltr'><strong>manifestum</strong></span> <span class='ocrx_word' id='word_1_617' title='bbox 1518 4354 1611 4400; x_wconf 86' lang='lat' dir='ltr'><strong>est.</strong></span> 
     </span>
    </p>
   </div>
   <div class='ocr_carea' id='block_1_75' title="bbox 458 4433 2064 4510">
    <p class='ocr_par' dir='ltr' id='par_1_75' title="bbox 458 4433 2064 4510">
     <span class='ocr_line' id='line_1_75' title="bbox 458 4433 2064 4510; baseline -0.006 -14"><span class='ocrx_word' id='word_1_618' title='bbox 458 4472 461 4473; x_wconf 53' lang='grc' dir='ltr'><em>ν</em></span> <span class='ocrx_word' id='word_1_619' title='bbox 547 4439 889 4510; x_wconf 89' lang='lat' dir='ltr'><strong>Superiorem</strong></span> <span class='ocrx_word' id='word_1_620' title='bbox 923 4436 1438 4508; x_wconf 85' lang='lat' dir='ltr'><strong>argumentationem</strong></span> <span class='ocrx_word' id='word_1_621' title='bbox 1470 4434 1569 4489; x_wconf 90' lang='lat' dir='ltr'><strong>hac</strong></span> <span class='ocrx_word' id='word_1_622' title='bbox 1597 4433 1754 4504; x_wconf 87' lang='lat' dir='ltr'><strong>hujus</strong></span> <span class='ocrx_word' id='word_1_623' title='bbox 1783 4433 2064 4489; x_wconf 66' lang='lat' dir='ltr'><strong>sententia:</strong></span> 
     </span>
    </p>
   </div>
   <div class='ocr_carea' id='block_1_76' title="bbox 474 4526 2064 4597">
    <p class='ocr_par' dir='ltr' id='par_1_76' title="bbox 474 4526 2064 4597">
     <span class='ocr_line' id='line_1_76' title="bbox 474 4526 2064 4597; baseline -0.004 -11"><span class='ocrx_word' id='word_1_624' title='bbox 474 4531 821 4587; x_wconf 89' lang='lat' dir='ltr'><strong>conclusione</strong></span> <span class='ocrx_word' id='word_1_625' title='bbox 846 4529 1158 4595; x_wconf 90' lang='lat' dir='ltr'><strong>conﬁrmat;</strong></span> <span class='ocrx_word' id='word_1_626' title='bbox 1186 4528 1312 4584; x_wconf 89' lang='lat' dir='ltr'><strong>fecit</strong></span> <span class='ocrx_word' id='word_1_627' title='bbox 1334 4536 1509 4583; x_wconf 89' lang='lat' dir='ltr'><strong>autem</strong></span> <span class='ocrx_word' id='word_1_628' title='bbox 1533 4527 1675 4581; x_wconf 91' lang='lat' dir='ltr'><strong>hunc</strong></span> <span class='ocrx_word' id='word_1_629' title='bbox 1697 4526 2064 4597; x_wconf 84' lang='lat' dir='ltr'><strong>syllogismum</strong></span> 
     </span>
    </p>
   </div>
   <div class='ocr_carea' id='block_1_77' title="bbox 2169 3332 3764 3403">
    <p class='ocr_par' dir='ltr' id='par_1_77' title="bbox 2169 3332 3764 3403">
     <span class='ocr_line' id='line_1_77' title="bbox 2169 3332 3764 3403; baseline -0.003 -13"><span class='ocrx_word' id='word_1_630' title='bbox 2169 3335 2301 3390; x_wconf 90' lang='lat' dir='ltr'><strong>nihil</strong></span> <span class='ocrx_word' id='word_1_631' title='bbox 2342 3349 2505 3388; x_wconf 91' lang='lat' dir='ltr'><strong>unum</strong></span> <span class='ocrx_word' id='word_1_632' title='bbox 2547 3333 2920 3403; x_wconf 85' lang='lat' dir='ltr'><strong>conjungitur,</strong></span> <span class='ocrx_word' id='word_1_633' title='bbox 2952 3342 3006 3388; x_wconf 89' lang='lat' dir='ltr'><strong>ut</strong></span> <span class='ocrx_word' id='word_1_634' title='bbox 3042 3332 3157 3388; x_wconf 68' lang='lat' dir='ltr'><strong>haec</strong></span> <span class='ocrx_word' id='word_1_635' title='bbox 3195 3333 3351 3403; x_wconf 89' lang='lat' dir='ltr'><strong>quasi</strong></span> <span class='ocrx_word' id='word_1_636' title='bbox 3382 3332 3615 3402; x_wconf 88' lang='lat' dir='ltr'><strong>alicujus</strong></span> <span class='ocrx_word' id='word_1_637' title='bbox 3644 3346 3764 3403; x_wconf 83' lang='lat' dir='ltr'><strong>spe-</strong></span> 
     </span>
    </p>
   </div>
   <div class='ocr_carea' id='block_1_78' title="bbox 2137 3424 3764 3496">
    <p class='ocr_par' dir='ltr' id='par_1_78' title="bbox 2137 3424 3764 3496">
     <span class='ocr_line' id='line_1_78' title="bbox 2137 3424 3764 3496; baseline -0.004 -11"><span class='ocrx_word' id='word_1_638' title='bbox 2137 3430 2309 3485; x_wconf 55' lang='lat' dir='ltr'><strong>&quot;ciem</strong></span> <span class='ocrx_word' id='word_1_639' title='bbox 2341 3427 2595 3482; x_wconf 88' lang='lat' dir='ltr'><strong>forment.</strong></span> <span class='ocrx_word' id='word_1_640' title='bbox 2634 3426 2897 3494; x_wconf 85' lang='lat' dir='ltr'><strong>Quocirca</strong></span> <span class='ocrx_word' id='word_1_641' title='bbox 2942 3425 3056 3481; x_wconf 89' lang='lat' dir='ltr'><strong>sive</strong></span> <span class='ocrx_word' id='word_1_642' title='bbox 3084 3424 3199 3480; x_wconf 66' lang='lat' dir='ltr'><strong>hate</strong></span> <span class='ocrx_word' id='word_1_643' title='bbox 3228 3424 3299 3482; x_wconf 89' lang='lat' dir='ltr'><strong>de</strong></span> <span class='ocrx_word' id='word_1_644' title='bbox 3327 3440 3438 3480; x_wconf 91' lang='lat' dir='ltr'><strong>uno</strong></span> <span class='ocrx_word' id='word_1_645' title='bbox 3468 3424 3764 3496; x_wconf 62' lang='lat' dir='ltr'><strong>praedicen-</strong></span> 
     </span>
    </p>
   </div>
   <div class='ocr_carea' id='block_1_79' title="bbox 2144 3519 3765 3589">
    <p class='ocr_par' dir='ltr' id='par_1_79' title="bbox 2144 3519 3765 3589">
     <span class='ocr_line' id='line_1_79' title="bbox 2144 3519 3765 3589; baseline -0.004 -11"><span class='ocrx_word' id='word_1_646' title='bbox 2144 3533 2276 3587; x_wconf 87' lang='lat' dir='ltr'><strong>-tur,</strong></span> <span class='ocrx_word' id='word_1_647' title='bbox 2305 3522 2418 3577; x_wconf 90' lang='lat' dir='ltr'><strong>sive</strong></span> <span class='ocrx_word' id='word_1_648' title='bbox 2447 3536 2612 3576; x_wconf 92' lang='lat' dir='ltr'><strong>unum</strong></span> <span class='ocrx_word' id='word_1_649' title='bbox 2642 3519 2712 3576; x_wconf 91' lang='lat' dir='ltr'><strong>de</strong></span> <span class='ocrx_word' id='word_1_650' title='bbox 2742 3520 2893 3585; x_wconf 88' lang='lat' dir='ltr'><strong>istis,</strong></span> <span class='ocrx_word' id='word_1_651' title='bbox 2926 3534 3034 3574; x_wconf 92' lang='lat' dir='ltr'><strong>nou</strong></span> <span class='ocrx_word' id='word_1_652' title='bbox 3064 3519 3262 3589; x_wconf 90' lang='lat' dir='ltr'><strong>poterit</strong></span> <span class='ocrx_word' id='word_1_653' title='bbox 3297 3532 3403 3573; x_wconf 91' lang='lat' dir='ltr'><strong>una</strong></span> <span class='ocrx_word' id='word_1_654' title='bbox 3440 3531 3565 3574; x_wconf 88' lang='lat' dir='ltr'><strong>esse</strong></span> <span class='ocrx_word' id='word_1_655' title='bbox 3597 3533 3765 3574; x_wconf 86' lang='lat' dir='ltr'><strong>enun-</strong></span> 
     </span>
    </p>
   </div>
   <div class='ocr_carea' id='block_1_80' title="bbox 2168 3610 3766 3683">
    <p class='ocr_par' dir='ltr' id='par_1_80' title="bbox 2168 3610 3766 3683">
     <span class='ocr_line' id='line_1_80' title="bbox 2168 3610 3766 3683; baseline -0.002 -13"><span class='ocrx_word' id='word_1_656' title='bbox 2168 3614 2344 3682; x_wconf 88' lang='lat' dir='ltr'><strong>tiatio,</strong></span> <span class='ocrx_word' id='word_1_657' title='bbox 2371 3622 2425 3669; x_wconf 91' lang='lat' dir='ltr'><strong>et</strong></span> <span class='ocrx_word' id='word_1_658' title='bbox 2448 3611 2806 3670; x_wconf 92' lang='lat' dir='ltr'><strong>communiter</strong></span> <span class='ocrx_word' id='word_1_659' title='bbox 2833 3610 3048 3682; x_wconf 90' lang='lat' dir='ltr'><strong>quidem</strong></span> <span class='ocrx_word' id='word_1_660' title='bbox 3078 3611 3244 3666; x_wconf 92' lang='lat' dir='ltr'><strong>totius</strong></span> <span class='ocrx_word' id='word_1_661' title='bbox 3275 3610 3543 3683; x_wconf 87' lang='lat' dir='ltr'><strong>propositi</strong></span> <span class='ocrx_word' id='word_1_662' title='bbox 3574 3624 3766 3667; x_wconf 86' lang='lat' dir='ltr'><strong>sensus</strong></span> 
     </span>
    </p>
   </div>
   <div class='ocr_carea' id='block_1_81' title="bbox 2170 3704 3768 3777">
    <p class='ocr_par' dir='ltr' id='par_1_81' title="bbox 2170 3704 3768 3777">
     <span class='ocr_line' id='line_1_81' title="bbox 2170 3704 3768 3777; baseline -0.001 -15"><span class='ocrx_word' id='word_1_663' title='bbox 2170 3705 2480 3777; x_wconf 79' lang='lat' dir='ltr'><strong>huiusmodi</strong></span> <span class='ocrx_word' id='word_1_664' title='bbox 2531 3715 2636 3762; x_wconf 91' lang='grc' dir='ltr'>εει.</span> <span class='ocrx_word' id='word_1_665' title='bbox 2696 3704 2849 3760; x_wconf 82' lang='lat' dir='ltr'><strong>Nunc</strong></span> <span class='ocrx_word' id='word_1_666' title='bbox 2892 3712 3070 3761; x_wconf 87' lang='lat' dir='ltr'><strong>autem</strong></span> <span class='ocrx_word' id='word_1_667' title='bbox 3126 3704 3193 3759; x_wconf 89' lang='lat' dir='ltr'><strong>ad</strong></span> <span class='ocrx_word' id='word_1_668' title='bbox 3245 3704 3412 3772; x_wconf 88' lang='lat' dir='ltr'><strong>ipsius</strong></span> <span class='ocrx_word' id='word_1_669' title='bbox 3457 3704 3768 3761; x_wconf 80' lang='lat' dir='ltr'><strong>Aristotelis</strong></span> 
     </span>
    </p>
   </div>
   <div class='ocr_carea' id='block_1_82' title="bbox 2140 3796 3768 3868">
    <p class='ocr_par' dir='ltr' id='par_1_82' title="bbox 2140 3796 3768 3868">
     <span class='ocr_line' id='line_1_82' title="bbox 2140 3796 3768 3868; baseline 0.001 -17"><span class='ocrx_word' id='word_1_670' title='bbox 2140 3820 2143 3823; x_wconf 56' lang='grc' dir='ltr'>λ</span> <span class='ocrx_word' id='word_1_671' title='bbox 2169 3798 2336 3853; x_wconf 83' lang='lat' dir='ltr'><strong>verba</strong></span> <span class='ocrx_word' id='word_1_672' title='bbox 2367 3798 2665 3853; x_wconf 90' lang='lat' dir='ltr'><strong>veniamus.</strong></span> <span class='ocrx_word' id='word_1_673' title='bbox 2723 3796 2862 3852; x_wconf 91' lang='lat' dir='ltr'><strong>Dicit</strong></span> <span class='ocrx_word' id='word_1_674' title='bbox 2898 3797 3042 3853; x_wconf 90' lang='lat' dir='ltr'><strong>enim</strong></span> <span class='ocrx_word' id='word_1_675' title='bbox 3070 3813 3084 3850; x_wconf 91' lang='lat'><strong>:</strong></span> <span class='ocrx_word' id='word_1_676' title='bbox 3109 3797 3179 3853; x_wconf 82' lang='lat' dir='ltr'><strong>At</strong></span> <span class='ocrx_word' id='word_1_677' title='bbox 3204 3811 3333 3852; x_wconf 88' lang='lat' dir='ltr'><strong>vero</strong></span> <span class='ocrx_word' id='word_1_678' title='bbox 3359 3812 3523 3852; x_wconf 90' lang='lat' dir='ltr'><strong>unum</strong></span> <span class='ocrx_word' id='word_1_679' title='bbox 3550 3797 3621 3853; x_wconf 90' lang='lat' dir='ltr'><strong>de</strong></span> <span class='ocrx_word' id='word_1_680' title='bbox 3649 3796 3768 3868; x_wconf 88' lang='lat' dir='ltr'><strong>plu-</strong></span> 
     </span>
    </p>
   </div>
   <div class='ocr_carea' id='block_1_83' title="bbox 2170 3888 3766 3961">
    <p class='ocr_par' dir='ltr' id='par_1_83' title="bbox 2170 3888 3766 3961">
     <span class='ocr_line' id='line_1_83' title="bbox 2170 3888 3766 3961; baseline 0.001 -16"><span class='ocrx_word' id='word_1_681' title='bbox 2170 3889 2321 3945; x_wconf 89' lang='lat' dir='ltr'><strong>ribus</strong></span> <span class='ocrx_word' id='word_1_682' title='bbox 2353 3889 2436 3944; x_wconf 91' lang='lat' dir='ltr'><strong>vel</strong></span> <span class='ocrx_word' id='word_1_683' title='bbox 2469 3890 2620 3956; x_wconf 87' lang='lat' dir='ltr'><strong>plura</strong></span> <span class='ocrx_word' id='word_1_684' title='bbox 2649 3888 2718 3943; x_wconf 93' lang='lat' dir='ltr'><strong>de</strong></span> <span class='ocrx_word' id='word_1_685' title='bbox 2746 3902 2855 3944; x_wconf 90' lang='lat' dir='ltr'><strong>uno</strong></span> <span class='ocrx_word' id='word_1_686' title='bbox 2890 3888 3163 3944; x_wconf 89' lang='lat' dir='ltr'><strong>afﬁrmare</strong></span> <span class='ocrx_word' id='word_1_687' title='bbox 3205 3889 3287 3945; x_wconf 90' lang='lat' dir='ltr'><strong>vel</strong></span> <span class='ocrx_word' id='word_1_688' title='bbox 3320 3903 3542 3961; x_wconf 89' lang='lat' dir='ltr'><strong>negare,</strong></span> <span class='ocrx_word' id='word_1_689' title='bbox 3578 3893 3623 3946; x_wconf 89' lang='lat' dir='ltr'><strong>si</strong></span> <span class='ocrx_word' id='word_1_690' title='bbox 3657 3905 3766 3947; x_wconf 90' lang='lat' dir='ltr'><strong>non</strong></span> 
     </span>
    </p>
   </div>
   <div class='ocr_carea' id='block_1_84' title="bbox 2144 3981 3768 4054">
    <p class='ocr_par' dir='ltr' id='par_1_84' title="bbox 2144 3981 3768 4054">
     <span class='ocr_line' id='line_1_84' title="bbox 2144 3981 3768 4054; baseline 0.002 -17"><span class='ocrx_word' id='word_1_691' title='bbox 2144 3992 2255 4037; x_wconf 22' lang='lat' dir='ltr'><strong>rest</strong></span> <span class='ocrx_word' id='word_1_692' title='bbox 2277 3997 2439 4037; x_wconf 89' lang='lat' dir='ltr'><strong>unum</strong></span> <span class='ocrx_word' id='word_1_693' title='bbox 2463 3997 2527 4037; x_wconf 83' lang='grc' dir='ltr'>ει</span> <span class='ocrx_word' id='word_1_694' title='bbox 2562 3981 2806 4051; x_wconf 89' lang='lat' dir='ltr'><strong>pluribus</strong></span> <span class='ocrx_word' id='word_1_695' title='bbox 2828 4023 2843 4049; x_wconf 95' lang='lat'><strong>,</strong></span> <span class='ocrx_word' id='word_1_696' title='bbox 2876 3995 2981 4037; x_wconf 91' lang='lat' dir='ltr'><strong>non</strong></span> <span class='ocrx_word' id='word_1_697' title='bbox 3010 3990 3094 4037; x_wconf 87' lang='lat' dir='ltr'><strong>est</strong></span> <span class='ocrx_word' id='word_1_698' title='bbox 3135 3996 3239 4036; x_wconf 90' lang='lat' dir='ltr'><strong>una</strong></span> <span class='ocrx_word' id='word_1_699' title='bbox 3275 3981 3561 4038; x_wconf 86' lang='lat' dir='ltr'><strong>affirmatio</strong></span> <span class='ocrx_word' id='word_1_700' title='bbox 3594 3997 3768 4054; x_wconf 81' lang='lat' dir='ltr'><strong>neque</strong></span> 
     </span>
    </p>
   </div>
   <div class='ocr_carea' id='block_1_85' title="bbox 2171 4073 3767 4145">
    <p class='ocr_par' dir='ltr' id='par_1_85' title="bbox 2171 4073 3767 4145">
     <span class='ocr_line' id='line_1_85' title="bbox 2171 4073 3767 4145; baseline 0 -15"><span class='ocrx_word' id='word_1_701' title='bbox 2171 4075 2406 4145; x_wconf 87' lang='lat' dir='ltr'><strong>negatio.</strong></span> <span class='ocrx_word' id='word_1_702' title='bbox 2436 4074 2515 4141; x_wconf 90' lang='lat' dir='ltr'><strong>Si,</strong></span> <span class='ocrx_word' id='word_1_703' title='bbox 2548 4074 2738 4143; x_wconf 89' lang='lat' dir='ltr'><strong>inquit,</strong></span> <span class='ocrx_word' id='word_1_704' title='bbox 2770 4074 2918 4145; x_wconf 88' lang='lat' dir='ltr'><strong>plura</strong></span> <span class='ocrx_word' id='word_1_705' title='bbox 2966 4073 3035 4129; x_wconf 90' lang='lat' dir='ltr'><strong>de</strong></span> <span class='ocrx_word' id='word_1_706' title='bbox 3081 4089 3190 4128; x_wconf 93' lang='lat' dir='ltr'><strong>uno</strong></span> <span class='ocrx_word' id='word_1_707' title='bbox 3237 4074 3524 4144; x_wconf 66' lang='lat' dir='ltr'><strong>praedices,</strong></span> <span class='ocrx_word' id='word_1_708' title='bbox 3559 4084 3617 4130; x_wconf 93' lang='lat' dir='ltr'><strong>ut</strong></span> <span class='ocrx_word' id='word_1_709' title='bbox 3645 4089 3767 4130; x_wconf 88' lang='lat' dir='ltr'><strong>cum</strong></span> 
     </span>
    </p>
   </div>
   <div class='ocr_carea' id='block_1_86' title="bbox 2171 4164 3769 4237">
    <p class='ocr_par' dir='ltr' id='par_1_86' title="bbox 2171 4164 3769 4237">
     <span class='ocr_line' id='line_1_86' title="bbox 2171 4164 3769 4237; baseline 0.001 -15"><span class='ocrx_word' id='word_1_710' title='bbox 2171 4167 2305 4223; x_wconf 87' lang='lat' dir='ltr'><strong>dicis</strong></span> <span class='ocrx_word' id='word_1_711' title='bbox 2338 4164 2361 4221; x_wconf 41' lang='lat'><strong>:‘</strong></span> <span class='ocrx_word' id='word_1_712' title='bbox 2386 4165 2738 4237; x_wconf 85' lang='lat' dir='ltr'><strong>philosophus</strong></span> <span class='ocrx_word' id='word_1_713' title='bbox 2784 4166 2984 4235; x_wconf 91' lang='lat' dir='ltr'><strong>simus,</strong></span> <span class='ocrx_word' id='word_1_714' title='bbox 3032 4166 3217 4222; x_wconf 88' lang='lat' dir='ltr'><strong>calvus</strong></span> <span class='ocrx_word' id='word_1_715' title='bbox 3248 4166 3502 4222; x_wconf 85' lang='lat' dir='ltr'><strong>Socrates</strong></span> <span class='ocrx_word' id='word_1_716' title='bbox 3548 4176 3655 4232; x_wconf 88' lang='lat' dir='ltr'><strong>est,</strong></span> <span class='ocrx_word' id='word_1_717' title='bbox 3684 4168 3769 4223; x_wconf 88' lang='lat' dir='ltr'><strong>vel</strong></span> 
     </span>
    </p>
   </div>
   <div class='ocr_carea' id='block_1_87' title="bbox 2170 4256 3764 4328">
    <p class='ocr_par' dir='ltr' id='par_1_87' title="bbox 2170 4256 3764 4328">
     <span class='ocr_line' id='line_1_87' title="bbox 2170 4256 3764 4328; baseline -0.001 -14"><span class='ocrx_word' id='word_1_718' title='bbox 2170 4272 2360 4314; x_wconf 88' lang='lat' dir='ltr'><strong>rursus</strong></span> <span class='ocrx_word' id='word_1_719' title='bbox 2384 4273 2506 4313; x_wconf 88' lang='lat' dir='ltr'><strong>cum</strong></span> <span class='ocrx_word' id='word_1_720' title='bbox 2548 4274 2717 4313; x_wconf 85' lang='lat' dir='ltr'><strong>unum</strong></span> <span class='ocrx_word' id='word_1_721' title='bbox 2748 4257 2818 4313; x_wconf 89' lang='lat' dir='ltr'><strong>de</strong></span> <span class='ocrx_word' id='word_1_722' title='bbox 2845 4256 3086 4327; x_wconf 89' lang='lat' dir='ltr'><strong>pluribus</strong></span> <span class='ocrx_word' id='word_1_723' title='bbox 3115 4258 3396 4328; x_wconf 77' lang='lat' dir='ltr'><strong>praedicas,</strong></span> <span class='ocrx_word' id='word_1_724' title='bbox 3429 4273 3552 4313; x_wconf 91' lang='lat' dir='ltr'><strong>cum</strong></span> <span class='ocrx_word' id='word_1_725' title='bbox 3591 4258 3764 4315; x_wconf 85' lang='lat' dir='ltr'><strong>dicis:</strong></span> 
     </span>
    </p>
   </div>
   <div class='ocr_carea' id='block_1_88' title="bbox 2170 4349 3769 4421">
    <p class='ocr_par' dir='ltr' id='par_1_88' title="bbox 2170 4349 3769 4421">
     <span class='ocr_line' id='line_1_88' title="bbox 2170 4349 3769 4421; baseline -0.002 -13"><span class='ocrx_word' id='word_1_726' title='bbox 2170 4351 2424 4408; x_wconf 87' lang='lat' dir='ltr'><strong>Socrates</strong></span> <span class='ocrx_word' id='word_1_727' title='bbox 2477 4352 2649 4406; x_wconf 88' lang='lat' dir='ltr'><strong>simus</strong></span> <span class='ocrx_word' id='word_1_728' title='bbox 2699 4349 3053 4421; x_wconf 88' lang='lat' dir='ltr'><strong>philosophus</strong></span> <span class='ocrx_word' id='word_1_729' title='bbox 3099 4350 3282 4405; x_wconf 89' lang='lat' dir='ltr'><strong>calvus</strong></span> <span class='ocrx_word' id='word_1_730' title='bbox 3329 4358 3433 4416; x_wconf 88' lang='lat' dir='ltr'><strong>est,</strong></span> <span class='ocrx_word' id='word_1_731' title='bbox 3479 4350 3524 4405; x_wconf 89' lang='lat' dir='ltr'><strong>si</strong></span> <span class='ocrx_word' id='word_1_732' title='bbox 3570 4366 3636 4407; x_wconf 80' lang='lat' dir='ltr'><strong>es</strong></span> <span class='ocrx_word' id='word_1_733' title='bbox 3684 4350 3769 4405; x_wconf 89' lang='lat' dir='ltr'><strong>his</strong></span> 
     </span>
    </p>
   </div>
   <div class='ocr_carea' id='block_1_89' title="bbox 2172 4441 3765 4513">
    <p class='ocr_par' dir='ltr' id='par_1_89' title="bbox 2172 4441 3765 4513">
     <span class='ocr_line' id='line_1_89' title="bbox 2172 4441 3765 4513; baseline 0 -16"><span class='ocrx_word' id='word_1_734' title='bbox 2172 4442 2418 4512; x_wconf 88' lang='lat' dir='ltr'><strong>pluribus</strong></span> <span class='ocrx_word' id='word_1_735' title='bbox 2443 4457 2565 4513; x_wconf 69' lang='lat' dir='ltr'><strong>quae</strong></span> <span class='ocrx_word' id='word_1_736' title='bbox 2594 4441 2679 4497; x_wconf 91' lang='lat' dir='ltr'><strong>vel</strong></span> <span class='ocrx_word' id='word_1_737' title='bbox 2711 4442 2972 4511; x_wconf 81' lang='lat' dir='ltr'><strong>praedicas</strong></span> <span class='ocrx_word' id='word_1_738' title='bbox 2992 4441 3080 4497; x_wconf 89' lang='lat' dir='ltr'><strong>vel</strong></span> <span class='ocrx_word' id='word_1_739' title='bbox 3102 4442 3345 4512; x_wconf 89' lang='lat' dir='ltr'><strong>subjicis,</strong></span> <span class='ocrx_word' id='word_1_740' title='bbox 3370 4457 3535 4498; x_wconf 81' lang='lat' dir='ltr'><strong>unum</strong></span> <span class='ocrx_word' id='word_1_741' title='bbox 3566 4444 3765 4513; x_wconf 82' lang='lat' dir='ltr'><strong>aliquid</strong></span> 
     </span>
    </p>
   </div>
   <div class='ocr_carea' id='block_1_90' title="bbox 2171 4534 3766 4608">
    <p class='ocr_par' dir='ltr' id='par_1_90' title="bbox 2171 4534 3766 4608">
     <span class='ocr_line' id='line_1_90' title="bbox 2171 4534 3766 4608; baseline 0.001 -17"><span class='ocrx_word' id='word_1_742' title='bbox 2171 4550 2278 4591; x_wconf 93' lang='lat' dir='ltr'><strong>non</strong></span> <span class='ocrx_word' id='word_1_743' title='bbox 2312 4534 2389 4603; x_wconf 90' lang='lat' dir='ltr'><strong>ﬁt,</strong></span> <span class='ocrx_word' id='word_1_744' title='bbox 2419 4534 2871 4607; x_wconf 88' lang='lat' dir='ltr'><strong>quemadmodum</strong></span> <span class='ocrx_word' id='word_1_745' title='bbox 2903 4535 3016 4590; x_wconf 91' lang='lat' dir='ltr'><strong>ﬁeri</strong></span> <span class='ocrx_word' id='word_1_746' title='bbox 3042 4550 3204 4589; x_wconf 90' lang='lat' dir='ltr'><strong>unum</strong></span> <span class='ocrx_word' id='word_1_747' title='bbox 3237 4542 3415 4604; x_wconf 84' lang='lat' dir='ltr'><strong>potest</strong></span> <span class='ocrx_word' id='word_1_748' title='bbox 3436 4535 3507 4591; x_wconf 90' lang='lat' dir='ltr'><strong>de</strong></span> <span class='ocrx_word' id='word_1_749' title='bbox 3533 4536 3617 4592; x_wconf 89' lang='lat' dir='ltr'><strong>his</strong></span> <span class='ocrx_word' id='word_1_750' title='bbox 3644 4552 3766 4608; x_wconf 73' lang='lat' dir='ltr'><strong>qua:</strong></span> 
     </span>
    </p>
   </div>
   <div class='ocr_carea' id='block_1_91' title="bbox 474 4618 3761 4700">
    <p class='ocr_par' dir='ltr' id='par_1_91' title="bbox 474 4618 3761 4700">
     <span class='ocr_line' id='line_1_91' title="bbox 474 4618 3761 4700; baseline 0.001 -21"><span class='ocrx_word' id='word_1_751' title='bbox 474 4624 528 4678; x_wconf 92' lang='lat' dir='ltr'><strong>in</strong></span> <span class='ocrx_word' id='word_1_752' title='bbox 558 4623 796 4678; x_wconf 88' lang='lat' dir='ltr'><strong>secundo</strong></span> <span class='ocrx_word' id='word_1_753' title='bbox 834 4622 997 4677; x_wconf 89' lang='lat' dir='ltr'><strong>modo</strong></span> <span class='ocrx_word' id='word_1_754' title='bbox 1054 4619 1399 4692; x_wconf 77' lang='lat' dir='ltr'><strong>hypotltetico</strong></span> <span class='ocrx_word' id='word_1_755' title='bbox 1419 4658 1434 4682; x_wconf 77' lang='lat'><strong>.</strong></span> <span class='ocrx_word' id='word_1_756' title='bbox 1465 4634 1622 4689; x_wconf 86' lang='lat' dir='ltr'><strong>quem</strong></span> <span class='ocrx_word' id='word_1_757' title='bbox 1662 4618 2058 4675; x_wconf 62' lang='lat' dir='ltr'><strong>iudemonsb‘a-</strong></span> <span class='ocrx_word' id='word_1_758' title='bbox 2090 4636 2145 4697; x_wconf 81' lang='lat'><strong>1)</strong></span> <span class='ocrx_word' id='word_1_759' title='bbox 2168 4628 2542 4700; x_wconf 82' lang='lat' dir='ltr'><strong>praedicamus,</strong></span> <span class='ocrx_word' id='word_1_760' title='bbox 2577 4626 2874 4682; x_wconf 88' lang='lat' dir='ltr'><strong>substantia</strong></span> <span class='ocrx_word' id='word_1_761' title='bbox 2903 4627 3137 4681; x_wconf 85' lang='lat' dir='ltr'><strong>animata</strong></span> <span class='ocrx_word' id='word_1_762' title='bbox 3179 4625 3484 4697; x_wconf 85' lang='lat' dir='ltr'><strong>sensibilis,</strong></span> <span class='ocrx_word' id='word_1_763' title='bbox 3532 4626 3588 4682; x_wconf 88' lang='lat' dir='ltr'><strong>id</strong></span> <span class='ocrx_word' id='word_1_764' title='bbox 3618 4626 3761 4699; x_wconf 88' lang='lat' dir='ltr'><strong>quod</strong></span> 
     </span>
    </p>
   </div>
   <div class='ocr_carea' id='block_1_92' title="bbox 473 4713 2049 4783">
    <p class='ocr_par' dir='ltr' id='par_1_92' title="bbox 473 4713 2049 4783">
     <span class='ocr_line' id='line_1_92' title="bbox 473 4713 2049 4783; baseline -0.001 -12"><span class='ocrx_word' id='word_1_765' title='bbox 473 4716 635 4771; x_wconf 89' lang='lat' dir='ltr'><strong>bilem</strong></span> <span class='ocrx_word' id='word_1_766' title='bbox 675 4724 832 4771; x_wconf 86' lang='lat' dir='ltr'><strong>vocat</strong></span> <span class='ocrx_word' id='word_1_767' title='bbox 873 4714 976 4771; x_wconf 87' lang='lat' dir='ltr'><strong>hoc</strong></span> <span class='ocrx_word' id='word_1_768' title='bbox 1018 4714 1179 4770; x_wconf 89' lang='lat' dir='ltr'><strong>modo</strong></span> <span class='ocrx_word' id='word_1_769' title='bbox 1205 4732 1216 4765; x_wconf 92' lang='lat'>:</span> <span class='ocrx_word' id='word_1_770' title='bbox 1242 4713 1287 4767; x_wconf 92' lang='lat' dir='ltr'><strong>si</strong></span> <span class='ocrx_word' id='word_1_771' title='bbox 1336 4714 1570 4783; x_wconf 87' lang='lat' dir='ltr'><strong>primum</strong></span> <span class='ocrx_word' id='word_1_772' title='bbox 1616 4723 1719 4781; x_wconf 84' lang='lat' dir='ltr'><strong>est,</strong></span> <span class='ocrx_word' id='word_1_773' title='bbox 1752 4713 2049 4770; x_wconf 89' lang='lat' dir='ltr'><strong>secundum</strong></span> 
     </span>
    </p>
   </div>
   <div class='ocr_carea' id='block_1_93' title="bbox 470 4805 2056 4877">
    <p class='ocr_par' dir='ltr' id='par_1_93' title="bbox 470 4805 2056 4877">
     <span class='ocr_line' id='line_1_93' title="bbox 470 4805 2056 4877; baseline -0.003 -11"><span class='ocrx_word' id='word_1_774' title='bbox 470 4820 583 4877; x_wconf 86' lang='lat' dir='ltr'><strong>est;</strong></span> <span class='ocrx_word' id='word_1_775' title='bbox 616 4809 711 4865; x_wconf 89' lang='lat' dir='ltr'><strong>sed</strong></span> <span class='ocrx_word' id='word_1_776' title='bbox 753 4808 1046 4865; x_wconf 87' lang='lat' dir='ltr'><strong>secundum</strong></span> <span class='ocrx_word' id='word_1_777' title='bbox 1078 4821 1186 4862; x_wconf 92' lang='lat' dir='ltr'><strong>non</strong></span> <span class='ocrx_word' id='word_1_778' title='bbox 1214 4814 1329 4870; x_wconf 90' lang='lat' dir='ltr'><strong>est,</strong></span> <span class='ocrx_word' id='word_1_779' title='bbox 1358 4805 1584 4874; x_wconf 88' lang='lat' dir='ltr'><strong>primum</strong></span> <span class='ocrx_word' id='word_1_780' title='bbox 1620 4805 1778 4875; x_wconf 87' lang='lat' dir='ltr'><strong>igitur</strong></span> <span class='ocrx_word' id='word_1_781' title='bbox 1805 4822 1910 4863; x_wconf 92' lang='lat' dir='ltr'><strong>non</strong></span> <span class='ocrx_word' id='word_1_782' title='bbox 1935 4815 2056 4873; x_wconf 90' lang='lat' dir='ltr'><strong>est;</strong></span> 
     </span>
    </p>
   </div>
   <div class='ocr_carea' id='block_1_94' title="bbox 470 4896 2060 4970">
    <p class='ocr_par' dir='ltr' id='par_1_94' title="bbox 470 4896 2060 4970">
     <span class='ocr_line' id='line_1_94' title="bbox 470 4896 2060 4970; baseline -0.003 -11"><span class='ocrx_word' id='word_1_783' title='bbox 470 4902 525 4958; x_wconf 89' lang='lat' dir='ltr'><strong>id</strong></span> <span class='ocrx_word' id='word_1_784' title='bbox 561 4911 664 4967; x_wconf 92' lang='lat' dir='ltr'><strong>est,</strong></span> <span class='ocrx_word' id='word_1_785' title='bbox 696 4902 743 4957; x_wconf 89' lang='lat' dir='ltr'><strong>si</strong></span> <span class='ocrx_word' id='word_1_786' title='bbox 790 4898 1127 4970; x_wconf 88' lang='lat' dir='ltr'><strong>transpositis</strong></span> <span class='ocrx_word' id='word_1_787' title='bbox 1155 4896 1333 4953; x_wconf 89' lang='lat' dir='ltr'><strong>verbis</strong></span> <span class='ocrx_word' id='word_1_788' title='bbox 1368 4905 1423 4953; x_wconf 92' lang='lat' dir='ltr'><strong>et</strong></span> <span class='ocrx_word' id='word_1_789' title='bbox 1466 4896 1771 4955; x_wconf 90' lang='lat' dir='ltr'><strong>nominibus</strong></span> <span class='ocrx_word' id='word_1_790' title='bbox 1801 4913 1905 4954; x_wconf 92' lang='lat' dir='ltr'><strong>non</strong></span> <span class='ocrx_word' id='word_1_791' title='bbox 1934 4909 2060 4955; x_wconf 90' lang='lat' dir='ltr'><strong>sunt</strong></span> 
     </span>
    </p>
   </div>
   <div class='ocr_carea' id='block_1_95' title="bbox 438 4991 2060 5066">
    <p class='ocr_par' dir='ltr' id='par_1_95' title="bbox 438 4991 2060 5066">
     <span class='ocr_line' id='line_1_95' title="bbox 438 4991 2060 5066; baseline -0.002 -14"><span class='ocrx_word' id='word_1_792' title='bbox 438 4995 683 5054; x_wconf 61' lang='lat' dir='ltr'><strong>easdem</strong></span> <span class='ocrx_word' id='word_1_793' title='bbox 716 4992 1112 5066; x_wconf 87' lang='lat' dir='ltr'><strong>propositiones</strong></span> <span class='ocrx_word' id='word_1_794' title='bbox 1148 4991 1307 5046; x_wconf 89' lang='lat' dir='ltr'><strong>unius</strong></span> <span class='ocrx_word' id='word_1_795' title='bbox 1346 4991 1745 5057; x_wconf 90' lang='lat' dir='ltr'><strong>afﬁrmatiouis,</strong></span> <span class='ocrx_word' id='word_1_796' title='bbox 1780 4992 1898 5048; x_wconf 66' lang='lat' dir='ltr'><strong>dua:</strong></span> <span class='ocrx_word' id='word_1_797' title='bbox 1935 5006 2060 5049; x_wconf 88' lang='lat' dir='ltr'><strong>sunt</strong></span> 
     </span>
    </p>
   </div>
   <div class='ocr_carea' id='block_1_96' title="bbox 473 5084 2057 5160">
    <p class='ocr_par' dir='ltr' id='par_1_96' title="bbox 473 5084 2057 5160">
     <span class='ocr_line' id='line_1_96' title="bbox 473 5084 2057 5160; baseline -0.001 -16"><span class='ocrx_word' id='word_1_798' title='bbox 473 5089 815 5160; x_wconf 89' lang='lat' dir='ltr'><strong>negationes;</strong></span> <span class='ocrx_word' id='word_1_799' title='bbox 846 5086 941 5143; x_wconf 90' lang='lat' dir='ltr'><strong>sed</strong></span> <span class='ocrx_word' id='word_1_800' title='bbox 981 5085 1084 5140; x_wconf 88' lang='lat' dir='ltr'><strong>hoc</strong></span> <span class='ocrx_word' id='word_1_801' title='bbox 1125 5084 1457 5155; x_wconf 87' lang='lat' dir='ltr'><strong>impossibile</strong></span> <span class='ocrx_word' id='word_1_802' title='bbox 1492 5094 1593 5141; x_wconf 88' lang='lat' dir='ltr'><strong>est.</strong></span> <span class='ocrx_word' id='word_1_803' title='bbox 1638 5085 1751 5141; x_wconf 83' lang='lat' dir='ltr'><strong>Non</strong></span> <span class='ocrx_word' id='word_1_804' title='bbox 1782 5086 1942 5156; x_wconf 89' lang='lat' dir='ltr'><strong>igitur</strong></span> <span class='ocrx_word' id='word_1_805' title='bbox 1970 5086 2057 5142; x_wconf 87' lang='lat' dir='ltr'><strong>di-</strong></span> 
     </span>
    </p>
   </div>
   <div class='ocr_carea' id='block_1_97' title="bbox 473 5179 2058 5252">
    <p class='ocr_par' dir='ltr' id='par_1_97' title="bbox 473 5179 2058 5252">
     <span class='ocr_line' id='line_1_97' title="bbox 473 5179 2058 5252; baseline -0.002 -14"><span class='ocrx_word' id='word_1_806' title='bbox 473 5198 649 5239; x_wconf 83' lang='lat' dir='ltr'><strong>versae</strong></span> <span class='ocrx_word' id='word_1_807' title='bbox 687 5190 814 5240; x_wconf 90' lang='lat' dir='ltr'><strong>sunt</strong></span> <span class='ocrx_word' id='word_1_808' title='bbox 848 5179 1259 5252; x_wconf 87' lang='lat' dir='ltr'><strong>propositiones,</strong></span> <span class='ocrx_word' id='word_1_809' title='bbox 1294 5180 1636 5248; x_wconf 87' lang='lat' dir='ltr'><strong>transpositis</strong></span> <span class='ocrx_word' id='word_1_810' title='bbox 1666 5180 1848 5237; x_wconf 86' lang='lat' dir='ltr'><strong>verbis</strong></span> <span class='ocrx_word' id='word_1_811' title='bbox 1878 5190 1933 5236; x_wconf 87' lang='lat' dir='ltr'><strong>et</strong></span> <span class='ocrx_word' id='word_1_812' title='bbox 1959 5196 2058 5235; x_wconf 89' lang='lat' dir='ltr'><strong>no-</strong></span> 
     </span>
    </p>
   </div>
   <div class='ocr_carea' id='block_1_98' title="bbox 472 5273 727 5330">
    <p class='ocr_par' dir='ltr' id='par_1_98' title="bbox 472 5273 727 5330">
     <span class='ocr_line' id='line_1_98' title="bbox 472 5273 727 5330; baseline -0.012 -1"><span class='ocrx_word' id='word_1_813' title='bbox 472 5273 727 5330; x_wconf 88' lang='lat' dir='ltr'><strong>minibus.</strong></span> 
     </span>
    </p>
   </div>
   <div class='ocr_carea' id='block_1_99' title="bbox 626 5419 1903 5465">
    <p class='ocr_par' dir='ltr' id='par_1_99' title="bbox 626 5419 1903 5465">
     <span class='ocr_line' id='line_1_99' title="bbox 626 5419 1903 5465; baseline -0.005 0"><span class='ocrx_word' id='word_1_814' title='bbox 626 5425 694 5465; x_wconf 79' lang='lat' dir='ltr'><strong>DE</strong></span> <span class='ocrx_word' id='word_1_815' title='bbox 732 5420 1047 5465; x_wconf 69' lang='lat' dir='ltr'><strong>CONJUNC‘I&#39;IS</strong></span> <span class='ocrx_word' id='word_1_816' title='bbox 1085 5421 1155 5462; x_wconf 80' lang='grc' dir='ltr'><strong>ΕΤ</strong></span> <span class='ocrx_word' id='word_1_817' title='bbox 1195 5421 1380 5464; x_wconf 69' lang='grc' dir='ltr'>οινιειε</span> <span class='ocrx_word' id='word_1_818' title='bbox 1416 5419 1903 5464; x_wconf 71' lang='grc' dir='ltr'>ειιυΝτιΑτιοΝιευε.</span> 
     </span>
    </p>
   </div>
   <div class='ocr_carea' id='block_1_100' title="bbox 541 5546 2061 5617">
    <p class='ocr_par' dir='ltr' id='par_1_100' title="bbox 541 5546 2061 5617">
     <span class='ocr_line' id='line_1_100' title="bbox 541 5546 2061 5617; baseline -0.003 -15"><span class='ocrx_word' id='word_1_819' title='bbox 541 5550 609 5603; x_wconf 81' lang='lat' dir='ltr'><strong>At</strong></span> <span class='ocrx_word' id='word_1_820' title='bbox 633 5565 750 5603; x_wconf 84' lang='lat' dir='ltr'><strong>vero</strong></span> <span class='ocrx_word' id='word_1_821' title='bbox 793 5564 954 5604; x_wconf 80' lang='lat' dir='ltr'><strong>unum</strong></span> <span class='ocrx_word' id='word_1_822' title='bbox 992 5549 1057 5603; x_wconf 83' lang='lat' dir='ltr'><strong>de</strong></span> <span class='ocrx_word' id='word_1_823' title='bbox 1107 5548 1363 5617; x_wconf 81' lang='lat' dir='ltr'><strong>pluribus,</strong></span> <span class='ocrx_word' id='word_1_824' title='bbox 1391 5549 1469 5602; x_wconf 76' lang='lat' dir='ltr'><strong>vel</strong></span> <span class='ocrx_word' id='word_1_825' title='bbox 1512 5548 1663 5617; x_wconf 84' lang='lat' dir='ltr'><strong>plura</strong></span> <span class='ocrx_word' id='word_1_826' title='bbox 1692 5547 1755 5600; x_wconf 82' lang='lat' dir='ltr'><strong>de</strong></span> <span class='ocrx_word' id='word_1_827' title='bbox 1781 5562 1884 5599; x_wconf 85' lang='lat' dir='ltr'><strong>uno</strong></span> <span class='ocrx_word' id='word_1_828' title='bbox 1925 5546 2061 5615; x_wconf 60' lang='lat' dir='ltr'><strong>apir-</strong></span> 
     </span>
    </p>
   </div>
   <div class='ocr_carea' id='block_1_101' title="bbox 469 5638 2060 5712">
    <p class='ocr_par' dir='ltr' id='par_1_101' title="bbox 469 5638 2060 5712">
     <span class='ocr_line' id='line_1_101' title="bbox 469 5638 2060 5712; baseline -0.003 -15"><span class='ocrx_word' id='word_1_829' title='bbox 469 5658 614 5697; x_wconf 84' lang='lat' dir='ltr'><strong>mare</strong></span> <span class='ocrx_word' id='word_1_830' title='bbox 639 5640 718 5697; x_wconf 80' lang='lat' dir='ltr'><strong>vel</strong></span> <span class='ocrx_word' id='word_1_831' title='bbox 747 5657 956 5712; x_wconf 82' lang='lat' dir='ltr'><strong>negare,</strong></span> <span class='ocrx_word' id='word_1_832' title='bbox 977 5641 1023 5695; x_wconf 84' lang='lat' dir='ltr'><strong>si</strong></span> <span class='ocrx_word' id='word_1_833' title='bbox 1048 5657 1151 5695; x_wconf 76' lang='lat' dir='ltr'><strong>non</strong></span> <span class='ocrx_word' id='word_1_834' title='bbox 1177 5650 1251 5696; x_wconf 84' lang='lat' dir='ltr'><strong>est</strong></span> <span class='ocrx_word' id='word_1_835' title='bbox 1294 5656 1451 5694; x_wconf 85' lang='lat' dir='ltr'><strong>unum</strong></span> <span class='ocrx_word' id='word_1_836' title='bbox 1480 5654 1545 5693; x_wconf 75' lang='lat' dir='ltr'><strong>ea:</strong></span> <span class='ocrx_word' id='word_1_837' title='bbox 1580 5638 1832 5708; x_wconf 82' lang='lat' dir='ltr'><strong>pluribus,</strong></span> <span class='ocrx_word' id='word_1_838' title='bbox 1855 5655 1958 5692; x_wconf 82' lang='lat' dir='ltr'><strong>non</strong></span> <span class='ocrx_word' id='word_1_839' title='bbox 1985 5648 2060 5693; x_wconf 83' lang='lat' dir='ltr'><strong>est</strong></span> 
     </span>
    </p>
   </div>
   <div class='ocr_carea' id='block_1_102' title="bbox 468 5730 2061 5806">
    <p class='ocr_par' dir='ltr' id='par_1_102' title="bbox 468 5730 2061 5806">
     <span class='ocr_line' id='line_1_102' title="bbox 468 5730 2061 5806; baseline -0.003 -16"><span class='ocrx_word' id='word_1_840' title='bbox 468 5735 745 5806; x_wconf 73' lang='lat' dir='ltr'><strong>afﬁrmatio</strong></span> <span class='ocrx_word' id='word_1_841' title='bbox 767 5750 873 5788; x_wconf 84' lang='lat' dir='ltr'><strong>una</strong></span> <span class='ocrx_word' id='word_1_842' title='bbox 900 5742 1059 5804; x_wconf 81' lang='lat' dir='ltr'><strong>neque</strong></span> <span class='ocrx_word' id='word_1_843' title='bbox 1079 5732 1301 5803; x_wconf 84' lang='lat' dir='ltr'><strong>negatio.</strong></span> <span class='ocrx_word' id='word_1_844' title='bbox 1325 5730 1455 5785; x_wconf 84' lang='lat' dir='ltr'><strong>Dico</strong></span> <span class='ocrx_word' id='word_1_845' title='bbox 1479 5738 1649 5783; x_wconf 84' lang='lat' dir='ltr'><strong>autem</strong></span> <span class='ocrx_word' id='word_1_846' title='bbox 1672 5746 1851 5796; x_wconf 83' lang='lat' dir='ltr'><strong>unum,</strong></span> <span class='ocrx_word' id='word_1_847' title='bbox 1880 5745 1981 5784; x_wconf 84' lang='lat' dir='ltr'><strong>non</strong></span> <span class='ocrx_word' id='word_1_848' title='bbox 2015 5732 2061 5785; x_wconf 87' lang='lat' dir='ltr'><strong>si</strong></span> 
     </span>
    </p>
   </div>
   <div class='ocr_carea' id='block_1_103' title="bbox 468 5822 2056 5894">
    <p class='ocr_par' dir='ltr' id='par_1_103' title="bbox 468 5822 2056 5894">
     <span class='ocr_line' id='line_1_103' title="bbox 468 5822 2056 5894; baseline -0.003 -13"><span class='ocrx_word' id='word_1_849' title='bbox 468 5842 633 5881; x_wconf 80' lang='lat' dir='ltr'><strong>unum</strong></span> <span class='ocrx_word' id='word_1_850' title='bbox 662 5841 843 5883; x_wconf 81' lang='lat' dir='ltr'><strong>nomen</strong></span> <span class='ocrx_word' id='word_1_851' title='bbox 881 5825 1102 5894; x_wconf 86' lang='lat' dir='ltr'><strong>positum</strong></span> <span class='ocrx_word' id='word_1_852' title='bbox 1130 5825 1217 5887; x_wconf 85' lang='lat' dir='ltr'><strong>sit,</strong></span> <span class='ocrx_word' id='word_1_853' title='bbox 1247 5839 1349 5877; x_wconf 80' lang='lat' dir='ltr'><strong>non</strong></span> <span class='ocrx_word' id='word_1_854' title='bbox 1370 5822 1438 5877; x_wconf 87' lang='lat' dir='ltr'><strong>sit</strong></span> <span class='ocrx_word' id='word_1_855' title='bbox 1461 5830 1628 5876; x_wconf 86' lang='lat' dir='ltr'><strong>autem</strong></span> <span class='ocrx_word' id='word_1_856' title='bbox 1654 5837 1815 5876; x_wconf 82' lang='lat' dir='ltr'><strong>unum</strong></span> <span class='ocrx_word' id='word_1_857' title='bbox 1839 5838 1904 5877; x_wconf 81' lang='lat' dir='ltr'><strong>ea:</strong></span> <span class='ocrx_word' id='word_1_858' title='bbox 1931 5822 2056 5889; x_wconf 84' lang='lat' dir='ltr'><strong>illis,</strong></span> 
     </span>
    </p>
   </div>
   <div class='ocr_carea' id='block_1_104' title="bbox 470 5918 2056 5997">
    <p class='ocr_par' dir='ltr' id='par_1_104' title="bbox 470 5918 2056 5997">
     <span class='ocr_line' id='line_1_104' title="bbox 470 5918 2056 5997; baseline 0.004 -29"><span class='ocrx_word' id='word_1_859' title='bbox 470 5931 525 5987; x_wconf 72' lang='grc' dir='ltr'>μι</span> <span class='ocrx_word' id='word_1_860' title='bbox 554 5918 707 5985; x_wconf 81' lang='lat' dir='ltr'><strong>homg</strong></span> <span class='ocrx_word' id='word_1_861' title='bbox 731 5928 805 5970; x_wconf 82' lang='lat' dir='ltr'><strong>est</strong></span> <span class='ocrx_word' id='word_1_862' title='bbox 849 5920 1067 5987; x_wconf 72' lang='lat' dir='ltr'><strong>fortasse</strong></span> <span class='ocrx_word' id='word_1_863' title='bbox 1095 5926 1140 5970; x_wconf 81' lang='lat' dir='ltr'><strong>et</strong></span> <span class='ocrx_word' id='word_1_864' title='bbox 1179 5918 1372 5973; x_wconf 84' lang='lat' dir='ltr'><strong>animal</strong></span> <span class='ocrx_word' id='word_1_865' title='bbox 1404 5928 1449 5975; x_wconf 81' lang='lat' dir='ltr'><strong>et</strong></span> <span class='ocrx_word' id='word_1_866' title='bbox 1478 5924 1798 5985; x_wconf 70' lang='lat' dir='ltr'><strong>mansuetum</strong></span> <span class='ocrx_word' id='word_1_867' title='bbox 1823 5925 1868 5979; x_wconf 80' lang='lat' dir='ltr'><strong>el</strong></span> <span class='ocrx_word' id='word_1_868' title='bbox 1899 5918 2056 5997; x_wconf 70' lang='lat' dir='ltr'><strong>bipes,</strong></span> 
     </span>
    </p>
   </div>
   <div class='ocr_carea' id='block_1_105' title="bbox 2136 4716 3761 4787">
    <p class='ocr_par' dir='ltr' id='par_1_105' title="bbox 2136 4716 3761 4787">
     <span class='ocr_line' id='line_1_105' title="bbox 2136 4716 3761 4787; baseline -0.002 -10"><span class='ocrx_word' id='word_1_869' title='bbox 2136 4730 2251 4777; x_wconf 81' lang='lat' dir='ltr'><strong>est</strong></span> <span class='ocrx_word' id='word_1_870' title='bbox 2278 4718 2499 4784; x_wconf 87' lang='lat' dir='ltr'><strong>animal,</strong></span> <span class='ocrx_word' id='word_1_871' title='bbox 2531 4733 2638 4773; x_wconf 90' lang='lat' dir='ltr'><strong>non</strong></span> <span class='ocrx_word' id='word_1_872' title='bbox 2686 4717 2746 4773; x_wconf 91' lang='lat' dir='ltr'><strong>ﬁt</strong></span> <span class='ocrx_word' id='word_1_873' title='bbox 2775 4732 2880 4773; x_wconf 91' lang='lat' dir='ltr'><strong>una</strong></span> <span class='ocrx_word' id='word_1_874' title='bbox 2922 4716 3217 4773; x_wconf 86' lang='lat' dir='ltr'><strong>affirmatio</strong></span> <span class='ocrx_word' id='word_1_875' title='bbox 3256 4732 3360 4774; x_wconf 91' lang='lat' dir='ltr'><strong>nec</strong></span> <span class='ocrx_word' id='word_1_876' title='bbox 3388 4732 3494 4773; x_wconf 90' lang='lat' dir='ltr'><strong>una</strong></span> <span class='ocrx_word' id='word_1_877' title='bbox 3525 4720 3761 4787; x_wconf 86' lang='lat' dir='ltr'><strong>negatio.</strong></span> 
     </span>
    </p>
   </div>
   <div class='ocr_carea' id='block_1_106' title="bbox 2169 4812 3765 4885">
    <p class='ocr_par' dir='ltr' id='par_1_106' title="bbox 2169 4812 3765 4885">
     <span class='ocr_line' id='line_1_106' title="bbox 2169 4812 3765 4885; baseline 0 -16"><span class='ocrx_word' id='word_1_878' title='bbox 2169 4812 2612 4884; x_wconf 84' lang='lat' dir='ltr'><strong>Quandoquidem</strong></span> <span class='ocrx_word' id='word_1_879' title='bbox 2644 4812 2797 4883; x_wconf 91' lang='lat' dir='ltr'><strong>plura</strong></span> <span class='ocrx_word' id='word_1_880' title='bbox 2824 4812 2910 4868; x_wconf 88' lang='lat' dir='ltr'><strong>vel</strong></span> <span class='ocrx_word' id='word_1_881' title='bbox 2955 4812 3323 4882; x_wconf 65' lang='lat' dir='ltr'><strong>praedicantur</strong></span> <span class='ocrx_word' id='word_1_882' title='bbox 3351 4814 3437 4870; x_wconf 90' lang='lat' dir='ltr'><strong>vel</strong></span> <span class='ocrx_word' id='word_1_883' title='bbox 3467 4814 3765 4885; x_wconf 89' lang='lat' dir='ltr'><strong>subjiciun-</strong></span> 
     </span>
    </p>
   </div>
   <div class='ocr_carea' id='block_1_107' title="bbox 2165 4904 3759 4975">
    <p class='ocr_par' dir='ltr' id='par_1_107' title="bbox 2165 4904 3759 4975">
     <span class='ocr_line' id='line_1_107' title="bbox 2165 4904 3759 4975; baseline 0.001 -15"><span class='ocrx_word' id='word_1_884' title='bbox 2165 4914 2270 4971; x_wconf 90' lang='lat' dir='ltr'><strong>tur,</strong></span> <span class='ocrx_word' id='word_1_885' title='bbox 2300 4920 2369 4959; x_wconf 67' lang='grc' dir='ltr'>ει</span> <span class='ocrx_word' id='word_1_886' title='bbox 2399 4904 2593 4974; x_wconf 90' lang='lat' dir='ltr'><strong>quibus</strong></span> <span class='ocrx_word' id='word_1_887' title='bbox 2621 4904 2960 4975; x_wconf 83' lang='lat' dir='ltr'><strong>congregatis</strong></span> <span class='ocrx_word' id='word_1_888' title='bbox 3001 4920 3104 4960; x_wconf 89' lang='lat' dir='ltr'><strong>una</strong></span> <span class='ocrx_word' id='word_1_889' title='bbox 3150 4909 3363 4974; x_wconf 89' lang='lat' dir='ltr'><strong>species</strong></span> <span class='ocrx_word' id='word_1_890' title='bbox 3401 4922 3509 4962; x_wconf 92' lang='lat' dir='ltr'><strong>non</strong></span> <span class='ocrx_word' id='word_1_891' title='bbox 3552 4908 3759 4964; x_wconf 74' lang='lat' dir='ltr'><strong>existit.</strong></span> 
     </span>
    </p>
   </div>
   <div class='ocr_carea' id='block_1_108' title="bbox 2164 4993 3759 5067">
    <p class='ocr_par' dir='ltr' id='par_1_108' title="bbox 2164 4993 3759 5067">
     <span class='ocr_line' id='line_1_108' title="bbox 2164 4993 3759 5067; baseline 0.003 -19"><span class='ocrx_word' id='word_1_892' title='bbox 2164 4993 2318 5063; x_wconf 85' lang='lat' dir='ltr'><strong>Quod</strong></span> <span class='ocrx_word' id='word_1_893' title='bbox 2346 4994 2393 5048; x_wconf 90' lang='lat' dir='ltr'><strong>si</strong></span> <span class='ocrx_word' id='word_1_894' title='bbox 2421 5010 2587 5050; x_wconf 90' lang='lat' dir='ltr'><strong>unum</strong></span> <span class='ocrx_word' id='word_1_895' title='bbox 2619 4993 2689 5050; x_wconf 89' lang='lat' dir='ltr'><strong>de</strong></span> <span class='ocrx_word' id='word_1_896' title='bbox 2725 5010 2832 5050; x_wconf 89' lang='lat' dir='ltr'><strong>uno</strong></span> <span class='ocrx_word' id='word_1_897' title='bbox 2869 4995 3061 5065; x_wconf 90' lang='lat' dir='ltr'><strong>aliquis</strong></span> <span class='ocrx_word' id='word_1_898' title='bbox 3102 4994 3499 5066; x_wconf 68' lang='lat' dir='ltr'><strong>praadicaverit,</strong></span> <span class='ocrx_word' id='word_1_899' title='bbox 3532 5013 3759 5067; x_wconf 87' lang='lat' dir='ltr'><strong>quorum</strong></span> 
     </span>
    </p>
   </div>
   <div class='ocr_carea' id='block_1_109' title="bbox 2166 5087 3761 5159">
    <p class='ocr_par' dir='ltr' id='par_1_109' title="bbox 2166 5087 3761 5159">
     <span class='ocr_line' id='line_1_109' title="bbox 2166 5087 3761 5159; baseline 0.003 -17"><span class='ocrx_word' id='word_1_900' title='bbox 2166 5101 2329 5142; x_wconf 92' lang='lat' dir='ltr'><strong>unum</strong></span> <span class='ocrx_word' id='word_1_901' title='bbox 2379 5101 2577 5143; x_wconf 91' lang='lat' dir='ltr'><strong>nomen</strong></span> <span class='ocrx_word' id='word_1_902' title='bbox 2621 5087 2774 5158; x_wconf 91' lang='lat' dir='ltr'><strong>plura</strong></span> <span class='ocrx_word' id='word_1_903' title='bbox 2825 5088 3115 5158; x_wconf 86' lang='lat' dir='ltr'><strong>signiﬁcet,</strong></span> <span class='ocrx_word' id='word_1_904' title='bbox 3142 5104 3206 5144; x_wconf 80' lang='lat' dir='ltr'><strong>ex</strong></span> <span class='ocrx_word' id='word_1_905' title='bbox 3237 5089 3429 5159; x_wconf 88' lang='lat' dir='ltr'><strong>quibus</strong></span> <span class='ocrx_word' id='word_1_906' title='bbox 3461 5106 3629 5147; x_wconf 90' lang='lat' dir='ltr'><strong>unum</strong></span> <span class='ocrx_word' id='word_1_907' title='bbox 3659 5092 3761 5147; x_wconf 83' lang='lat' dir='ltr'><strong>ali-</strong></span> 
     </span>
    </p>
   </div>
   <div class='ocr_carea' id='block_1_110' title="bbox 2164 5179 3761 5250">
    <p class='ocr_par' dir='ltr' id='par_1_110' title="bbox 2164 5179 3761 5250">
     <span class='ocr_line' id='line_1_110' title="bbox 2164 5179 3761 5250; baseline 0.003 -16"><span class='ocrx_word' id='word_1_908' title='bbox 2164 5180 2290 5250; x_wconf 90' lang='lat' dir='ltr'><strong>quid</strong></span> <span class='ocrx_word' id='word_1_909' title='bbox 2323 5194 2430 5236; x_wconf 92' lang='lat' dir='ltr'><strong>non</strong></span> <span class='ocrx_word' id='word_1_910' title='bbox 2456 5179 2581 5248; x_wconf 88' lang='lat' dir='ltr'><strong>ﬁat,</strong></span> <span class='ocrx_word' id='word_1_911' title='bbox 2614 5195 2803 5236; x_wconf 83' lang='lat' dir='ltr'><strong>rursus</strong></span> <span class='ocrx_word' id='word_1_912' title='bbox 2834 5194 2940 5235; x_wconf 93' lang='lat' dir='ltr'><strong>non</strong></span> <span class='ocrx_word' id='word_1_913' title='bbox 2970 5191 3055 5238; x_wconf 90' lang='lat' dir='ltr'><strong>est</strong></span> <span class='ocrx_word' id='word_1_914' title='bbox 3082 5196 3186 5236; x_wconf 90' lang='lat' dir='ltr'><strong>una</strong></span> <span class='ocrx_word' id='word_1_915' title='bbox 3215 5182 3506 5238; x_wconf 89' lang='lat' dir='ltr'><strong>afﬁrmatio</strong></span> <span class='ocrx_word' id='word_1_916' title='bbox 3534 5199 3634 5240; x_wconf 88' lang='lat' dir='ltr'><strong>nec</strong></span> <span class='ocrx_word' id='word_1_917' title='bbox 3659 5200 3761 5239; x_wconf 89' lang='lat' dir='ltr'><strong>una</strong></span> 
     </span>
    </p>
   </div>
   <div class='ocr_carea' id='block_1_111' title="bbox 2166 5272 3761 5344">
    <p class='ocr_par' dir='ltr' id='par_1_111' title="bbox 2166 5272 3761 5344">
     <span class='ocr_line' id='line_1_111' title="bbox 2166 5272 3761 5344; baseline 0.003 -17"><span class='ocrx_word' id='word_1_918' title='bbox 2166 5274 2400 5343; x_wconf 87' lang='lat' dir='ltr'><strong>negatio.</strong></span> <span class='ocrx_word' id='word_1_919' title='bbox 2431 5273 2487 5329; x_wconf 89' lang='lat' dir='ltr'><strong>Si</strong></span> <span class='ocrx_word' id='word_1_920' title='bbox 2511 5274 2631 5344; x_wconf 91' lang='lat' dir='ltr'><strong>quis</strong></span> <span class='ocrx_word' id='word_1_921' title='bbox 2656 5272 2801 5329; x_wconf 90' lang='lat' dir='ltr'><strong>enim</strong></span> <span class='ocrx_word' id='word_1_922' title='bbox 2831 5272 3000 5341; x_wconf 89' lang='lat' dir='ltr'><strong>dicat,</strong></span> <span class='ocrx_word' id='word_1_923' title='bbox 3027 5275 3177 5331; x_wconf 88' lang='lat' dir='ltr'><strong>canis</strong></span> <span class='ocrx_word' id='word_1_924' title='bbox 3202 5275 3403 5331; x_wconf 89' lang='lat' dir='ltr'><strong>animal</strong></span> <span class='ocrx_word' id='word_1_925' title='bbox 3425 5286 3534 5341; x_wconf 90' lang='lat' dir='ltr'><strong>est,</strong></span> <span class='ocrx_word' id='word_1_926' title='bbox 3566 5292 3761 5332; x_wconf 89' lang='lat' dir='ltr'><strong>nomen</strong></span> 
     </span>
    </p>
   </div>
   <div class='ocr_carea' id='block_1_112' title="bbox 2128 5365 3760 5436">
    <p class='ocr_par' dir='ltr' id='par_1_112' title="bbox 2128 5365 3760 5436">
     <span class='ocr_line' id='line_1_112' title="bbox 2128 5365 3760 5436; baseline 0.003 -18"><span class='ocrx_word' id='word_1_927' title='bbox 2128 5388 2131 5389; x_wconf 52' lang='grc' dir='ltr'><em>ν</em></span> <span class='ocrx_word' id='word_1_928' title='bbox 2165 5365 2313 5419; x_wconf 87' lang='lat' dir='ltr'><strong>canis</strong></span> <span class='ocrx_word' id='word_1_929' title='bbox 2338 5365 2608 5436; x_wconf 85' lang='lat' dir='ltr'><strong>signiﬁcat</strong></span> <span class='ocrx_word' id='word_1_930' title='bbox 2632 5373 2687 5420; x_wconf 91' lang='lat' dir='ltr'><strong>et</strong></span> <span class='ocrx_word' id='word_1_931' title='bbox 2714 5366 3036 5435; x_wconf 86' lang='lat' dir='ltr'><strong>latrabilem,</strong></span> <span class='ocrx_word' id='word_1_932' title='bbox 3066 5376 3121 5421; x_wconf 92' lang='lat' dir='ltr'><strong>et</strong></span> <span class='ocrx_word' id='word_1_933' title='bbox 3169 5367 3470 5434; x_wconf 68' lang='lat' dir='ltr'><strong>caelestem,</strong></span> <span class='ocrx_word' id='word_1_934' title='bbox 3499 5378 3555 5424; x_wconf 89' lang='lat' dir='ltr'><strong>et</strong></span> <span class='ocrx_word' id='word_1_935' title='bbox 3596 5369 3760 5423; x_wconf 84' lang='lat' dir='ltr'><strong>mari-</strong></span> 
     </span>
    </p>
   </div>
   <div class='ocr_carea' id='block_1_113' title="bbox 2166 5456 3762 5529">
    <p class='ocr_par' dir='ltr' id='par_1_113' title="bbox 2166 5456 3762 5529">
     <span class='ocr_line' id='line_1_113' title="bbox 2166 5456 3762 5529; baseline 0.003 -17"><span class='ocrx_word' id='word_1_936' title='bbox 2166 5474 2317 5522; x_wconf 88' lang='lat' dir='ltr'><strong>num,</strong></span> <span class='ocrx_word' id='word_1_937' title='bbox 2347 5474 2412 5513; x_wconf 84' lang='lat' dir='ltr'><strong>ex</strong></span> <span class='ocrx_word' id='word_1_938' title='bbox 2458 5458 2651 5527; x_wconf 88' lang='lat' dir='ltr'><strong>quibus</strong></span> <span class='ocrx_word' id='word_1_939' title='bbox 2683 5456 2888 5527; x_wconf 86' lang='lat' dir='ltr'><strong>junctis</strong></span> <span class='ocrx_word' id='word_1_940' title='bbox 2927 5458 3061 5513; x_wconf 90' lang='lat' dir='ltr'><strong>nihil</strong></span> <span class='ocrx_word' id='word_1_941' title='bbox 3105 5474 3269 5514; x_wconf 92' lang='lat' dir='ltr'><strong>unum</strong></span> <span class='ocrx_word' id='word_1_942' title='bbox 3298 5459 3551 5516; x_wconf 84' lang='lat' dir='ltr'><strong>efficitur.</strong></span> <span class='ocrx_word' id='word_1_943' title='bbox 3585 5462 3762 5529; x_wconf 87' lang='lat' dir='ltr'><strong>Quare</strong></span> 
     </span>
    </p>
   </div>
   <div class='ocr_carea' id='block_1_114' title="bbox 2166 5552 3759 5625">
    <p class='ocr_par' dir='ltr' id='par_1_114' title="bbox 2166 5552 3759 5625">
     <span class='ocr_line' id='line_1_114' title="bbox 2166 5552 3759 5625; baseline 0.001 -17"><span class='ocrx_word' id='word_1_944' title='bbox 2166 5552 2419 5623; x_wconf 88' lang='lat' dir='ltr'><strong>quoniam</strong></span> <span class='ocrx_word' id='word_1_945' title='bbox 2458 5568 2525 5609; x_wconf 85' lang='lat' dir='ltr'><strong>ex</strong></span> <span class='ocrx_word' id='word_1_946' title='bbox 2573 5553 2654 5608; x_wconf 90' lang='lat' dir='ltr'><strong>his</strong></span> <span class='ocrx_word' id='word_1_947' title='bbox 2703 5552 2949 5623; x_wconf 89' lang='lat' dir='ltr'><strong>pluribus</strong></span> <span class='ocrx_word' id='word_1_948' title='bbox 3000 5568 3160 5608; x_wconf 89' lang='lat' dir='ltr'><strong>unum</strong></span> <span class='ocrx_word' id='word_1_949' title='bbox 3206 5554 3407 5625; x_wconf 88' lang='lat' dir='ltr'><strong>aliquid</strong></span> <span class='ocrx_word' id='word_1_950' title='bbox 3461 5554 3600 5609; x_wconf 88' lang='lat' dir='ltr'><strong>effici</strong></span> <span class='ocrx_word' id='word_1_951' title='bbox 3654 5573 3759 5613; x_wconf 86' lang='lat' dir='ltr'><strong>non</strong></span> 
     </span>
    </p>
   </div>
   <div class='ocr_carea' id='block_1_115' title="bbox 2167 5643 3762 5715">
    <p class='ocr_par' dir='ltr' id='par_1_115' title="bbox 2167 5643 3762 5715">
     <span class='ocr_line' id='line_1_115' title="bbox 2167 5643 3762 5715; baseline 0 -15"><span class='ocrx_word' id='word_1_952' title='bbox 2167 5652 2362 5715; x_wconf 81' lang='lat' dir='ltr'><strong>potest,</strong></span> <span class='ocrx_word' id='word_1_953' title='bbox 2389 5660 2453 5700; x_wconf 77' lang='grc' dir='ltr'>εκ</span> <span class='ocrx_word' id='word_1_954' title='bbox 2487 5643 2577 5698; x_wconf 93' lang='lat' dir='ltr'><strong>illo</strong></span> <span class='ocrx_word' id='word_1_955' title='bbox 2597 5658 2810 5714; x_wconf 89' lang='lat' dir='ltr'><strong>quoque</strong></span> <span class='ocrx_word' id='word_1_956' title='bbox 2834 5644 2982 5699; x_wconf 89' lang='lat' dir='ltr'><strong>canis</strong></span> <span class='ocrx_word' id='word_1_957' title='bbox 3010 5644 3230 5700; x_wconf 90' lang='lat' dir='ltr'><strong>nomine</strong></span> <span class='ocrx_word' id='word_1_958' title='bbox 3260 5659 3363 5699; x_wconf 93' lang='lat' dir='ltr'><strong>non</strong></span> <span class='ocrx_word' id='word_1_959' title='bbox 3394 5645 3452 5699; x_wconf 88' lang='lat' dir='ltr'><strong>ﬁt</strong></span> <span class='ocrx_word' id='word_1_960' title='bbox 3482 5662 3584 5700; x_wconf 89' lang='lat' dir='ltr'><strong>una</strong></span> <span class='ocrx_word' id='word_1_961' title='bbox 3615 5646 3762 5701; x_wconf 84' lang='lat' dir='ltr'><strong>afﬁr-</strong></span> 
     </span>
    </p>
   </div>
   <div class='ocr_carea' id='block_1_116' title="bbox 2165 5734 3755 5805">
    <p class='ocr_par' dir='ltr' id='par_1_116' title="bbox 2165 5734 3755 5805">
     <span class='ocr_line' id='line_1_116' title="bbox 2165 5734 3755 5805; baseline -0.001 -15"><span class='ocrx_word' id='word_1_962' title='bbox 2165 5737 2331 5791; x_wconf 91' lang='lat' dir='ltr'><strong>matio</strong></span> <span class='ocrx_word' id='word_1_963' title='bbox 2358 5745 2411 5791; x_wconf 89' lang='lat' dir='ltr'><strong>et</strong></span> <span class='ocrx_word' id='word_1_964' title='bbox 2441 5748 2542 5789; x_wconf 84' lang='lat' dir='ltr'><strong>una</strong></span> <span class='ocrx_word' id='word_1_965' title='bbox 2570 5736 2806 5804; x_wconf 77' lang='lat' dir='ltr'><strong>negatio,</strong></span> <span class='ocrx_word' id='word_1_966' title='bbox 2839 5734 2978 5805; x_wconf 89' lang='lat' dir='ltr'><strong>quod</strong></span> <span class='ocrx_word' id='word_1_967' title='bbox 3025 5736 3349 5805; x_wconf 66' lang='lat' dir='ltr'><strong>prmdicatur</strong></span> <span class='ocrx_word' id='word_1_968' title='bbox 3395 5747 3485 5791; x_wconf 89' lang='lat' dir='ltr'><strong>aut</strong></span> <span class='ocrx_word' id='word_1_969' title='bbox 3534 5735 3755 5805; x_wconf 69' lang='lat' dir='ltr'><strong>subjici-</strong></span> 
     </span>
    </p>
   </div>
   <div class='ocr_carea' id='block_1_117' title="bbox 2164 5824 3758 5895">
    <p class='ocr_par' dir='ltr' id='par_1_117' title="bbox 2164 5824 3758 5895">
     <span class='ocr_line' id='line_1_117' title="bbox 2164 5824 3758 5895; baseline -0.004 -10"><span class='ocrx_word' id='word_1_970' title='bbox 2164 5839 2273 5895; x_wconf 86' lang='lat' dir='ltr'><strong>tur,</strong></span> <span class='ocrx_word' id='word_1_971' title='bbox 2298 5842 2419 5883; x_wconf 91' lang='lat' dir='ltr'><strong>cum</strong></span> <span class='ocrx_word' id='word_1_972' title='bbox 2446 5824 2711 5895; x_wconf 83' lang='lat' dir='ltr'><strong>signiﬁcet</strong></span> <span class='ocrx_word' id='word_1_973' title='bbox 2758 5827 2920 5880; x_wconf 86' lang='lat' dir='ltr'><strong>multa</strong></span> <span class='ocrx_word' id='word_1_974' title='bbox 2949 5841 3014 5881; x_wconf 81' lang='lat' dir='ltr'><strong>ex</strong></span> <span class='ocrx_word' id='word_1_975' title='bbox 3056 5827 3249 5894; x_wconf 86' lang='lat' dir='ltr'><strong>quibus</strong></span> <span class='ocrx_word' id='word_1_976' title='bbox 3282 5843 3441 5881; x_wconf 89' lang='lat' dir='ltr'><strong>unum</strong></span> <span class='ocrx_word' id='word_1_977' title='bbox 3487 5826 3604 5881; x_wconf 86' lang='lat' dir='ltr'><strong>fieri</strong></span> <span class='ocrx_word' id='word_1_978' title='bbox 3654 5843 3758 5879; x_wconf 64' lang='grc' dir='ltr'><strong>κων</strong></span> 
     </span>
    </p>
   </div>
   <div class='ocr_carea' id='block_1_118' title="bbox 2164 5916 3756 5994">
    <p class='ocr_par' dir='ltr' id='par_1_118' title="bbox 2164 5916 3756 5994">
     <span class='ocr_line' id='line_1_118' title="bbox 2164 5916 3756 5994; baseline 0.002 -23"><span class='ocrx_word' id='word_1_979' title='bbox 2164 5919 2360 5994; x_wconf 74' lang='lat' dir='ltr'><strong>possit,</strong></span> <span class='ocrx_word' id='word_1_980' title='bbox 2391 5917 2545 5991; x_wconf 85' lang='lat' dir='ltr'><strong>Quod</strong></span> <span class='ocrx_word' id='word_1_981' title='bbox 2587 5930 2682 5991; x_wconf 84' lang='lat' dir='ltr'><strong>per</strong></span> <span class='ocrx_word' id='word_1_982' title='bbox 2726 5916 2827 5977; x_wconf 83' lang='lat' dir='ltr'><strong>hoc</strong></span> <span class='ocrx_word' id='word_1_983' title='bbox 2865 5917 3099 5977; x_wconf 82' lang='lat' dir='ltr'><strong>ostendit</strong></span> <span class='ocrx_word' id='word_1_984' title='bbox 3125 5918 3265 5994; x_wconf 87' lang='lat' dir='ltr'><strong>quod</strong></span> <span class='ocrx_word' id='word_1_985' title='bbox 3297 5919 3391 5985; x_wconf 89' lang='lat' dir='ltr'><strong>ait,</strong></span> <span class='ocrx_word' id='word_1_986' title='bbox 3424 5916 3547 5975; x_wconf 71' lang='lat' dir='ltr'><strong>«lico</strong></span> <span class='ocrx_word' id='word_1_987' title='bbox 3575 5926 3756 5977; x_wconf 81' lang='lat' dir='ltr'><strong>autem</strong></span> 
     </span>
    </p>
   </div>
  </div>
