4090 6342
500 314 599 373 571

1740 316 1850 374 ΑΝ.
1889 316 2102 375 ιιΔΝιι.
2140 316 2294 374 εεγ.
2334 316 2555 374 ΒΟΕΤΙΙ

3659 322 3761 378 5ἷί

503 436 796 506 ignoratur,
822 431 892 490 de
912 430 1269 491 afﬁrmatione
1290 447 1363 493 an
1388 434 1460 490 de
1483 434 1793 506 negatione;
1820 449 2006 491 rursus
2031 434 2077 491 si
2103 438 2158 497 Α
2182 442 2264 488 εει
2293 431 2637 503 interrogatio
2655 433 2954 501 dialectica,
2969 435 3062 490 sed
3094 437 3271 506 potius
3288 436 3537 507 discipuli
3556 438 3625 495 ad
3647 454 3763 495 ma-

505 547 613 589 non
655 530 1020 603 responderis,
1051 528 1291 586 nescitur
1323 543 1483 599 quam
1515 529 1698 599 negari
1740 530 1973 585 volueris
2000 531 2073 584 ai-

505 624 953 699 iirmationeman
980 623 1339 693 negationem.
1364 622 1541 691 Quare
1561 632 1746 678 contra
1774 623 2077 692 hujusmodi

505 718 951 785 interrogationes
994 724 1101 770 tota
1152 715 1445 785 propositio
1476 716 1847 785 respondenda
1877 725 1978 782 est,
2023 714 2075 770 id

506 819 594 870 est
625 810 791 866 altera
843 823 967 879 pars
1010 807 1471 873 contradictionis,
1522 816 1615 863 aut
1643 817 1751 862 tota
1793 807 2079 863 afﬁrmatio

503 908 598 957 aut
637 908 745 955 tota
790 898 1022 970 negatio,
1052 904 1113 953 ut
1148 897 1316 965 dicas,
1345 908 1433 951 aut
1461 906 1544 953 est
1567 897 1762 952 animal
1808 897 2078 962 Socrates,

504 1007 595 1054 aut
622 998 667 1052 si
699 997 800 1052 hoc
840 1009 947 1051 non
973 993 1203 1059 videtur,
1248 994 1596 1063 respondeas,
1640 1009 1744 1048 non
1773 1002 1855 1049 est
1881 993 2080 1049 animal

506 1090 773 1147 Socrates.
807 1089 864 1143 In
896 1088 981 1144 his
1021 1090 1184 1159 igitur
1226 1102 1346 1158 quae
1393 1087 1553 1142 multa
1604 1096 1743 1153 sunt,
1774 1101 1838 1142 ex
1889 1087 2083 1157 quibus

505 1198 668 1239 unum
702 1182 818 1239 ﬁeri
844 1184 1050 1253 nequit,
1084 1183 1130 1237 si
1158 1180 1247 1236 ﬁat
1270 1197 1370 1237 una
1400 1180 1746 1250 interrogatio
1772 1192 1826 1236 et
1853 1180 1966 1251 Ipsa
1992 1195 2081 1236 re-

506 1273 891 1345 prehensibilis
920 1284 1021 1339 est,
1042 1282 1097 1330 et
1124 1283 1309 1329 contra
1332 1288 1448 1329 eam
1480 1289 1582 1328 una
1610 1273 2087 1344 responsio.Quis-

504 1368 634 1436 quis
648 1366 793 1423 enim
814 1381 884 1421 ea
926 1367 1077 1435 plura
1119 1366 1430 1436 interrogat,
1454 1379 1519 1421 ex
1547 1366 1739 1433 quibus
1767 1380 1924 1419 unum
1964 1379 2086 1421 esse

505 1469 613 1512 non
646 1458 833 1527 possit,
861 1458 1055 1521 multas
1082 1459 1206 1513 facit
1236 1458 1698 1528 interrogationes,
1735 1466 1922 1512 contra
1952 1472 2087 1527 quas

505 1550 552 1605 si
578 1551 894 1621 simpliciter
937 1551 1347 1621 respondeatur,
1390 1552 1553 1606 etiam
1604 1551 1649 1605 si
1681 1565 1809 1605 vera
1855 1551 1924 1605 sit
1972 1551 2086 1620 ipsa

507 1644 819 1713 responsio,
859 1652 1036 1699 tamen
1074 1644 1197 1714 jure
1231 1644 1667 1714 reprehenditur.
1699 1642 1898 1698 Contra
1942 1644 2090 1698 enim

508 1736 855 1807 multiplicem
901 1736 1379 1808 interrogationem
1426 1731 1707 1804 multiplex
1759 1735 1921 1792 debet
1967 1750 2089 1791 esse

2181 526 2405 595 gistrum
2439 526 2637 597 aliquid
2679 528 2890 584 discere
2918 531 3203 599 cupientis.
3229 532 3331 598 Qui
3370 533 3517 589 enim
3558 535 3763 604 aliquid

2181 617 2462 675 addiscere
2502 619 2674 689 cupit,
2718 621 3013 691 interrogat
3053 638 3176 678 eum
3220 623 3314 692 qui
3336 624 3533 682 docere
3587 637 3766 695 ιιυιεει

2180 710 2310 779 quid
2337 711 2410 765 sit
2440 710 2493 764 id
2513 711 2581 766 de
2613 726 2721 781 quo
2756 712 2995 782 anthigit.
3015 712 3335 770 Dialecticus
3362 727 3541 771 autem
3566 717 3654 786 (ut
3682 718 3765 777 di-

2181 810 2329 858 ctum
2371 803 2487 873 est)
2528 804 2599 858 ita
2646 804 2978 875 interrogare
3018 806 3198 871 debet.
3220 818 3279 863 ut
3307 810 3654 880 respondenti
3700 813 3772 871 sit

2183 894 2338 963 copia
2367 909 2435 949 an
2464 895 2876 952 aﬂirmationem
2899 912 2967 952 an
3006 900 3342 968 negationem
3381 902 3509 959 velit
3544 903 3768 973 eligere.

2186 986 2410 1056 Oportet
2436 988 2579 1045 enim
2621 989 2759 1044 scire
2784 991 3036 1059 quoniam
3078 991 3254 1047 omnis
3300 994 3645 1062 interrogatio
3688 1009 3776 1055 ro-

2185 1079 2492 1148 sponsionis
2526 1090 2610 1141 est
2630 1082 2839 1151 petitio.
2871 1081 3156 1141 Dialectica
3187 1097 3316 1140 vero
3344 1102 3450 1141 nun
3488 1086 3772 1155 cujusdam

2188 1173 2580 1240 responsionis,
2607 1174 2704 1229 sed
2734 1174 2851 1242 ejus
2885 1189 3005 1242 qum
3028 1176 3084 1233 in
3112 1185 3340 1243 utraque
3380 1188 3533 1249 parte
3578 1179 3776 1238 habeat

2185 1263 2610 1333 oppositionem;
2639 1280 2768 1335 ergo
2796 1266 2898 1319 hoc
2934 1267 3104 1333 ipsum
3136 1267 3263 1336 quid
3291 1279 3397 1332 est,
3421 1285 3525 1325 non
3553 1280 3638 1327 est
3656 1271 3778 1327 dia-

2189 1353 2376 1411 lectica
2410 1356 2779 1424 interrogatio.
2809 1355 3031 1425 Oportet
3056 1358 3201 1411 enim
3231 1358 3303 1413 ita
3331 1358 3689 1429 interrogare,
3719 1371 3813 1445 ιιμ

2188 1461 2252 1502 ex
2276 1447 2693 1516 interrogatione
2734 1450 3066 1516 respondens
3099 1450 3271 1518 possit
3306 1452 3508 1520 eligere
3543 1453 3770 1513 alteram

2188 1538 2631 1597 oootradictionis
2677 1550 2902 1607 partem.
2932 1539 3102 1597 Debet
3138 1544 3281 1599 enim
3322 1542 3684 1601 determinare
3721 1557 3778 1601 et

2191 1627 2426 1687 difﬁnire
2455 1628 2502 1685 is
2529 1629 2622 1700 qui
2653 1629 2968 1699 interrogat,
3019 1646 3087 1685 an
3134 1632 3238 1687 hoc
3281 1635 3349 1689 sit
3391 1635 3536 1705 quod
3581 1636 3777 1693 dicitur

2194 1736 2262 1779 an
2292 1737 2423 1789 non.
2452 1730 2508 1777 ut
2540 1721 2700 1779 homo
2725 1723 2924 1778 animal
2949 1734 3034 1780 est
3059 1741 3125 1781 an
3151 1726 3293 1782 non?
3318 1735 3376 1783 ιιι
3396 1728 3486 1785 ille
3512 1739 3607 1785 aut
3633 1730 3783 1785 aflir-

508 1829 810 1898 responsio.
838 1828 896 1885 Si
937 1829 1057 1900 quis
1086 1830 1232 1885 enim
1272 1829 1414 1884 dicat
1454 1830 1812 1899 interrogans,
1839 1830 2088 1884 Socrates

2197 1817 2479 1877 motionem
2508 1816 2833 1884 respondeat
2882 1826 2973 1871 aut
3020 1820 3393 1888 negationem;
3428 1821 3570 1887 quod
3601 1830 3779 1879 autem

509 1919 856 1990 philosophus
884 1929 986 1986 est.
1013 1931 1067 1976 et
1094 1921 1218 1990 legit
1238 1930 1293 1976 et
1320 1921 1589 1975 ambulat?
1618 1921 1741 1991 quia
1774 1930 1949 1991 potest
1971 1920 2089 1975 fieri

509 2020 567 2069 ut
594 2013 665 2069 sit
683 2014 899 2083 quidem
924 2014 1271 2083 philosomtus
1298 2025 1353 2070 et
1380 2014 1541 2086 legat,
1562 2030 1667 2069 non
1692 2023 1869 2069 autem
1900 2015 2091 2069 ambu-

508 2103 603 2170 let,
637 2104 720 2160 vel
748 2104 1004 2172 ambulet,
1034 2105 1127 2160 sed
1156 2120 1262 2161 non
1292 2104 1433 2175 legat
1462 2121 1477 2160 :
1514 2113 1690 2174 potest
1713 2106 1836 2159 item
1884 2105 1996 2159 iieri
2031 2110 2092 2158 ut

502 2202 563 2259 ιι
590 2193 729 2264 legat
770 2204 828 2250 et
867 2195 1138 2261 ambulet;
1186 2206 1373 2251 contra
1417 2194 1721 2265 huiusmodi
1771 2195 2092 2265 propositio—

509 2299 633 2341 nem
661 2298 766 2340 non
793 2286 897 2342 erit
925 2301 1027 2342 una
1058 2287 1358 2356 responsio.
1391 2285 1523 2341 Nam
1561 2287 1649 2356 qui
1692 2285 1765 2341 ita
1797 2288 2088 2358 interroga-

510 2375 622 2431 vit:
651 2375 899 2434 Socrates
928 2377 1279 2449 philosophus
1308 2388 1408 2444 est,
1452 2386 1507 2433 et
1548 2379 1676 2449 legit
1719 2389 1775 2435 et
1817 2379 2093 2435 ambulat!

510 2477 602 2523 aut
630 2468 876 2538 imperite
914 2479 1007 2526 aut
1039 2470 1282 2541 captiose
1312 2470 1677 2540 interrogavit.
1710 2469 1905 2527 Contra
1928 2487 2088 2542 quam

512 2559 984 2631 interrogationem
1014 2561 1061 2617 si
1091 2562 1376 2632 contigerit
1405 2560 1682 2617 Socratem
1715 2562 2092 2633 philosophum

511 2664 633 2706 esse
658 2660 714 2705 et
749 2651 950 2722 legere,
976 2662 1033 2708 et
1060 2652 1357 2718 ambulare,
1398 2653 1444 2708 si
1490 2651 1811 2723 respondeat
1836 2670 1850 2706 :
1872 2654 1945 2709 ita
1984 2662 2092 2723 est,

513 2739 630 2797 bac
668 2757 882 2813 quoque
911 2746 1193 2816 responsio
1221 2744 1651 2813 reprehenditur.
1682 2743 1880 2801 Contra
1909 2746 2095 2815 plures

512 2833 655 2888 enim
685 2834 1135 2905 interrogationes
1161 2851 1265 2892 una
1296 2837 1576 2905 responsio
1607 2850 1715 2892 non
1754 2836 1915 2893 debet
1940 2837 2097 2893 adbi-

510 2922 649 2989 bori,
672 2926 883 2999 etiamsi
915 2941 1039 2983 vero
1060 2942 1154 2996 per
1184 2943 1345 2982 unam
1365 2929 1509 2984 illam
1527 2928 1931 2998 respondeatur,
1957 2929 2097 2985 sicut

512 3018 567 3072 in
596 3016 699 3072 bac
720 3032 954 3088 quoque,
983 3019 1028 3073 si
1058 3028 1115 3073 et
1144 3020 1494 3088 philosophus
1523 3030 1627 3086 est,
1657 3028 1713 3075 et
1747 3021 1876 3091 legit
1902 3031 1955 3075 et
1980 3037 2097 3077 am.

513 3111 678 3169 bulat.
719 3113 979 3180 Quocirca
1008 3116 1053 3169 si
1084 3115 1433 3185 interrogatio
1461 3114 1739 3170 dialectica
1783 3115 2095 3184 responsio-2

2194 1907 2329 1963 dixit
2378 1907 2711 1965 dialecticam
2770 1908 3242 1978 interrogationem
3293 1913 3608 1981 petitionem
3664 1924 3781 1969 eSSe

2194 1999 2558 2068 responsionis
2613 1998 2697 2057 vel
2752 2000 3157 2069 propositionis,
3215 2005 3299 2058 vel
3344 2004 3566 2059 alterius
3617 2008 3782 2077 partis

2195 2090 2657 2155 contradictionis,
2701 2091 3009 2160 hujusmodi
3053 2102 3155 2148 est.
3202 2094 3454 2166 Quisquis
3484 2097 3785 2169 interrogat

2194 2182 2629 2249 aiiirmationem,
2658 2193 2751 2239 aut
2794 2184 3041 2239 eamdem
3084 2188 3308 2255 expetit,
3343 2198 3399 2243 ut
3442 2189 3656 2249 auditor
3682 2190 3781 2247 sibi

2196 2275 2539 2345 respondeat,
2570 2286 2662 2331 aut
2701 2276 3202 2344 contradictionem,
3236 2286 3294 2335 ut
3330 2280 3375 2334 si
3414 2280 3535 2351 quis
3577 2282 3659 2335 sic
3704 2283 3783 2337 in-

2199 2373 2456 2435 terroget,
2507 2367 2668 2420 homo
2708 2368 2905 2421 animal
2949 2367 3066 2422 est?
3116 2371 3160 2425 si
3213 2370 3302 2425 ille
3340 2372 3615 2441 annuerit,
3663 2388 3782 2443 pro-

2198 2458 2516 2527 positionem
2581 2456 2831 2525 reddidit,
2883 2472 3002 2513 eam
3049 2459 3257 2517 scilicet
3302 2474 3460 2531 quam
3506 2464 3782 2540 proposuit

2197 2550 2568 2620 interrogans;
2602 2551 2645 2604 si
2692 2566 2818 2611 vero
2872 2551 3237 2622 interrogante
3277 2555 3476 2624 aliquo,
3504 2568 3573 2611 an
3625 2554 3783 2613 homo

2200 2642 2395 2705 animal
2440 2644 2533 2711 sit,
2578 2643 2912 2717 reSpondens
2961 2644 3189 2711 dixerit,
3221 2661 3326 2701 non
3357 2657 3466 2713 est,
3514 2650 3782 2706 contradio

2199 2734 2430 2789 ctionem
2474 2735 2817 2804 respondisse
2847 2734 3133 2790 videbitur.
3170 2737 3262 2793 Ille
3290 2740 3433 2793 enim
3475 2739 3784 2799 afﬁrmatio.

2202 2840 2322 2880 nem
2370 2824 2739 2895 interrogavit,
2767 2824 2857 2879 ille
2907 2827 3244 2897 negationem
3290 2830 3587 2901 respondit,
3638 2831 3781 2903 quod

2201 2925 2285 2973 est
2312 2916 2683 2972 contradictio.
2719 2918 2922 2972 linrsus
2968 2918 3015 2973 si
3068 2920 3400 2989 negationem
3453 2922 3784 2993 interroget,

2200 3019 2255 3066 et
2285 3010 2373 3065 ille
2418 3008 2742 3079 respondeat
2780 3010 3141 3080 negationem,
3183 3013 3424 3068 eamdem
3470 3016 3787 3086 propositio-

2202 3116 2324 3159 nem
2382 3101 2611 3156 reddidit
2654 3117 2810 3174 quam
2860 3102 2905 3157 is
2928 3103 3017 3174 qui
3051 3104 3407 3176 interrogavit
3439 3118 3564 3163 ante
3597 3124 3787 3180 propo-

512 3202 597 3257 nis
632 3203 820 3271 petitio
846 3212 948 3269 est,
984 3217 1080 3272 per
1118 3219 1274 3274 quam
1307 3204 1711 3274 responsionem
1735 3204 1829 3260 ilat
1853 3207 2092 3276 proposi-

2204 3191 2327 3247 suit.
2368 3191 2461 3248 Sin
2496 3206 2622 3246 vero
2665 3191 3031 3264 interrogante
3066 3195 3261 3265 .aliquo
3304 3191 3667 3267 negationem,
3706 3203 3788 3259 ilic

513 3293 611 3359 tio,
641 3305 698 3348 ut
727 3310 848 3349 cum
880 3296 999 3365 quis
1037 3295 1233 3352 dixerit
1274 3297 1632 3367 interrogans,
1659 3296 1773 3353 dies
1811 3300 1928 3353 est?
1956 3299 2095 3355 alius

514 3387 858 3456 respondeat,
891 3390 1138 3458 non,_iiet
1168 3389 1293 3444 inde
1321 3391 1555 3461 negatio,
1587 3389 1705 3445 dies
1734 3404 1839 3444 non
1877 3399 1977 3455 est,
2008 3392 2094 3446 vel

513 3486 661 3533 certe
703 3477 869 3532 altera
921 3493 1045 3547 pars
1073 3479 1426 3548 oppositionis
1451 3494 1573 3534 cum
1610 3480 1681 3533 ita
1708 3479 2091 3550 interrogatur,

513 3571 629 3628 dies
658 3581 765 3636 εει,
803 3587 871 3626 an
916 3573 1031 3628 dies
1058 3589 1165 3627 non
1194 3582 1296 3642 est,
1330 3582 1387 3627 ιιι
1424 3587 1660 3644 congrue
1708 3576 2097 3645 respondeatur

513 3660 654 3717 diem
686 3677 827 3728 esse,
849 3672 942 3718 aut
969 3663 1112 3719 diem
1140 3679 1244 3719 non
1274 3678 1415 3728 esse,
1446 3664 1497 3719 id
1520 3673 1602 3721 est
1631 3674 1740 3721 tota
1765 3667 2097 3737 propositio;

514 3753 598 3808 hic
626 3769 745 3825 quae
773 3769 843 3808 ex
885 3756 968 3810 his
1015 3756 1255 3824 pluribus
1285 3756 1419 3811 ilunt
1465 3768 1627 3827 atque
1673 3758 2095 3828 interrogantur,

512 3861 634 3902 cum
667 3859 828 3900 nnttm
859 3860 927 3899 ex
966 3846 1048 3901 his
1085 3847 1197 3902 ileri
1238 3864 1343 3905 non
1374 3850 1563 3919 possit,
1593 3865 1698 3905 non
1725 3860 1850 3906 sunt
1883 3853 2090 3916 simpli-

513 3953 605 3997 ces
652 3937 1119 4007 interrogationes.
1150 3938 1409 4005 Quocirca
1455 3956 1553 3997 nec
1598 3942 1664 3998 ad
1704 3957 1795 3998 eas
1825 3944 2096 4000 reddenda

515 4041 597 4086 est
643 4031 870 4100 simplex
926 4032 1237 4099 responsio,
1275 4032 1341 4088 de
1373 4033 1455 4087 his
1485 4042 1660 4090 autem
1693 4050 1753 4092 se
1798 4037 1851 4091 in
1882 4037 2100 4107 Topicis

500 4114 721 4178 dixisse
746 4132 1152 4178 commemorat.
1184 4123 1388 4180 Rursus
1413 4127 1535 4194 quia
1557 4128 1837 4184 dialectica
1870 4131 2101 4185 interro-

516 4217 659 4287 gatio
690 4218 1059 4285 responsionis
1090 4225 1174 4272 est
1201 4220 1384 4287 petitio
1412 4220 1431 4293 (
1450 4230 1503 4274 ut
1548 4236 1708 4289 supra
1751 4222 1952 4278 dictum
1982 4223 2099 4292 est)

514 4310 599 4365 vel
628 4310 1002 4380 propositionis
1032 4311 1116 4366 vel
1162 4311 1385 4367 alterius
1417 4314 1584 4382 partis
1622 4315 2098 4382 contradictionis,

514 4401 652 4472 quod
685 4403 845 4472 paulo
874 4411 993 4471 post
1032 4403 1508 4470 demonstrabitur,
1548 4408 1793 4473 imperite
1820 4406 1897 4461 illi
1928 4408 2099 4462 inter-

516 4501 703 4563 rogant
729 4498 818 4562 qui
850 4494 924 4548 ita
975 4493 1180 4558 dicunt,
1221 4495 1348 4564 quid
1380 4505 1462 4550 est
1494 4494 1727 4550 animal?
1751 4497 1833 4550 vel
1859 4496 1984 4566 qttid
2012 4505 2099 4552 est

517 4585 713 4640 homo?
740 4596 953 4654 oportet
976 4587 1121 4642 enim
1149 4588 1241 4658 qui
1291 4587 1572 4643 dialectice
1605 4590 1922 4659 interrogat,
1965 4591 2098 4648 dare

514 4693 580 4735 ex
606 4678 1025 4748 interrogatione
1043 4680 1339 4749 optionem,
1366 4694 1433 4733 an
1462 4679 1563 4733 sibi
1591 4682 1924 4749 respondens
1953 4683 2100 4739 afﬁr-

516 4771 807 4827 mationem
836 4771 1036 4842 eligere
1062 4773 1208 4835 velit,
1238 4786 1305 4826 an
1336 4773 1698 4841 negationem.
1721 4773 1820 4839 Qui
1851 4790 1982 4830 vero
2015 4777 2097 4832 sic

516 4862 1031 4934 itttorrogat,utquid
1060 4874 1142 4919 est
1165 4863 1340 4933 aliqua
1371 4877 1478 4928 res,
1510 4863 1636 4917 velit
1660 4865 1842 4921 dicere
1868 4882 2096 4938 respon-

516 4955 753 5020 dentem,
786 4964 1001 5010 nonest
1030 4956 1116 5009 illa
1149 4956 1499 5024 interrogatio
1527 4956 1833 5013 dialectica.
1865 4960 2101 5017 Interro-

515 5056 642 5117 gant
664 5055 842 5102 autem
867 5046 1085 5117 quidam
1126 5047 1229 5101 hoc
1259 5047 1440 5114 modo,
1475 5059 1700 5119 putasne
1729 5053 1908 5107 anima
1958 5053 2096 5124 ignis

515 5138 631 5193 esti
656 5153 779 5194 cum
809 5140 1143 5208 respondens
1190 5140 1487 5208 negaverit,
1528 5141 1756 5210 addunt,
1793 5158 1972 5201 nonne
2005 5144 2099 5219 tibi

519 5229 727 5286 videtur
767 5231 971 5303 aliquid
1013 5246 1137 5287 esse
1177 5232 1320 5289 inter
1359 5235 1532 5302 ignem
1561 5246 1722 5307 atque
1749 5252 1930 5294 aerem
1986 5222 2101 5294 me-

515 5321 662 5378 dium
711 5338 931 5395 corpus,
962 5334 1020 5379 ιιι
1063 5323 1133 5379 sit
1175 5326 1392 5383 animai
1420 5324 1556 5383 Cum
1602 5328 1938 5398 respondens
1994 5329 2097 5385 hoc

515 5430 730 5488 quoque
765 5416 1035 5483 abnuerit,
1067 5416 1145 5473 illi
1176 5429 1589 5491 persequuntur,
1620 5435 1688 5475 an
1725 5420 1954 5476 fortasse
1984 5436 2095 5477 ma-

515 5510 599 5582 gis
638 5510 734 5566 tibi
780 5509 993 5567 videtur
1039 5525 1234 5583 aquam
1276 5527 1398 5568 esse
1442 5513 1678 5568 animam
1725 5514 1809 5568 vel
1857 5515 2096 5568 terram?

515 5601 649 5659 Cum
681 5601 771 5659 ille
810 5618 987 5675 neque
1015 5613 1236 5672 terram,
1269 5620 1444 5676 neque
1470 5619 1662 5675 aquam
1702 5605 1935 5660 animam
1977 5621 2099 5662 esse

516 5698 880 5765 eomenserit,
921 5708 1047 5754 tunc
1092 5698 1289 5755 detessi
1341 5698 1851 5769 interrogationibus
1888 5698 1959 5754 ita
2012 5700 2097 5755 in-

519 5800 825 5863 terrogant:
856 5793 988 5862 Quae
1012 5807 1102 5851 res
1126 5803 1211 5849 est
1237 5806 1368 5861 ergo
1388 5792 1610 5849 anima?
1637 5791 1753 5850 haec
1780 5802 1960 5850 autem
1986 5809 2094 5851 non

2202 3284 2609 3340 afﬂrmationem
2642 3287 3003 3357 responderit,
3019 3289 3373 3346 contradictio
3401 3307 3661 3363 responsa
3686 3305 3783 3353 est.

2201 3377 2311 3432 Hoc
2369 3386 2451 3432 est
2502 3378 2661 3448 igitur
2695 3378 2839 3449 quod
2888 3380 3001 3447 ait,
3049 3382 3519 3451 interrogationem
3566 3402 3789 3458 reapon-

2201 3474 2368 3529 sionis
2423 3489 2545 3530 esse
2580 3476 2915 3546 petitionem,
2948 3486 3001 3531 et
3029 3478 3182 3548 cujus
3230 3482 3597 3551 responsionis
3642 3485 3786 3541 addi-

2201 3567 2302 3634 dit,
2344 3568 2429 3622 vel
2458 3568 2865 3641 propositionis,
2895 3570 2939 3623 si
2972 3570 3112 3624 idem
3146 3575 3489 3643 respondeat,
3529 3577 3674 3649 quod
3704 3579 3791 3635 ille

2201 3659 2520 3730 interrogat,
2549 3659 2634 3715 vel
2662 3660 2882 3715 alterius
2906 3664 3069 3730 partis
3095 3666 3559 3731 contradictiouis,
3589 3669 3633 3723 si
3667 3686 3787 3727 cum

2202 3752 2290 3807 hic
2326 3752 2733 3808 alﬁrmationem
2780 3753 3094 3826 interroget,
3129 3757 3215 3811 ille
3261 3760 3601 3827 tesponderit
3631 3778 3792 3832 nega-

2204 3844 2427 3907 tionem,
2464 3844 2546 3897 vel
2570 3843 2615 3898 si
2643 3859 2765 3899 cum
2799 3845 2884 3899 hic
2920 3852 3257 3917 negationem
3288 3850 3340 3905 itt
3374 3852 3793 3922 interrogatione

2204 3935 2466 4006 posuerit,
2500 3935 2587 3989 ille
2617 3935 3031 3993 afﬁrmationem
3069 3939 3123 3991 in
3162 3942 3507 4011 responsione
3537 3944 3789 4001 reddide-

2204 4027 2294 4079 rit.
2347 4025 2780 4099 lnterrogationis
2829 4038 3005 4084 autem
3052 4033 3342 4086 secundum
3391 4033 3781 4104 Peripateticos

2204 4117 2397 4188 duplex
2438 4118 2646 4187 species
2689 4129 2791 4184 est,
2824 4131 2916 4178 aut
2950 4138 3071 4176 cum
3114 4123 3391 4179 dialectica
3437 4126 3789 4198 interrogatio

2204 4216 2308 4274 est,
2340 4217 2431 4263 aut
2475 4224 2595 4263 cum
2639 4224 2745 4263 non
2782 4211 3087 4269 dialectica.
3115 4213 3229 4268 Non
3275 4215 3570 4273 dialecticae
3613 4232 3790 4276 autem

2179 4298 2640 4369 interrogationis
2669 4301 2787 4357 dure
2818 4306 3027 4373 species
3047 4317 3191 4373 sont,
3212 4323 3311 4360 una
3336 4308 3547 4377 quidem
3578 4312 3789 4381 quando

2204 4401 2481 4446 sumentes
2529 4394 2776 4448 accidens
2811 4396 3226 4467 interrogamus,
3258 4401 3343 4454 cui
3391 4400 3517 4456 illud
3558 4405 3785 4472 accidat,

2206 4491 2262 4538 ut
2287 4499 2407 4539 cum
2440 4487 2682 4541 videmus
2714 4487 2931 4542 domum
2962 4490 3257 4553 Ciceronis.
3314 4495 3359 4546 si
3399 4493 3788 4563 interrogemus

2206 4580 2325 4649 quis
2353 4579 2457 4635 illic
2490 4590 2724 4647 maneat,
2756 4582 2838 4637 vel
2868 4583 3083 4654 quando
3118 4584 3420 4654 subjectum
3462 4587 3679 4657 quidem
3713 4589 3787 4663 ip-

2205 4684 2321 4725 sum
2354 4680 2409 4725 et
2451 4686 2563 4725 rem
2600 4673 2881 4741 sumimus,
2914 4675 3038 4743 quid
3062 4687 3240 4731 autem
3284 4678 3358 4732 illi
3387 4679 3592 4734 accidat
3630 4681 3788 4736 inter-

2205 4780 2478 4835 rogamus,
2507 4774 2567 4819 ιιι
2592 4766 2634 4820 si
2678 4767 2849 4837 ipsum
2878 4766 3192 4825 Ciceronem
3222 4773 3341 4840 quis
3382 4773 3579 4841 videat,
3612 4784 3669 4829 et
3711 4776 3787 4830 in-

2207 4867 2463 4929 terroget,
2492 4873 2599 4927 quo
2629 4859 2881 4925 divertat,
2902 4870 2949 4915 et
2987 4861 3101 4916 haec
3126 4879 3227 4917 una
3257 4866 3465 4933 species
3495 4878 3576 4920 εει
3604 4882 3787 4923 eorum

2205 4965 2326 5020 quae
2374 4949 2664 5005 secundum
2713 4952 2982 5019 accidens,
3017 4969 3119 5008 non
3166 4955 3446 5012 dialectice
3494 4959 3787 5030 interroge-

2205 5056 2344 5095 mus.
2382 5042 2559 5097 Altera
2592 5056 2721 5099 vero
2753 5050 2968 5114 quando
3016 5058 3377 5117 proponentes
3422 5066 3616 5107 nomen
3666 5053 3786 5121 quid

2205 5133 2274 5189 sit
2299 5136 2611 5205 qumrimus,
2635 5146 2726 5191 aut
2754 5153 2947 5208 genus,
2982 5150 3073 5195 aut
3110 5141 3491 5209 dill‘ereuaiam,
3521 5159 3611 5200 aut
3651 5147 3787 5201 dim-

2204 5226 2461 5281 nitionem
2494 5229 2846 5297 requirentes,
2890 5240 2947 5285 ut
2974 5232 3019 5286 si
3050 5232 3168 5301 quis
3218 5234 3510 5305 interrOget
3558 5238 3688 5311 quid
3721 5226 3817 5292 sit-

2204 5318 2422 5385 anitnal,
2458 5319 2538 5375 vel
2580 5321 2791 5391 quando
2834 5321 3208 5379 diiﬁnitionem
3253 5337 3343 5380 aut
3390 5329 3589 5398 aliquid
3631 5346 3784 5398 supeo

2207 5410 2317 5464 rius
2351 5410 2612 5472 dictorum
2640 5414 2918 5480 sumimus,
2935 5425 2989 5471 et
3011 5418 3300 5485 quaerimus
3322 5418 3475 5489 cujus
3518 5421 3604 5475 illa
3658 5424 3782 5486 sint,

2207 5510 2265 5555 ut
2290 5500 2337 5555 si
2365 5503 2487 5571 quis
2532 5514 2759 5572 quaerat,
2792 5506 2988 5561 animal
3032 5508 3311 5576 rationale,
3346 5515 3588 5578 mortale,
3636 5516 3786 5585 cujus

2205 5592 2275 5647 sit
2303 5591 2571 5648 diiﬁnitio.

2280 5705 2533 5772 Quoniam
2559 5722 2675 5760 vero
2706 5708 2813 5763 lucc
2845 5712 3047 5780 quidem
3090 5696 3439 5782 prtedicanmr
3466 5724 3746 5788 composita
3765 5759 3778 5783 ,

2207 5808 2261 5851 tu
2301 5813 2462 5852 unum
2499 5798 2563 5853 sit
2600 5814 2745 5854 omne
2789 5804 3236 5869 pra’dt'camemum
3280 5825 3453 5863 eorum
3490 5826 3601 5877 qua:
3639 5814 3782 5867 extre
