4090 6342
977 354 1044 413 ΙΝ
1056 348 1061 351 “
1082 356 1341 417 LIBRUM
1380 358 1471 416 DE
1505 354 2153 417 ΜΕᾺΡΚΕΤΔΤΙΟΝΒ
2192 358 2424 419 EDITIO
2458 361 2798 423 SECUNDA.

3461 360 3567 425 εῖτι

292 474 668 546 radicantur,
720 475 830 531 alio
864 490 983 531 vero
1029 493 1161 542 non,
1200 475 1647 557 quedimmntia
1677 483 1787 543 est,
1822 474 1887 529 de
1914 478 1969 538 Α
1992 476 2137 531 enim
2166 491 2355 534 verum
2388 488 2473 537 est
2499 481 2706 551 dicere,
2736 485 2993 555 quoniam
3022 491 3075 541 et
3097 483 3297 543 animai
3321 483 3577 557 cibipes,

294 570 503 627 nomine
521 569 658 623 enim
677 583 853 625 verum
875 578 949 624 est
970 570 1157 633 dicere,
1187 577 1236 623 et
1263 552 1412 622 castra
1435 568 1651 633 animat,
1676 576 1725 622 et
1744 575 1891 621 castra

293 663 460 733 bipes.
488 671 537 721 st
566 663 676 717 Iure
713 670 770 716 ut
799 676 979 716 unum.
1008 659 1076 715 Et
1097 661 1374 727 hominem,
1400 668 1450 715 et
1477 658 1672 725 album,
1706 668 1751 712 st
1783 657 1893 711 hmo

294 762 353 808 at
397 769 582 809 unum.
616 752 725 810 Sed
752 769 857 808 non
892 758 939 808 si
978 752 1290 809 subcruda
1318 761 1419 821 est,
1450 761 1498 811 et
1531 752 1693 807 bonas
1725 759 1803 805 est
1843 757 1895 804 et

296 844 609 903 cithu
630 845 811 901 bonus.
841 844 903 901 Si
926 847 1060 901 enim
1085 847 1332 918 quoniam
1355 846 1658 901 alterutrum
1679 845 1891 911 dicitur,

295 953 350 1009 et
395 954 670 1014 atrumque
696 944 914 1010 dicetur,
959 943 1122 999 multa
1151 941 1556 997 inconvenientia
1595 950 1764 995 erunt.
1814 937 1894 993 De

299 1037 507 1093 nomine
547 1039 686 1092 enim
708 1051 885 1092 rerum
908 1046 985 1092 est
1014 1045 1059 1091 et
1078 1036 1335 1091 hominem
1373 1042 1421 1091 et
1467 1034 1639 1088 album
1687 1033 1853 1087 dicere
1873 1074 1890 1100 ,

297 1145 461 1199 quare
482 1138 535 1184 et
571 1144 743 1184 omne.
776 1127 981 1183 Rursus
1023 1129 1067 1183 si
1095 1127 1292 1195 album,
1323 1136 1370 1182 et
1401 1142 1566 1182 omne.
1601 1126 1777 1194 Quare
1797 1125 1896 1179 erit

302 1223 453 1278 Itonia
474 1224 648 1290 uibus,
670 1234 718 1279 et
747 1224 917 1278 hocin
944 1224 1221 1293 inﬁnitum.
1260 1222 1325 1279 Et
1346 1239 1527 1278 rursus
1550 1224 1773 1277 musicus
1815 1222 1896 1278 al-

299 1317 398 1372 bus
448 1318 757 1384 ambulans,
783 1326 832 1373 et
876 1320 984 1373 haec
1018 1317 1195 1373 eadem
1230 1319 1518 1390 frequenter
1549 1317 1800 1387 implicita
1840 1317 1897 1371 in

300 1410 588 1481 inﬁnitum.
622 1412 860 1478 Amplius
896 1412 941 1467 si
964 1411 1238 1477 Socrates,
1272 1410 1513 1465 Socrates
1540 1419 1613 1464 est
1638 1416 1684 1463 et
1715 1406 1892 1476 Itomo,

298 1511 349 1557 et
393 1502 634 1559 Socrates
676 1502 918 1560 Socrates
958 1504 1129 1557 homo.
1179 1500 1246 1557 Et
1292 1500 1511 1557 siltomo
1550 1510 1597 1555 et
1644 1500 1816 1573 bipes,
1844 1509 1895 1554 et

299 1593 455 1649 homo
481 1596 635 1650 homo
659 1596 821 1667 bipes.

375 1684 540 1740 Multa
582 1694 710 1740 sunt
749 1700 870 1756 qua
909 1700 1031 1741 eum
1080 1686 1389 1755 singulatim
1430 1700 1559 1741 vere
1604 1684 1896 1754 praedicen-

303 1785 412 1845 tnr,
445 1777 493 1831 si
534 1781 655 1847 quis
683 1791 744 1833 ea
770 1778 1061 1849 coniungat
1089 1785 1146 1833 et
1175 1778 1448 1846 praedicet,
1483 1790 1669 1833 veram
1703 1775 1897 1846 praedi-

258 1462 297 1497 ο

1999 583 2184 625 rursus
2209 572 2465 640 quoniam
2495 574 2694 630 animal
2730 575 3126 645 hipes,-verum
3163 584 3248 634 est
3282 575 3354 633 de
3387 576 3581 634 eodm

1997 661 2217 718 homine
2266 662 2486 732 dicere,
2541 674 2600 722 ut
2645 666 2713 724 de
2754 670 2976 725 Socrate
2999 710 3015 734 ,
3060 668 3130 725 de
3154 668 3344 726 eodem
3366 682 3582 740 quoque

1995 750 2221 812 Socrate
2248 764 2304 812 et
2336 756 2607 814 hominem
2643 768 2799 815 extra
2839 760 3094 818 etalbum
3117 759 3166 816 si
3185 760 3257 816 ita
3290 761 3581 832 contingit,

1997 859 2184 901 verum
2226 857 2309 903 est
2359 848 2572 916 dicere,
2623 852 2773 908 etde
2811 853 3001 909 eodem
3046 852 3337 923 predicarc
3381 850 3584 911 animal

1997 930 2178 1025 bipes,
2220 954 2252 996 a
2294 942 2519 998 veritate
2543 957 2648 1000 non
2680 944 2950 1017 discrepat
2970 986 2986 1012 ,
3039 955 3200 1016 atque
3226 944 3345 1001 hmo
3366 943 3586 1015 quidem

1996 1043 2118 1101 quae
2141 1040 2294 1087 extra
2337 1032 2612 1106 sigillatirn
2637 1036 3000 1107 praedicantur
3024 1053 3153 1094 vere
3176 1047 3231 1094 et
3247 1038 3433 1109 juncta
3458 1048 3585 1092 vera

1998 1133 2144 1180 sunt.
2173 1125 2335 1194 Quod
2372 1127 2416 1181 si
2445 1127 2514 1183 de
2540 1129 2723 1200 aliquo
2754 1131 3094 1200 praedicetur,
3124 1130 3378 1203 quoniam
3415 1128 3587 1185 citha-

1997 1219 2183 1276 rcedus
2223 1229 2337 1287 est,
2384 1232 2440 1279 et
2470 1238 2657 1279 verum
2688 1210 2779 1280 sit.
2815 1224 2883 1281 Et
2917 1240 3105 1282 rursus
3132 1226 3387 1298 quoniam
3412 1222 3588 1283 bonus

1998 1318 2111 1380 est,
2153 1320 2209 1368 et
2232 1327 2417 1369 verum
2450 1314 2551 1382 sit,
2585 1331 2690 1372 non
2742 1331 2966 1374 necesse
3006 1326 3089 1373 est
3126 1317 3308 1374 dicere
3334 1316 3587 1389 quoniam

1999 1401 2172 1458 bonus
2192 1402 2524 1461 citharmdus
2544 1415 2647 1462 est.
2668 1408 2852 1464 Potest
2867 1410 3011 1465 enim
3032 1422 3154 1466 esse
3175 1408 3390 1479 quidem
3411 1408 3589 1464 solum

2000 1495 2363 1565 citharmdus,
2396 1497 2571 1554 bonus
2596 1509 2777 1557 autem
2816 1502 3009 1570 homo,
3055 1501 3329 1571 hucusque
3370 1498 3589 1568 quidem

2000 1585 2102 1642 ista
2151 1588 2433 1659 disposuit.
2478 1590 2745 1659 Quoniam
2788 1604 2968 1649 autem
3015 1593 3338 1650 videbantur
3374 1590 3591 1662 quidam

1960 1748 1967 1755 .
2002 1682 2252 1739 arbitrari
2288 1685 2431 1756 quod
2461 1685 2642 1741 omnia
2700 1701 2821 1757 qum
2858 1685 3131 1758 sigillatim
3162 1700 3296 1741 vere
3332 1683 3601 1756 pradicas

2003 1784 2213 1845 rentur,
2270 1777 2463 1834 eadem
2489 1793 2704 1850 quoque
2733 1777 3032 1850 composita
3079 1790 3225 1836 recte
3263 1778 3592 1845 dicerentur,

301 1870 574 1926 ustionem
623 1881 828 1929 tenent.
874 1871 1013 1927 Sunt
1056 1881 1234 1928 autem
1281 1872 1385 1927 alia
1437 1887 1579 1941 quae,
1626 1872 1670 1926 si
1712 1885 1808 1942 per
1839 1884 1899 1927 se
1928 1866 1979 1929 Ι
2007 1877 2199 1924 contra
2221 1868 2321 1925 hos
2340 1869 2474 1926 dicit
2492 1870 2743 1940 quoniam
2776 1871 2943 1927 multa
2964 1870 3592 1937 eruntinconvenientia,

301 1970 358 2017 et
394 1960 668 2031 disiuncta
697 1963 1079 2033 pratdicentur,
1127 1977 1252 2019 vera
1279 1971 1444 2028 sunt;
1492 1964 1575 2018 sin
1607 1977 1736 2018 vero
1762 1977 1897 2017 con-

299 2052 485 2125 iuncta
534 2056 806 2125 dicantur,
861 2057 1143 2114 veritatem
1184 2058 1239 2114 in
1282 2058 1664 2127 praedicatione
1696 2074 1800 2114 non
1842 2072 1902 2116 re

303 2155 529 2214 tenent;
574 2163 696 2219 qua:
736 2165 868 2220 ergo
922 2151 994 2206 sit
1050 2151 1241 2207 borum
1296 2149 1632 2219 diﬂ'crentia,
1689 2163 1902 2221 oportet

300 2241 546 2307 agnosci.
577 2240 636 2295 Si
682 2241 804 2311 quis
840 2241 986 2297 enim
1033 2242 1212 2309 dicat,
1262 2243 1515 2300 Socrates
1555 2244 1754 2299 animai
1782 2251 1896 2312 est,

302 2345 494 2392 verum
541 2332 772 2400 dixerit;
804 2335 848 2389 si
895 2336 1017 2406 quis
1054 2350 1242 2392 rursus
1300 2336 1589 2407 prmdicet,
1644 2338 1900 2408 quoniam

302 2423 556 2485 Socrates
594 2426 747 2496 bipes
774 2435 887 2492 est,
919 2427 1023 2484 hoc
1062 2443 1277 2499 quoque
1314 2443 1504 2484 verum
1529 2439 1643 2495 est;
1686 2444 1810 2501 quae
1852 2428 1901 2486 si

303 2521 594 2586 conjuncta
618 2520 885 2586 dicantur,
900 2527 960 2575 ut
983 2529 1086 2585 est,
1109 2520 1365 2578 Socrates
1383 2521 1764 2592 animslsbipes
1789 2529 1897 2591 est,

305 2624 337 2671 ι
365 2613 585 2681 propria
612 2613 840 2670 veritate
862 2628 970 2669 non
999 2614 1305 2685 discrepat,
1347 2625 1510 2685 atque
1539 2615 1657 2672 hac
1679 2615 1900 2687 quidem

304 2705 358 2760 in
379 2720 586 2775 genere
614 2716 671 2763 et
697 2707 1022 2769 dili‘enntia,
1051 2723 1115 2764 ea
1136 2723 1258 2780 quas
1278 2708 1647 2769 substantialis
1687 2717 1773 2765 est
1801 2709 1902 2764 So-

305 2802 442 2856 crati
452 2840 465 2854 .
482 2801 641 2869 Quod
654 2802 697 2856 si
712 2802 782 2858 de
793 2802 1073 2882 accidente
1086 2817 1299 2873 quoque
1312 2802 1541 2868 dicatur,
1563 2810 1739 2872 potest
1754 2801 1898 2861 idem

305 2892 665 2948 nihilominus
685 2894 927 2951 evenire.
950 2895 1007 2950 Si
1038 2895 1158 2964 quis
1186 2895 1330 2951 enim
1351 2895 1430 2950 sic
1456 2894 1620 2961 dicat,
1648 2894 1901 2951 Socrates

306 2985 472 3041 homo
500 2994 607 3052 est,
644 3000 832 3041 verum
856 2995 969 3050 est.
1001 2996 1056 3040 et
1074 3002 1263 3043 rursus
1300 2989 1553 3044 Socrates
1577 2986 1766 3043 calvus
1792 2994 1896 3053 est,

306 3073 411 3130 hoc
432 3090 647 3148 quoque
659 3090 846 3133 verum
856 3086 962 3145 est;
982 3078 1127 3149 quod
1147 3078 1193 3133 si
1212 3078 1402 3150 jungat
1419 3078 1631 3147 dicens,
1647 3079 1900 3135 Socrates

302 3167 472 3224 homo
497 3169 682 3227 calvus
709 3179 794 3226 est
813 3211 828 3236 ,
859 3185 1042 3225 verum
1072 3185 1263 3227 rursus
1310 3187 1378 3229 ex
1406 3170 1714 3242 conjunctis
1742 3171 1901 3227 iaeiet

2007 1962 2289 2033 multaque
2318 1963 2667 2034 impossibilia
2686 1971 2833 2031 sunt,
2861 1964 2906 2020 si
2935 1964 3058 2035 quis
3075 1963 3226 2019 dicat
3264 1975 3427 2021 omne
3450 1958 3593 2032 quod

2007 2051 2296 2123 slgiilatinr
2344 2055 2669 2127 praedicatur
2717 2056 3017 2124 veraciter,
3074 2055 3128 2111 id
3174 2054 3418 2127 junctum
3471 2065 3595 2110 vera

2011 2147 2314 2218 praedicari.
2374 2149 2452 2206 De
2479 2149 2698 2207 homine
2726 2150 2869 2206 enim
2899 2163 3088 2206 verum
3113 2157 3198 2204 est
3237 2147 3419 2204 dicere
3458 2159 3596 2217 quo-

2009 2241 2153 2297 niam
2187 2242 2352 2297 homo
2377 2251 2478 2307 est,
2510 2258 2635 2299 nam
2662 2243 2734 2300 de
2758 2244 2982 2301 Socrate
3007 2243 3099 2315 qui
3130 2243 3293 2299 homo
3330 2249 3436 2308 est,
3469 2252 3595 2304 ve.

2005 2332 2207 2389 dicitur
2249 2334 2501 2405 quoniam
2549 2335 2713 2391 homo
2738 2343 2859 2400 est,
2910 2349 3098 2392 rursus
3126 2334 3194 2391 de
3232 2333 3423 2391 eodem
3466 2344 3596 2389 vera

2008 2424 2114 2481 dici
2144 2434 2323 2496 potest
2351 2429 2605 2498 quoniam
2644 2428 2797 2485 albus
2825 2438 2929 2486 est.
2959 2428 3138 2496 Quare
3173 2435 3229 2484 et
3254 2430 3299 2484 si
3342 2427 3457 2482 hoc
3473 2425 3598 2496 jun-

2004 2533 2119 2590 gas,
2144 2528 2199 2575 et
2224 2528 2281 2575 ut
2308 2536 2473 2577 unum
2496 2522 2778 2592 pra-dices,
2804 2537 2992 2579 verum
3017 2530 3099 2579 est
3124 2522 3305 2578 dicere
3326 2520 3395 2577 de
3416 2520 3598 2591 aliquo

2006 2610 2226 2668 homine
2249 2612 2502 2682 quoniam
2526 2612 2690 2669 homo
2712 2613 2868 2670 albus
2887 2624 3001 2683 est;
3028 2614 3124 2670 sed
3149 2616 3311 2670 homo
3334 2614 3424 2683 qui
3445 2613 3598 2669 albus

2006 2713 2131 2769 est,
2162 2717 2352 2760 verum
2404 2713 2489 2760 est
2533 2705 2717 2763 dicere
2767 2707 2835 2762 de
2878 2721 2945 2762 eo
2992 2708 3244 2776 quoniam
3283 2707 3437 2760 albus
3489 2711 3596 2760 est.

2006 2793 2185 2863 Quare
2211 2796 2421 2851 etiamsi
2448 2798 2563 2852 haec
2584 2796 2801 2869 jungas,
2831 2796 2935 2854 erit
2977 2796 3312 2867 pmdicatio,
3344 2798 3597 2853 Socrates

2007 2880 2173 2938 homo
2199 2882 2354 2938 albus
2400 2883 2555 2939 albus
2583 2891 2686 2950 est,
2725 2898 2848 2938 nam
2877 2883 2946 2939 de
2983 2884 3209 2940 Socrate
3246 2896 3434 2939 verum
3480 2889 3598 2941 erat

2004 2974 2190 3031 dicere
2213 2977 2467 3047 quoniam
2496 2977 2658 3033 homo
2678 2976 2834 3034 albus
2853 2989 2966 3045 est;
3008 2979 3103 3035 sed
3124 2977 3194 3033 de
3225 2976 3445 3032 hemina
3471 2973 3598 3031 alba

2008 3082 2195 3124 verum
2224 3077 2309 3125 est
2336 3069 2516 3124 dicere
2539 3070 2793 3139 quoniam
2820 3070 2975 3125 sibus
2999 3080 3111 3137 est,
3141 3070 3257 3124 imo
3285 3067 3595 3139 conjuncta,

2008 3159 2264 3217 Socrates
2295 3160 2457 3215 homo
2485 3160 2641 3217 albus
2682 3161 2838 3218 albus
2862 3170 2950 3218 est
2991 3161 3220 3228 faciunt;
3251 3161 3396 3232 quod
3432 3162 3479 3217 si
3526 3158 3599 3217 de

304 3259 771 3329 pmdieationem.
802 3265 977 3332 Atque
1000 3262 1055 3317 in
1105 3262 1187 3317 his
1208 3262 1428 3333 quidem
1457 3278 1520 3319 ea
1548 3278 1671 3333 quas
1698 3263 1899 3332 sigilla,
1925 3254 1977 3322 c
2006 3254 2198 3309 eodem
2231 3252 2450 3309 homine
2490 3254 2616 3309 alb‘o
2641 3268 2831 3310 rurm
2879 3255 3062 3311 album
3089 3253 3384 3325 praedicare
3420 3252 3555 3308 νοιίυ
3580 3292 3598 3319 .

305 3353 399 3424 ιίειι
424 3368 557 3417 vere
571 3354 912 3422 dicebantur,
926 3357 1110 3424 juncta
1137 3356 1403 3412 veraciter
1430 3355 1719 3425 praedicata
1746 3365 1895 3412 sunt.

303 3446 440 3509 Sunt
459 3457 644 3502 autem
666 3448 832 3504 aliain
854 3449 1050 3518 quibus
1069 3447 1344 3521 sigillatim
1368 3448 1586 3519 quidem
1610 3447 1899 3517 predicata

305 3555 430 3622 vera
449 3552 600 3608 sunt,
617 3543 801 3609 juncta
816 3557 949 3599 vero
959 3544 1272 3613 qualitatem
1289 3542 1534 3599 veritatis
1548 3544 1824 3602 amittunt.
1845 3548 1902 3595 ut

304 3633 353 3688 si
372 3635 496 3703 quis
507 3632 675 3697 dicat,
699 3636 953 3705 quoniam
984 3634 1238 3689 Socrates
1260 3633 1435 3689 bonus
1463 3643 1568 3699 est,
1587 3646 1771 3687 verum
1794 3641 1899 3698 est,

304 3740 531 3790 rursus.
574 3725 827 3781 Socrates
869 3726 1203 3783 citharmdus
1248 3736 1366 3789 est,
1420 3726 1500 3780 sic
1545 3738 1759 3794 quoque
1801 3723 1905 3779 hoc

306 3830 494 3874 verum
523 3826 630 3875 est.
662 3818 789 3874 Haec
818 3819 1146 3891 conjungere
1190 3834 1296 3877 non
1334 3831 1559 3875 incensae
1587 3827 1694 3884 est,
1739 3827 1796 3871 ut
1835 3818 1905 3872 sit

305 3924 521 3977 verum,
554 3911 807 3967 Socrates
835 3911 1011 3971 bonus
1044 3910 1373 3967 citharmdus
1397 3918 1503 3966 cst.
1545 3909 1727 3964 Potest
1757 3907 1904 3964 enim

306 4000 485 4059 bonus
502 4004 720 4073 quidem
741 4017 867 4059 esse
888 4004 1070 4069 homo,
1102 4013 1157 4058 et
1178 4017 1301 4058 cum
1322 4002 1395 4057 sit
1412 4000 1765 4069 eithartedus,
1795 4017 1903 4056 non

305 4108 491 4154 tamen
507 4114 627 4155 esse
652 4101 848 4165 bonus,
868 4099 964 4155 sed
984 4101 1037 4155 in
1061 4099 1165 4154 alia
1193 4097 1409 4169 quidem
1434 4113 1494 4153 re
1510 4096 1705 4165 bonus,
1731 4099 1782 4152 in
1801 4096 1904 4159 alia

306 4199 523 4247 tantum
543 4191 670 4245 artis
696 4192 839 4248 illius
864 4190 1130 4261 cognitor,
1154 4204 1260 4244 non
1295 4201 1474 4244 tamen
1491 4188 1547 4243 in
1569 4188 1685 4257 ipsa
1705 4186 1906 4256 perfec-

305 4292 419 4339 tus.
447 4282 561 4339 Hoc
581 4294 763 4338 autem
789 4282 995 4339 facilius
1026 4281 1119 4343 tali
1151 4279 1376 4351 liquebit
1404 4279 1674 4347 exemplo.
1701 4276 1759 4334 Si
1785 4278 1907 4347 quis

304 4375 453 4433 enim
471 4374 635 4443 dicat,
652 4375 903 4443 quoniam
918 4373 1166 4429 Tiberius
1189 4370 1465 4428 Gracchus
1484 4371 1658 4433 malus
1679 4380 1784 4433 eat,
1816 4382 1907 4427 ver

306 4481 428 4520 rum
439 4479 544 4531 est,
568 4465 1015 4521 rursus'iiberius
1034 4463 1312 4521 Gracchus
1323 4471 1505 4519 orator
1523 4470 1630 4528 est,
1653 4460 1755 4519 hoc
1774 4475 1908 4530 quos-

305 4574 413 4629 que
428 4573 617 4615 verum
643 4568 727 4614 est
742 4576 757 4625 δ
776 4560 822 4614 si
836 4559 1169 4629 coniungens
1180 4558 1323 4613 dicat
1341 4574 1355 4613 :
1372 4556 1621 4613 Tiberius
1632 4555 1907 4613 Graecinus

307 4652 487 4707 malus
515 4662 700 4708 oratur
727 4661 831 4719 est,
867 4652 1002 4708 lalso
1029 4652 1250 4722 dixerit,
1279 4651 1517 4722 optimus
1544 4649 1691 4705 enim
1721 4658 1905 4704 orator
1931 4636 1990 4699 υ

304 4741 445 4812 fuit;
475 4746 571 4800 sed
597 4761 666 4800 ne
692 4746 815 4817 quis
841 4761 938 4805 nos
971 4746 1044 4802 ita
1073 4746 1312 4803 dicentes
1334 4747 1582 4816 ignorare
1613 4752 1761 4814 putet
1781 4757 1905 4805 nra-

308 4846 445 4901 toris
460 4859 587 4901 esse
603 4844 983 4907 diitlnitionera
1004 4846 1182 4900 virum
1199 4844 1398 4899 bonum
1413 4842 1627 4899 dicendi
1650 4844 1906 4911 peritum.

308 4938 427 4994 hac
450 4940 595 4993 dicta
622 4947 748 4994 sunt
770 4936 841 4993 ad
867 4936 1180 5007 exemplum
1212 4938 1391 5005 potius
1418 4948 1581 5004 quam
1612 4932 1679 4990 ad
1711 4930 1910 4991 verita-

306 5030 441 5089 tem.
464 5032 639 5103 Atqne
660 5032 776 5087 haec
805 5029 1020 5100 quidem
1043 5028 1318 5099 proposita
1342 5024 1415 5081 ab
1434 5024 1731 5093 Aristotele
1759 5030 1907 5091 sunt,

307 5135 464 5205 cujus
500 5136 556 5189 in
585 5143 731 5189 textu
777 5132 939 5188 verba
982 5133 1062 5186 sic
1100 5136 1372 5185 constant.
1428 5126 1699 5195 Quoniam
1743 5140 1906 5191 vero,

305 5237 501 5308 inquit,
531 5235 646 5291 inec
668 5233 882 5305 quidem
914 5230 1277 5303 prmdicantur
1298 5226 1626 5297 composita,
1652 5232 1717 5280 nt
1735 5239 1801 5280 es
1826 5225 1911 5280 his

304 5342 473 5384 unum
525 5328 1003 5399 praedicantentum
1046 5323 1172 5388 list,
1220 5334 1409 5377 eorum
1438 5332 1559 5389 qua:
1602 5326 1753 5373 extra
1781 5330 1912 5373 vere

306 5430 598 5499 pra-dicata
650 5437 797 5493 sunt,
827 5427 935 5484 alia
962 5440 1092 5481 vero
1117 5438 1238 5480 cum
1285 5430 1439 5479 extra
1471 5421 1745 5494 sigillatim
1783 5435 1912 5478 vere

307 5521 963 5595 prmdicarentur,.juncta
985 5534 1168 5576 veram
1195 5531 1302 5572 non
1331 5514 1539 5572 faciunt
1570 5514 1905 5585 pradicatio—

2007 3360 2193 3402 verum
2215 3356 2334 3411 est;
2356 3348 2608 3416 quocirca
2634 3355 2689 3403 et
2715 3349 2760 3402 si
2784 3348 2998 3417 iungas,
3025 3346 3131 3403 erit
3154 3345 3315 3417 igitur
3340 3344 3599 3416 prmdiea-

2006 3439 2106 3505 tio,
2122 3437 2287 3496 homo
2307 3439 2626 3495 athusalbus
2640 3439 2791 3495 albus
2812 3452 2916 3507 est,
2935 3447 3096 3510 atque
3109 3439 3212 3494 hoc
3227 3440 3282 3494 in
3304 3437 3594 3494 iniinitum.

2006 3531 2217 3588 Rursus
2260 3534 2305 3587 si
2346 3533 2468 3603 quis
2494 3532 2563 3588 de
2588 3532 2772 3602 aliquo
2793 3530 3013 3587 homine
3039 3534 3184 3587 dicat
3220 3532 3474 3601 quoniam
3506 3528 3599 3587 ille

2008 3631 2171 3686 homo
2219 3632 2456 3687 musicus
2486 3642 2587 3699 est,
2622 3632 2668 3686 si
2710 3646 2895 3686 verum
2927 3630 3070 3685 dicat
3100 3629 3424 3701 adjiciatque
3462 3644 3599 3701 quo-

2006 3725 2151 3778 niam
2174 3723 2316 3778 idem
2350 3724 2511 3779 homo
2535 3723 2819 3779 ambul-ins
2858 3733 2963 3790 est,
2998 3737 3183 3779 verum
3214 3723 3365 3790 dicit,
3398 3723 3443 3777 si
3467 3720 3597 3793 jun-

2005 3823 2096 3886 gat
2118 3816 2372 3887 quoniam
2401 3816 2494 3872 ille
2524 3815 2688 3871 homo
2712 3816 2993 3871 ambulans
3025 3818 3259 3872 musicus
3280 3826 3385 3872 est.
3415 3815 3525 3871 Sed
3553 3816 3599 3874 si

2006 3924 2193 3966 verum
2223 3919 2307 3966 est
2331 3910 2401 3965 de
2430 3911 2609 3981 aliquo
2641 3912 2857 3967 homine
2882 3910 3176 3981 praedicare
3202 3909 3347 3983 quod
3372 3912 3445 3966 sit
3480 3924 3598 3964 am-

2008 4003 2199 4059 bulans
2228 4006 2496 4071 musicus,
2527 4005 2595 4060 de
2637 4005 2943 4061 ambulante
2970 4014 3149 4060 autem
3182 4004 3387 4061 musico
3412 4019 3597 4061 verum

2008 4105 2095 4153 est
2121 4097 2306 4154 dicere
2335 4101 2586 4168 quoniam
2617 4101 2853 4153 musicus
2876 4108 2960 4154 est
2982 4143 2997 4167 ,
3036 4098 3134 4153 erit
3167 4097 3261 4153 ille
3296 4098 3459 4152 homo
3486 4111 3599 4151 am-

2011 4189 2205 4245 bulans
2232 4191 2472 4245 musicus
2516 4192 2785 4259 musicus,
2828 4192 2922 4247 sed
2970 4191 3041 4248 de
3066 4193 3255 4248 eodem
3284 4206 3473 4247 verum
3522 4201 3602 4254 est

2010 4289 2195 4347 dicere
2232 4292 2483 4361 quoniam
2529 4292 2812 4346 ambulans
2861 4302 2972 4359 est,
3006 4306 3189 4348 verum
3219 4293 3322 4347 erit
3352 4292 3511 4363 igitur
3537 4291 3602 4353 da

2010 4406 2077 4447 eo
2103 4407 2290 4446 rursus
2318 4391 2499 4446 dicere
2530 4394 2787 4463 quoniam
2831 4392 2991 4448 homo
3020 4393 3301 4449 ambulans
3328 4393 3602 4453 ambulant

2014 4486 2252 4541 musicus
2293 4486 2530 4541 musicus
2560 4496 2659 4541 est.
2690 4487 2937 4558 Amplius
2967 4503 3180 4559 quoque
3205 4489 3456 4545 Socrates
3508 4487 3607 4544 So-

2014 4589 2188 4636 crates
2238 4588 2314 4635 est
2336 4621 2351 4647 ,
2380 4588 2434 4634 et
2464 4595 2649 4635 rursus
2678 4566 2874 4647 homo,
2904 4566 3005 4635 erit
3032 4582 3190 4659 igitur
3221 4581 3473 4647 Socrates
3507 4579 3610 4636 So~

2018 4682 2192 4729 crates
2244 4675 2446 4743 homo;
2497 4666 2590 4729 sed
2644 4684 2699 4730 et
2751 4674 2941 4745 bipes,
2994 4675 3095 4730 erit
3149 4675 3311 4747 igitur
3360 4675 3611 4737 Socrates

2023 4767 2277 4823 Socrates
2300 4766 2462 4821 homo
2485 4767 2664 4834 bipes;
2704 4768 2800 4823 sed
2836 4767 2901 4822 de
2934 4769 3156 4825 Socrate
3195 4783 3379 4823 verum
3411 4779 3493 4825 est
3532 4769 3584 4823 dl

2024 4874 2151 4916 cere
2181 4862 2430 4931 quoniam
2457 4862 2705 4916 Socrates
2736 4863 2895 4929 homo
2926 4863 3074 4933 bipes
3106 4872 3209 4929 est,
3238 4862 3331 4918 sed
3358 4878 3479 4918 cum
3503 4862 3610 4922 dist

2026 4952 2298 5009 hominem
2323 4996 2338 5020 ,
2376 4954 2443 5009 de
2488 4969 2554 5009 eo
2577 4953 2688 5025 jam
2714 4964 2767 5010 et
2797 4955 3040 5025 bipedem
3072 4955 3182 5011 diri
3207 5000 3221 5023 ,
3254 4957 3429 5011 omnis
3468 4955 3611 5015 enim

2028 5044 2193 5101 homo
2226 5047 2375 5116 bipes
2404 5057 2517 5114 cst;
2543 5062 2727 5102 verum
2755 5057 2838 5103 est
2869 5064 2996 5119 ergo
3030 5048 3098 5102 de
3146 5063 3211 5103 eo
3254 5047 3434 5102 dicere
3482 5062 3609 5116 quo.

2024 5139 2169 5195 niam
2228 5139 2378 5211 bipes
2421 5155 2536 5207 est,
2592 5142 2687 5197 sed
2730 5158 2913 5198 verum
2959 5151 3078 5198 erat
3124 5143 3306 5197 dicere
3356 5140 3609 5210 quoniam

2025 5232 2275 5288 Socrates
2298 5233 2548 5290 Sorrates
2573 5236 2732 5289 homo
2761 5235 2912 5305 bipes
2940 5245 3054 5300 est;
3083 5248 3207 5289 vera
3235 5233 3392 5304 igitur
3422 5231 3609 5302 ριτιιιιίς

2023 5325 2165 5381 catio
2194 5326 2325 5389 r-rit,
2355 5328 2603 5380 Socrates
2645 5325 2894 5382 Socrates
2931 5325 3080 5396 bipes
3120 5325 3270 5396 bipes
3312 5326 3477 5379 itotno
3504 5332 3608 5381 est.

2024 5415 2129 5474 Sed
2180 5430 2367 5473 rursus
2396 5415 2669 5473 hominem
2719 5416 2858 5483 disi,
2905 5417 3140 5487 atquein
3176 5431 3240 5472 eo
3266 5416 3410 5470 aliud
3461 5414 3606 5484 bipes

2023 5510 2329 5579 nominavi,
2381 5511 2557 5566 omnis
2598 5512 2740 5567 enim
2792 5511 2954 5567 homo
3001 5511 3152 5581 bipes
3198 5517 3302 5566 est.
3356 5509 3607 5564 Socrates

307 5592 455 5671 nem.
503 5592 887 5684 inquirendum
933 5620 1017 5669 est
1060 5626 1181 5682 qua:
1235 5622 1424 5664 eorum
1454 5609 1526 5662 sit
1562 5606 1861 5661 diﬂerentia
1883 5646 1903 5675 ,
2016 5605 2181 5678 igitur
2202 5604 2362 5661 homo
2399 5606 2549 5677 bipes
2579 5604 2729 5677 bipes
2758 5605 2913 5675 bipes
2936 5615 3038 5670 est,
3063 5613 3118 5659 et
3142 5604 3245 5658 hoc
3263 5603 3316 5659 in
3334 5602 3600 5658 inﬁnitum

306 5708 559 5778 exempla
584 5714 760 5761 autem
787 5706 977 5761 horum
1000 5703 1122 5759 talia
1151 5708 1295 5758 sunt.
1319 5702 1518 5758 Eorum
1541 5698 1761 5771 quidem
1783 5714 1904 5770 quae
2016 5711 2286 5772 pr0tracto
2316 5701 2583 5772 superﬂua
2620 5701 2918 5774 loquacitas
2950 5698 3253 5766 invenitur;
3300 5714 3408 5755 non
3446 5698 3607 5770 igitur

303 5792 454 5858 extra
486 5802 850 5872 prmdicantur
876 5812 1031 5865 vere;
1066 5811 1165 5852 nec
1195 5796 1238 5850 si
1270 5794 1558 5865 conjuncta
1592 5801 1716 5849 sunt
1746 5801 1903 5848 natu-
2012 5794 2127 5852 iieri
2159 5803 2338 5866 potest
2377 5804 2434 5850 ut
2484 5794 2657 5850 modis
2690 5791 2941 5850 omnibus
2986 5791 3245 5867 quidquid
3279 5802 3432 5849 extra
3471 5788 3607 5849 dici-

304 5908 423 5961 ratn
446 5893 695 5961 veritatis
708 5894 983 5961 amittunt,
1010 5876 1114 5950 tale
1136 5889 1441 5961 exemplum
1462 5896 1567 5967 est,
1591 5888 1661 5945 de
1680 5886 1900 5955 homine
2009 5894 2120 5956 tur,
2150 5887 2205 5945 id
2214 5888 2465 5973 junctum
2489 5903 2617 5946 vere
2640 5887 2981 5961 praedicetur.
