4090 6342
534 330 639 390 575

1779 331 1890 387 ΑΝ.
1932 331 2139 390 ΜΑΝι.
2182 332 2334 390 δεῖν.
2377 332 2597 391 ΒΟΕΤΙΙ

3708 344 3815 403 576

611 445 867 512 Quoniam
890 458 1010 515 ergo
1032 444 1076 497 si
1094 459 1207 513 quis
1253 442 1555 513 simpliciter
1575 443 1710 509 dicat
1732 445 2112 514 εοηιριωίοηει
2139 453 2195 517 Α¹
2218 451 2489 518 accidens,
2516 454 2727 521 quoties
2766 462 2856 508 aut
2897 453 3193 512 accidentia
3232 457 3340 513 duo
3380 458 3804 530 desuhstantia.

533 540 668 606 ﬁeri,
690 538 913 608 plurima
940 536 1343 591 inconvenientia
1382 537 1630 607 contingit
1651 536 1839 601 dicere.
1866 538 2111 607 manifes-

531 643 640 688 tum
690 640 782 685 est.
831 628 1271 693 Quemadmodum
1311 640 1479 682 autem
1529 628 1818 697 ponendum
1865 629 1930 682 sit
1977 644 2110 682 nunc

530 726 769 785 dit-imus.
807 720 1003 774 Eorum
1032 721 1185 790 igitur
1216 736 1327 791 qua:
1346 720 1716 791 praedicantur,
1746 730 1792 775 et
1826 720 1890 773 de
1930 721 2112 789 quibus

529 816 875 885 praedicantur
901 829 1209 883 quiscunque
1244 814 1528 867 secundum
1567 813 1802 868 accidens
1850 813 2107 882 dicantur,

527 907 603 959 vel
630 906 695 960 de
723 906 935 975 eodem,
985 905 1065 959 uel
1106 905 1328 959 alterum
1358 906 1421 961 de
1449 907 1643 971 altero,
1671 906 1781 960 lucc
1815 921 1918 960 non
1963 917 2113 962 erunt

527 980 715 1063 unum,
732 1008 789 1050 ut
817 996 970 1050 homo
989 997 1138 1050 albus
1177 1006 1255 1049 est
1284 1005 1334 1051 et
1369 997 1613 1061 musicus,
1639 996 1731 1051 sed
1755 1012 1858 1050 non
1878 1007 1951 1051 est
1979 998 2112 1054 idem

524 1087 778 1141 musicum
816 1097 865 1142 et
893 1088 1100 1152 album;
1128 1087 1415 1142 accidentia
1458 1088 1595 1141 enim
1631 1100 1751 1142 sunt
1780 1097 1995 1158 utraque
2039 1092 2109 1145 ei-

525 1177 661 1245 dem,
693 1196 784 1233 nec
825 1179 1064 1234 sialbum
1111 1182 1387 1233 musicum'
1402 1196 1574 1233 verum
1596 1188 1671 1234 est
1703 1182 1900 1246 dicere,
1943 1192 2111 1237 tamen

525 1271 620 1326 erit
642 1271 815 1325 album
843 1274 1094 1327 musicum
1122 1288 1280 1326 unum
1305 1272 1527 1343 aliquid,
1556 1275 1835 1327 secundum
1872 1274 2110 1332 accidens

525 1365 660 1419 enim
687 1367 859 1420 aibant
904 1367 1155 1421 musicum
1187 1367 1398 1421 dicitur.
1449 1366 1624 1433 Quare
1656 1381 1759 1419 non
1801 1367 1895 1421 erit
1935 1365 2111 1422 album

514 1459 779 1523 musicum
801 1474 963 1512 unum
987 1459 1209 1528 aliquid,
1233 1460 1475 1527 quocirca
1504 1473 1596 1512 nec
1616 1457 1926 1521 citharwdus
1952 1460 2109 1514 bonus

525 1549 839 1619 simpliciter,
859 1553 946 1603 sed
975 1550 1168 1604 animal
1191 1551 1352 1620 bipes,
1385 1565 1487 1604 non
1517 1550 1659 1603 enim
1686 1558 1806 1603 sunt
1830 1550 2110 1606 secundum

522 1640 777 1695 accidens.
803 1640 1035 1710 Amplius
1056 1658 1146 1695 nec
1166 1657 1480 1712 quacunque
1508 1642 1683 1695 insunt
1707 1642 1761 1695 in
1780 1642 1906 1698 alio.
1938 1640 2110 1707 Quare

520 1747 684 1811 neque
710 1732 884 1787 album
908 1733 1219 1804 frequenter,
1244 1750 1404 1805 neque
1423 1735 1599 1802 homo,
1632 1734 1782 1788 homo
1810 1733 2004 1789 animal
2033 1744 2106 1789 est
2140 1732 2143 1737 ’

520 1826 602 1899 uel
631 1824 799 1894 bipes;
821 1836 939 1881 sunt
968 1830 1103 1882 enim
1131 1829 1183 1883 in
1206 1828 1412 1884 homine
1439 1829 1634 1883 animal
1654 1838 1701 1909 et
1733 1830 1895 1899 bipes.

518 1972 523 1985 .
593 1930 724 1993 Quae
749 1931 998 2000 superius
1017 1932 1464 2002 comprehendit,
1503 1948 1566 1989 ea
1596 1948 1740 1989 nunc
1767 1932 2108 2003 apertissima

526 2020 735 2076 ratione
773 2023 1094 2079 determinat
1123 2024 1329 2090 dicens,
1361 2025 1430 2080 de
1451 2025 1536 2080 bis
1561 2024 1695 2080 solis
1735 2033 1887 2080 extra
1917 2024 2112 2094 praedi-

514 2111 662 2165 .catis
685 2114 947 2169 veraciter
974 2128 1081 2169 non
1118 2129 1279 2184 posse
1310 2130 1469 2170 unam
1515 2115 1952 2185 praedicationem
1993 2114 2108 2170 ﬁeri

514 2213 733 2275 uram,
772 2203 819 2258 si
840 2205 1128 2274 conjuncta
1157 2206 1298 2272 sint,
1328 2220 1661 2277 quaecunque
1689 2216 1783 2261 aut
1811 2206 2109 2262 accidentia

520 2305 645 2347 sunt
689 2293 893 2365 eidem,
933 2305 1026 2350 aut
1065 2310 1189 2350 cum
1239 2311 1403 2353 unum
1434 2297 1545 2361 alii
1587 2297 1814 2363 accidit,
1858 2298 2108 2353 accidens

521 2382 667 2438 aliud
694 2384 764 2441 de
793 2384 889 2439 illo
929 2385 1192 2442 accidenti
1233 2386 1572 2457 praedicatur.
1616 2388 1674 2443 Si
1706 2390 1829 2458 quis
1870 2391 2012 2447 enim
2039 2392 2109 2447 de

510 2475 741 2537 Socrate
795 2477 941 2534 dicat
995 2479 1249 2549 quoniam
1306 2481 1556 2537 Socrates
1610 2480 1938 2539 citharoedus
1992 2494 2105 2551 est,

516 2582 707 2623 rursus
731 2570 983 2624 Socrates
1010 2577 1180 2624 bonus
1203 2580 1314 2638 est,
1345 2571 1390 2626 si
1420 2581 1645 2642 utraque
1670 2586 1798 2630 vere
1823 2574 2103 2644 praedicet,

510 2658 626 2727 duo
654 2657 949 2714 accidentia
970 2659 1038 2715 de
1069 2673 1174 2715 uno
1200 2659 1446 2730 subjecto
1476 2662 1821 2732 praedicavit,
1846 2665 1897 2719 id
1930 2675 2013 2720 est
2038 2667 2107 2722 de

506 2750 759 2830 Socrate.
790 2754 1051 2820 Quocirca
1094 2769 1201 2809 non
1230 2764 1407 2824 potest
1438 2770 1505 2810 ex
1548 2756 1630 2811 bis
1664 2758 1778 2814 lieri
1816 2774 1919 2814 una
1966 2776 2105 2830 pra:-

504 2822 735 2913 dicatio,
763 2856 819 2902 ut
847 2834 1076 2914 dicatur,
1119 2822 1371 2904 Socrates
1408 2848 1735 2905 citbartedus
1776 2852 1949 2908 bonus
1966 2822 2102 2919 -est;

512 2952 701 2995 rutsus
738 2940 786 2995 si
813 2940 881 2996 de
918 2944 1141 2996 Socrate
1190 2941 1509 3011 pmdicetur
1553 2942 1813 3010 musicus,
1844 2942 1918 2997 sit
1959 2946 2103 2999 enim

510 3029 765 3101 Socrates
802 3032 1077 3099 musicus;
1121 3034 1189 3089 de
1235 3036 1441 3089 musico
1482 3045 1662 3091 autem
1706 3037 1753 3091 si
1781 3037 2105 3106 praedicetur

512 3120 685 3190 albus,
710 3134 767 3179 et
790 3122 891 3179 hoc
922 3123 1149 3180 fortasse
1176 3128 1248 3181 sit
1280 3140 1486 3194 verum,
1518 3140 1625 3182 non
1658 3137 1836 3184 tamen
1860 3127 1976 3199 jam
2005 3145 2101 3187 ne-

504 3226 667 3316 cesse
695 3222 778 3268 est
806 3215 1070 3316 musicum
1096 3214 1277 3270 album
1479 3218 1536 3274 Si
1569 3217 1717 3274 enim
1749 3221 1826 3316 sit
1862 3221 2101 3279 musicus
2127 3217 2177 3287 C
2206 3243 2301 3299 sed
2330 3245 2528 3299 animi
2567 3214 2750 3316 bi'pes';
2779 3214 2890 3302 'non

509 3304 782 3371 Socrates,
803 3306 851 3362 si
875 3305 945 3362 de
969 3307 1157 3363 eodem
1187 3309 1392 3365 musico
1412 3292 1569 3366 albus
1594 3311 1941 3382 prasdicetur,
1962 3329 2098 3384 pra:-

512 3398 719 3453 dicatur
764 3399 983 3468 quidem
1025 3399 1093 3457 de
1145 3400 1369 3467 Socrate
1414 3404 1660 3473 subjecto
1707 3406 1981 3474 musicus,
2030 3410 2099 3466 de

498 3495 719 3555 ,musico
747 3505 925 3549 autem
956 3495 1101 3564 quod
1134 3505 1217 3550 est
1252 3495 1503 3552 accidens
1530 3497 1850 3568 praedicatur
1886 3499 2096 3571 album,

507 3599 690 3641 rursus
720 3586 865 3642 aliud
889 3588 1160 3644 accidens.
1194 3588 1334 3660 Ergo
1365 3604 1467 3646 non
1501 3600 1679 3661 potest
1707 3593 1795 3650 blc
1825 3608 1929 3650 una
1974 3593 2096 3651 ﬁeri

508 3693 631 3736 vera
671 3682 987 3752 propositio,
1022 3691 1076 3738 ut
1103 3683 1349 3740 dicatur:
1383 3686 1636 3743 Socrates
1674 3688 1829 3744 albus
1858 3692 2095 3747 musicus

496 3780 617 3843 est,
645 3789 817 3843 neque
847 3777 993 3830 enim
1034 3790 1246 3847 semper
1274 3777 1511 3835 musicus
1540 3780 1701 3847 albus
1730 3795 1852 3837 esse
1889 3791 2091 3852 potest,

505 3864 601 3918 sed
633 3862 769 3918 hanc
798 3873 1040 3919 naturam
1089 3865 1287 3923 habent
1328 3869 1661 3938 accidentia,
1693 3880 1754 3925 ut
1794 3874 2012 3928 veniant
2039 3881 2096 3929 et

500 3955 791 4025 recedant;
822 3964 949 4027 ergo
992 3958 1040 4011 si
1085 3958 1200 4027 ejus
1249 3960 1339 4030 qui
1384 3963 1616 4016 musicus
1668 3962 1823 4017 albus
1871 3973 1989 4034 est,
2038 3965 2090 4019 in

504 4050 619 4104 sole
647 4050 840 4105 stantis
865 4060 1044 4107 cutem
1076 4052 1229 4107 calor
1256 4053 1582 4121 luscaverit,
1616 4070 1722 4110 non
1745 4058 1850 4112 erit
1878 4059 2090 4127 quidem

494 4141 657 4217 albus
690 4156 811 4198 cum
850 4144 920 4200 sit
964 4146 1217 4201 musicus.
1268 4147 1527 4213 Quocirca
1578 4162 1750 4218 neque
1799 4160 1923 4205 tunc
1967 4166 2089 4206 cum

504 4248 633 4292 vere
656 4236 1065 4305 prardicabatur,
1086 4243 1341 4309 quoniam
1372 4240 1625 4296 Socrates
1672 4243 1909 4300 musicus
1936 4244 2090 4301 albus

503 4339 617 4399 est,
658 4346 832 4402 neque
874 4342 999 4388 tunc
1029 4332 1127 4388 fuit
1169 4347 1293 4389 vera
1323 4344 1575 4405 rectaque
1618 4338 1947 4407 praedicatio,
1982 4353 2085 4393 non

503 4425 645 4481 enim
704 4425 863 4483 habet
904 4438 1151 4483 naturam
1184 4431 1528 4498 permanendi
1561 4432 1809 4488 accidens
1851 4442 1909 4488 ut
1945 4448 2087 4489 sem-

490 4534 597 4590 per
624 4533 748 4574 vere
780 4517 1123 4588 praedicetur.
1155 4520 1308 4575 ltatio
1331 4531 1507 4578 autem
1537 4525 1824 4581 verborum
1854 4527 1931 4582 sic
1959 4542 2086 4582 con-

2215 551 2308 596 aut
2332 542 2583 599 accidens
2611 543 2682 600 de
2723 546 2985 603 accidenti
3010 549 3237 621 alicujus
3261 551 3575 611 substantia
3606 559 3803 627 praedi-

2212 642 2393 699 catur;
2434 635 2537 690 alia
2586 650 2718 693 vero
2772 653 2878 694 non
2933 642 3226 697 secundum
3282 646 3550 715 accidens,
3598 650 3810 720 quoties

2212 725 2410 798 aliquid
2438 727 2508 784 de
2549 729 2729 800 aliquo
2759 731 3183 790 substantialiter
3211 735 3425 793 dicitur.
3460 738 3661 795 Eorum
3710 743 3807 812 igi-

2215 828 2302 876 tur
2329 836 2665 892 quzecunque
2697 826 2993 882 secundum
3032 828 3281 885 accidens
3309 830 3581 903 dicuntur,
3619 849 3807 891 eorum

2212 912 2297 970 vel
2325 914 2371 971 si
2401 914 2508 971 duo
2537 925 2662 972 sunt
2681 903 3002 986 accidentia,
3024 921 3167 977 etde
3195 922 3386 980 eodem
3418 926 3804 996 praedicantur,

2212 1005 2297 1059 vel
2324 1005 2369 1059 si
2397 1005 2624 1061 alterum
2655 1008 2903 1065 accidens
2941 1010 3010 1066 de
3039 1011 3211 1069 altero
3257 1015 3521 1073 accidenti
3569 1017 3804 1087 dicatur,

2212 1108 2279 1150 ex
2314 1095 2398 1150 bis
2448 1112 2554 1151 non
2586 1108 2763 1168 potest
2802 1116 2906 1155 una
2958 1101 3074 1160 ﬁeri
3117 1105 3445 1175 przedicatio,
3478 1123 3656 1181 neque
3697 1113 3802 1166 erit

2212 1200 2376 1240 unum
2402 1187 2448 1242 si
2473 1188 2658 1257 juncta
2689 1190 2827 1256 sint,
2864 1200 2920 1246 ut
2959 1192 3120 1249 homo
3147 1205 3201 1250 et
3233 1196 3392 1252 albus
3415 1206 3527 1266 est,
3555 1209 3612 1256 et
3641 1202 3807 1254 musi-

2210 1291 2326 1346 cus,
2349 1278 2528 1334 album
2550 1281 2693 1335 enim
2720 1284 3006 1351 musicum,
3028 1288 3282 1356 quoniam
3304 1291 3358 1345 iu
3386 1306 3548 1345 unam
3570 1292 3802 1365 formam

2212 1385 2318 1424 non
2357 1384 2716 1440 concurrunt,
2751 1391 2855 1430 non
2903 1376 3106 1433 iaciunt
3151 1395 3310 1436 unam
3356 1385 3799 1452 propositionem.

2211 1462 2327 1519 l\'on
2356 1465 2499 1520 enim
2532 1465 2670 1522 idem
2695 1477 2777 1523 est
2797 1469 2976 1524 album
3002 1480 3059 1526 et
3081 1474 3377 1537 musicum,
3410 1485 3639 1547 utraque
3657 1479 3802 1544 enim

2211 1560 2385 1616 eidem
2412 1570 2538 1617 sunt
2564 1563 2857 1619 accidentia
2880 1607 2896 1631 ,
2926 1569 3033 1621 non
3069 1577 3244 1624 tamen
3273 1568 3414 1635 idem
3438 1560 3586 1626 sunt.
3618 1571 3731 1629 Nec
3758 1576 3803 1631 si

2211 1654 2393 1709 album
2433 1654 2503 1710 de
2545 1658 2749 1711 musico
2800 1658 3175 1726 praedicentus,
3217 1660 3271 1716 id
3303 1670 3389 1718 est
3433 1662 3693 1723 accidens
3737 1665 3802 1722 de

2210 1747 2501 1816 accidenti,
2531 1758 2588 1806 et
2616 1751 2717 1807 hoc
2748 1766 2929 1808 verum
2967 1755 3069 1821 sit,
3097 1770 3203 1809 non
3235 1766 3411 1812 tamen
3460 1771 3687 1813 necesse
3721 1768 3799 1817 est

2137 1842 2186 1905 Β
2214 1840 2265 1895 id
2294 1843 2437 1913 quod
2480 1844 2742 1899 musicum
2780 1855 2862 1900 est
2901 1861 3023 1901 esse
3063 1846 3280 1912 album,
3309 1864 3483 1919 neque
3523 1850 3671 1905 enim
3720 1861 3798 1907 est

2214 1948 2376 1988 unum
2403 1933 2621 2004 aliquid.
2652 1936 2971 1993 Accidenter
2991 1938 3134 1995 enim
3160 1939 3212 1994 id
3237 1940 3381 2010 quod
3409 1942 3675 1997 musicum
3719 1953 3797 2001 est

2212 2027 2390 2082 album
2421 2036 2532 2091 est;
2561 2029 2811 2098 quoniam
2854 2031 2996 2086 enim
3027 2031 3259 2101 idipsum
3300 2034 3388 2089 cui
3416 2035 3684 2090 musicum
3715 2050 3797 2095 ac-

2211 2118 2340 2175 cidit
2365 2119 2546 2176 album
2576 2131 2687 2192 est,
2714 2121 2913 2179 idcirco
2940 2124 3199 2180 musicum
3229 2124 3406 2181 album
3434 2127 3655 2184 dicitur.
3685 2127 3797 2185 Non

2213 2220 2297 2269 est
2338 2222 2513 2269 autem
2563 2213 2706 2271 idem
2752 2216 3014 2272 musicum
3054 2217 3256 2274 album.
3297 2218 3563 2286 Quocirca
3610 2221 3795 2291 eadem

2208 2306 2415 2362 ratione
2462 2316 2695 2377 tenetur,
2739 2319 2796 2365 ut
2834 2325 2941 2366 non
2985 2315 3153 2381 possit
3199 2312 3340 2368 idem
3384 2328 3506 2370 esse
3545 2315 3795 2370 cithara?

2208 2406 2312 2463 dus
2356 2408 2548 2476 bonus,
2581 2424 2682 2467 nec
2728 2411 2783 2466 in
2815 2427 2979 2467 unum
3022 2426 3217 2482 corpus
3252 2412 3569 2481 conjuncta,
3599 2413 3797 2469 iaciant

2209 2516 2372 2557 unum
2403 2503 2641 2574 aliquid,
2670 2519 2977 2575 quanquam
3015 2505 3284 2575 sigillatim
3329 2520 3457 2561 vere
3495 2506 3797 2576 praedicen-

2207 2600 2315 2648 tur.
2345 2592 2499 2661 Quod
2537 2594 2585 2650 si
2623 2595 2746 2665 quis
2788 2596 2989 2666 aliquid
3034 2597 3461 2654 substantialiter
3501 2597 3793 2669 praedicet,

2205 2686 2444 2758 duasque
2486 2703 2572 2745 res
2602 2690 2873 2759 sigillatim
2913 2691 3082 2757 dicat,
3132 2698 3356 2761 possunt
3391 2694 3445 2747 in
3475 2707 3637 2748 unam
3669 2707 3794 2762 pro-

2204 2778 2525 2847 positionem
2574 2781 2773 2850 redire,
2796 2797 2914 2851 quae
2942 2783 3364 2871 substantialiter
3388 2799 3515 2841 vere
3536 2783 3796 2854 seiuncta

2204 2873 2600 2943 separatimque
2627 2885 2927 2943 ponuntur;
2956 2874 3118 2930 homo
3161 2877 3329 2943 enim,
3352 2890 3473 2932 cum
3514 2885 3573 2932 et
3597 2877 3796 2933 animal

2213 2966 2362 3040 sit‘et
2391 2966 2566 3036 bipes,
2595 2978 2679 3025 est
2716 2970 2914 3025 animal
2946 2968 3118 3039 bipes,
3151 2978 3206 3026 et
3233 2969 3293 3025 lit
3316 2987 3383 3028 ex
3416 2971 3500 3026 bis
3528 2986 3635 3026 una
3661 2985 3796 3041 pras-

2204 3054 2421 3112 dicatio.
2446 3057 2578 3114 Nam
2608 3074 2782 3130 neque
2811 3062 3009 3116 animal
3047 3063 3340 3118 secundum
3370 3063 3625 3119 accidens
3654 3065 3793 3121 inest

2204 3147 2405 3206 homini
2434 3167 2535 3207 nec
2561 3152 2733 3223 bipes,
2761 3155 3030 3225 quodper
3072 3157 3174 3211 hoc
3218 3157 3455 3212 ostendit
3495 3157 3638 3227 quod
3677 3160 3793 3226 ait,

2942 3257 3066 3303 sunt
3117 3250 3261 3304 enim
3311 3252 3606 3305 secundum
3654 3251 3793 3307 acci-

2165 3343 2178 3358 '
2204 3334 2357 3391 dens.
2409 3335 2572 3393 Addit
2618 3353 2829 3409 quoque
2873 3339 3030 3408 illud,
3073 3342 3324 3410 quoniam
3366 3356 3466 3397 nec
3506 3357 3571 3398 ea
3607 3343 3793 3413 juncta

2202 3439 2349 3483 recte
2379 3441 2670 3499 ponuntur,
2728 3444 3060 3501 quaecunque
3086 3434 3172 3488 vel
3212 3434 3441 3489 latenter
3468 3435 3551 3490 vel
3584 3434 3636 3490 in
3673 3450 3792 3506 pro-

2200 3518 2401 3577 latione
2423 3524 2476 3577 in
2504 3523 2685 3593 aliquo
2708 3524 3062 3578 terminorum
3083 3526 3450 3592 continentur,
3474 3526 3570 3596 qui
3592 3525 3646 3581 in
3671 3540 3793 3596 pro-

2202 3611 2465 3680 positione
2494 3614 2652 3682 positi
2691 3621 2833 3668 sunt.
2869 3612 3076 3669 Idcirco
3114 3616 3257 3670 enim
3287 3614 3354 3671 de
3402 3615 3625 3671 homine
3668 3615 3794 3672 albo

2200 3716 2306 3757 non
2335 3702 2496 3759 debet
2519 3703 2623 3759 dici
2661 3703 2837 3771 albus,
2871 3712 2928 3758 ut
2955 3705 3140 3760 veniat
3176 3705 3485 3775 praedicatio
3516 3705 3679 3761 homo
3706 3706 3785 3761 al-

2200 3792 2303 3851 bus
2328 3794 2505 3860 albus,
2535 3797 2789 3865 quoniam
2828 3796 2940 3865 jam
2977 3797 3031 3851 in
3079 3797 3294 3853 homine
3320 3798 3447 3853 albo
3484 3796 3793 3854 continetur

2196 3887 2397 3941 album.
2432 3887 2638 3942 Rursus
2666 3886 2734 3943 de
2766 3888 2982 3943 homine
3010 3888 3211 3945 idcirco
3248 3904 3356 3944 non
3386 3888 3561 3945 'debet
3593 3889 3791 3959 pracdi-

2195 3980 2310 4035 cari
2341 3979 2514 4048 bipes,
2556 3980 2809 4050 quoniam
2851 3981 2978 4037 licet
3006 3994 3112 4036 non
3156 3982 3229 4037 sit
3260 3981 3557 4051 prolatum,
3613 3992 3789 4036 tamen

2192 4080 2287 4151 qui
2330 4079 2491 4135 homo
2516 4091 2601 4136 est
2635 4081 2785 4151 bipes
2810 4090 2915 4138 est.
2971 4080 3080 4138 Sed
3107 4082 3175 4137 de
3203 4081 3422 4137 homine
3460 4082 3506 4137 si
3549 4082 3677 4151 quis
3706 4082 3787 4136 bi-

2194 4187 2288 4243 pes
2328 4172 2614 4241 praedicet,
2655 4170 2726 4227 de
2757 4187 2816 4227 re
2846 4172 2982 4227 duos
3008 4172 3237 4228 habente
3268 4172 3453 4242 pedes,
3486 4186 3664 4242 neque
3695 4172 3790 4227 bac

2191 4265 2489 4323 diﬂ‘erentia
2517 4267 2660 4338 quod
2700 4277 2785 4322 est
2812 4268 2984 4335 bipes,
3015 4268 3275 4338 pradicat
3318 4268 3491 4337 bipes.
3524 4268 3789 4336 Quocirca

2189 4359 2293 4414 erit
2323 4358 2410 4413 hic
2435 4374 2649 4429 quoque
2696 4360 2856 4414 homo
2882 4360 3033 4430 bipes
3062 4360 3235 4430 bipes,
3268 4359 3429 4416 homo
3458 4361 3604 4414 enim
3634 4361 3788 4431 bipes

2191 4450 2432 4506 continet
2469 4453 2604 4504 intra
2633 4466 2717 4517 se,
2746 4461 2801 4507 et
2825 4452 2914 4522 qui
2942 4452 3071 4507 dicit
3102 4452 3373 4508 hominem
3399 4468 3524 4508 cum
3554 4469 3654 4508 sua
3683 4453 3787 4507 dii-

2190 4542 2415 4599 l'erentia
2444 4542 2592 4598 dicit.
2625 4543 2680 4598 Si
2710 4544 2827 4613 quis
2852 4559 2982 4615 ergo
3006 4544 3183 4599 adhuc
3212 4544 3466 4614 praedicet
3498 4544 3677 4614 bipes,
3719 4544 3786 4600 de

499 4620 626 4667 stat.
653 4606 915 4678 Quobiam
961 4611 1122 4681 igitur
1161 4611 1207 4665 si
1250 4613 1386 4682 quis,
1432 4613 1636 4683 inquit,
1668 4616 1812 4671 dicat
1859 4607 2249 4687 omninoDm
2294 4632 2430 4687 ἀηοε
2478 4606 2946 4704 ιιεδεηιε’ρεσθηξ
2995 4606 3243 4703 θίρεάειίι
3286 4606 3623 4703 praedicas-ig,
3666 4606 3785 4691 ετίι

499 4705 900 4776 quomodolibet
943 4706 1343 4775 complexiones
1393 4708 1537 4775 ﬁeri,
1584 4710 1637 4765 id
1681 4720 1795 4777 est,
1845 4721 1902 4766 ut
1940 4713 2081 4781 quod

499 4800 771 4871 sigillatim
796 4799 1202 4872 praedicaveras,
1241 4803 1343 4859 hoc
1378 4805 1717 4876 complexum
1755 4822 2083 4863 connexum-

499 4906 604 4963 que
648 4906 933 4962 proponas,
982 4893 1210 4964 plurima
1259 4896 1685 4952 inconvenientia
1729 4897 1909 4954 dicere
1953 4914 2082 4956 con-

500 4992 672 5061 tingit.
719 4991 880 5049 Multa
930 4994 1069 5050 einim
1119 5008 1446 5056 concurrunt
1500 5000 1894 5071 impossibilia,
1943 5004 2081 5060 sicut

498 5102 657 5158 supra
701 5086 814 5158 ipse
850 5093 1167 5147 monstravit
1196 5104 1343 5161 tunc,
1386 5095 1601 5165 quando
1644 5095 1711 5150 ad
1753 5096 1975 5152 nimiam
1999 5098 2078 5154 lo-

498 5177 815 5250 quacitatem
866 5182 1112 5250 perduxit
1140 5198 1257 5251 eos,
1288 5184 1475 5242 eadem
1527 5187 1833 5256 frequenter
1862 5187 2076 5242 nomina

497 5281 817 5343 repetentes.
852 5274 1310 5344 Quemadmodum
1340 5278 1644 5348 ponendum
1688 5289 1772 5333 est
1815 5295 1955 5335 nunc
1998 5280 2078 5335 di-

479 5364 773 5433 ,cimus,‘id
811 5376 925 5436 est,
955 5368 1405 5439 quemadmodum
1448 5377 1626 5424 autem
1673 5370 1931 5437 debeant,
1959 5387 2077 5443 qua:

480 5459 761 5531 sigillatim
801 5475 927 5516 vere
954 5461 1203 5518 dicuntur
1228 5464 1408 5532 juncta
1451 5465 1759 5534 praedicari,
1792 5484 1954 5533 nunc,
1988 5470 2071 5524 in-

494 5557 637 5622 quit,
668 5551 913 5608 dicimus.
955 5556 1175 5621 Omuia,
1216 5556 1417 5625 inquit,
1462 5571 1586 5626 qua:
1612 5559 1969 5626 praedicantur
2007 5562 2073 5619 de

492 5645 695 5716 aliquo,
717 5653 773 5700 et
798 5660 984 5701 rursus
1008 5647 1076 5702 de
1102 5648 1303 5719 quibus
1343 5647 1447 5702 alia
1493 5649 1847 5718 praedicantur
1877 5652 2074 5723 duplici

476 5737 652 5797 .modo
692 5747 848 5805 sunt,
875 5749 966 5794 aut
1002 5740 1144 5795 enim
1191 5739 1487 5797 accidentia
1515 5750 1668 5807 sunt,
1696 5752 1787 5798 aut
1826 5744 2073 5803 substan-

491 5826 635 5893 tialia
653 5870 667 5905 ρ
695 5837 751 5884 et
787 5829 908 5885 aliae
940 5830 1151 5903 quidem
1180 5831 1588 5911 praedicationes
1617 5846 1743 5909 sunt
1781 5841 2073 5919 secundum

2189 4742 2321 4797 ergo
2348 4725 2512 4782 homo
2543 4726 2692 4796 bipes
2718 4727 2896 4796 bipes,
2926 4726 3019 4783 sed
3047 4728 3119 4784 ita
3152 4728 3429 4798 praedicari
3459 4742 3567 4784 non
3598 4727 3778 4786 debet.

2189 4826 2507 4882 Continetur
2533 4828 2677 4882 enim
2719 4828 2773 4882 in
2803 4827 3019 4883 homine
3048 4828 3222 4899 bipes,
3248 4827 3315 4884 ad
3341 4828 3485 4899 quod
3516 4828 3565 4883 si
3595 4845 3781 4887 rursus

2190 4920 2341 4989 bipes
2388 4921 2667 4991 praedices,
2693 4923 3120 4979 molestissimam
3163 4921 3332 4980 facies
3376 4924 3776 4994 repetitionem.

2189 5010 2305 5066 Hoc
2329 5009 2472 5066 enim
2502 5021 2584 5068 est
2610 5013 2751 5084 quod
2782 5015 2893 5069 ait:
2924 5015 3170 5084 Amplius
3211 5029 3311 5069 nec
3334 5029 3673 5085 quaecunque
3700 5016 3780 5071 in-

2187 5109 2313 5156 sunt
2352 5101 2406 5157 in
2434 5102 2561 5169 alio,
2590 5104 2644 5159 id
2669 5113 2754 5161 est
2781 5107 3143 5170 continentur,
3168 5113 3261 5160 aut
3288 5106 3614 5175 prolatione,
3641 5115 3701 5163 ut
3727 5108 3777 5165 iu

2185 5214 2252 5256 eo
2297 5200 2438 5271 quod
2477 5210 2561 5259 est
2606 5202 2770 5257 homo
2816 5204 2991 5269 albus,
3034 5203 3340 5260 continetur
3377 5204 3433 5259 in
3479 5219 3547 5260 eo
3599 5205 3773 5271 albus,

2184 5291 2435 5362 quoniam
2470 5293 2769 5363 prolatione
2790 5294 2902 5365 jam
2928 5293 3131 5350 dictum
3159 5304 3264 5363 est,
3295 5306 3389 5350 aut
3427 5305 3694 5366 potestate
3724 5306 3777 5352 et

2186 5384 2259 5451 vi,
2278 5392 2335 5439 ut
2355 5384 2408 5441 in
2424 5400 2492 5441 eo
2506 5386 2647 5456 quod
2668 5395 2754 5442 est
2773 5386 2935 5442 homo
2952 5386 3256 5445 continetur
3272 5382 3447 5458 bipes,
3467 5403 3773 5461 quanquam

2186 5476 2386 5534 dictum
2414 5479 2627 5551 penitus
2647 5494 2755 5535 non
2783 5480 2874 5536 sit.

2182 5634 2185 5635 ν
2261 5572 2448 5629 Verum
2473 5585 2645 5629 autem
2680 5584 2753 5630 est
2781 5577 2949 5630 dicere
2975 5576 3038 5629 de
3065 5577 3239 5646 aliqua
3268 5586 3318 5630 et
3362 5576 3689 5649 simpliciter,
3719 5587 3774 5632 ut

2180 5665 2451 5736 quemdam
2498 5666 2756 5722 hominem
2801 5667 3090 5734 hominem,
3140 5676 3232 5720 aut
3284 5667 3559 5737 quemdam
3603 5667 3777 5721 album

2179 5757 2470 5822 hominem,
2512 5758 2763 5814 hominem
2811 5758 3005 5814 album.
3041 5757 3167 5814 Non
3210 5767 3385 5831 autem
3429 5776 3653 5830 semper,
3686 5759 3775 5814 sed

2178 5851 2382 5926 quando
2409 5850 2463 5909 in
2500 5836 2935 5935 adjecto'aliquid
2970 5852 3177 5933 quidem
3222 5852 3575 5935 oppositorum
3615 5853 3765 5929 iusst,
