4090 6342
313 380 420 435 577

1050 384 1115 441 IN
1155 384 1407 440 LIBRl‘M
1452 384 1539 439 oc
1579 356 2227 438 Iurencnernmse
2269 352 2496 435 nomo
2533 379 2863 465 secum.

3485 385 3589 440 578

317 501 473 570 Quod
503 500 823 569 consequitur
848 500 1202 567 contradictio,
1234 518 1331 556 non
1366 516 1571 564 “erum,
1602 499 1691 553 sed
1723 497 1908 569 falsum
1935 497 1991 559 Α
2012 510 2142 551 vero
2173 510 2275 549 non
2300 496 2371 552 sit
2412 495 2513 551 ista
2544 496 2918 563 contradictio,
2950 503 3158 567 potest,
3189 503 3247 553 ut
3272 498 3326 553 in
3355 512 3423 555 eo
3448 472 3591 567 quod

314 592 421 657 est,
465 601 518 646 ut
557 590 812 646 hominem
856 591 1439 660 mortuum,‘hommem
1483 591 1669 660 dicere,
1699 589 1904 659 quando

315 695 485 739 autem
510 701 609 737 non
636 683 763 736 inest
780 721 795 749 ,
827 698 999 737 verum
1026 694 1120 737 est.

389 778 518 833 Haec
562 775 790 848 quaestio
834 774 1099 845 superiori
1148 774 1415 831 contraria
1458 782 1558 829 est.
1606 771 1717 826 illic
1759 768 1903 826 enim

316 872 655 943 quaerebatur
681 869 725 924 si
753 882 873 941 quae
898 866 1166 937 sigillatim
1194 866 1636 937 prazdicarentur,
1666 878 1734 918 an
1763 878 1904 918 sem-

316 982 413 1037 per
438 979 567 1020 vere
592 963 779 1019 eadem
806 961 1091 1032 conjuncta
1130 962 1535 1032 compositaque
1564 959 1901 1024 dicerentur;

318 1057 407 1112 hic
436 1067 614 1112 autem
662 1069 926 1111 converso
964 1054 1151 1108 ordine
1196 1052 1250 1107 id
1286 1050 1515 1124 quzerit,
1560 1066 1628 1106 an
1677 1065 1740 1106 ea
1786 1043 1921 1120 quae

316 1148 616 1219 composita
670 1162 796 1204 vere
832 1130 1226 1217 praedicantur,
1273 1142 1548 1216 sigillatim
1591 1142 1731 1199 dicta
1780 1156 1909 1197 vere

317 1243 587 1298 dicantur.
632 1242 758 1297 Post
784 1242 986 1298 obitum
1028 1241 1171 1297 enim
1216 1240 1459 1296 Socratis
1491 1251 1775 1308 possumus
1822 1234 1908 1290 di-

319 1348 465 1400 cere,
497 1332 598 1388 hoc
626 1332 874 1399 cadaver,
918 1331 1081 1387 homo
1127 1340 1369 1386 mortuus
1399 1339 1512 1395 est,
1548 1338 1602 1383 et
1639 1326 1910 1382 hominem

318 1437 693 1496 mortuumque
717 1426 1023 1496 iungentes,
1058 1439 1216 1478 unam
1268 1421 1392 1477 inde
1420 1436 1603 1477 veram
1655 1417 1908 1488 praedica-

321 1520 526 1576 tionem
556 1518 752 1576 iacere.
780 1518 964 1575 Solum
997 1528 1175 1589 autem
1222 1515 1493 1572 hominem
1536 1514 1717 1570 dicere
1755 1513 1913 1569 cada-

319 1628 439 1678 ver,
465 1612 596 1668 illud
624 1628 727 1667 non
758 1621 843 1668 est
868 1626 1077 1667 verum.
1103 1611 1311 1665 Rursus
1340 1608 1586 1664 eumdem
1636 1608 1911 1663 Socratem

322 1702 503 1757 vivum
539 1718 724 1770 verum
756 1709 839 1756 est
863 1700 1046 1756 dicere
1083 1699 1335 1771 quoniam
1367 1696 1562 1752 animal
1613 1695 1766 1764 bipes
1793 1704 1907 1763 est,

322 1805 377 1851 et
405 1795 679 1866 sigillatim
718 1809 902 1849 verum
945 1803 1029 1849 est
1058 1792 1238 1849 dicere
1280 1790 1532 1862 quoniam
1564 1788 1760 1844 animal
1807 1798 1909 1843 est.
1952 1856 1953 1859 η

2010 601 2094 648 εει
2126 590 2398 665 Socrates,
2428 592 2626 647 animal
2654 592 2805 660 bipes
2828 600 2941 659 est,
2970 578 3167 647 animal
3195 600 3250 649 et
3278 592 3429 662 bipes
3451 591 3593 648 nulla

2009 684 2432 741 contradictione
2460 693 2825 756 opponuntur.
2856 682 3115 751 Quocirca
3147 674 3325 754 potest
3344 684 3424 740 ‘de
3449 699 3515 739 eo
3538 694 3596 741 et

2010 779 2207 835 animal
2258 777 2553 849 sigillatim‘
2582 788 2744 849 atque
2792 764 3106 849 simpliciter
3156 786 3211 833 et
3252 778 3406 848 bipes
3454 777 3564 833 dici
3583 772 3603 842 ,’

2010 885 2199 926 sensus
2244 870 2460 940 quidem
2505 880 2587 926 est
2634 870 2959 939 huiusmodi.
3010 868 3156 941 Ordo
3202 876 3379 926 autem
3420 884 3479 925 se
3519 870 3597 926 sic

2013 965 2202 1033 habet,
2231 965 2487 1021 dubitans
2512 964 2653 1021 enim
2682 964 2836 1019 dixit.
2863 965 3058 1020 Verum
3090 972 3175 1021 est
3196 964 3377 1021 autem
3403 963 3602 1035 aliquid

2012 1058 2190 1114 dicere
2232 1057 2299 1113 de
2344 1058 2522 1127 aliquo
2557 1058 2851 1128 composite
2897 1066 2952 1111 et
3000 1071 3271 1126 connexe,
3314 1065 3368 1111 et
3414 1069 3602 1111 rursus

2014 1148 2359 1220 simpliciter,
2428 1158 2484 1204 ut
2535 1148 2821 1218 quemdam
2863 1148 3132 1204 hominem
3174 1160 3264 1204 aut
3314 1147 3598 1219 quemdam

2013 1241 2192 1297 album
2248 1240 2551 1308 hominem,
2599 1256 2665 1296 an
2708 1247 2855 1296 certe
2900 1254 3005 1295 non
3051 1255 3289 1312 semper,
3336 1240 3430 1295 sed
3478 1249 3606 1296 tunc

2015 1333 2230 1403 quando
2261 1334 2310 1386 in
2356 1332 2587 1402 adiecto,
2616 1333 2666 1389 id
2697 1332 2780 1389 est
2822 1333 2877 1389 in
2903 1347 2970 1390 eo
3014 1334 3157 1404 quod
3187 1334 3455 1403 adjectum
3482 1348 3603 1390 cum

2016 1424 2194 1496 aliquo
2227 1425 2567 1495 praedicatur,
2602 1426 2744 1481 inest
2770 1425 2970 1496 aliquid
3002 1426 3372 1495 oppositorum
3416 1418 3600 1482 talium

2015 1533 2349 1590 quaecunque
2392 1516 2751 1589 consequitur,
2778 1517 3155 1586 contradictio,
3199 1517 3253 1573 id
3300 1526 3411 1583 est,
3443 1506 3601 1588 quam

2018 1613 2413 1682 appositionem
2458 1627 2581 1667 mox
2627 1612 2976 1681 consequitur
3006 1609 3375 1674 contradictio,
3407 1620 3465 1664 ut
3505 1624 3603 1679 op-

2019 1704 2339 1773 positionem
2372 1702 2605 1757 hominis
2631 1711 2686 1757 et
2714 1705 2908 1757 mortui
2941 1712 3197 1772 sequatur
3234 1701 3603 1763 contradictio.

2018 1794 2221 1850 animal
2258 1795 2468 1851 scilicet
2497 1803 2551 1848 et
2579 1808 2684 1848 non
2712 1792 2932 1849 animal.
2960 1792 3018 1849 Si
3048 1792 3213 1863 igitur
3240 1792 3319 1847 sic
3342 1789 3468 1857 sint,
3501 1806 3607 1845 non

323 1890 499 1955 Quare
542 1886 799 1957 quaeritur
843 1901 962 1957 qua:
1010 1884 1082 1941 sit
1132 1883 1294 1955 hujus
1341 1896 1555 1953 quoque
1605 1880 1909 1937 differentia

2028 1896 2103 1944 est
2132 1887 2445 1958 simpliciter
2475 1901 2658 1942 verum
2702 1886 3011 1957 praedicari,
3042 1885 3135 1939 sed
3167 1884 3390 1949 falsum,
3422 1892 3480 1937 ut
3511 1883 3608 1938 ho-

324 1976 752 2047 prmdicationis,
793 1986 848 2031 ut
892 1990 1012 2030 cum
1052 1973 1335 2043 conjuncta
1383 1972 1649 2037 dicantur,
1694 1981 1747 2024 et
1790 1985 1919 2025 vere

327 2069 396 2125 de
424 2068 682 2139 subjectis
710 2067 1090 2139 praedicantur,
1121 2066 1254 2120 alias
1283 2064 1500 2138 quidem
1544 2074 1598 2121 et
1629 2073 1777 2119 extra
1808 2062 1919 2119 dici

325 2178 453 2220 vere
484 2167 721 2233 possint,
750 2162 885 2217 alius
910 2176 1037 2218 vero
1068 2168 1262 2231 praeter
1291 2159 1439 2214 illam
1462 2156 1916 2227 coniunctionem,

327 2254 597 2325 simplicia
638 2254 684 2308 si
723 2253 991 2319 dicantur,
1026 2250 1155 2306 falsa
1201 2258 1343 2306 sunt.
1390 2248 1503 2303 Hoc
1548 2257 1727 2302 autem
1770 2245 1920 2318 quasi

324 2349 577 2404 dubitans
603 2346 758 2403 dixit.
785 2348 858 2403 Ita
897 2348 1041 2403 enim
1069 2346 1352 2418 legendum
1394 2356 1507 2417 est,
1541 2347 1695 2418 quasi
1735 2346 1779 2400 si
1823 2346 1919 2401 du-

234 2502 235 2505 η
325 2443 504 2499 bitans
532 2442 743 2499 diceret
760 2441 841 2498 sic
866 2458 880 2494 :
913 2439 1111 2497 Verum
1137 2449 1221 2496 est
1240 2450 1418 2497 autem
1445 2440 1627 2495 dicere
1652 2439 1720 2495 de
1741 2438 1921 2509 aliquo

325 2535 687 2606 compositum
728 2534 1075 2607 conjunctum
1106 2535 1249 2606 quod
1288 2534 1517 2605 aliquid,
1546 2541 1603 2589 ut
1646 2533 1713 2587 de
1744 2533 1922 2603 aliquo

327 2628 546 2685 homine
577 2628 879 2695 hominem,
922 2638 1017 2685 aut
1041 2629 1109 2685 de
1136 2630 1316 2700 aliquo
1344 2628 1468 2684 albo
1498 2626 1676 2684 album
1699 2667 1715 2695 ,
1749 2625 1824 2681 ita
1865 2634 1924 2681 ut

326 2730 481 2777 extra
510 2721 703 2777 horum
733 2721 934 2792 aliquid
959 2720 1278 2793 simpliciter
1302 2720 1648 2791 praedicetur,
1678 2733 1745 2773 an
1776 2725 1922 2773 certe

324 2827 432 2867 non
478 2828 713 2883 semper.
759 2812 824 2868 Et
852 2813 958 2867 dat
1004 2812 1240 2883 regulam
1278 2826 1381 2882 qua
1431 2823 1814 2882 pernoscamus
1854 2823 1921 2863 an

325 2921 447 2975 quae
476 2906 777 2977 composita
803 2907 1078 2977 dicuntur,
1107 2906 1295 2962 eadem
1323 2906 1596 2977 sigillatim
1641 2903 1750 2960 dici
1793 2918 1919 2974 pos-

329 2999 470 3064 sint,
498 3013 565 3054 an
608 2999 849 3056 minime.
877 3001 1098 3068 Quoties
1125 3001 1269 3055 enim
1300 3000 1422 3055 talia
1454 3009 1579 3055 sunt
1619 2983 1740 3069 quae
1782 3012 1923 3067 pra:-

331 3093 585 3150 dicantur
603 3110 724 3150 cum
750 3094 879 3162 alio,
904 3105 960 3150 ut
988 3096 1050 3150 in-
1068 3108 1127 3150 se
1156 3111 1260 3149 non
1288 3093 1521 3150 habeant
1546 3091 1924 3149 contradictio-

332 3201 489 3253 nem,
534 3187 821 3257 prazdicata
859 3197 1082 3267 possunt
1117 3187 1223 3243 dici
1264 3196 1318 3243 et
1359 3197 1604 3259 separata
1638 3186 1917 3243 veraciter.

2019 1983 2216 2038 minem
2248 1993 2547 2047 niui-tuum,
2575 1996 2731 2051 quem
2776 1978 3062 2051 coniuncte
3090 1992 3220 2034 vere
3262 1978 3442 2034 dicere
3489 1990 3610 2045 pos-

2024 2077 2123 2143 sis,
2156 2075 2402 2131 eumdem
2437 2074 2706 2139 hominem
2752 2073 2928 2127 solum
2976 2086 3084 2127 non
3117 2085 3243 2125 vere
3271 2067 3605 2139 praedicabis.

2021 2165 2244 2235 Quando
2274 2166 2416 2221 enim
2448 2166 2563 2221 haec
2593 2164 2859 2234 oppositio
2888 2164 2943 2219 in
2988 2162 3070 2219 his
3098 2178 3220 2234 qua:
3250 2162 3610 2232 praedicantur

2022 2278 2129 2318 non
2150 2270 2278 2327 est,
2310 2256 2492 2314 verum
2526 2267 2607 2313 est
2632 2257 2774 2329 quod
2804 2256 3091 2327 coniuncte
3118 2254 3523 2326 praedicaveris,
3552 2262 3607 2308 et

2023 2352 2341 2423 simpliciter
2382 2350 2693 2420 praedicare.
2729 2349 3012 2420 Adiectum
3053 2356 3138 2404 est
3185 2357 3363 2404 autem
3410 2348 3462 2403 in
3505 2360 3612 2416 quo

2025 2444 2171 2499 venit
2214 2443 2499 2513 aliquoties
2528 2442 2795 2510 Oppositio
2837 2440 3168 2510 huiusmodi,
3206 2446 3264 2494 ut
3297 2439 3349 2495 in
3375 2453 3441 2495 eo
3469 2437 3611 2509 quod

2024 2547 2104 2593 est
2136 2536 2295 2591 homo
2342 2544 2603 2601 mortuus,
2631 2543 2869 2588 mortuus
2904 2532 3153 2603 adiicitur
3180 2531 3401 2587 homini.
3443 2531 3612 2587 Aliter

2025 2628 2166 2684 enim
2195 2642 2326 2682 vere
2366 2627 2528 2681 homo
2554 2627 2622 2681 de
2650 2625 2913 2681 cadavere
2955 2642 3059 2680 non
3090 2634 3266 2695 potest
3307 2625 3610 2696 praedicari.

2104 2719 2195 2773 Vel
2250 2718 2419 2782 etiam,
2465 2717 2672 2787 quando
2711 2720 2860 2783 inest,
2907 2732 3103 2786 semper
3148 2714 3471 2772 non’verum
3516 2726 3611 2784 est,

2024 2814 2230 2883 quando
2270 2828 2385 2867 vero
2435 2828 2538 2867 non
2591 2812 2751 2879 inest,
2804 2827 2907 2865 non
2955 2826 3150 2881 semper
3194 2827 3369 2866 verum
3414 2818 3511 2878 est,
3559 2820 3614 2864 ut

2025 2903 2282 2960 Homerus
2306 2912 2377 2958 est
2412 2902 2632 2972 aliquid,
2658 2912 2711 2956 ut
2733 2910 2901 2972 poeta,
2932 2918 3050 2973 ergo
3075 2902 3226 2957 etiam
3265 2913 3361 2970 est,
3401 2919 3468 2959 an
3488 2902 3613 2958 non.

2029 2993 2328 3051 Secundum
2354 2995 2592 3049 accidens
2620 2994 2753 3048 enim
2782 2993 3096 3064 praedicatur
3144 3009 3252 3049 esse
3279 2994 3342 3049 de
3362 2993 3612 3059 Homero,

2025 3089 2271 3160 quoniam
2309 3095 2382 3141 εει
2413 3097 2587 3157 poeta,
2633 3086 2724 3156 sed
2772 3102 2873 3141 non
2911 3086 3188 3141 secundum
3227 3101 3282 3141 se
3306 3086 3615 3157 prtedicatur

2028 3180 2091 3234 de
2116 3178 2366 3247 Homero,
2392 3180 2631 3251 quoniam
2659 3186 2753 3233 est.

330 3277 487 3343 Quod
518 3278 565 3337 si
592 3279 830 3335 habeant
851 3280 904 3334 in
928 3295 987 3335 se
1009 3278 1487 3335 contradictionem
1519 3280 1774 3350 aliquam,
1803 3294 1925 3350 quae
1948 3270 1996 3335 C
2099 3273 2360 3342 Quoniam
2411 3285 2573 3342 supra
2613 3271 2845 3338 dixerat,
2883 3268 3097 3340 quando
3124 3278 3268 3326 esset
3312 3269 3366 3326 in
3412 3268 3620 3340 adjecto

336 3369 701 3438 pradicantur
747 3382 801 3429 et
850 3372 1145 3441 composita
1193 3372 1464 3439 dicuntur,
1513 3380 1756 3442 separata
1797 3386 1926 3427 vere

333 3451 618 3532 pridicari
651 3479 755 3521 non
790 3466 1043 3536 possunt,
1076 3473 1135 3521 ut
1158 3480 1218 3521 ea
1249 3480 1369 3536 qua:
1396 3465 1526 3521 dicit
1550 3465 1801 3532 cadaver,
1830 3463 1927 3519 ho-

336 3556 533 3612 minem
565 3567 833 3613 mortuum
862 3572 991 3613 vere
1016 3556 1178 3624 dicit,
1202 3558 1376 3613 solum
1407 3566 1588 3614 autem
1619 3557 1800 3612 dicere
1832 3554 1927 3612 ho-

336 3646 536 3725 minem
582 3662 709 3703 vere
746 3662 850 3703 non
878 3657 1072 3718 potest.
1111 3647 1317 3703 Idcirco
1346 3648 1598 3718 quoniam
1630 3648 1777 3718 prius
1804 3663 1926 3703 cum

292 3740 307 3745 "
334 3736 715 3800 conjunctione
745 3739 1054 3808 pra-dicavit
1082 3739 1286 3807 dicens,
1323 3739 1589 3795 hominem
1623 3748 1927 3808 mortuum,

335 3840 689 3901 mortuusque
720 3831 928 3901 adiacet
953 3831 1187 3887 hominis
1217 3830 1655 3902 praedicamento,
1682 3847 1802 3887 cum
1834 3833 1931 3889 ho-

338 3922 486 3977 mine
531 3923 674 3978 enim
720 3924 1067 3994 prazdicatum
1099 3933 1398 3992 mortuum,
1447 3924 1930 3982 contradictionem

341 4026 489 4073 tenet
515 4027 699 4073 contra
724 4018 1019 4074 hominem.
1046 4019 1144 4075 Est
1170 4019 1314 4076 enim
1347 4020 1508 4076 homo
1531 4019 1757 4088 animal,
1787 4034 1932 4079 mor-

340 4119 472 4165 tuus
515 4125 641 4167 vero
670 4127 774 4166 non
821 4112 1048 4179 animal;
1080 4128 1209 4185 ergo
1236 4120 1481 4168 mortuus
1520 4124 1574 4167 et
1608 4112 1770 4168 homo
1805 4126 1933 4168 con-

345 4202 716 4259 tradictionem
763 4203 1047 4274 quamdam
1076 4205 1217 4260 inter
1254 4220 1314 4260 se
1350 4205 1566 4260 habent.
1615 4204 1747 4259 Illud
1788 4204 1930 4259 enim

340 4303 427 4349 est
456 4295 675 4362 animal,
700 4296 826 4351 illud
854 4311 983 4352 vero
1004 4312 1112 4353 non
1137 4295 1355 4353 animal.
1383 4296 1645 4364 Quocirca
1675 4297 1930 4366 quoniam

342 4388 487 4443 inter
514 4403 575 4444 se
604 4389 805 4445 habent
842 4389 958 4446 haec
1003 4389 1288 4462 quamdam
1336 4390 1768 4446 contrarietatem
1794 4431 1809 4455 ,
1843 4403 1931 4443 se-

344 4490 563 4550 paratus
594 4482 755 4539 homo
796 4482 864 4538 de
892 4491 1101 4538 mortuo
1133 4481 1372 4549 homine,
1406 4482 1555 4538 solus
1583 4496 1687 4537 non
1715 4480 1933 4537 dicitur.

2030 3363 2401 3429 contradictio,
2434 3379 2543 3418 non
2569 3376 2691 3419 esse
2722 3376 2905 3418 verum
2950 3350 3266 3432 simpliciter
3307 3360 3621 3431 pradicare,

2031 3459 2243 3531 quando
2277 3472 2405 3513 vero
2433 3470 2541 3512 non
2570 3465 2735 3521 esset,
2779 3468 2964 3510 verum
3002 3470 3124 3511 esse
3164 3454 3305 3525 quod
3340 3456 3623 3524 coniuncte

2033 3554 2322 3619 diceretur,
2376 3550 2692 3620 simpliciter
2738 3547 2950 3618 dicere,
3001 3546 3103 3604 hoc
3150 3547 3325 3618 ipsum
3372 3548 3624 3619 quoniam

2034 3644 2315 3699 videbatur
2344 3644 2395 3695 in
2426 3641 2695 3709 aliquibus
2724 3656 2832 3695 non
2854 3654 2976 3695 esse
2996 3654 3207 3706 verum,
3235 3647 3622 3710 consequenter

2034 3734 2308 3793 emendat.
2377 3733 2464 3788 Ait
2517 3732 2659 3787 enim
2708 3746 2891 3787 verum
2943 3745 3062 3787 esse
3092 3730 3222 3786 illud
3269 3731 3411 3803 quod
3464 3744 3624 3803 supra

2033 3830 2232 3887 dictum
2264 3837 2380 3898 est,
2436 3825 2865 3899 quandocunque
2913 3825 2965 3880 in
3009 3824 3221 3895 adjecto
3262 3832 3406 3882 esset
3446 3825 3625 3895 aliqua

2033 3922 2407 3988 contradictio,
2440 3937 2544 3977 non
2578 3934 2699 3977 esse
2734 3935 2921 3976 verum
2958 3917 3271 3989 simpliciter
3312 3917 3624 3989 pradicare,

2033 4018 2177 4088 quod
2205 4016 2494 4087 coniuncte
2522 3998 2821 4082 diceretur,
2874 4013 3090 4084 quando
3119 4020 3294 4068 autem
3340 4025 3446 4067 non
3489 4012 3625 4068 inest

2035 4110 2407 4175 contradictio,
2436 4123 2540 4187 non
2571 4122 2787 4179 semper
2817 4122 3001 4163 verum
3047 4114 3129 4160 est
3158 4104 3451 4174 praedicare
3493 4103 3622 4187 sim-

2037 4205 2269 4276 pliciter,
2301 4205 2442 4275 quod
2470 4204 2755 4274 coniuncte
2783 4217 2908 4257 vere
2936 4190 3239 4267 diceretur,
3291 4199 3384 4256 sed
3425 4186 3625 4271 aliquo-

2040 4297 2137 4351 ties
2166 4295 2381 4366 quidem
2409 4308 2617 4362 verum,
2651 4292 2933 4363 aliquoties
2970 4300 3147 4347 autem
3182 4291 3396 4348 falsum.
3461 4292 3627 4361 Huius

2040 4388 2117 4446 rei
2142 4389 2244 4445 tale
2266 4389 2565 4458 exemplum
2593 4396 2676 4444 est
2718 4402 2840 4443 cum
2865 4386 3017 4443 dico:
3044 4385 3305 4443 Homerus
3333 4394 3486 4457 poeta
3520 4395 3628 4452 est,

2039 4494 2122 4539 est
2163 4493 2219 4539 et
2259 4494 2412 4554 poeta
2453 4482 2739 4552 coniuncte
2782 4479 2851 4537 de
2878 4480 3112 4536 Homero
3154 4494 3281 4537 vere
3318 4478 3621 4550 praedicavi.

345 4576 549 4632 Eodem
579 4592 794 4649 quoque
827 4578 986 4634 modo
1013 4585 1095 4652 est
1135 4577 1182 4632 si
1220 4577 1341 4649 quis
1386 4577 1528 4633 dicat
1566 4592 1779 4632 manum
1816 4590 1937 4632 esse
2041 4576 2136 4631 Sin
2168 4590 2296 4631 vero
2322 4575 2510 4631 dixero
2540 4573 2804 4629 Homerus
2832 4581 2936 4639 est,
2964 4571 3158 4628 falsum
3188 4580 3291 4638 est,
3318 4583 3624 4653 quanquam

346 4684 703 4726 marmoream
746 4679 952 4738 statuae,
982 4685 1170 4729 verum
1211 4670 1365 4738 dicit;
1408 4671 1582 4726 solum
1610 4680 1785 4726 autem
1817 4683 1933 4724 ma-
1960 4662 2015 4725 Ι)
2040 4682 2143 4724 non
2180 4667 2250 4722 sit
2291 4663 2857 4747 aliquacontradictio
2894 4664 3034 4721 inter
3069 4672 3233 4719 estet
3263 4673 3497 4734 poetam,
3534 4677 3631 4747 ue~

346 4776 476 4817 num
504 4762 687 4818 dicere
727 4777 845 4818 eam
888 4778 1008 4833 qua
1038 4772 1226 4817 statua:
1254 4771 1365 4831 est,
1398 4764 1589 4820 falsum
1634 4770 1738 4819 est.
1769 4761 1939 4817 Habet

347 4856 492 4909 enim
546 4869 734 4910 manus
780 4863 1098 4925 potestatem
1148 4853 1309 4910 dandi
1358 4856 1789 4928 accipiendique,
1840 4858 1934 4912 sed

348 4943 442 4999 illa
492 4958 792 5000 marmorea
840 4959 945 5011 non
986 4944 1165 5002 habet.
1213 4946 1354 5017 Ergo
1382 4955 1466 5003 est
1506 4950 1750 5019 quaidam
1800 4962 1933 5003 con-

352 5041 601 5099 tradictio
643 5043 783 5100 inter
804 5058 1017 5099 manum
1048 5051 1105 5100 et
1132 5058 1349 5101 manum
1378 5059 1732 5104 marmoream
1750 5088 1764 5113 ,
1792 5049 1934 5120 quod

317 5124 437 5219 :illa
462 5135 595 5191 dare
617 5144 777 5207 atque
817 5136 1063 5207 accipere
1086 5145 1293 5207 potest,
1326 5137 1417 5193 illa
1447 5153 1553 5194 non
1583 5149 1777 5209 potest.
1812 5137 1938 5197 Haec

350 5230 495 5286 enim
538 5230 643 5287 sibi
686 5238 1029 5302 opponuntur
1079 5230 1521 5288 contradictionis
1572 5233 1754 5289 modo.
1795 5231 1939 5305 Ergo

350 5323 775 5396 quotiescunque
808 5325 915 5382 tale
958 5325 1160 5397 aliquid
1191 5326 1533 5396 praedicatur,
1563 5337 1622 5383 ut
1667 5326 1832 5383 homo
1868 5327 1938 5383 de

347 5415 634 5483 cadavere,
675 5417 762 5474 cui
789 5417 895 5475 tale
917 5416 1117 5488 aliquid
1143 5417 1487 5489 coniunctum
1528 5417 1597 5473 sit
1632 5427 1793 5490 atque
1837 5419 1936 5474 ad-

344 5517 522 5586 iacet,
551 5519 695 5590 quod
731 5518 891 5576 faciat
928 5519 1411 5577 contradictionem
1454 5528 1641 5581 contra
1670 5520 1933 5591 przedica-

354 5622 464 5670 tum
481 5654 497 5679 ,
528 5622 589 5670 ut
618 5614 707 5670 hic
731 5614 942 5685 adiacet
967 5624 1210 5672 mortuus
1236 5615 1461 5672 homini.
1492 5614 1769 5684 Simulque
1796 5628 1938 5682 prae-

353 5703 565 5762 dicatur
592 5704 660 5763 de
685 5705 971 5775 cadavere,
998 5717 1052 5764 ut
1074 5708 1233 5764 iaciat
1256 5716 1445 5764 contra
1471 5708 1641 5778 ipsum
1669 5704 1938 5763 hominem

355 5799 853 5870 contradictionem,
878 5818 997 5860 eam
1018 5818 1139 5875 qua
1160 5802 1212 5860 in
1234 5817 1293 5859 se
1315 5801 1607 5869 contineat,
1636 5815 1740 5856 non
1766 5810 1941 5870 potest

355 5902 592 5977 separari
642 5918 762 5963 vera
809 5906 1134 5977 praedicatio,
1184 5916 1237 5962 ut
1287 5903 1567 5993 sigillatim.
1604 5903 1827 5962 dicatur.
1885 5899 1938 5959 Si

2042 4776 2144 4831 que
2176 4761 2228 4815 in
2273 4743 2503 4829 adjecto"
2529 4766 2613 4837 est
2652 4757 2760 4812 ulla
2789 4756 2912 4812 talis
2955 4755 3224 4827 oppositio
3253 4769 3413 4825 quam
3438 4744 3628 4812 conse-

2040 4861 2234 4925 quatur
2279 4851 2677 4919 contradictio;
2710 4866 2804 4907 cur
2856 4858 3032 4906 autem
3082 4849 3184 4906 hoc
3232 4851 3465 4916 eveniat,
3511 4848 3631 4905 talis

2042 4947 2175 5023 ratio
2204 4955 2303 5001 est.
2323 4946 2396 5001 De
2414 4944 2644 5000 Homero
2673 4943 2816 4999 enim
2849 4950 3061 5012 poetam
3088 4941 3301 5013 quidem
3322 4938 3629 5012 principali—

2042 5050 2125 5096 ter
2165 5039 2543 5110 przedicamus,
2575 5053 2697 5093 cum
2723 5035 2949 5093 dicimus
2990 5052 3003 5088 :
3038 5034 3300 5091 Homerus
3342 5039 3494 5102 poeta
3525 5039 3626 5088 est.

2042 5134 2140 5189 Est
2183 5141 2358 5189 autem
2411 5131 2631 5189 verbum
2676 5131 2760 5187 de
2806 5138 2961 5200 poeta
3010 5128 3225 5199 quidem
3274 5123 3628 5197 praedicamus

2044 5228 2428 5299 principaliter,
2456 5226 2525 5281 de
2553 5208 2785 5281 Homero
2832 5208 3009 5280 autem
3055 5219 3292 5277 secundo
3323 5218 3461 5274 loco.
3509 5216 3624 5273 Non

2044 5319 2189 5377 enim
2237 5318 2434 5375 idcirco
2466 5316 2816 5388 praedicamus
2860 5329 3012 5383 esse,
3057 5314 3181 5384 quia
3209 5311 3473 5367 Homerus
3518 5316 3624 5372 est,

2042 5423 2137 5479 sed
2161 5421 2285 5491 quia
2316 5428 2469 5491 poeta
2498 5427 2599 5475 est.
2633 5418 2856 5473 Sublato
2902 5415 3062 5487 igitur
3088 5428 3155 5469 eo
3181 5412 3322 5484 quod
3354 5411 3625 5482 principa-

2046 5524 2167 5580 liter
2198 5521 2534 5593 przedicatur,
2574 5519 2625 5577 id
2659 5529 2744 5577 est
2774 5525 2961 5589 poeta,
2994 5515 3117 5571 licet
3160 5512 3361 5570 nullam
3406 5520 3625 5569 contra.

2044 5618 2330 5674 dictionem
2372 5612 2567 5673 habeat
2613 5623 2716 5680 est,
2762 5609 2905 5683 quod
2950 5610 3161 5678 adiacet
3204 5615 3393 5679 poetae,
3438 5614 3627 5693 contra

2048 5721 2278 5783 poetam,
2312 5724 2418 5764 non
2449 5706 2506 5762 lit
2536 5722 2658 5761 vera
2694 5701 3021 5775 prmdicatio,
3054 5699 3283 5757 dicendo
3314 5716 3327 5755 :
3362 5699 3626 5754 llonierus

2044 5815 2151 5860 est.
2200 5800 2502 5858 Secundum
2541 5796 2789 5854 accidens
2828 5793 2966 5850 enim
3011 5805 3092 5849 est
3139 5791 3477 5863 praedicatur,
3519 5805 3626 5847 non

2048 5896 2433 5970 principaliter.
2463 5892 2681 5951 Sublata
2708 5901 2883 5950 autem
2912 5887 3190 5961 principali
3220 5887 3621 5960 pradicatioue.
