4090 6342
508 283 611 347 sm
694 259 697 261 ’

1751 246 2571 347 ΑΝ.ΜΑΝι.δΕνζΒοΕτη

3687 278 3787 344 38°

508 407 653 479 quod
686 406 976 465 secundum
1017 404 1267 461 accidens
1292 401 1704 474 pradicabatur,
1732 401 1926 458 falsum
1952 416 2087 458 con-
2112 401 2171 465 Α
2193 415 2260 455 ne
2301 413 2775 457 ENUNTIATIONIBUS
2812 415 3065 457 uooonuu
3105 412 3419 466 possmus,
3458 415 3787 459 convincen-

509 504 662 560 tinuo
689 504 982 574 reperitur;
1011 496 1153 572 quod
1182 508 1361 556 autem
1384 490 1627 555 addidit:

583 596 754 664 Quare
785 596 840 650 in
864 594 1243 666 quibuscunqus
1287 592 1577 663 medicatis
1619 588 1952 648 contrarietas
1990 607 2092 646 non

505 689 656 752 inest,
688 687 736 741 si
767 684 1089 757 diﬁnitiones
1112 701 1208 757 pro
1238 683 1526 741 nominibus
1551 680 1813 755 dicantur,
1835 695 1883 742 et
1910 702 2091 741 secun-

506 778 630 833 dum
659 794 713 834 se
740 778 1071 847 praditatttr,
1097 787 1146 833 et
1173 794 1279 834 non
1308 774 1590 836 secundum
1627 777 1888 847 accidens,
1917 774 1974 835 in
2010 776 2090 834 his

502 870 701 942 aliquid
738 878 789 925 et
824 858 1123 940 simpliciter
1161 885 1335 926 verum
1375 869 1473 925 erit
1502 864 1689 927 dicere.
1736 869 1891 937 Quod
1918 880 2091 926 autem

502 978 605 1018 non
633 971 727 1029 est,
760 963 1001 1034 quoniam
1038 962 1297 1033 opinabile
1330 972 1438 1031 est,
1474 981 1576 1021 non
1606 974 1681 1019 est
1711 980 1894 1032 verum,
1919 963 2090 1020 dicere

501 1068 611 1109 esss
635 1050 860 1124 aliquid;
899 1048 1129 1123 opinatio
1155 1053 1291 1109 enim
1315 1056 1427 1128 ejus
1453 1065 1549 1123 est,
1582 1070 1687 1111 non
1714 1057 1957 1127 quoniam
1985 1064 2085 1125 est,

500 1145 591 1202 sed
615 1144 858 1218 quoniam
884 1163 986 1202 non
1011 1157 1107 1202 est.

573 1226 646 1294 Ea
660 1252 779 1308 quae
798 1253 958 1309 supra
975 1239 1110 1295 dixit
1130 1255 1233 1296 una
1255 1238 1461 1299 ratione
1475 1236 1679 1314 colligit
1700 1238 1885 1299 dicens
1904 1260 1919 1297 :
1935 1242 2089 1312 Qua:-

499 1344 711 1402 cunque
739 1345 805 1388 eo
824 1330 983 1388 modo
1013 1322 1386 1402 praedicantur,
1416 1342 1473 1389 ut
1492 1349 1665 1405 neque
1695 1335 1747 1391 in
1778 1334 2084 1393 nominibus

500 1436 677 1494 neque
706 1422 762 1479 in
782 1414 1191 1480 difﬁnitionibus
1219 1425 1450 1496 propriis
1477 1426 1712 1498 aliquam
1742 1421 1928 1484 tenent
1954 1440 2083 1484 con-

503 1510 862 1583 trarietatem,
903 1512 1020 1571 btec
1057 1525 1113 1572 et
1149 1527 1308 1573 extra
1349 1516 1773 1590 simpliciterque
1800 1520 2082 1591 praedicata

499 1624 627 1668 vera
648 1618 795 1676 sunt,
813 1619 871 1664 ut
892 1608 945 1664 in
967 1624 1033 1666 eo
1052 1609 1192 1681 quod
1213 1612 1299 1667 est
1320 1620 1562 1669 mortuus
1586 1622 1746 1685 atque
1763 1612 1948 1682 homo,
1970 1615 2085 1670 haec

496 1701 713 1776 quidem
738 1703 1046 1762 nominibus
1068 1705 1263 1761 nullius
1277 1708 1676 1764 contrarietatis
1695 1700 2079 1765 contradictio-

2510 506 2612 560 τιὸ,
2656 505 3012 559 ιιιιιοεεωιιιε,
3055 504 3120 549 ΕΤ
3158 500 3484 549 Νεαεδελκιι.

2267 578 2367 641 [Iis
2392 600 2506 641 vero
2530 578 2896 653 determinatis,
2928 584 3336 656 perspiciendum
3364 592 3437 641 eat
3456 584 3789 658 quemadmoi

2196 676 2320 731 dttm
2347 694 2457 734 sese
2480 677 2665 733 habent
2694 678 3056 749 ajﬁmtationes
3082 684 3132 734 et
3158 679 3453 750 negationes
3481 680 3551 733 ad
3579 696 3635 735 se
3661 679 3789 734 inci-

2194 787 2321 839 cem,
2350 770 2430 826 Ita:
2456 772 2648 827 scilicet
2667 788 2782 843 quoe
2808 776 2925 827 sunt
2946 772 3007 827 de
3031 766 3259 841 possibili
3288 780 3396 827 esse
3421 778 3471 826 et
3497 780 3598 826 non
3627 773 3790 839 possi-

2197 854 2306 929 bili,
2337 862 2402 917 de
2428 863 2741 935 cdntingenti
2774 870 2821 917 et
2847 879 2952 917 non
2974 858 3304 933 contingenti,
3329 862 3395 917 de
3412 858 3717 936 imposstttli
3739 871 3790 919 et

2191 957 2496 1025 necessario,
2524 952 2709 1011 habent
2737 956 2871 1011 enim
2892 949 3094 1028 aliquas
3112 953 3479 1011 dum

2263 1042 2449 1104 Omnis
2485 1048 2780 1121 propositio
2824 1050 2915 1105 aut
2958 1044 3076 1105 sine
3116 1048 3227 1104 ullo
3267 1044 3431 1105 modo
3469 1042 3789 1118 simpliciter

2189 1138 2581 1209 pronuntiatur,
2630 1144 2686 1196 ut
2727 1134 2979 1198 Secrate's
3017 1140 3276 1207 ambulat,
3317 1140 3376 1197 ut
3411 1134 3526 1197 dies
3554 1146 3662 1208 est,
3700 1139 3788 1197 vel

2187 1224 2446 1302 quidquid
2467 1226 2785 1303 simpliciter
2805 1238 2860 1290 et
2884 1234 3001 1290 sine
3027 1226 3133 1289 ulla
3158 1232 3415 1306 qualitate
3441 1226 3785 1304 medicatur.

2189 1312 2323 1379 Sunt
2355 1324 2534 1380 autem
2574 1325 2697 1405 alite
2733 1342 2852 1397 quae
2896 1338 3017 1382 cum
3051 1326 3281 1397 propriis
3310 1320 3558 1382 dicuntur
3587 1318 3784 1393 modis,

2188 1418 2247 1473 ut
2266 1427 2368 1483 est,
2394 1410 2644 1477 Socrates
2669 1414 2925 1478 velociter
2952 1420 3210 1477 ambulat.
3244 1416 3607 1476 Attilmlatlcbl
3636 1420 3784 1475 enim

2189 1496 2425 1565 Socratis
2457 1510 2645 1567 modus
2670 1518 2755 1567 est
2791 1511 3022 1577 additus,
3055 1522 3176 1568 cum
3208 1506 3433 1566 dicimus
3469 1516 3595 1568 eum
3628 1511 3781 1567 velo-

2187 1596 2324 1657 citer
2351 1600 2647 1667 ambulare,
2677 1600 2948 1673 quomodo
2977 1602 3119 1658 enim
3150 1598 3413 1669 ambulat,
3442 1598 3711 1675 signiticet
3734 1601 3782 1658 id

2186 1692 2329 1761 Quod
2386 1692 2452 1749 de
2506 1686 2869 1751 ambulatione
2917 1694 3033 1763 ejus
3087 1690 3345 1752 velociter
3399 1695 3780 1767 prmdicamus.

497 1794 651 1873 pisve
673 1804 822 1852 sunt.
842 1793 950 1853 Sed
978 1797 1027 1853 si
1052 1796 1246 1854 borum
1277 1815 1374 1869 pro
1404 1800 1709 1859 nominibus
1730 1800 2078 1859 difﬁnitiones

2187 1782 2446 1843 Similiter
2472 1793 2649 1843 autem
2693 1786 2737 1842 si
2778 1789 2899 1856 quis
2935 1788 3105 1855 dicat,
3137 1782 3389 1845 Socrates
3421 1784 3557 1845 bene
3587 1788 3780 1843 doctus

497 1898 800 1955 sumantur.
835 1904 961 1951 mox
988 1880 1342 1948 contrarietas
1369 1893 1723 1965 oppositionis
1751 1894 2083 1965 agnoscitur.

495 1981 556 2041 Si
583 1984 708 2054 quis
734 1984 877 2041 enim
897 1985 1132 2042 hominis
1150 1983 1525 2042 difﬁnitionem
1550 1976 1780 2054 dederit,
1811 1986 1941 2044 dicit
1964 2001 2085 2045 esse

496 2076 693 2132 animal
721 2076 1004 2136 rationale.
1034 2079 1087 2134 Si
1115 2080 1236 2146 quis
1263 2077 1481 2145 mortui,
1530 2079 1675 2136 dicet
1721 2094 1844 2138 esse
1888 2095 2084 2151 corpus

496 2169 605 2223 vita
639 2168 903 2241 privatum
934 2176 1096 2242 atque
1136 2171 1519 2239 inanimatam,
1558 2180 1721 2251 atque
1747 2187 1813 2230 ex
1846 2172 1950 2229 hoc
1971 2182 2083 2229 tota

497 2259 581 2316 vis
614 2261 1056 2319 contradictionis
1098 2272 1342 2332 apparet.
1407 2263 1674 2333 Quocirca
1714 2266 1760 2321 si
1802 2275 2084 2322 sumantur

494 2348 851 2411 diliinitiones
878 2370 976 2425 pro
994 2354 1332 2424 nominibus,
1361 2365 1419 2413 et
1458 2357 1509 2410 in
1538 2355 1623 2412 bis
1654 2357 1832 2429 aliqua
1865 2367 2084 2414 contra-
2132 2390 2133 2393 η

495 2447 661 2504 rietas
699 2448 877 2506 inesse
934 2444 1339 2519 videbitur,'vel
1385 2450 1431 2506 si
1479 2450 1775 2507 secundum
1831 2442 2083 2509 accidens

494 2538 696 2610 aliquid
726 2540 1065 2610 praedicetur,
1097 2552 1153 2597 ut
1181 2552 1264 2600 est
1292 2546 1363 2599 de
1391 2542 1647 2611 Homero,
1677 2559 1799 2600 cum
1828 2544 1897 2601 de
1926 2553 2081 2615 poeta

494 2629 860 2702 principaliter
881 2632 1221 2703 praedicetur,
1242 2649 1349 2690 non
1373 2634 1807 2704 praedicabuntur
1824 2635 2082 2708 simplici-

493 2729 579 2779 ter
600 2737 730 2782 vere
769 2739 1104 2796 quaecunque
1128 2728 1422 2799 composita
1450 2728 1900 2799 praedicabantur.
1926 2730 2081 2799 Quod

492 2816 543 2874 si
583 2832 762 2890 neque
787 2819 1143 2877 contrarietas
1169 2819 1277 2875 ulla
1305 2819 1397 2890 sit,
1424 2830 1480 2877 et
1504 2838 1600 2892 per
1633 2838 1695 2880 se
1723 2825 2082 2895 prmdicentur

492 2916 551 2966 et
588 2924 696 2967 non
724 2924 821 2980 per
846 2910 1117 2975 accidens,
1160 2898 1421 2983 quidquid
1464 2915 1764 2984 composite
1790 2930 1919 2971 vere
1947 2915 2082 2972 diei-

492 3007 602 3067 tur.
644 2999 749 3056 hoc
793 3008 851 3055 et
888 3000 1204 3071 simpliciter
1251 3016 1379 3058 vere
1423 3004 1766 3071 praedicatur.
1816 2992 2078 3074 Quoniam

493 3099 671 3147 autem
702 3089 918 3146 fuerunt
935 3090 1153 3162 quidam
1179 3093 1269 3161 qui
1302 3093 1405 3148 hoc
1444 3094 1616 3161 ipsum
1648 3094 1789 3167 quod
1818 3110 1926 3152 non
1969 3102 2073 3166 est,

2184 1878 2291 1948 est,
2331 1876 2785 1949 quemadmodum
2821 1880 2890 1935 sit
2928 1876 3118 1936 doctus
3161 1876 3417 1946 ostendit,
3463 1892 3566 1936 uec
3607 1880 3779 1935 solum

2184 1962 2376 2025 doctus
2405 1966 2563 2038 dixit,
2606 1968 2703 2027 sed
2745 1971 2962 2026 modum
3006 1982 3220 2043 quoque
3248 1968 3507 2028 dcctrlnte
3545 1964 3780 2029 Socratis

2183 2060 2443 2134 adjunxit.
2530 2064 2638 2120 Sed
2692 2060 2948 2136 quoniam
3006 2068 3136 2122 sunt
3181 2054 3327 2121 modi
3368 2065 3455 2120 alti
3501 2072 3603 2137 petI
3649 2076 3779 2135 quos

2183 2148 2384 2225 aliquid
2407 2154 2520 2212 ﬂeri
2548 2171 2711 2227 posse
2736 2156 2987 2225 dicimus,
3015 2158 3218 2231 aliquid
3245 2176 3348 2213 non
3374 2168 3553 2229 posse.
3581 2150 3779 2229 aliquid

2184 2262 2407 2305 necesse
2450 2264 2594 2317 esse,
2658 2244 2861 2323 aliquid
2908 2248 3245 2323 contingere,
3295 2252 3553 2323 quaeritur
3598 2250 3657 2308 in
3700 2248 3780 2308 his

2183 2357 2399 2413 quoque
2442 2332 2897 2413 quemadmodum
2942 2338 3059 2401 lteri
3105 2343 3543 2401 contradictionis
3584 2342 3779 2400 debeat

2183 2433 2485 2505 oppositio;
2521 2434 2575 2489 in
2606 2433 2689 2490 his
2710 2437 2853 2490 enim
2891 2428 3344 2507 propositionibus
3370 2446 3488 2507 quae
3520 2432 3781 2504 simplici-

2184 2532 2268 2583 ter
2318 2532 2373 2583 et
2436 2527 2555 2584 sine
2606 2522 2715 2584 ullo
2769 2526 2929 2585 modo
2981 2529 3357 2601 praedicantur,
3414 2520 3574 2587 facile
3632 2528 3782 2585 locus

2182 2616 2626 2674 contradictionts
2654 2614 2986 2690 agnoscitur.
3034 2612 3203 2691 Hujus
3230 2612 3373 2677 enim
3403 2614 3782 2677 afﬁrmationls

2196 2726 2315 2782 quae
2355 2718 2457 2779 est,
2488 2712 2741 2769 Socrates
2770 2708 3037 2782 ambulat,
3088 2714 3301 2787 negatio
3346 2713 3393 2769 si
3440 2712 3507 2769 ad
3555 2708 3780 2770 verbum

2182 2810 2434 2874 ponatur,
2486 2812 2546 2860 ut
2589 2812 2695 2875 est,
2742 2804 2990 2862 Socrates
3030 2815 3138 2862 nun
3183 2798 3445 2873 ambulat,
3474 2798 3782 2862 rcctissimc

2182 2894 2523 2977 oppositione
2584 2894 2722 2960 faeta
2792 2898 3070 2961 ambulare
3122 2910 3153 2961 a
3207 2898 3431 2962 Socrate
3483 2898 3779 2977 disjun‘sit.

2184 2976 2392 3050 Rursus
2422 2990 2581 3065 hujus
2618 2991 2997 3068 prbpositibnis
3030 3002 3150 3066 quae
3182 3002 3287 3063 est,
3317 2976 3779 3069 Socratesphito-

2182 3080 2386 3158 sophus
2411 3094 2514 3158 est,
2538 3091 2582 3145 si
2606 3088 2726 3161 quis
2752 3091 2818 3146 ad
2848 3099 2931 3147 est
2960 3090 3184 3147 verbum
3215 3089 3556 3161 negationem
3591 3100 3779 3161 ponat,

494 3194 617 3238 esse
643 3181 908 3249 dicereut,
929 3190 1098 3239 totum
1121 3182 1489 3254 syllogismum
1512 3184 1596 3242 bis
1623 3164 2079 3257 propositionibus
2106 3164 2155 3229 ο
2184 3181 2445 3252 integram
2484 3178 2643 3238 faciet
2673 3188 3009 3255 negationem
3042 3182 3227 3240 dicens
3261 3192 3279 3237 ε
3311 3172 3568 3240 Socrates
3605 3178 3777 3253 philo-

493 3266 920 3345 conjungentes:
959 3271 1113 3341 Quod
1158 3287 1263 3329 non
1307 3282 1422 3340 est,
1466 3277 1735 3347 opinabile
1779 3286 1894 3346 est;
1937 3282 2079 3352 quod

494 3372 673 3420 autem
718 3362 987 3433 opinabile
1036 3372 1141 3431 est,
1183 3374 1294 3431 est;
1340 3365 1503 3438 igitur
1520 3368 1770 3439 estquod
1821 3386 1927 3427 non
1972 3381 2078 3431 est.

494 3453 610 3512 Hoc
653 3469 781 3525 ergo
825 3455 991 3523 dicit,
1038 3456 1086 3512 si
1132 3471 1319 3514 verum
1360 3446 1455 3515 est
1501 3459 1826 3531 praedicare,
1887 3463 2077 3536 inquit,

494 3546 561 3607 de
598 3564 665 3605 eo
708 3548 849 3620 quod
892 3562 998 3604 nou
1045 3557 1156 3615 est,
1209 3551 1460 3623 quoniam
1506 3553 1777 3623 Opinabile
1824 3565 1940 3621 est,
1998 3566 2081 3615 est

492 3638 707 3711 quidem
751 3640 973 3697 verbum
1010 3632 1079 3697 de
1141 3642 1399 3713 opiuabili
1456 3638 1841 3715 praedicamus,
1898 3647 1967 3705 de
2015 3663 2081 3705 eo

494 3744 670 3790 autem
697 3732 839 3802 quod
868 3747 974 3789 non
1010 3741 1117 3800 est,
1159 3737 1453 3792 secundum
1497 3738 1771 3796 accidens.
1814 3732 2079 3809 Quoniam

493 3823 639 3881 enim
663 3824 804 3895 quod
850 3839 955 3879 non
1000 3833 1086 3881 est
1128 3824 1400 3896 opinabile
1442 3836 1548 3896 est,
1593 3826 1795 3887 idcirco
1839 3830 2079 3889 secundo

494 3904 615 3970 loco
646 3915 714 3971 de
739 3928 807 3971 eo
832 3908 981 3986 quod
1022 3930 1127 3970 non
1168 3925 1270 3985 est,
1315 3917 1536 3974 verbum
1579 3929 1665 3976 est
1705 3914 2076 3991 praedicamus.

494 3998 674 4076 Quare
720 4023 827 4065 non
871 4023 1159 4080 possumus
1204 4002 1525 4081 simpliciter
1560 4012 1743 4071 dicere
1783 4030 1902 4072 esse
1935 4017 2077 4090 quod

493 4116 605 4159 non
640 4112 743 4161 est.
788 4098 995 4165 idcirco
1032 4107 1181 4161 enim
1224 4106 1494 4177 opinabile
1534 4120 1638 4177 est,
1669 4111 1791 4182 quia
1831 4127 1936 4167 non
1972 4123 2075 4168 est.

492 4184 693 4251 Scibile
728 4194 875 4251 enim
921 4205 1085 4264 esset,
1126 4197 1172 4254 si
1213 4214 1309 4269 per
1336 4214 1397 4256 se
1431 4209 1596 4271 esset,
1639 4217 1743 4259 non
1785 4200 2075 4275 opinabile,

491 4283 631 4342 sicut
656 4278 920 4343 Homerus
947 4284 1149 4344 idcirco
1192 4304 1313 4346 esse
1358 4282 1575 4360 dicitur,
1613 4294 1733 4364 quia
1777 4300 1931 4366 poeta
1970 4305 2075 4364 est,

491 4392 600 4435 non
628 4376 753 4450 quia
783 4393 877 4449 per
906 4394 965 4437 se
992 4389 1096 4436 est.
1129 4376 1228 4437 Vel
1255 4393 1406 4439 certe
1435 4380 1637 4441 idcirco
1660 4384 1853 4443 dicitur
1883 4382 2077 4444 Home-

489 4485 581 4527 rus
606 4485 725 4528 esse
754 4470 929 4542 pceta,
969 4466 1093 4544 quia
1122 4476 1301 4546 poesis
1342 4470 1513 4547 ipsius
1553 4489 1730 4535 exstat
1768 4484 1823 4535 et
1865 4496 2075 4551 perma-

2186 3278 2389 3348 sophus
2418 3290 2523 3332 non
2559 3286 2671 3343 est,
2721 3294 2896 3353 neque
2924 3272 3067 3335 enim
3100 3270 3214 3335 ﬁeri
3246 3286 3420 3349 potest
3448 3284 3509 3333 ut
3537 3277 3605 3334 ad
3632 3276 3778 3337 aliud

2185 3358 2242 3424 in
2280 3368 2613 3439 simplicibus
2647 3360 3097 3426 aflirinationibus
3127 3370 3345 3442 negatio
3388 3371 3777 3443 ponatur,.nisi

2188 3466 2254 3522 ad
2279 3460 2331 3523 id
2354 3468 2573 3526 verbum
2602 3464 2747 3541 quod
2777 3469 2937 3525 tutius
2964 3466 3069 3525 vim
3099 3469 3341 3527 continet
3361 3462 3775 3542 propositionis.

2189 3566 2245 3624 Si
2287 3569 2407 3639 quis
2458 3569 2599 3624 enim
2647 3558 2700 3624 in
2751 3562 2851 3622 hac
2896 3569 3263 3650 propositione
3310 3585 3430 3640 quae
3456 3582 3563 3636 est,
3615 3564 3778 3628 homo

2184 3662 2339 3720 albus
2368 3669 2471 3731 est,
2516 3679 2622 3719 non
2652 3663 2795 3717 dicat
2822 3661 2938 3717 fieri
2976 3660 3316 3731 negationem
3346 3676 3467 3718 eam
3506 3677 3627 3733 quae
3660 3670 3757 3722 'est

2188 3756 2351 3813 homo
2374 3757 2527 3813 albus
2560 3772 2665 3813 nou
2689 3766 2795 3822 est,
2835 3755 2931 3811 sed
2964 3756 3142 3826 potius
3169 3755 3330 3811 homo
3360 3773 3467 3813 non
3493 3758 3643 3813 albus
3668 3762 3772 3823 est,

2188 3847 2290 3907 hoc
2304 3848 2467 3903 modo
2487 3848 2675 3903 falsum
2697 3836 3001 3903 ostenditur
3020 3836 3372 3917 propositum,
3398 3863 3495 3915 per
3518 3848 3772 3925 lapidem.

2185 3936 2548 4009 interrogetur
2570 3939 2713 3999 enim
2744 3938 2812 3994 de
2837 3952 2904 3995 eo
2932 3954 2997 3997 an
3024 3938 3159 4008 lapis
3183 3939 3273 3995 ille
3300 3940 3462 3996 homo
3491 3942 3646 3998 albus
3673 3943 3773 4008 sit,

2185 4039 2240 4088 ut
2270 4032 2314 4086 si
2348 4032 2436 4086 ille
2467 4031 2745 4102 negaverit
2773 4044 2977 4100 ponens
3006 4031 3343 4101 negationem
3372 4033 3491 4105 ejus
3519 4050 3640 4105 quae
3665 4044 3775 4103 est,
3842 4066 3849 4069 -

2184 4121 2348 4179 homo
2376 4123 2530 4178 albus
2558 4131 2664 4188 est,
2694 4136 2811 4177 eam
2836 4130 2955 4193 qua:
2984 4122 3136 4191 dicit,
3164 4122 3328 4181 homo
3350 4140 3455 4180 non
3483 4126 3638 4183 albus
3667 4136 3774 4194 est,

2184 4213 2393 4269 dicatur
2421 4212 2504 4282 ei;
2535 4215 2580 4269 si
2614 4227 2721 4270 non
2756 4223 2840 4269 est
2870 4208 2940 4270 de
2978 4214 3076 4270 hoc
3108 4214 3283 4285 lapide
3312 4231 3435 4272 vera
3463 4208 3772 4286 affirmatio,

2184 4324 2304 4379 qua:
2340 4307 2470 4364 dicit
2511 4308 2671 4364 homo
2709 4308 2861 4363 albus
2890 4316 2995 4376 est,
3035 4325 3160 4365 vera
3200 4312 3302 4367 erit
3329 4310 3398 4367 de
3430 4328 3500 4369 eo
3529 4314 3771 4386 negatio,

2182 4403 2391 4459 scilicet
2415 4419 2477 4460 ea
2505 4419 2624 4474 quae
2655 4404 2806 4471 dicit,
2844 4404 3005 4460 homo
3034 4420 3140 4462 non
3186 4406 3340 4462 albus
3367 4420 3482 4474 est;
3516 4409 3609 4465 sed
3657 4411 3769 4466 haec

2181 4508 2393 4565 quoque
2432 4494 2563 4551 falsa
2587 4503 2688 4551 est.
2732 4495 2963 4551 Omnino
2991 4498 3136 4553 enim
3176 4497 3312 4566 lapis
3338 4498 3499 4555 homo
3528 4516 3635 4557 non
3663 4511 3767 4568 est,

488 4578 613 4666 net,
670 4573 811 4628 sicut
856 4573 1063 4655 aliquos
1113 4577 1164 4632 in
1219 4576 1348 4633 ﬁliis
1394 4592 1539 4666 saepe
1591 4579 1776 4637 vivere
1820 4574 2067 4640 dicimus.
2101 4547 2339 4655 νεῖαιυέ
2392 4586 2512 4643 ideo
2562 4587 2630 4644 de
2678 4603 2743 4644 eo
2792 4605 2897 4645 non
2949 4591 3142 4660 poterit
3183 4547 3461 4662 prrzcdicari
3510 4547 3766 4666 quoniam;

486 4657 746 4728 Quocirca
786 4661 839 4717 id
878 4663 1019 4733 quod
1059 4681 1167 4720 non
1192 4676 1307 4731 est.
1341 4660 1545 4726 idcirco
1570 4684 1692 4727 esse
1730 4671 1928 4729 dicitur
1955 4677 2072 4746 opi-

485 4750 688 4821 nabile,
714 4754 967 4824 quoniam
993 4754 1163 4826 ipsius
1190 4767 1275 4815 est
1297 4761 1557 4830 opinatio.
1584 4763 1700 4819 Non
1730 4774 1909 4822 autem
1936 4784 2069 4837 quo-

484 4838 628 4928 niam
669 4838 722 4896 id
759 4841 898 4914 quod
936 4858 1042 4902 non
1088 4857 1200 4917 est,
1241 4864 1336 4920 per
1367 4860 1427 4907 se
1467 4844 1669 4923 aliquid
1708 4870 1828 4912 esse
1867 4867 2062 4928 potest.

417 5008 419 5010 η
482 4924 579 4986 His
617 4931 777 5003 igitur
816 4946 941 4994 ante
981 4940 1277 5007 perstrictis
1311 4950 1472 5015 atque
1514 4942 1705 5003 ordine
1743 4924 2063 5017 terminatis,

480 5028 549 5085 ad
586 5036 1007 5119 propositionum
1054 5040 1243 5096 modos
1290 5057 1403 5099 rem
1445 5043 1499 5101 in
1538 5045 1818 5105 dialectica
1845 5051 2065 5108 utilissi-

482 5137 625 5178 mam
678 5125 749 5182 de
787 5128 1239 5199 propositionibus
1284 5142 1569 5194 tractatum
1617 5139 2063 5211 disputationem-

479 5228 586 5285 que
611 5221 897 5277 convertit.
947 5222 1133 5283 Restat
1172 5241 1314 5285 nunc
1340 5229 1408 5286 de
1434 5226 1859 5302 propositionum
1889 5236 2065 5293 modis

477 5310 985 5385 oppositionumque
1026 5316 1313 5375 disserere.
1361 5321 1541 5379 Multis
1578 5327 1722 5382 enim
1760 5328 2061 5387 dubitatum

476 5410 561 5456 eet
598 5396 895 5461 rationibus
944 5421 1012 5462 an
1045 5400 1187 5465 idem
1229 5410 1419 5468 modus
1454 5425 1599 5471 esset
1636 5418 2060 5489 propositionum

476 5492 598 5552 sine
637 5493 801 5553 modo
841 5496 1257 5571 propositarum,
1304 5503 1396 5575 qui
1437 5494 1646 5563 illarum
1689 5518 1903 5584 quoque
1942 5530 2061 5586 quat

477 5589 711 5660 propriis
754 5590 929 5648 modis
966 5598 1023 5650 et
1045 5590 1394 5666 qualitatibus
1431 5599 1817 5673 terminantur;
1844 5604 2061 5666 inchoat

477 5686 659 5744 suum
686 5683 757 5742 de
787 5680 867 5745 bis
896 5686 1058 5746 rebus
1079 5688 1467 5751 dubitationem
1497 5695 1593 5752 sic.

2178 4674 2340 4732 homo
2368 4693 2475 4734 non
2504 4672 2658 4734 albus
2692 4689 2792 4735 est.
2822 4671 2973 4748 Quod
3004 4676 3051 4736 si
3075 4697 3248 4753 neque
3275 4676 3565 4741 afﬁrmatio
3593 4701 3768 4758 neque

2174 4768 2388 4837 negatio
2414 4768 2482 4824 de
2507 4784 2574 4824 eo
2596 4785 2719 4825 vera
2749 4781 2853 4837 est,
2880 4771 2980 4826 hoc
3008 4781 3187 4828 autem
3220 4773 3555 4845 impossibile
3577 4786 3682 4841 est,
3709 4786 3764 4832 ut

2172 4852 2604 4915 contradictoris;
2634 4860 3102 4918 altirmatiunesm
3130 4867 3442 4935 negationes
3471 4860 3537 4922 de
3572 4854 3765 4924 eodem

2170 4946 2474 5020 praedicata:
2508 4960 2754 5023 utraeque
2789 4946 2936 5009 falsa:
2970 4955 3094 5010 sint.
3124 4946 3345 5012 Constat
3378 4956 3492 5027 ejus
3519 4958 3763 5014 afﬁrma-

2146 5090 2147 5093 η
2175 5036 2339 5096 tionis
2368 5057 2489 5113 quae
2516 5042 2675 5110 dicit,
2704 5045 2862 5100 homo
2892 5040 3049 5101 albus
3074 5056 3176 5115 est,
3210 5066 3312 5103 non
3339 5065 3459 5105 esse
3490 5048 3638 5106 illam
3670 5069 3762 5108 ne-

2172 5140 2441 5213 gationem
2472 5152 2591 5215 Quae
2620 5138 2781 5209 dicit,
2815 5142 2979 5200 homo
3007 5161 3109 5199 non
3138 5138 3295 5203 albus
3324 5152 3427 5211 est,
3459 5138 3555 5206 sed
3582 5138 3763 5223 potius

2173 5240 2291 5287 eam
2320 5248 2415 5302 per
2441 5249 2598 5302 quam
2632 5232 2948 5304 proponitur
2976 5232 3227 5308 quoniam
3257 5230 3420 5295 homo
3458 5236 3614 5297 a‘bus
3656 5258 3763 5299 non

2171 5335 2273 5383 est.
2305 5322 2575 5399 Nusquam
2609 5322 2769 5398 igitur
2797 5318 2927 5384 alibi
2948 5331 3192 5400 ponenda
3219 5340 3303 5387 est
3338 5332 3551 5405 negatio
3592 5335 3643 5390 in
3682 5334 3764 5391 bis

2169 5432 2290 5488 quae
2327 5417 2642 5488 simpliciter
2673 5420 2729 5474 et
2756 5412 2871 5476 sine
2911 5416 3072 5475 modo
3107 5417 3288 5493 aliquo
3320 5435 3622 5498 ponuntur,
3659 5427 3762 5483 nisi

2169 5506 2234 5567 ad
2263 5508 2485 5569 verbum
2524 5508 2673 5583 Quod
2715 5518 2885 5569 letam
2917 5510 3156 5571 continet
3195 5518 3615 5588 propositionem
3642 5562 3659 5589 ,
3697 5521 3763 5577 de

2166 5590 2251 5661 bis
2278 5602 2459 5663 autem
2479 5600 2814 5662 sufﬁcienter
2839 5614 2997 5677 supra
3023 5606 3132 5680 ja‘t‘n
3169 5608 3425 5667 ditionis.
3467 5610 3525 5667 1η
3556 5611 3641 5669 liis'
3667 5629 3759 5667 au-

2165 5705 2272 5755 tem
2304 5699 2355 5754 in
2384 5696 2579 5769 quibus
2604 5696 2792 5756 modus
2819 5700 3011 5771 aliquis
3033 5706 3340 5774 apponitur,
3386 5696 3653 5763 dubitatio
3674 5718 3753 5765 est

2164 5821 2232 5860 an
2263 5805 2326 5859 ad
2360 5802 2572 5859 modum
2616 5800 2764 5858 illum
2796 5802 3023 5872 ponatur
3072 5804 3319 5874 negativa
3364 5800 3653 5877 particula,
3686 5820 3751 5869 an
