4090 6342
237 353 331 413 Ml

958 345 1022 406 lN
1064 342 1316 406 LIBRUM
1361 348 1448 402 DE
1486 335 2130 402 INTERPRETATIONE
2169 334 2396 395 Εῡιτιο
2436 337 2763 396 SECUNDA.

239 474 414 528 locum
440 483 596 525 suum
625 474 804 522 servet
833 466 901 519 ad
933 467 1183 532 verbum,
1215 466 1354 520 sicut
1397 465 1449 519 in
1489 463 1824 534 bis.quoque
1850 466 1904 524 Α
1931 459 2147 516 modum
2186 457 2401 528 quidem
2442 455 2715 520 auferunt,
2751 465 2866 510 rem
2903 465 3034 511 vero
3069 455 3139 513 de
3174 469 3277 529 qua
3303 457 3500 514 modus

239 559 698 633 propositionibus
745 555 938 621 ﬂebat,
977 567 1095 625 quae
1139 555 1411 624 simplices
1458 561 1511 609 et
1556 555 1672 609 sine
1713 552 1824 607 ullo

242 655 399 710 modo
428 658 812 721 preponuntur.
843 647 973 702 Nam
1002 648 1045 702 si
1072 653 1248 701 servet
1279 647 1453 700 locum
1477 659 1630 700 suum
1662 655 1825 713 nega-

246 755 353 804 tiva
379 743 661 815 particula,
691 750 749 795 ut
773 751 1000 812 ponatur
1027 739 1094 794 ad
1113 742 1356 802 verbum,
1373 739 1675 807 proprietas
1697 749 1826 790 con-

246 833 578 891 tradictionis
597 830 818 894 excidit,
843 839 897 884 et
927 842 1109 883 verum
1142 828 1281 881 inter
1311 841 1370 881 se
1397 826 1694 894 falsumque
1722 835 1829 878 non

248 927 459 982 dividit.
510 922 700 976 Modus
747 921 889 974 enim
933 918 1152 989 quidam
1197 926 1278 970 est
1321 914 1547 971 faciendi
1596 913 1826 983 aliquid,

250 1027 459 1092 quoties
486 1018 716 1072 dicimus
747 1014 946 1084 aliquid
991 1010 1246 1081 possibile
1291 1023 1446 1076 esse,
1483 1009 1565 1064 Vel
1612 1021 1834 1065 necesse

249 1132 391 1185 esse,
425 1115 511 1168 vel
534 1110 790 1182 quidquid
820 1105 1124 1177 huius'modi
1164 1109 1266 1158 est.
1314 1104 1457 1174 Ergo
1502 1103 1547 1158 si
1588 1103 1706 1172 quis
1748 1113 1836 1156 me

249 1213 388 1266 dicat
419 1223 560 1262 nunc
590 1208 747 1274 ptisse
773 1197 1359 1266 ambulare,.idemque
1397 1203 1554 1265 neget
1591 1196 1835 1266 negatio-

251 1322 371 1360 nem
404 1315 611 1373 ponens
637 1299 703 1353 ad
725 1297 949 1352 verbum
980 1294 1121 1365 quod
1154 1300 1236 1347 est
1262 1291 1560 1357 ambulare,
1591 1291 1839 1361 dicatque

253 1418 332 1457 me
357 1414 518 1468 posse
541 1411 646 1452 non
671 1395 969 1457 ambulare,
1001 1390 1288 1445 afﬁrmatio
1310 1397 1364 1444 et
1389 1388 1602 1457 negatio
1628 1393 1841 1442 contra-

252 1489 493 1544 dictoris
512 1487 581 1542 de
601 1485 789 1540 eodem
815 1484 991 1549 dictae,
1025 1497 1170 1538 verte
1191 1480 1349 1536 simul
1371 1479 1732 1533 invenientur.
1759 1478 1842 1531 Me

253 1595 488 1648 namque
535 1587 592 1633 et
635 1576 910 1630 ambulare
952 1588 1109 1642 posse
1138 1582 1193 1628 et
1238 1586 1343 1626 non
1373 1571 1646 1624 ambulare
1674 1569 1845 1623 mani-

254 1674 449 1728 festum
465 1679 568 1725 est.
583 1667 738 1736 Quod
752 1667 794 1720 si
817 1667 868 1720 in
893 1665 994 1720 hoc
1013 1663 1172 1718 modo
1189 1661 1558 1732 possibilitatis
1575 1674 1679 1714 non
1699 1666 1845 1713 recte

254 1766 424 1819 verbo
447 1759 706 1830 particula
723 1758 963 1827 negativa
977 1755 1342 1824 coniungitur,
1357 1755 1516 1807 etiam
1541 1753 1592 1807 in
1614 1751 1694 1804 his
1718 1765 1848 1822 quo-

1927 550 2019 608 ille
2055 549 2399 621 praedicatur,
2433 563 2538 603 non
2577 547 2840 618 perimant
2881 555 2936 604 et
2981 550 3034 604 in
3061 550 3254 619 quibus
3285 551 3502 618 ponitur

1929 655 2038 707 res,
2070 651 2126 697 ut
2154 643 2204 697 in
2232 655 2299 698 eo
2326 641 2466 711 quod
2497 647 2582 694 est
2610 642 2857 695 Socrates
2880 641 3136 696 velociter
3151 642 3386 698 ambulat
3408 684 3422 708 ,
3454 651 3510 699 et

1931 739 1982 792 in
2011 737 2202 806 quibus
2233 735 2552 804 praedicatur
2576 742 2727 788 actus
2750 734 2868 804 ipse
2892 742 2947 789 et
2973 747 3207 804 praesens
3225 781 3238 805 ,
3267 736 3388 806 quia
3414 736 3508 792 ttat

1933 836 2093 898 atque
2120 835 2336 896 agatur,
2385 824 2722 879 manifestum
2759 834 2841 879 est
2886 826 3098 882 modum
3147 828 3363 898 quidem
3414 842 3507 884 su-

1934 920 2074 983 brui,
2104 931 2214 974 rem
2247 931 2373 973 vero
2404 929 2523 986 Quae
2553 915 2666 970 fieri
2691 917 2884 971 dicitur
2913 931 3245 988 permanere,
3292 928 3352 975 ut
3378 928 3501 976 cum

1935 1011 2190 1076 dicimus,
2223 1012 2476 1065 Socrates
2511 1023 2614 1062 non
2641 1009 2895 1063 velociter
2933 1011 3184 1065 ambulat.
3218 1013 3509 1070 Ambulare

1936 1103 2079 1156 enim
2122 1111 2242 1156 eum
2285 1099 2500 1170 quidem
2531 1109 2635 1154 non
2673 1101 3002 1155 subtractum
3032 1112 3146 1168 est,
3177 1104 3268 1159 sed
3300 1109 3503 1160 tantum

1941 1195 2056 1250 haec
2078 1195 2288 1265 negatio
2313 1193 2653 1250 velocitatem
2682 1194 2749 1248 ab
2769 1194 3128 1251 ambulatione
3154 1197 3433 1268 disjunxit.
3463 1199 3520 1256 lu

1943 1290 2025 1344 his
2054 1299 2233 1344 autem
2275 1303 2392 1358 quae
2441 1289 2848 1358 possibilitatem
2888 1290 3084 1360 aliquid
3126 1293 3178 1346 in
3225 1293 3401 1348 futuro
3442 1295 3522 1349 fad

1943 1383 2117 1437 ciendi
2145 1394 2238 1451 per
2267 1382 2488 1436 modum
2515 1394 2710 1450 ponunt
2729 1423 2744 1447 ,
2792 1379 2970 1436 nullus
2999 1384 3218 1438 omnino
3255 1391 3405 1440 actus
3430 1399 3525 1456 pos

1945 1476 2090 1530 nitur
2114 1514 2129 1539 ,
2161 1473 2254 1528 sed
2285 1483 2486 1527 tantum
2518 1473 2736 1536 modus;
2779 1473 2845 1527 ad
2889 1489 3045 1544 quem
3087 1475 3299 1531 modum
3341 1478 3527 1547 juncta

1945 1570 2161 1639 negatio
2190 1569 2405 1622 modum
2437 1567 2654 1637 quidem
2681 1569 2916 1638 perimit.
2949 1569 3056 1624 Sed
3097 1583 3182 1625 res
3213 1571 3393 1627 illa‘dc
3422 1585 3527 1644 qua

1948 1661 2138 1715 modus
2159 1660 2551 1730 praedicabatur
2581 1673 2686 1713 non
2718 1669 3014 1729 permanet,
3049 1661 3252 1716 idcirco
3281 1664 3530 1732 quoniam

1949 1766 2050 1806 nec
2073 1760 2199 1806 tunc
2227 1767 2345 1806 cum
2383 1752 2772 1821 praedicabatur
2801 1767 2921 1806 cum
2967 1753 3128 1806 modo
3169 1753 3367 1824 aliquid
3416 1756 3530 1810 fieri

257 1847 359 1925 que
386 1869 509 1925 qua:
532 1845 1368 1910 nullamitabentdiﬂ'erentiam,
1388 1858 1454 1896 an
1500 1842 1566 1896 ad
1597 1841 1844 1906 modum,
1879 1845 1929 1911 Β
1955 1847 2106 1913 agive
2133 1844 2467 1914 propositum
2491 1851 2594 1908 est,
2626 1850 2684 1898 ut
2725 1845 2769 1899 si
2791 1847 2910 1913 quis
2939 1845 3080 1900 dicat
3110 1846 3385 1903 Socratem
3415 1863 3534 1918 pose

259 1964 324 2004 an
349 1948 418 2000 ad
445 1945 670 2001 verbum
705 1941 1195 2009 negatio‘ponatur,
1231 1935 1580 1991 custodienda
1613 1944 1694 1989 est
1730 1933 1852 1987 talis

261 2037 530 2108 oppositio
555 2050 675 2105 qua:
703 2032 830 2087 huic
869 2031 1069 2101 speciei
1096 2029 1516 2099 propositionum
1546 2027 1851 2092 conveniat,

265 2147 380 2204 qua:
398 2146 522 2185 cum
539 2130 696 2184 modo
708 2127 1146 2198 proferuntur,ut
1161 2125 1212 2178 in
1228 2123 1327 2178 hac
1349 2123 1715 2193 propositione
1735 2133 1854 2190 quat

266 2226 416 2289 dicit,
445 2226 703 2279 Socrates
731 2220 988 2276 velociter
1010 2217 1267 2283 ambulat,
1299 2218 1412 2272 sive
1432 2217 1550 2286 quis
1573 2217 1644 2271 ita
1669 2222 1850 2285 neget,

268 2317 525 2372 Socrates
555 2311 820 2366 velociter
851 2325 956 2363 non
999 2307 1270 2372 ambulat,
1303 2307 1367 2361 ad
1403 2306 1621 2360 verbum
1652 2317 1858 2375 ponens

271 2408 640 2478 negationem,
669 2406 782 2458 sive
809 2403 912 2466 sic,
945 2401 1196 2456 Socrates
1224 2416 1328 2454 non
1367 2400 1626 2454 velociter
1666 2400 1856 2452 ambu-

271 2497 368 2565 lat,
385 2496 548 2552 modo
571 2495 872 2564 negativam
898 2492 1208 2562 particulam
1229 2492 1481 2560 iungens,
1503 2505 1667 2561 prope
1684 2490 1860 2546 simile

273 2607 395 2649 esse
421 2591 722 2652 videbitur;
745 2587 934 2642 dividit
956 2585 1095 2640 enim
1122 2599 1242 2639 cum
1276 2582 1636 2639 afﬁrmatione
1664 2585 1863 2638 verita-

277 2695 382 2739 tem
415 2683 814 2748 falsitatcmque
843 2688 1068 2747 utroque
1097 2677 1256 2732 modo
1283 2685 1459 2743 aptata
1497 2675 1726 2743 negatio.
1757 2673 1860 2728 Sed

278 2775 527 2843 quoniam
567 2782 692 2827 sunt
737 2750 918 2839 plures
949 2768 1090 2822 modi
1146 2768 1198 2821 itt
1226 2767 1422 2836 quibus
1464 2765 1510 2820 si
1536 2764 1602 2818 ad
1640 2762 1863 2818 verbum

281 2864 536 2936 iungatur
562 2860 821 2931 particula
855 2859 1115 2929 uegativa,
1138 2873 1245 2912 non
1271 2867 1354 2912 est
1380 2858 1591 2926 negatio
1619 2856 1866 2925 superius

282 2957 572 3012 enuntiatae
598 2950 986 3008 afﬁrmationis.
1019 2951 1226 3006 idcirco
1254 2948 1514 3004 servanda
1540 2957 1624 3003 est
1660 2948 1716 3002 in
1753 2961 1868 3001 om-
1923 2953 1936 2958 '

284 3049 445 3103 nibus
469 3046 756 3100 secundum
782 3043 1001 3097 modum
1031 3041 1489 3111 propositionibus
1515 3040 1615 3095 ista
1644 3053 1868 3109 propor-

285 3140 360 3196 tio
380 3179 397 3205 ,
425 3149 482 3192 ut
511 3154 613 3192 uno
635 3139 935 3205 eodemque
973 3138 1132 3191 modo
1173 3143 1485 3191 cunctarum
1511 3135 1624 3190 ﬁeri
1653 3133 1867 3204 opposi-

1957 1941 2114 1995 sibile
2137 1953 2260 1997 esse
2290 1940 2593 2004 ambulare,
2620 1940 2827 2008 positus
2854 1939 3068 2010 quidem
3092 1941 3281 1996 modus
3311 1951 3422 2008 est,
3452 1953 3537 1999 res

1957 2047 2087 2087 vero
2129 2043 2247 2087 actu
2277 2032 2566 2086 constituta
2595 2046 2700 2086 non
2733 2041 2834 2086 est.
2881 2032 2994 2086 Non
3030 2031 3173 2087 enim
3218 2031 3418 2088 dictum
3456 2041 3538 2089 est

1958 2124 2208 2194 quoniam
2261 2123 2528 2186 ambulat,
2579 2124 2672 2178 sed
2721 2125 2972 2192 quoniam
3021 2138 3141 2178 eum
3180 2123 3434 2195 possibile
3459 2135 3540 2184 est

1959 2216 2250 2271 ambulare.
2283 2216 2431 2270 Hanc
2465 2229 2594 2284 ergo
2622 2215 3026 2283 possibilitatem
3060 2216 3201 2271 tollit
3238 2218 3448 2287 negatio
3489 2218 3542 2274 in

1960 2309 2328 2379 propositione
2360 2321 2482 2379 quae
2505 2309 2670 2374 dicit,
2703 2309 2982 2363 Socratem
3015 2322 3120 2363 non
3162 2309 3418 2378 possibile
3465 2319 3545 2367 est

1961 2402 2260 2456 ambulare.
2294 2401 2396 2454 Sed
2428 2401 2480 2454 in
2503 2403 2691 2455 eadem
2716 2402 3088 2471 propositione
3115 2417 3202 2458 res
3229 2403 3298 2458 de
3325 2417 3428 2472 qua
3469 2403 3546 2460 di-

1962 2496 2186 2547 cebatur
2211 2491 2401 2545 modus
2425 2491 2514 2546 ille
2541 2507 2646 2546 non
2677 2502 2982 2562 permanet;
3019 2494 3120 2550 hoc
3147 2503 3324 2549 autem
3351 2497 3548 2554 idcirco

1965 2584 2164 2650 evenit,
2191 2585 2312 2653 quia
2342 2598 2439 2638 nec
2466 2585 2517 2637 in
2541 2584 2897 2640 affirmatione
2927 2586 3139 2656 quidem
3170 2588 3336 2656 posita
3362 2598 3444 2645 est
3462 2603 3550 2646 res

1967 2677 2034 2730 de
2057 2689 2162 2744 qua
2192 2675 2514 2745 praedicatus
2539 2685 2622 2730 est
2651 2677 2860 2730 modus.
2895 2680 3070 2747 Atque
3109 2678 3232 2733 ideo
3259 2694 3364 2734 non
3403 2695 3431 2734 a
3460 2695 3552 2736 ne-

1969 2771 2186 2839 gatione
2215 2778 2490 2839 perempta
2518 2779 2599 2824 est
2629 2783 2734 2839 res,
2764 2773 2958 2842 quippe
2983 2787 3142 2844 quam
3176 2777 3384 2844 negatio
3415 2779 3552 2845 posi-

1972 2872 2076 2916 tam
2108 2864 2333 2927 invenit,
2369 2863 2462 2918 sed
2496 2868 2698 2918 tantum
2730 2864 2947 2919 modum
2968 2907 2982 2929 ,
3007 2868 3095 2936 qui
3123 2867 3282 2922 etiam
3309 2869 3377 2925 ab
3408 2868 3552 2924 affir-

1970 2952 2204 3008 matione
2229 2955 2475 3007 COIISIlIlIl
2491 2967 2552 3008 us
2573 2963 2674 3008 est.
2703 2953 2887 3022 Magna
2916 2967 3092 3014 autem
3115 2959 3370 3014 distantia
3391 2968 3471 3018 est
3489 2973 3555 3019 an

1972 3046 2038 3100 ad
2070 3048 2286 3100 modum
2321 3048 2536 3116 negatio
2565 3056 2821 3116 ponatur,
2854 3062 2922 3103 an
2951 3053 3017 3103 ad
3046 3054 3290 3108 verbum.
3330 3052 3462 3109 Nam
3512 3057 3556 3112 si

1974 3136 2040 3191 ad
2071 3137 2292 3194 verbum
2325 3147 2583 3207 ponatur,
2618 3140 2962 3207 prardicatum
2999 3157 3026 3196 a
3073 3144 3316 3214 subiecto
3359 3145 3559 3216 disiun.

287 3236 464 3288 tiones
492 3232 760 3295 dicantur,
783 3239 842 3284 ut
864 3229 919 3284 in
951 3230 1062 3284 illis
1089 3229 1304 3298 quidem
1336 3228 1548 3298 negatio
1584 3241 1703 3297 quae
1742 3226 1870 3280 sim-
1898 3231 1946 3294 ε
1973 3236 2143 3304 gitur,
2175 3244 2234 3290 ut
2261 3245 2369 3300 est,
2413 3234 2665 3291 Socrates
2703 3251 2808 3290 non
2849 3238 3102 3292 ambulat.
3133 3239 3264 3294 Nam
3293 3240 3558 3308 ambulat,

289 3328 454 3396 plices
480 3335 639 3391 sunt,
669 3339 782 3379 rem
814 3333 988 3393 neget.
1017 3323 1070 3378 In
1105 3323 1187 3378 his
1212 3335 1385 3378 autem
1416 3337 1535 3393 quae
1563 3337 1684 3376 cum
1712 3319 1872 3375 modo

293 3429 433 3486 sunt,
476 3420 694 3473 modum
741 3428 920 3487 neget,
969 3419 1121 3472 utin
1170 3433 1238 3472 eo
1289 3417 1430 3488 quod
1477 3427 1580 3483 est,
1627 3417 1874 3472 Socrates

295 3509 553 3575 ambulat,
579 3524 694 3565 rem
719 3510 908 3578 ipsam,
946 3509 997 3563 id
1024 3518 1106 3562 est
1127 3508 1397 3573 ambulat,
1429 3517 1621 3575 neget,
1642 3508 1876 3570 adEmat-

298 3616 402 3670 que
431 3601 727 3670 propositio
755 3601 978 3665 dicens,
1010 3599 1263 3654 Socrates
1297 3615 1402 3654 non
1429 3600 1686 3654 ambulat.
1711 3600 1766 3654 ln
1797 3600 1879 3655 his

298 3705 474 3750 autem
500 3711 619 3764 quae
640 3710 760 3749 cum
785 3695 944 3749 modo
967 3706 1112 3764 sunt,
1139 3711 1253 3751 rem
1275 3695 1490 3764 quidem
1516 3708 1635 3750 esse
1656 3707 1882 3748 consen-

301 3791 413 3853 tiat,
446 3787 662 3842 modum
687 3797 878 3858 neget,
906 3797 966 3842 ut
989 3789 1040 3842 in
1063 3803 1124 3843 ea
1159 3789 1524 3858 propositione
1552 3803 1672 3858 quo:
1713 3786 1841 3841 dicit
1864 3826 1880 3851 ,

301 3877 552 3933 Socrates
592 3879 853 3933 velociter
885 3879 1144 3944 ambulat,
1189 3878 1401 3948 negatio
1445 3879 1605 3944 dicat,
1637 3879 1884 3934 Socrates

303 3987 410 4025 non
431 3971 689 4025 velociter
713 3971 972 4037 ambulat,
997 3981 1053 4024 ut
1075 3973 1192 4025 sive
1221 3971 1478 4032 ambulet,
1502 3972 1616 4025 sive
1639 3984 1743 4024 non
1773 3983 1886 4023 am-

303 4062 483 4128 bulet,
508 4061 644 4116 nulla
671 4064 741 4116 sit
767 4062 1088 4117 diderentia.
1118 4062 1328 4116 Modum
1359 4071 1536 4118 autem
1560 4105 1574 4128 ,
1603 4063 1653 4116 id
1682 4071 1763 4117 est
1791 4075 1885 4117 ve-

307 4151 498 4208 lociter
523 4152 843 4218 ambulandi,
876 4155 1103 4222 perimat
1131 4170 1196 4208 ex
1222 4157 1447 4208 adverso
1475 4159 1760 4207 constituta
1790 4167 1886 4207 ne-

307 4247 490 4318 gatio,
517 4261 810 4317 quanquam
859 4248 960 4302 hoc
1007 4249 1057 4301 in
1100 4248 1419 4315 quibusdam
1463 4262 1568 4301 non
1613 4247 1700 4311 fit;
1732 4245 1890 4300 simul

1973 3329 2116 3398 quod
2147 3334 2232 3382 est
2256 3326 2602 3396 praedicatum
2635 3341 2663 3381 a
2693 3329 2936 3398 subiecto
2974 3333 3113 3402 quod
3154 3340 3236 3388 est
3276 3333 3555 3401 Socrates,

1976 3421 2204 3476 divisum
2229 3431 2329 3475 est.
2357 3421 2452 3476 Sin
2477 3435 2605 3476 vero
2626 3422 2692 3476 ad
2722 3424 2937 3477 modum
2965 3434 3192 3492 ponatur
3220 3441 3349 3494 non,
3370 3427 3563 3498 praedi-

1979 3521 2156 3568 catum
2180 3525 2209 3566 a
2233 3513 2473 3579 subiecto
2494 3512 2769 3568 dividitur.
2793 3513 2902 3568 Sed
2930 3531 2958 3569 a
2983 3515 3356 3585 prmdicatione
3388 3525 3564 3589 potius

1979 3605 2304 3676 disiungitur
2330 3607 2538 3668 modus,
2574 3615 2630 3660 ut
2662 3603 2712 3658 in
2736 3618 2802 3659 eo
2829 3607 2970 3674 quod
3001 3616 3082 3661 est
3101 3648 3117 3672 ,
3161 3605 3411 3665 Socrates
3456 3627 3564 3668 non

1983 3696 2240 3750 velociter
2264 3694 2527 3759 ambulat,
2557 3709 2665 3748 non
2686 3695 3112 3751 ambulationem
3144 3711 3173 3751 a
3203 3698 3424 3757 Socrate
3443 3713 3565 3771 pro.

1986 3786 2178 3857 positio
2224 3786 2324 3839 ista
2371 3786 2658 3855 disiungit,
2704 3786 2800 3842 sed
2839 3787 3175 3844 velocitatem
3215 3792 3282 3847 ab
3327 3793 3566 3850 ambula-

1986 3879 2161 3943 tione,
2185 3877 2236 3932 id
2267 3887 2348 3932 est
2375 3878 2594 3932 modum
2626 3892 2655 3932 a
2685 3880 3006 3948 przedicato,
3031 3889 3086 3935 et
3116 3883 3216 3936 hoc
3244 3883 3295 3937 in
3329 3883 3411 3940 his
3440 3885 3570 3941 faci-

1987 3972 2090 4028 lius
2111 3970 2519 4040 etidetttittsquc
2539 3978 2792 4042 apparet,
2825 3985 3152 4042 quaecunque
3173 3974 3246 4028 ita
3277 3975 3571 4044 praedicau-

1989 4071 2098 4128 tur,
2129 4073 2188 4116 ut
2228 4071 2280 4116 et
2309 4062 2422 4117 fieri
2448 4071 2503 4117 et
2541 4076 2646 4117 non
2684 4063 2805 4117 fieri
2847 4075 3004 4132 posse
3049 4065 3309 4119 dicantur.
3353 4067 3573 4135 Oportet

1990 4161 2168 4207 autem
2198 4155 2324 4222 quid
2352 4155 2425 4208 sit
2451 4153 2744 4223 possibile,
2775 4153 2900 4223 quid
2931 4157 3330 4219 necessarium,
3360 4159 3492 4228 quid
3522 4161 3573 4217 in

1992 4258 2112 4299 esse
2154 4244 2417 4312 difﬁnire,
2452 4259 2749 4315 eorumque
2797 4246 3219 4315 significationes
3260 4251 3573 4318 Ostendere,

309 4338 453 4392 enim
483 4352 604 4390 cum
637 4339 796 4393 modo
830 4345 946 4407 ipso
982 4349 1036 4393 et
1063 4354 1172 4392 rem
1207 4338 1395 4405 perimi
1427 4351 1648 4394 necesse
1685 4347 1767 4393 est
1787 4379 1800 4402 ,
1834 4347 1893 4392 ut
1993 4335 2132 4406 quod
2156 4337 2312 4392 nobis
2331 4337 2400 4390 ad
2428 4337 2587 4405 huius
2613 4337 2715 4391 loci
2746 4336 3096 4392 subtilitatem
3129 4339 3384 4407 prodet-it,
3416 4353 3576 4411 quem

313 4430 363 4483 in
391 4444 457 4484 eo
485 4429 628 4498 quod
651 4440 765 4496 est,
797 4432 1045 4485 Socrates
1081 4440 1256 4500 potest
1293 4430 1601 4498 ambulare,
1645 4430 1891 4485 Socrates
1996 4437 2316 4495 tractamus,
2343 4442 2396 4483 et
2423 4429 2699 4499 superiora
2734 4443 3072 4499 quaecunque
3112 4431 3179 4484 de
3217 4432 3578 4502 contingenti-

316 4535 419 4575 non
451 4531 626 4589 potest
653 4522 958 4588 ambulare,
988 4532 1043 4578 et
1082 4523 1297 4577 modum
1345 4531 1400 4578 et
1439 4537 1555 4578 rem
1602 4523 1762 4576 modo
1790 4521 1892 4590 ipsi
1997 4524 2096 4578 bus
2137 4522 2278 4578 dicta
2317 4531 2476 4591 sunt,
2510 4523 2679 4590 magis
2720 4521 3027 4591 iiquebunt,
3078 4533 3133 4577 et
3179 4525 3577 4595 Analyticorum

317 4609 600 4678 coniuncta
629 4613 881 4680 particula
914 4613 1206 4681 negationis
1233 4615 1546 4683 intercepit;
1579 4613 1672 4668 sed
1717 4617 1815 4668 hoc
1843 4614 1894 4667 in
1920 4601 1974 4666 Ι)
2001 4626 2236 4672 mentem
2279 4615 2440 4670 nobis
2491 4615 2830 4682 apertissima
2878 4614 2995 4668 luce
3040 4614 3294 4684 vulgabit.
3345 4619 3582 4683 Quatuor

318 4700 400 4754 his
431 4701 543 4756 fere
573 4704 751 4757 evenit
773 4704 822 4757 in
851 4705 1044 4773 quibus
1072 4721 1175 4759 non
1206 4706 1318 4760 iieri
1343 4708 1554 4776 quidem
1585 4706 1782 4776 aliquid
1812 4706 1896 4760 di-

318 4794 477 4856 citur,
507 4801 563 4849 et
590 4806 740 4850 actus
769 4796 933 4865 ipsius
964 4814 1068 4852 non
1099 4799 1311 4854 additur
1343 4799 1563 4864 modus,
1596 4800 1688 4854 sed
1724 4802 1896 4868 potius

320 4883 550 4940 faciendi
585 4886 640 4940 in
679 4887 856 4941 futuro
887 4890 1104 4955 modus,
1132 4900 1189 4943 ut
1217 4891 1260 4944 si
1293 4891 1410 4959 quis
1445 4889 1588 4945 dicat
1623 4890 1896 4945 Socratem

321 4977 598 5033 ambulare
627 4993 812 5048 posse,
845 4995 947 5035 non
978 4979 1118 5051 quod
1155 4982 1264 5051 iam
1312 4982 1576 5048 ambulet,
1622 4983 1716 5038 sed
1758 4982 1898 5053 quod

322 5083 444 5124 eum
467 5068 571 5125 scit
599 5071 872 5130 ambulare
904 5071 1190 5142 possibile,
1221 5072 1307 5128 hic
1332 5071 1376 5127 si
1417 5073 1653 5141 possibili
1691 5073 1901 5144 negatio

321 5162 711 5234 coniungatur,
741 5166 900 5219 etiam
948 5179 1061 5219 rem
1095 5167 1260 5235 ipsam
1309 5167 1494 5220 tulisse
1533 5165 1797 5220 videbitur
1840 5167 1907 5222 de

324 5270 428 5326 qua
449 5257 539 5311 illa
566 5256 888 5326 possibilitas
915 5257 1320 5327 praedicabatur.
1349 5257 1404 5313 Si
1425 5259 1544 5327 quis
1570 5268 1744 5312 autem
1768 5256 1910 5313 dicat

325 5348 582 5418 quoniam
607 5348 856 5405 Socrates
878 5350 1130 5405 velociter
1157 5349 1424 5418 ambulat,
1459 5347 1634 5403 facere
1659 5364 1782 5404 eum
1808 5348 1909 5404 aii-

328 5441 452 5510 quid
479 5441 631 5510 dicit,
661 5442 982 5510 modumque
1012 5441 1085 5496 illi
1114 5441 1252 5496 actui
1271 5440 1464 5512 iungit,
1490 5445 1548 5495 ut
1567 5441 1908 5510 quemadmo-

329 5536 454 5589 dum
478 5534 608 5590 illud
637 5534 815 5600 faciat,
839 5535 980 5606 quod
1005 5536 1180 5591 facere
1206 5535 1355 5601 dicit,
1380 5535 1604 5603 quilibet
1629 5545 1904 5604 agnoscat,

331 5637 382 5691 in
411 5635 498 5691 bis
520 5651 607 5692 res
632 5636 844 5707 quidem
873 5646 1166 5706 permanet,
1192 5637 1381 5691 modus
1406 5645 1581 5690 autem
1609 5635 1904 5708 subruitur,

331 5747 389 5794 ut
422 5753 584 5808 supra
611 5739 811 5796 dictum
839 5747 945 5796 est.
977 5740 1059 5796 An
1086 5749 1234 5796 certe
1261 5739 1391 5795 illud
1424 5741 1593 5810 magis
1621 5741 1801 5796 verius
1823 5747 1909 5796 est

334 5827 650 5898 dicendum,
699 5832 842 5903 quod
893 5846 1104 5903 semper
1153 5832 1457 5902 huiusmodi
1513 5833 1906 5903 propositiones

2003 4709 2147 4763 modi
2180 4717 2304 4762 sunt
2331 4721 2468 4777 quos
2495 4705 2814 4760 Aristoteles
2838 4707 2890 4760 in
2923 4705 3025 4760 hoc
3055 4705 3191 4761 libro
3219 4706 3288 4762 de
3317 4708 3582 4778 Interpre-

2003 4799 2204 4853 tatione
2229 4797 2488 4866 disponit.
2529 4798 2635 4850 Aut
2673 4796 2816 4850 enim
2856 4795 3054 4866 aliquid
3083 4812 3204 4852 esse
3237 4798 3463 4866 dicitur,
3491 4807 3584 4854 aut

2002 4889 2318 4959 contingens
2340 4903 2480 4952 esse,
2507 4897 2600 4942 aut
2629 4887 2880 4956 possibile
2899 4901 3038 4948 esse.
3065 4896 3159 4944 aut
3188 4904 3410 4946 necesse
3438 4905 3580 4948 esse.

2004 4983 2241 5050 Quorum
2271 4982 2588 5052 contingens
2621 4997 2745 5038 esse
2772 4991 2826 5039 et
2873 4982 3124 5052 possibile
3169 4996 3292 5039 esse
3337 4983 3478 5039 idem
3511 4985 3585 5039 si-

2007 5084 2254 5154 gniticat,
2281 5097 2382 5139 nec
2408 5083 2696 5154 quidquam
2723 5083 2990 5152 discrepat
3017 5083 3227 5149 dicere,
3263 5097 3424 5155 posse
3457 5099 3582 5141 cras

2009 5189 2127 5232 esse
2155 5175 2443 5230 circenses.
2472 5174 2537 5230 Et
2585 5188 2770 5230 rursus
2810 5172 3123 5244 contingere
3157 5189 3280 5230 cras
3323 5189 3442 5229 esse
3480 5175 3587 5230 ciro

2009 5281 2220 5335 censes,
2252 5267 2351 5320 nisi
2384 5267 2486 5320 hoc
2515 5273 2718 5320 uotum
2741 5295 2760 5331 ,-
2791 5267 2932 5335 quod
2965 5266 3222 5334 possibile
3245 5266 3460 5335 quidem
3487 5281 3586 5338 po-

2012 5371 2115 5418 test
2158 5360 2454 5432 privatione
2499 5360 2752 5426 subduci,
2799 5360 3112 5430 conﬁngens
3165 5373 3294 5415 vero
3345 5362 3581 5417 minime.

2012 5458 2209 5514 Contra
2235 5460 2380 5513 enim
2403 5456 2454 5510 id
2483 5456 2624 5526 quod
2645 5456 2842 5510 dicitur
2867 5455 3121 5524 possibile
3155 5469 3276 5510 esse
3294 5495 3310 5520 ,
3345 5464 3399 5510 et
3427 5469 3590 5526 nega-

2014 5551 2090 5605 tio
2114 5548 2482 5620 possibilitatis
2506 5548 2732 5602 iufertur
2755 5546 3040 5615 aliquoties
3059 5585 3074 5609 ,
3100 5556 3152 5599 ut
3179 5557 3262 5600 est
3290 5559 3394 5601 non
3422 5549 3593 5616 passio

2014 5641 2119 5696 bile
2139 5651 2224 5697 est
2240 5656 2380 5709 esse,
2397 5650 2451 5697 et
2472 5640 2718 5710 privatio.
2741 5647 2800 5694 ut
2818 5649 2899 5692 est
2921 5638 3249 5706 impossibile
3269 5651 3406 5695 esse.
3433 5641 3588 5696 Nam-

2011 5748 2116 5803 que
2139 5733 2281 5804 quod
2305 5733 2533 5790 dicimus
2553 5729 2884 5802 impossibile
2909 5742 3050 5795 esse,
3076 5729 3304 5797 privatio
3325 5729 3593 5802 possibiﬁ.

1995 5835 2137 5902 tatis
2160 5843 2276 5901 est;
2299 5835 2354 5890 in
2373 5832 2704 5902 contingenti
2728 5839 2908 5884 autem
2933 5841 3236 5900 quanquam
3259 5829 3398 5886 idem
3429 5834 3591 5907 signi-
