4090 6342
561 322 681 381 585

1779 310 1887 366 AN.
1928 306 2141 373 MANL,
2170 304 2343 373 SEV.-
2365 307 2584 365 ΒθΕΤῙΙ

3717 321 3822 378 εει

569 439 692 493 ﬁcet
712 473 729 500 ,
772 436 885 489 sola
926 437 1128 485 tantum
1168 422 1452 495 opponitur
1504 422 1716 491 negatio
1742 461 1756 484 ,
1782 421 1955 475 nulla
2011 435 2139 476 vero
2168 421 2220 481 Α
2243 428 2298 475 ει
2329 420 2676 490 possibilitas,
2706 425 2802 479 sed
2832 439 3006 498 neque
3034 443 3155 487 esse
3202 444 3375 502 neque
3404 432 3661 503 possibile
3708 451 3832 495 esse

568 526 795 597 privatio
817 521 1115 592 reperitur;
1146 524 1203 571 ut
1227 516 1279 570 in
1320 512 1557 582 eo-quod
1594 519 1676 566 est
1704 512 2051 616 contingens,
2094 510 2141 616 si

567 620 668 675 hoc
691 616 953 687 perimere
984 610 1260 673 volumus,
1288 605 1518 663 dicimus
1551 620 1655 659 non
1697 605 2040 709 contingens,
2087 605 2142 709 et

568 712 681 765 hate
718 708 930 779 negatio
957 713 1059 760 est.
1098 702 1473 770 lncontingens
1513 708 1692 753 autem
1736 698 1912 754 nullus
1946 699 2143 754 dixerit

563 801 703 873 quod
728 808 809 857 est
832 797 1079 868 privatio.
1103 794 1238 850 Cum
1262 808 1392 863 ergo
1420 791 1737 863 contingens
1771 804 1890 847 esse
1928 800 1982 845 et
2021 805 2141 858 pos-

562 894 718 950 sibilc
736 906 859 948 esse
882 890 1019 945 idem
1046 885 1349 957 signiﬁcent
1373 926 1387 951 ,
1432 885 1596 941 multa
1642 885 1697 939 in
1738 883 1821 939 bis
1858 883 2140 939 diversitas

562 995 644 1043 est
675 982 965 1040 secundum
1012 979 1364 1051 Porphyrium
1411 994 1529 1049 qum
1573 986 1698 1033 sunt
1744 976 2041 1033 necessaria
2086 986 2142 1033 et

566 1076 740 1131 inesse
768 1081 971 1128 tantum
991 1068 1368 1140 signiﬁcantia,
1398 1076 1451 1123 et
1478 1068 1834 1138 contingentia
1864 1068 1945 1124 vel
1972 1068 2157 1138 possig

566 1167 709 1224 bilia.
734 1165 889 1235 Quod
930 1163 1073 1220 enim
1114 1176 1233 1218 esse
1278 1160 1477 1231 aliquid
1517 1160 1741 1227 dicitur,
1785 1160 1852 1216 de
1890 1164 2137 1232 praesenti

564 1272 803 1331 tempore
825 1258 1112 1329 judicatur.
1139 1255 1195 1311 Si
1224 1255 1348 1325 quid
1372 1255 1515 1310 enim
1545 1269 1685 1309 nunc
1714 1254 1872 1311 alicui
1898 1265 2007 1320 est,
2039 1255 2139 1312 hoc

561 1367 679 1411 esse
701 1351 1040 1422 praedicatur.
1068 1348 1220 1415 Quod
1248 1364 1374 1409 vero
1396 1347 1469 1402 ita
1494 1348 1655 1414 inest,
1680 1358 1740 1403 ut
1764 1363 1978 1419 semper
1996 1349 2067 1404 sit
2084 1358 2157 1427 et

563 1460 829 1516 nunquam
861 1450 1115 1507 mutetur,
1140 1441 1267 1498 illud
1295 1456 1516 1497 necesse
1543 1456 1665 1498 esse
1690 1441 1904 1508 dicitur,
1931 1452 1983 1498 ut
2008 1443 2138 1499 solis

562 1534 1040 1602 motus,'lun:eque
1065 1549 1185 1588 cum
1232 1540 1373 1588 terra
1414 1531 1655 1597 obsistit,
1706 1532 1963 1591 delectus.
2007 1535 2137 1603 Qua:

559 1637 735 1684 autem
760 1626 1071 1695 contingere
1092 1626 1339 1680 dicuntur
1362 1624 1448 1680 vel
1473 1624 1742 1694 possibilia
1766 1640 1904 1693 esse,
1920 1626 2134 1682 illorum

560 1734 733 1789 neque
754 1717 1046 1774 secundum
1079 1731 1314 1787 pnusens
1332 1755 1347 1780 ,
1372 1731 1546 1787 neque
1568 1715 1862 1774 secundum
1901 1719 2132 1789 aliquam

2245 511 2541 569 necessitas
2580 513 2687 569 ulla
2735 520 3101 590 consequitur.
3153 522 3357 581 Rursus
3398 540 3559 583 omne
3588 542 3710 584 esse
3744 543 3832 587 se-

2244 605 2425 673 quitur
2448 620 2605 675 posse
2628 620 2780 675 esse;
2799 611 2941 681 quod
2963 614 3107 670 enim
3137 625 3223 672 est
3250 626 3305 673 et
3329 627 3506 687 potest
3529 634 3671 677 esse.
3695 622 3829 679 Nam

2242 696 2290 752 si
2318 712 2442 753 esse
2473 714 2578 754 non
2609 711 2821 771 posset,
2858 704 2975 762 sine
2999 706 3104 763 ulla
3135 708 3465 769 dubitatione
3507 730 3615 770 non
3655 725 3827 783 esset;

2245 790 2552 858 possibilem
2580 802 2761 852 autem
2792 811 2911 853 esse
2949 813 3055 855 non
3098 805 3449 874 consequitur
3485 821 3627 865 esse.
3674 809 3828 877 Quod

2242 882 2386 936 enim
2408 883 2681 953 ‘possibile
2722 896 2805 943 est
2847 903 2967 946 esse
2989 932 3004 958 ,
3054 901 3229 961 potest
3250 904 3307 951 et
3329 911 3437 952 non
3467 912 3626 969 esse,
3658 910 3717 955 ut
3742 915 3830 959 me

2244 973 2500 1042 possibile
2524 985 2609 1033 est
2632 993 2775 1035 nunc
2797 981 3011 1052 quidem
3041 986 3337 1055 procedere
3359 1030 3374 1053 ,
3420 990 3517 1046 sed
3563 990 3667 1048 lioc
3697 992 3825 1076 mihi

2244 1079 2350 1122 non
2402 1079 2486 1123 est
2534 1084 2775 1129 necesse.
2819 1072 2937 1130 Non
2980 1077 3125 1133 enim
3174 1095 3315 1137 nunc
3358 1083 3627 1153 procedo,
3662 1072 3827 1157 quare

2241 1158 2505 1227 gradatim
2535 1164 2709 1219 omnis
2739 1173 2824 1222 est
2849 1171 3227 1240 consequentia
3250 1212 3266 1238 ,
3297 1188 3520 1232 necesse
3554 1185 3636 1231 est
3676 1192 3827 1233 nam-

2242 1265 2346 1320 que
2367 1261 2424 1307 et
2450 1267 2573 1309 esse
2599 1256 2841 1327 sequitur
2867 1269 2919 1315 et
2961 1262 3302 1329 possibilitas.
3348 1264 3551 1322 Rursus
3588 1282 3712 1325 esse
3738 1285 3828 1326 ea-

2243 1338 2364 1395 dem
2401 1344 2641 1413 sequitur
2681 1346 3040 1417 possibilitas,
3064 1353 3474 1421 possibilitatem
3508 1367 3690 1414 autem
3728 1375 3829 1417 nec

2246 1447 2366 1489 esse
2391 1437 2663 1506 sequitur,
2692 1454 2793 1496 nec
2818 1445 3127 1517 necessitas.
3157 1446 3347 1518 Liquet
3386 1464 3542 1522 ergo,
3569 1455 3827 1523 quoniam

2242 1525 2346 1582 duo
2376 1530 2520 1586 modi
2545 1542 2669 1589 sunt
2695 1535 3023 1603 possibilium
3044 1582 3059 1607 ,
3085 1556 3248 1597 unum
3279 1545 3419 1613 quod
3445 1546 3554 1616 jam
3584 1548 3828 1619 sequitur

2242 1624 2614 1680 necessitatem
2634 1665 2650 1693 ,
2672 1626 2901 1684 alterum
2931 1634 3071 1701 quod
3100 1648 3207 1690 non
3230 1638 3469 1708 sequitur
3491 1640 3607 1709 ipsa
3639 1657 3828 1701 neces-

2240 1715 2390 1771 sitas.
2425 1716 2555 1773 Nam
2578 1734 2699 1776 cum
2724 1720 2866 1787 dico,
2895 1739 3115 1784 necesse
3145 1737 3225 1784 est
3257 1738 3312 1785 ut
3336 1747 3478 1788 nunc
3496 1735 3575 1790 sol
3608 1751 3828 1793 movea-

562 1810 1042 1867 iminutabilitatem
1083 1810 1421 1880 speculamur
1461 1818 1710 1867 eventum
1733 1856 1747 1879 ,
1789 1811 1883 1867 sed
1930 1822 2133 1868 tantum
2163 1810 2212 1874 Β
2242 1818 2325 1865 tur
2344 1853 2357 1874 ,
2388 1810 2489 1867 hoc
2525 1814 2685 1870 etiam
2726 1817 2979 1887 possibile
3007 1832 3089 1876 est
3119 1836 3239 1879 cum
3265 1824 3416 1892 dico,
3446 1828 3704 1897 possibile
3744 1819 3829 1888 es't

561 1902 877 1972 respicimus
904 1910 1158 1971 quantum
1189 1901 1546 1972 contingentis
1571 1900 1866 1973 propositio
1919 1902 2136 1973 pollice-

558 2002 665 2049 tur.
703 1992 857 2062 Quod
904 1993 1047 2050 enim
1088 2007 1245 2063 posse
1286 2008 1408 2049 esse
1445 1993 1525 2049 vel
1560 1994 1871 2065 contingere
1908 1995 2134 2064 dicitur,

556 2086 790 2142 nondum
827 2086 1041 2157 quidem
1087 2097 1200 2153 est,
1244 2086 1339 2143 sed
1386 2101 1506 2143 esse
1556 2088 1921 2157 poterit;sive
1959 2099 2134 2146 autem

556 2180 785 2245 eveniat,
817 2179 931 2236 sive
959 2194 1065 2236 non
1109 2179 1345 2249 eveniat,
1388 2181 1511 2250 quia
1553 2192 1727 2237 tamen
1772 2196 1892 2238 esse
1931 2192 2134 2253 potest,

555 2272 871 2343 contingens
893 2281 949 2328 et
974 2271 1243 2343 possibilis
1263 2273 1461 2329 dicitur
1486 2275 1778 2344 propositio
1808 2291 1820 2328 :
1856 2290 1960 2330 non
1991 2276 2133 2332 enim

556 2380 621 2423 ex
643 2377 838 2423 eventu
858 2366 1219 2437 dijudicantur
1242 2367 1637 2438 propositiones
1655 2408 1671 2435 ,
1700 2368 1795 2425 sed
1844 2372 2021 2439 potius
2067 2386 2135 2427 ex

554 2459 974 2533 signiﬁcatione,
1002 2459 1103 2516 hoc
1132 2459 1318 2516 modo.
1369 2460 1427 2517 Si
1466 2460 1587 2533 quis
1618 2461 1761 2517 enim
1800 2461 1945 2516 dicat
1979 2477 2136 2531 posse

554 2568 674 2608 esse
703 2566 823 2608 cras
840 2553 1140 2621 circenses,
1166 2552 1440 2622 possibilis
1478 2561 1562 2608 est
1597 2555 2021 2626 contingensque
2058 2557 2137 2611 al-

556 2647 806 2705 ﬁrmatio.
837 2647 990 2716 Quod
1020 2647 1065 2702 si
1092 2661 1213 2702 cras
1237 2648 1345 2703 sint
1372 2648 1670 2715 circenses,
1714 2662 1821 2703 non
1847 2658 2023 2705 tamen
2054 2659 2137 2707 est

553 2739 753 2811 aliquid
782 2748 904 2794 actu
938 2739 1321 2809 propositionis
1346 2740 1708 2811 eontingentis
1747 2741 1835 2797 vel
1867 2741 2136 2812 possibilis

553 2839 932 2901 permutatum,
978 2840 1037 2886 ut
1075 2845 1300 2888 necesse
1343 2830 1506 2887 luisse
1550 2830 1825 2900 videatur,
1866 2835 2006 2903 quod
2044 2833 2135 2888 illa

553 2926 876 2995 possibiliter
926 2924 1291 2995 promittebat.
1341 2924 1492 2991 Quod
1545 2925 1591 2979 si
1638 2940 1824 2981 rursus
1878 2942 1985 2982 non
2027 2928 2165 2983 sint'

553 3023 843 3085 circenses,
867 3018 1087 3074 omnino
1112 3032 1213 3074 nec
1239 3018 1318 3073 sic
1342 3018 1542 3088 aliquid
1566 3029 1927 3089 permutatum
1950 3031 2053 3089 est,
2079 3031 2138 3078 ut

554 3124 775 3167 necesse
806 3109 970 3164 fuisse
991 3124 1096 3164 non
1120 3123 1242 3165 esse
1268 3109 1538 3165 circenses
1558 3110 1823 3167 videatur.
1849 3111 1965 3168 Non
1991 3114 2131 3169 enim

2241 1918 2384 1959 nunc
2412 1920 2499 1961 me
2547 1922 2762 1964 sumere
2808 1910 3080 1982 codicem,
3121 1930 3224 1972 non
3265 1933 3483 1976 necesse
3522 1932 3625 1977 est.
3659 1922 3831 1982 Recte

2239 1995 2398 2064 igitur
2425 1997 2495 2052 ab
2519 1998 2806 2058 Aristotele
2828 2004 2986 2072 paulo
3007 2015 3128 2077 post
3154 2008 3479 2069 dubitabitur
3503 2029 3570 2070 an
3602 2016 3677 2072 sit
3696 2017 3828 2073 illud

2241 2090 2491 2158 possibile
2514 2093 2660 2163 quod
2690 2097 2996 2155 necessitati
3022 2104 3326 2161 conveniat.
3354 2105 3460 2163 Sed
3485 2123 3608 2164 cum
3637 2110 3707 2166 ad
3729 2126 3828 2167 ea-

2242 2182 2365 2239 dem
2392 2184 2506 2241 loca
2538 2188 2873 2259 venerimus,
2905 2194 3032 2264 quid
3058 2194 3160 2253 sibi
3188 2197 3288 2254 ista
3315 2201 3650 2270 possibilium
3675 2205 3830 2261 simia

2239 2272 2408 2330 litudo
2431 2276 2578 2344 velit,
2604 2279 2695 2336 vel
2717 2283 3162 2351 quemadmodum
3184 2289 3414 2347 discerni
3440 2296 3631 2364 possit,
3661 2309 3826 2367 agno-

2240 2380 2470 2424 scemus.
2499 2369 2652 2427 Nunc
2676 2382 2856 2441 autem
2882 2378 3130 2446 quoniam
3157 2381 3596 2443 alﬁrmativarum
3632 2406 3827 2460 propo-

2239 2457 2496 2514 sitionum
2547 2466 2958 2535 consequentias
3010 2470 3400 2545 explicuimus,
3460 2457 3827 2550 negati—varum

2238 2564 2425 2605 rursus
2468 2559 2880 2626 consequentias
2921 2562 3286 2632 exploremus.
3338 2569 3542 2627 Harum
3593 2589 3828 2645 namque

2237 2653 2467 2713 quatuor
2493 2651 2913 2718 propositionum
2941 2669 3060 2724 qua:
3085 2658 3217 2714 ﬁunt
3244 2675 3309 2716 ex
3336 2676 3477 2728 esse,
3506 2679 3572 2720 ex
3602 2682 3828 2724 necesse

2237 2749 2394 2804 esse,
2429 2755 2496 2794 ex
2540 2743 2780 2811 possibili
2817 2750 2963 2812 esse,
2994 2757 3048 2804 et
3079 2753 3390 2825 contingere
3423 2771 3565 2828 esse,
3595 2766 3829 2831 quatuor

2239 2829 2552 2898 negationes
2594 2842 2747 2900 sunt,
2796 2850 2902 2892 non
2937 2853 3089 2909 esse,
3120 2858 3225 2898 non
3263 2860 3485 2905 necesse
3530 2829 3680 2919 esse,
3714 2868 3828 2909 non

2239 2923 2493 2991 possibile
2519 2940 2662 2992 esse,
2692 2942 2800 2984 non
2825 2933 3142 3004 contingens
3169 2951 3311 2995 esse.
3343 2939 3450 2996 Sed
3478 2943 3830 3012 quemadmo-

2237 3014 2365 3069 dum
2392 3015 2778 3077 al‘ﬁrmation’es
2805 3026 3116 3097 contingere
3141 3043 3265 3086 esse
3301 3040 3358 3089 et
3401 3034 3658 3103 possibile
3701 3052 3829 3096 esse

2238 3107 2441 3163 eaedem
2490 3122 2644 3168 erant
2682 3116 2975 3173 secundum
3020 3119 3469 3191 signiﬁcationum
3518 3129 3827 3188 similitudi-

553 3204 643 3271 (ut
667 3201 867 3257 dictum
887 3202 1003 3272 est)
1034 3202 1327 3258 secundum
1372 3212 1623 3260 eventum
1664 3206 1763 3261 ista
1789 3206 2129 3279 judicantur,
2160 3199 2208 3264 C
2236 3216 2381 3295 illi"),
2404 3202 2477 3258 ίι³
2502 3220 2713 3278 quoque
2740 3213 3049 3281 ηθϐθιίοηθε
3072 3217 3277 3275 “idem
3304 3232 3456 3289 sum;
3482 3238 3656 3295 ηαιιιθ
3676 3230 3827 3285 enim

556 3291 650 3347 sed
682 3291 973 3346 secundum
988 3291 1372 3362 propositionis
1389 3294 1563 3363 potius
1590 3295 1754 3366 ipsius
1785 3300 2130 3368 promissum.
2153 3366 2165 3382 ν

554 3382 704 3450 Quod
724 3383 864 3439 enim
893 3382 1043 3453 dicit,
1065 3383 1301 3457 quisquis
1325 3384 1523 3441 dixerit
1546 3400 1667 3442 cras
1690 3402 1848 3458 posse
1886 3406 2008 3447 esse
2037 3393 2133 3447 cir-

553 3488 763 3543 censes,
788 3472 889 3530 lioc
914 3474 1003 3545 (ut
1024 3474 1244 3546 opinor)
1270 3476 1383 3531 sive
1404 3477 1531 3545 sint,
1559 3479 1672 3534 sive
1698 3494 1804 3535 non
1834 3480 1963 3550 sint,
1987 3486 2131 3541 nulla

520 3548 525 3553 ’
553 3579 731 3626 tamen
761 3570 1106 3626 interclusum
1128 3578 1214 3627 est
1227 3572 1569 3641 necessitate,
1587 3588 1655 3629 ne
1676 3589 1784 3630 non
1804 3576 1930 3633 sint.
1955 3578 2131 3647 Quare

550 3672 778 3731 quatuor
819 3662 1098 3717 modorum
1146 3660 1253 3717 duo
1296 3662 1510 3732 quidem
1553 3663 1697 3720 idem
1738 3677 1901 3734 sunt,
1937 3668 1991 3723 id
2021 3680 2120 3738 est,

550 3759 861 3828 contingens
880 3766 1040 3828 atque
1070 3758 1347 3829 possibile,
1374 3760 1427 3816 bi
1454 3760 1561 3817 duo
1581 3772 1758 3819 autem
1780 3780 1900 3822 cum
1922 3769 2129 3827 duobus

551 3850 789 3921 reliquis,
818 3859 978 3920 atque
1008 3850 1107 3920 ipsi
1137 3850 1325 3921 reliqui
1356 3867 1385 3907 a
1416 3868 1475 3909 se
1500 3854 1841 3914 dissentiunt.
1870 3860 2129 3919 Possibile

551 3940 691 3997 enim
738 3949 793 3996 et
831 3942 1147 4012 contingens
1187 3942 1349 3999 distat
1392 3945 1460 4000 ab
1504 3961 1567 4003 ea
1611 3953 1975 4019 propositione
2008 3960 2129 4027 quae

551 4032 681 4089 dicit
706 4031 903 4104 aliquid
942 4033 1247 4101 essethaec
1284 4036 1429 4092 enim
1472 4042 1765 4098 secundum
1816 4047 2131 4116 possibilita-

552 4135 659 4181 tem
689 4125 852 4181 t‘uturi
878 4126 1130 4197 temporis
1150 4126 1560 4188 al‘ﬁrmationem
1593 4138 1861 4207 proponit,
1893 4140 1979 4195 illa
2000 4156 2127 4198 vero

551 4218 839 4275 secundum
861 4220 1140 4291 praesentis
1164 4229 1362 4278 actum.
1387 4223 1639 4297 Utraeque
1665 4244 1812 4296 vero,
1842 4242 1898 4289 et
1921 4250 1983 4291 ea
2008 4250 2129 4306 qua:
2154 4270 2161 4287 ι.

549 4319 756 4378 csse,et
770 4326 830 4367 ea
851 4326 969 4381 quae
984 4312 1234 4382 possibile
1255 4329 1376 4373 esse
1397 4316 1483 4374 vel
1501 4320 1811 4393 contingere
1831 4323 2127 4396 signiﬁcata

552 4403 850 4458 necessaria
864 4404 1227 4474 propositione
1238 4406 1513 4476 disiuncta
1523 4423 1667 4480 sunt;
1684 4418 1973 4475 necessitas
1983 4422 2124 4476 enim

551 4514 658 4554 non
683 4499 841 4556 modo
860 4499 1038 4557 inesse
1056 4501 1169 4557 vult
1187 4502 1409 4573 aliquid,
1423 4506 1520 4563 sed
1540 4507 1703 4564 etiam
1723 4510 2128 4573 immutabiliter

551 4593 746 4662 inesse,
777 4605 834 4650 ut
863 4596 993 4653 illud
1022 4598 1164 4669 quod
1190 4589 1312 4655 ease
1338 4599 1536 4657 dicitur
1568 4618 1838 4675 nunquam
1864 4622 1985 4665 esse
2017 4626 2122 4668 non
2152 4589 2205 4652 Ῑ)

549 4686 736 4752 possit.
768 4686 1030 4755 Quocirca
1071 4693 1471 4762 consequentiae
1508 4710 1723 4767 quoque
1760 4700 1963 4758 ordinis
2014 4706 2125 4761 evi-

545 4774 736 4835 denter
758 4789 1035 4851 apparent.
1058 4781 1213 4850 Quod
1240 4788 1384 4841 enim
1409 4795 1492 4843 est
1513 4792 1895 4861 necessarium,
1921 4796 2037 4853 sine
2056 4814 2123 4856 eo

543 4872 685 4943 quod
714 4882 800 4929 est
826 4889 967 4942 esse,
996 4875 1081 4931 vel
1108 4876 1424 4948 contingere
1450 4895 1589 4950 esse,
1615 4884 1696 4939 vel
1722 4887 1975 4956 possibile
2002 4905 2122 4949 esse

550 4981 656 5022 non
688 4966 902 5022 dicitur.
950 4968 1217 5038 Quidquid
1248 4972 1390 5026 enim
1421 4979 1784 5035 necessarium
1819 4992 1929 5048 est,
1958 4994 2012 5041 et
2039 4998 2121 5043 est

542 5068 737 5115 etesse
762 5066 968 5127 potest;
992 5060 1077 5113 vel
1106 5061 1151 5114 si
1187 5075 1309 5119 esse
1336 5079 1440 5120 non
1473 5080 1671 5139 posset,
1698 5088 1806 5131 non
1836 5089 1981 5135 esset
2006 5095 2120 5138 om-

546 5148 693 5202 nino.
725 5146 877 5211 Quod
905 5146 951 5202 si
977 5163 1084 5204 non
1113 5161 1275 5219 esset,
1310 5171 1409 5213 nec
1439 5174 1658 5218 necesse
1685 5179 1807 5223 esse
1830 5169 2115 5229 diceretur.

545 5236 722 5301 Quare
742 5249 902 5294 omne
931 5243 1287 5301 necessarium
1315 5255 1371 5303 et
1397 5263 1517 5306 esse
1541 5252 1757 5325 dicitur,
1785 5269 1839 5315 et
1869 5264 2119 5331 possibile

543 5337 657 5396 est,
688 5330 783 5386 sed
812 5346 917 5388 non
945 5348 1097 5410 mque
1124 5351 1282 5395 omne
1316 5342 1458 5411 quod
1491 5355 1575 5402 est
1609 5330 1969 5410 necessarium
1996 5366 2114 5426 est;

546 5432 769 5491 possunt
796 5425 937 5481 enim
967 5428 1210 5497 quaedam
1233 5445 1372 5500 esse,
1396 5450 1514 5505 qua:
1535 5447 1594 5493 ut
1619 5440 1747 5510 sint,
1770 5460 1874 5501 non
1899 5462 2119 5507 necesse

543 5508 713 5572 estut
740 5517 1015 5575 Socratem
1044 5520 1345 5593 ambulare,
1382 5527 1464 5583 vel
1494 5540 1685 5587 caetera
1726 5508 1845 5604 qua:
1870 5538 1938 5594 de
1966 5553 2121 5613 sepa-

544 5608 801 5665 rabilibus
844 5620 1127 5669 sumuntur
1171 5614 1566 5686 accidentibus,
1618 5637 1721 5679 nec
1763 5641 1949 5685 rursus
1977 5608 2120 5701 quod

543 5701 802 5771 contingit
845 5717 969 5759 esse
1011 5705 1093 5761 vel
1137 5714 1259 5764 esse
1301 5709 1552 5781 possibile
1594 5723 1706 5782 est,
1730 5733 1850 5773 mox
1875 5734 1995 5779 esse
2018 5740 2117 5782 ne-

542 5814 692 5855 cesse
719 5808 821 5856 est.
844 5800 1020 5870 Quare
1043 5819 1262 5865 necesse
1286 5823 1406 5868 esse
1428 5811 1646 5881 quidem
1675 5829 1969 5888 sequuntur
1998 5818 2120 5889 esse

2237 3292 2503 3365 discrepat
2532 3298 2823 3371 quidquam
2850 3304 3031 3363 dicere
3058 3324 3164 3365 non
3196 3312 3451 3381 possibile
3482 3292 3579 3372 est’
3591 3333 3757 3389 quam
3778 3320 3828 3377 si

2234 3386 2479 3443 enuntiet
2522 3403 2629 3445 non
2675 3396 2956 3468 contingit.
2994 3399 3411 3474 Consequentia:
3445 3386 3625 3466 autem
3661 3425 3720 3468 se
3768 3412 3826 3469 in

2218 3476 2565 3552 afﬁrmativis
2594 3481 2859 3543 habebant
2887 3489 2990 3545 hoc
3016 3494 3213 3563 modo,
3242 3506 3301 3552 ut
3328 3503 3663 3559 necessarias
3695 3519 3826 3575 pro-

2192 3573 2532 3649 positiones
2554 3590 2907 3648 sequerentur
2930 3583 3059 3643 esse
3092 3588 3289 3661 aliquid
3330 3573 3709 3665 signiﬁcantes
3742 3609 3826 3655 at-

2232 3674 2337 3730 que
2363 3664 2667 3758 possibiles.
2696 3668 2804 3728 Eas
2822 3682 2999 3731 autem
3022 3692 3143 3748 quae
3172 3695 3294 3739 esse
3315 3664 3513 3756 aliquid
3539 3688 3822 3758 dicerent,

2232 3752 2433 3808 eaedem
2466 3757 2748 3825 possibiles
2777 3778 3163 3841 sequerentur,
3205 3774 3300 3831 sed
3341 3752 3513 3847 neque
3543 3752 3824 3851 possibili;

2231 3841 2330 3898 bus
2348 3884 2362 3908 ,
2395 3860 2514 3902 esse
2541 3849 2744 3921 aliquid
2773 3856 3132 3926 signiﬁcantes
3150 3904 3167 3931 ,
3195 3879 3297 3921 nec
3326 3841 3645 3928 necessaria:
3688 3889 3825 3930 con-

2232 3934 2556 3993 sentiebant.
2585 3940 2642 3994 ln
2672 3946 2932 4015 negativis
2960 3966 3091 4008 vero
3118 3964 3304 4013 contra
3331 3968 3452 4017 est:
3475 3967 3819 4035 negationem

2230 4022 2371 4079 enim
2422 4030 2789 4097 possibilitatis
2835 4040 3101 4111 sequitur,
3148 4055 3205 4101 et
3246 4049 3363 4118 ejus
3405 4067 3524 4123 qua
3546 4022 3647 4113 Vest
3695 4074 3822 4115 esse

2228 4115 2429 4187 aliquid
2465 4122 2813 4220 signiﬁcantis
2848 4136 3061 4203 negatio
3102 4146 3156 4193 et
3185 4115 3528 4201 necessaria.
3563 4147 3821 4220 Negotio-

2231 4222 2351 4263 nem
2378 4225 2504 4268 vero
2530 4218 2822 4277 necessarii
2846 4236 3020 4293 neque
3046 4225 3163 4297 ejus
3185 4231 3324 4299 quod
3354 4244 3439 4291 est
3467 4251 3609 4307 esse,
3641 4218 3821 4312 neque

2230 4300 2345 4370 ejus
2372 4304 2515 4374 quod
2537 4316 2620 4363 est
2646 4311 2899 4378 possibile
2920 4328 3063 4385 esse,
3092 4321 3304 4390 negatio
3330 4300 3606 4396 sequitur:
3626 4300 3821 4404 Dispo-

2230 4407 2425 4455 nantur
2452 4402 2594 4458 enim
2626 4404 2679 4459 in
2709 4406 2957 4464 ordinem
2984 4424 3172 4470 omnes
3204 4416 3305 4472 hoc
3327 4419 3489 4477 modo
3518 4440 3531 4476 :

2444 4504 2701 4591 fossibile
2727 4524 2867 4568 esse.
3049 4516 3165 4591 Non
3194 4525 3450 4591 possibile
3476 4544 3618 4588 esse.

2441 4576 2767 4670 gentingens
2794 4598 2934 4643 esse.
3047 4588 3162 4670 [gon
3190 4576 3667 4670 adiiiigéné'és'ée.

2451 4645 2604 4726 esse.
2640 4645 2663 4650 '
3050 4645 3165 4718 Non

2449 4715 2679 4777 Necesse
2706 4738 2848 4783 esse.
3044 4715 3165 4789 Non
3190 4715 3412 4798 necesse
3431 4757 3571 4802 esse.

2303 4814 2667 4887 Repetendum
2726 4826 2890 4897 igitur
2944 4832 3308 4897 breviter-est
3370 4844 3814 4911 afﬁrmativarum

2229 4916 2640 5003 consequentias
2657 4958 2675 4987 ,
2706 4930 2764 4976 ut
2801 4927 3247 4992 quemadmodum
3274 4950 3305 4991 e
3331 4951 3596 4998 converso
3619 4944 3726 5001 sint
3754 4948 3815 5005 in

2228 4996 2493 5073 neg‘ativis
2523 5008 2826 5070 evidentius
2869 5020 3101 5085 pateﬁat.
3145 5024 3277 5083 Esse
3308 5033 3550 5101 sequitur
3579 5037 3819 5107 possibiw

2230 5091 2353 5149 litas
2384 5104 2439 5150 et
2478 5103 2862 5173 contingentia.
2896 5106 3312 5176 Possibilitatem
3358 5091 3487 5181 vero
3513 5091 3815 5188 etfcontin-

2229 5187 2463 5255 gentiam
2483 5203 2607 5248 esse
2622 5209 2725 5250 non
2750 5199 3011 5268 sequitur.
3032 5198 3264 5265 Necesse
3284 5225 3413 5269 vero
3432 5230 3553 5273 esse
3564 5222 3815 5291 sequitur

2228 5286 2442 5350 etesse,
2476 5291 2532 5339 et
2560 5288 2885 5355 possibilitas
2907 5302 2961 5348 et
2979 5296 3360 5373 contingentia,
3394 5286 3811 5376 possibilitatem

2226 5380 2404 5429 autem
2445 5384 2499 5431 et
2525 5380 2941 5451 contingentiam
2985 5402 3084 5446 nec
3127 5406 3246 5450 esse
3282 5397 3528 5471 sequitur
3571 5417 3669 5460 nec
3711 5419 3811 5459 ne-

2227 5464 2474 5521 cessitas.
2507 5466 2563 5523 In
2595 5472 2966 5541 negationibus
2991 5494 3122 5536 vero
3161 5498 3194 5539 e
3240 5464 3510 5544 contrario
3536 5500 3652 5559 est,
3698 5509 3811 5551 non

2226 5570 2387 5633 posse
2414 5572 2535 5617 esse
2559 5571 2615 5618 et
2639 5578 2749 5620 non
2774 5570 3083 5642 contingere
3105 5589 3226 5632 esse
3254 5580 3496 5649 sequitur
3525 5598 3630 5639 non
3660 5599 3806 5651 esse,

2226 5649 2483 5721 quidquid
2527 5656 2669 5711 enim
2703 5674 2804 5715 non
2836 5672 3012 5732 potest
3040 5683 3182 5738 esse,
3228 5686 3331 5727 non
3378 5686 3501 5741 est;
3547 5693 3653 5733 non
3683 5694 3810 5735 esse

2227 5754 2405 5800 autem
2438 5762 2543 5802 non
2574 5763 2730 5820 posse
2764 5768 2884 5812 esse
2915 5773 3020 5813 non
3049 5764 3309 5833 sequitur,
3354 5770 3493 5837 quod
3519 5771 3663 5826 enim
3695 5786 3809 5828 non

2226 5845 2327 5900 cst.
2357 5853 2462 5896 non
2492 5844 2711 5901 omnino
2736 5847 3081 5909 interclusum
3115 5864 3198 5913 est
3236 5864 3291 5912 ut
3321 5872 3440 5918 esse
3474 5876 3577 5919 non
3612 5862 3806 5932 possit.
