4090 6342
28 5777 54 5850 ι

297 297 405 354 585
1012 291 1076 345 ΙΝ
1115 291 1368 348 LIBRUM
1412 290 1496 344 DE
1541 285 2188 348 IN'I‘EItPRETA'I‘IONE
2229 288 2454 349 EDI'I'IO
2494 295 2828 352 SECUNDA.
3468 291 3574 354 586

298 414 452 470 Nunc
482 410 626 467 enim
657 423 756 478 ego
795 405 1011 476 Trajani
1041 407 1211 460 lorum
1262 422 1364 460 non
1398 406 1578 473 video,
1629 407 1721 460 sed
1772 424 1880 461 non
1912 412 1962 468 Α
1987 423 2126 476 esse,
2160 412 2300 480 quod
2329 421 2416 466 est
2444 414 2799 469 necessitatis.
2825 413 2929 470 Alii
2958 428 3088 484 ergo
3123 414 3342 473 ordines
3370 430 3573 487 propo-

301 515 382 563 εει
411 519 635 560 necesse
667 512 722 557 ut
746 517 849 556 non
877 500 1118 583 videam,
1154 498 1267 554 ﬁeri
1292 503 1433 555 enim
1465 511 1638 569 potest
1670 512 1723 554 ιιι
1754 515 1908 570 ρτο-,

303 601 418 671 pius
443 599 738 661 accedens,
768 595 1002 650 videam.
1057 592 1262 648 Rursus
1308 609 1413 648 non
1458 608 1614 661 posse
1660 607 1798 658 esse,
1834 602 1888 647 et

298 707 406 745 non
437 689 759 757 contingens
786 702 928 751 esse,
955 701 1054 740 nec
1080 701 1185 739 non
1214 700 1354 752 esse,
1388 685 1630 754 sequitur
1655 699 1753 739 nec
1779 699 1884 740 non

297 799 520 842 necesse
562 799 704 838 esse.
748 781 900 849 Quod
943 779 1086 834 enim
1121 795 1224 832 non
1264 789 1367 842 est,
1397 793 1500 832 non
1534 778 1730 832 videbit
1762 793 1887 833 vere

195 903 210 910 ~
294 877 425 941 diei,
459 875 711 947 quoniam
739 873 868 927 illttd
895 887 1016 927 esse
1046 887 1153 926 non
1200 879 1404 940 potest,
1432 869 1526 924 sed
1556 869 1730 937 potius
1756 885 1886 938 quo-

294 975 443 1027 niam
475 978 654 1040 potest
681 984 788 1024 non
827 983 947 1023 esse
976 968 1058 1021 vel
1089 980 1230 1032 esse,
1255 964 1396 1034 quod
1423 974 1504 1018 est
1527 979 1632 1017 non
1665 977 1885 1017 necesse

295 1079 439 1120 esse.
473 1062 625 1129 Quod
656 1062 800 1116 enim
828 1075 931 1114 non
960 1073 1084 1114 esse
1111 1067 1310 1127 potest,
1337 1070 1441 1110 non
1472 1055 1740 1110 videbitur
1760 1071 1885 1109 vere

294 1157 426 1220 dici,
457 1155 708 1225 quoniam
740 1151 870 1206 illud
901 1167 1006 1204 non
1037 1163 1256 1204 necesse
1284 1160 1362 1202 cst
1385 1163 1526 1214 esse,
1557 1147 1648 1202 sed
1683 1147 1881 1216 potius,

294 1247 553 1319 quoniam
584 1226 966 1300 illud‘necesse
1009 1251 1092 1296 est
1139 1256 1244 1295 non
1292 1254 1436 1304 esse,
1471 1239 1522 1293 id
1552 1249 1654 1303 est,
1686 1238 1882 1291 nullam

293 1339 583 1395 essentiam
635 1338 853 1394 habere.
903 1333 1251 1404 Negationem
1291 1341 1469 1387 autem
1517 1328 1880 1391 necessitatis,

296 1434 349 1488 id
387 1442 471 1489 est
517 1448 621 1486 non
669 1444 886 1485 necesse
931 1440 1072 1494 esse,
1105 1441 1277 1496 neque
1324 1441 1430 1480 non
1467 1439 1588 1480 esse
1616 1423 1878 1492 sequitur,

295 1542 472 1598 neque
495 1541 597 1580 non
629 1523 882 1594 possibile
908 1535 1047 1576 esse.
1088 1519 1169 1574 Ille
1195 1518 1337 1574 enim
1370 1519 1496 1573 dum
1520 1517 1738 1570 ambulo
1769 1529 1873 1567 non

293 1634 518 1676 necesse
562 1627 643 1674 est
690 1603 987 1682 ambulare,
1037 1629 1212 1681 neque
1259 1611 1402 1666 enirn
1448 1619 1524 1664 ex'
1558 1608 1880 1664 neceSsitate

292 1713 575 1782 quisquam
600 1708 857 1772 ambulat,
891 1722 988 1761 nec
1011 1720 1195 1760 rursus
1218 1701 1359 1773 quod
1388 1717 1494 1755 non
1517 1709 1600 1755 35‘
1631 1715 1876 1763 necesse,

1979 503 2245 558 sitionum
2294 515 2440 572 sunt,
2481 507 2556 562 vis
2608 515 2780 562 tamen
2823 509 3042 574 eadem,
3087 518 3145 565 ut
3197 513 3572 567 necessitatem

1989 603 2178 648 cuncta
2205 608 2518 666 sequantur,
2547 598 2952 666 possibilitatem
2985 615 3111 656 vero
3140 603 3435 656 necessitas
3463 616 3574 656 non

1989 700 2261 754 sequatur.
2316 688 2410 742 llic
2461 689 2632 743 oritur
2673 691 2893 758 qutzestio
2946 692 3313 758 subdifﬁcilis,
3361 709 3483 748 nam
3530 696 3575 749 si

1990 782 2360 834 necessitatem
2377 781 2618 848 sequitur
2639 781 2980 848 possibilitas,
3010 800 3114 838 non
3154 800 3375 840 necesse
3396 794 3575 840 autem
3603 809 3609 815 -

1989 873 2327 940 possibilitati
2359 876 2570 928 contine
2598 881 2700 939 est,
2737 888 2833 928 cur
2858 890 3079 930 necesse
3101 891 3220 932 esse
3250 891 3352 931 non
3382 892 3574 948 sequa-

1987 973 2075 1017 tur
2093 964 2143 1018 id
2166 965 2306 1033 qttod
2336 965 2559 1020 dicimus
2581 981 2684 1021 non
2709 983 2928 1024 necesse
2945 971 3096 1025 esse?
3124 986 3244 1024 nam
3277 971 3321 1025 si
3346 970 3575 1040 possibi-
3615 952 3624 977 ³

1989 1055 2108 1109 Iitas
2139 1058 2382 1125 sequitur
2409 1060 2814 1127 necessitatem,
2847 1076 2950 1114 non
2986 1077 3206 1117 necesse
3241 1074 3418 1117 autem
3449 1077 3572 1119 esse
3627 1049 3630 1052 Δ

1986 1147 2227 1217 sequitur
2273 1150 2697 1216 possibilitatem.
2744 1152 2904 1222 Sequi
2959 1151 3120 1208 debet
3169 1155 3566 1221 necessitatem,

1987 1256 2114 1308 ergo
2143 1241 2193 1294 id
2221 1243 2360 1310 quod
2391 1257 2495 1297 non
2527 1260 2752 1300 necesse
2781 1255 2864 1300 est
2892 1246 3264 1315 praedicamus.
3298 1248 3426 1313 Quae
3466 1247 3570 1301 hoc

1988 1334 2145 1387 modo
2174 1333 2499 1402 dissolvitur,
2526 1353 2628 1392 non
2665 1339 2920 1406 possibile
2951 1355 3090 1406 esse,
3119 1356 3417 1410 quanquam
3457 1340 3564 1394 vim

1987 1425 2177 1484 habeat
2209 1432 2560 1497 necessitatis,
2587 1431 2764 1486 differt
2793 1443 2968 1487 tamen
2991 1449 3020 1487 a
3049 1436 3390 1498 necessitate,
3420 1433 3564 1503 quod

1989 1523 2074 1576 illa
2092 1523 2460 1581 affirmativam
2482 1526 2640 1583 habet
2665 1529 2918 1596 speciem,
2948 1528 3075 1582 illud
3095 1543 3220 1583 vero
3241 1528 3563 1597 uegativam,

1985 1615 2062 1668 sic
2090 1617 2249 1670 etiam
2274 1619 2526 1687 possibile
2549 1635 2668 1674 esse
2689 1628 2745 1674 et
2770 1634 2873 1674 non
2907 1636 3125 1676 necesse
3148 1637 3267 1676 esse
3289 1623 3563 1685 differunt,

1986 1719 2052 1759 eo
2084 1716 2285 1762 tantum
2328 1710 2471 1779 quod
2529 1712 2658 1765 illttd
2708 1722 2790 1766 est
2837 1713 3210 1766 afﬁrmativum
3238 1755 3252 1780 ,
3287 1713 3410 1768 illud
3439 1729 3566 1769 vero

294 1805 352 1859 id
383 1817 487 1857 non
519 1811 697 1872 potest
727 1801 865 1865 ﬁeri,
917 1800 1155 1868 quisquis
1184 1797 1326 1851 enim
1358 1795 1596 1848 ambulat
1627 1808 1730 1848 non
1769 1795 1884 1862 qtti-
1914 1792 1966 1854 B
1993 1799 2316 1869 uegotivum,
2360 1813 2478 1856 cum
2509 1804 2589 1856 vis
2627 1804 2810 1858 eadem
2859 1804 3267 1874 significationis
3319 1809 3407 1861 sit.
3457 1807 3563 1863 Sed

292 1898 420 1951 dem
450 1894 724 1949 ambulare
768 1892 862 1966 illi
901 1904 1119 1945 necesse
1150 1899 1250 1953 est,
1284 1888 1378 1942 sed
1429 1895 1631 1941 tantum
1683 1895 1876 1954 potest.

290 1999 468 2060 Atque
507 1987 628 2041 ideo
672 1985 814 2055 quod
847 1998 953 2039 non
978 1993 1060 2037 est
1099 1996 1320 2037 necesse
1345 1995 1488 2047 esse,
1526 1996 1630 2033 tton
1660 1977 1882 2032 omnino

293 2082 648 2138 interclusum
681 2090 764 2135 est
795 2090 849 2132 ut
893 2093 1015 2134 esse
1055 2091 1159 2132 non
1193 2077 1377 2146 possit.
1416 2074 1481 2128 Et
1521 2074 1588 2128 de
1616 2089 1720 2127 non
1747 2087 1881 2128 con-

293 2175 517 2246 tingenti
545 2173 732 2229 eadem
759 2172 894 2227 ratio
921 2180 1024 2237 est,
1050 2171 1266 2225 diverso
1291 2183 1420 2238 ergo
1452 2166 1611 2222 modo
1642 2181 1800 2237 quam
1828 2166 1880 2219 in

291 2267 745 2322 afﬁrmationibtts
795 2265 1041 2334 negativa
1085 2262 1367 2318 conversio
1417 2272 1520 2315 est.
1579 2259 1694 2313 Illic
1738 2258 1880 2312 enim

293 2363 682 2417 necessitatem
729 2369 783 2414 et
810 2359 1043 2414 essentia
1067 2369 1120 2413 et
1171 2356 1494 2427 possibilitas
1519 2353 1880 2424 sequebatur;

291 2454 589 2510 essentiam
615 2460 794 2507 autem
828 2449 1158 2520 possibilitas
1179 2491 1192 2515 ,
1224 2449 1316 2502 sed
1351 2461 1526 2515 neque
1557 2445 1882 2514 possibilita-

295 2523 406 2602 tem
451 2546 686 2602 essentia
737 2545 820 2598 vel
868 2541 1191 2607 necessitas,
1245 2555 1343 2595 nec
1373 2553 1558 2593 rursus
1589 2536 1883 2592 necessitas

293 2641 590 2698 essentiam
614 2637 959 2706 sequebatur.
989 2638 1082 2690 llic
1115 2647 1291 2690 autem
1327 2651 1430 2689 non
1455 2649 1594 2696 esse,
1631 2649 1734 2686 non
1760 2647 1884 2701 pos-

293 2734 453 2789 sibile
488 2747 633 2799 esse,
675 2740 730 2785 et
777 2744 1000 2785 necesse
1048 2743 1153 2782 non
1212 2741 1334 2781 esse
1384 2723 1749 2792 consequitur.
1777 2721 1881 2776 Sed

293 2810 472 2896 eque
515 2839 624 2879 non
675 2837 897 2878 necesse
928 2837 1068 2888 esse,
1102 2836 1210 2876 non
1250 2835 1368 2875 esse
1395 2815 1658 2890 sequitur,
1709 2833 1883 2887 neque

295 2929 555 2990 utrasque
586 2916 954 2989 possibilitatis
999 2915 1211 2983 negatio
1235 2954 1251 2978 ,
1299 2929 1418 2982 quae
1449 2927 1551 2968 non
1577 2926 1733 2981 posse
1763 2925 1882 2966 esse

294 3013 500 3083 aliquid
531 3011 795 3082 proponit.
819 3011 909 3063 An
935 3009 1104 3079 magis
1137 3009 1264 3062 illud
1290 3007 1571 3061 dicendum
1602 3015 1702 3069 est,
1741 3003 1882 3075 quod

293 3107 440 3160 sicut
479 3119 538 3159 se
567 3104 620 3157 in
667 3102 1112 3157 aflirmationibus
1143 3100 1324 3164 habet,
1369 3102 1434 3153 ita
1465 3113 1676 3169 quoque
1706 3098 1757 3152 in
1788 3111 1883 3152 ne-

1984 1893 2357 1948 necessitatem
2389 1893 2674 1950 afﬁrmatio
2707 1897 3077 1966 possibilitatis
3115 1911 3167 1953 et
3209 1899 3567 1970 contingentis

1954 2031 1957 2033 _
1983 1985 2326 2052 sequebatur,
2352 2003 2653 2057 quanquam
2681 1990 2824 2042 enim
2865 1991 3267 2059 ρι)›ςί1ιί1ἱιιιιριιι
3303 1992 3561 2062 imitetur,

1984 2075 2136 2144 eique
2165 2078 2462 2132 consentiat
2494 2079 2546 2132 id
2574 2080 2715 2148 quod
2747 2080 2977 2135 dicimus
3006 2098 3108 2136 non
3139 2099 3362 2139 nect'sse
3408 2099 3527 2138 esse
3551 2125 3565 2149 ,

1987 2175 2160 2237 tamen
2195 2170 2406 2237 negatio
2435 2173 2694 2239 quaedam'
2719 2182 2819 2226 cst.
2855 2173 3014 2228 Recte
3055 2175 3214 2244 igitur
3253 2177 3566 2230 alﬁrmatio-

1985 2273 2105 2312 nem
2139 2275 2256 2328 qttae
2278 2273 2358 2315 est
2392 2278 2613 2319 necesse
2642 2280 2782 2334 esse,
2815 2282 2918 2322 non
2950 2271 3196 2338 sequitur
3228 2273 3437 2341 negatio
3463 2289 3560 2342 per

1985 2365 2142 2419 quam
2173 2351 2374 2422 aliquid
2406 2371 2510 2408 non
2541 2369 2759 2412 necesse
2782 2373 2900 2414 esse
2934 2362 3303 2430 proponimus.
3339 2355 3562 2424 Ethanc

1985 2444 2197 2512 quidem
2247 2446 2404 2514 hujus
2445 2448 2764 2503 solutionem
2817 2453 3126 2520 quaestionis
3166 2453 3569 2525 Theophrastus

1985 2533 2069 2587 vir
2103 2535 2438 2592 doctissimus
2476 2540 2692 2608 reperit.
2740 2543 2844 2595 Nos
2874 2553 3049 2598 autem
3085 2545 3166 2599 Itis
3196 2546 3568 2605 determinatis

1985 2627 2051 2681 ad
2068 2632 2340 2698 sequentia
2363 2633 2737 2700 procedamus’.
2765 2637 2900 2690 Sunt
2927 2637 3092 2703 enitn,
3127 2649 3183 2692 ut
3213 2641 3324 2708 ipse
3353 2641 3476 2695 Aris
3501 2657 3564 2696 o-

1987 2721 2118 2776 teles
2141 2723 2234 2788 ait,
2263 2725 2313 2777 in
2341 2725 2422 2779 bis
2453 2729 2632 2780 multa:
2656 2727 3036 2796 dubitationes,
3069 2733 3160 2784 sed
3199 2733 3359 2786 totius
3392 2728 3568 2790 textus

1987 2814 2356 2883 plenissimum
2389 2833 2607 2873 sensum
2643 2821 2813 2888 primo
2846 2836 3104 2890 ponamus
3128 2865 3141 2887 ,
3179 2826 3267 2893 qui
3293 2835 3346 2880 et
3377 2829 3420 2880 si
3451 2827 3568 2880 Iou-

1985 2918 2084 2972 gus
2113 2914 2216 2970 est,
2250 2917 2427 2962 tamen
2457 2924 2524 2962 ne
2551 2909 2798 2964 intercisa
2843 2911 3084 2966 videatur
3123 2928 3244 2968 esse
3273 2917 3564 2984 sententia,

1989 3011 2093 3051 non
2125 2998 2389 3066 gravabor
2416 3016 2704 3070 apponere.

2063 3092 2202 3146 Nam
2240 3096 2284 3148 si
2311 3112 2486 3149 eorum
2525 3114 2636 3165 quia
2679 3102 3082 3170 complectuntur
3111 3103 3215 3158 ilhc
3237 3105 3332 3158 sibi
3357 3106 3571 3161 invicem

295 3196 626 3269 "tionibus,
679 3205 734 3249 ut
781 3193 1186 3260 Theophrastus
1225 3193 1533 3247 acutissime
1567 3191 1881 3260 perspexit?
1907 3166 1958 3234 Ο
1990 3185 2236 3253 apposin
2280 3195 2398 3240 sunt
2441 3189 2862 3245 contradictiones
2887 3233 2900 3255 ,
2933 3209 3244 3263 quwcunque
3294 3198 3570 3251 secundum

222 3329 228 3334 -
301 3289 428 3344 Fuit
455 3288 597 3342 enim
628 3285 1008 3355 consequentia
1042 3285 1095 3338 in
1133 3284 1481 3348 allirtnativis,
1509 3294 1565 3338 ut
1597 3287 1890 3339 necessita-

299 3391 404 3438 tem
434 3391 490 3437 et
519 3395 640 3435 esse
668 3385 1090 3448 consequeretur
1135 3386 1188 3431 et
1221 3377 1572 3446 possibilitas,
1619 3378 1889 3445 possibili-

300 3486 464 3531 tatem
489 3486 618 3530 vero
653 3488 752 3528 nec
779 3487 902 3527 esse
931 3480 1246 3542 sequeretur
1275 3487 1372 3525 nec
1397 3471 1710 3524 necessitas.
1744 3469 1889 3525 Idem

299 3568 516 3641 quoque
553 3569 764 3638 penitus
796 3559 1242 3637 perspicientibus
1289 3566 1339 3619 in
1388 3564 1760 3632 negationibns
1804 3579 1890 3632 ap-

301 3663 532 3732 parebit,
546 3661 768 3721 veniens
788 3675 1014 3729 namque
1028 3658 1238 3728 negatio
1255 3657 1307 3711 in
1327 3657 1651 3720 necessario,
1672 3657 1893 3712 faciens-

300 3770 407 3825 que
441 3753 747 3823 huiusmodi
789 3753 1129 3821 negationem
1159 3766 1277 3820 qua:
1308 3749 1473 3815 dicit,
1524 3765 1630 3803 non
1670 3764 1889 3804 necesse

300 3854 384 3900 est
409 3860 532 3900 esse
557 3885 572 3910 ,
607 3846 712 3898 vim
745 3833 1079 3901 necessitatis
1115 3841 1354 3913 infringit
1377 3850 1432 3896 et
1459 3850 1622 3895 totam
1655 3841 1893 3909 proposi-

303 3939 505 3993 tionem
536 3940 602 3992 ad
643 3939 896 4008 possibile
935 3937 1106 4002 ducit,
1155 3936 1298 4007 quod
1347 3937 1625 4008 enimnon
1673 3950 1892 3992 necesse

301 4039 389 4084 est
419 4043 563 4093 esse,
600 4029 764 4084 fracto
802 4030 978 4100 rigore
1022 4029 1356 4084 necessitatis
1384 4029 1449 4082 ad
1483 4027 1888 4097 possibilitatem

303 4121 628 4192 perductum
658 4134 756 4186 est,
789 4123 882 4176 sed
925 4121 1333 4192 possibilitatem
1369 4136 1466 4175 nec
1487 4137 1606 4175 esse
1631 4122 1895 4191 sequeba-

304 4223 393 4268 tur
419 4228 521 4269 nec
552 4218 856 4268 neaessitas.
891 4214 1056 4270 Recte
1097 4229 1224 4284 ergo
1255 4213 1476 4268 fractam
1506 4213 1887 4268 necessitatem

303 4315 357 4359 et
385 4304 454 4358 ad
486 4304 742 4374 possibile
790 4304 1120 4374 perductam,
1172 4321 1294 4360 cum
1349 4307 1560 4376 negatio
1610 4305 1740 4360 dicit
1785 4322 1892 4361 non

306 4413 531 4454 necesse
557 4413 696 4464 esse,
731 4415 828 4453 nec
859 4413 964 4454 non
993 4414 1132 4462 esse,
1176 4415 1274 4454 nec
1300 4415 1403 4453 non
1432 4399 1744 4470 contingere
1767 4413 1892 4454 e~se

305 4491 675 4560 consequitur.
725 4490 928 4546 Rursus
983 4492 1071 4561 qui
1132 4491 1260 4544 dicit
1315 4490 1572 4558 possibile
1599 4506 1741 4558 esse,
1773 4491 1816 4545 si
1845 4494 1892 4546 ei

1991 3291 2097 3328 esse
2126 3285 2173 3329 et
2202 3292 2300 3329 non
2329 3294 2432 3332 esse
2460 3279 2824 3346 disponuntur,
2860 3291 2916 3335 ut
2939 3285 3051 3354 ejus
3091 3301 3205 3353 qua:
3229 3296 3322 3354 est,
3353 3304 3458 3342 esse
3488 3289 3572 3342 ho-

1990 3368 2177 3420 minem
2216 3372 2413 3440 negatio
2459 3382 2551 3438 est,
2605 3389 2703 3425 non
2752 3389 2858 3427 esse
2887 3377 3172 3444 hominem,
3206 3393 3307 3430 non
3333 3393 3443 3432 esse
3471 3396 3573 3434 non

1994 3461 2266 3514 hominem.
2304 3461 2371 3515 Et
2400 3464 2508 3532 ejus
2553 3479 2668 3532 qua:
2712 3474 2802 3526 est,
2851 3481 2959 3519 esse
2985 3466 3153 3519 album
3183 3467 3459 3533 hominem,
3493 3485 3574 3522 ne-

1992 3555 2130 3623 gotio
2155 3565 2228 3608 est
2259 3571 2318 3607 ea
2345 3571 2456 3625 qua:
2476 3567 2570 3621 est,
2595 3573 2693 3610 non
2723 3574 2830 3611 esse
2847 3557 3017 3610 album
3039 3560 3307 3622 hominem,
3337 3560 3426 3612 sed
3448 3577 3570 3627 non,

1991 3664 2102 3701 esse
2133 3664 2232 3701 non
2271 3649 2441 3701 album
2492 3651 2766 3703 hominem.
2817 3650 2876 3705 Si
2923 3652 3055 3704 enim
3102 3653 3164 3705 de
3205 3653 3439 3706 omnibus
3487 3663 3575 3704 aut

1993 3740 2148 3792 dictio
2177 3750 2267 3806 est,
2316 3743 2654 3814 autnegatio,
2687 3743 2878 3813 lignum
2910 3745 3002 3798 erit
3052 3761 3224 3798 rerum
3253 3745 3439 3810 dicere,
3472 3762 3577 3800 esse

1994 3847 2096 3884 non
2126 3831 2297 3886 album
2343 3834 2622 3889 hominem.
2659 3836 2808 3899 Quod
2849 3841 2894 3891 si
2922 3844 3028 3892 [nec
3053 3839 3148 3891 hoc
3175 3841 3328 3892 modo
3353 3879 3367 3904 ,
3393 3845 3439 3890 cf
3463 3841 3576 3909 qni-

1997 3926 2282 3997 buscunque
2321 3944 2427 3982 esse
2472 3945 2572 3982 non
2613 3929 2842 3996 additur,
2883 3931 3015 3983 idem
3050 3933 3200 4000 faciet
3228 3930 3283 3984 id
3312 3931 3446 4000 quod
3486 3945 3578 4000 pro

1995 4036 2100 4074 esse
2131 4022 2332 4085 dicitur,
2366 4033 2419 4074 ut
2449 4023 2558 4094 ejus
2587 4038 2700 4090 quw
2726 4035 2821 4085 est,
2868 4024 3093 4076 ambulat
3140 4023 3290 4075 homo
3315 4066 3331 4091 ,
3377 4023 3578 4092 negatio

1996 4119 2088 4174 est,
2119 4128 2220 4165 non
2267 4129 2326 4165 ea
2356 4128 2466 4182 qua:
2510 4121 2603 4177 est,
2654 4116 2878 4167 ambulat
2925 4131 3024 4167 non
3054 4114 3224 4177 homo,
3267 4114 3354 4169 sed
3377 4132 3436 4168 ea
3465 4131 3579 4184 qua:

1997 4214 2090 4269 est,
2125 4220 2224 4256 non
2257 4204 2485 4257 ambulat
2516 4207 2699 4270 homo,
2750 4206 2876 4260 nihil
2913 4207 3047 4258 enim
3087 4205 3259 4273 di/fert
3288 4207 3454 4260 dicere
3483 4207 3580 4259 ho-

1997 4299 2184 4352 minem
2209 4297 2488 4363 ambulare,
2516 4301 2590 4353 vel
2618 4299 2871 4353 hominem
2900 4301 3238 4355 nntbulantem
3271 4320 3395 4358 ess).
3575 4303 3578 4306 ⁴

2070 4391 2194 4446 ΙΙςιξε
2223 4392 2512 4448 Aristotele
2541 4394 2808 4448 subtiliter
2837 4395 3181 4456 disentiente,
3212 4395 3338 4450 illud
3368 4404 3582 4464 oportet

2001 4499 2326 4553 agnoscere,
2359 4485 2498 4555 quod
2533 4487 2761 4539 multum
2793 4486 2971 4540 differt
2999 4486 3170 4556 ipsius
3213 4487 3581 4555 possibilitatis

305 4557 596 4647 disiunctio
624 4578 924 4648 negationis
959 4557 1214 4642 addatur,
1247 4557 1383 4632 tollit
1427 4577 1678 4647 possibile
1703 4557 1798 4646 ,et
1827 4577 1893 4632 ad
1925 4557 1982 4619 D
2007 4580 2110 4631 vim
2145 4591 2492 4647 naturamque
2521 4576 2782 4639 diffinire,
2814 4578 2896 4632 vel
2927 4579 3156 4647 propria:
3183 4579 3422 4634 scientia:
3451 4595 3583 4649 qua-

305 4669 648 4724 necessitatis
671 4670 1079 4740 perpetuitatem
1109 4669 1356 4738 negativa
1394 4669 1562 4724 forma
1590 4677 1752 4724 totam
1783 4686 1896 4737 pro-

306 4763 632 4833 positionem
657 4771 896 4828 revocat,
933 4771 990 4816 ut
1020 4771 1102 4817 est
1131 4777 1237 4817 non
1272 4761 1560 4832 possibile,
1588 4762 1728 4832 quod
1753 4763 1894 4818 enim

305 4863 388 4909 est
412 4853 705 4924 possibile,
735 4870 841 4908 non
877 4863 961 4909 est
989 4853 1182 4920 adhuc,
1215 4855 1430 4923 quando
1468 4853 1686 4920 dicitur,
1717 4853 1812 4907 scd
1844 4856 1896 4908 in

308 4945 507 5014 futuro,
532 4947 610 5000 sic
633 4945 846 5014 quidem
871 4945 1082 5016 negatio
1104 4947 1317 5001 illiusin
1343 4947 1716 5002 necessitatem
1741 4960 1896 5000 versa

306 5038 376 5093 de
404 5053 470 5094 eo
501 5039 645 5108 quod
676 5049 758 5094 est
789 5048 996 5094 mutare
1027 5055 1133 5094 non
1166 5040 1382 5110 poterit,
1428 5038 1570 5107 quod
1617 5039 1760 5092 enim
1792 5056 1895 5092 non

307 5130 566 5200 possibile
590 5141 832 5199 estesse,
867 5131 978 5186 ﬁeri
1009 5147 1113 5186 non
1156 5140 1331 5202 potest
1359 5139 1414 5184 ut
1441 5131 1530 5195 sit,
1555 5129 1698 5199 quod
1721 5139 1896 5186 autem

305 5219 427 5276 ﬁeri
459 5235 566 5275 non
600 5231 777 5291 potest
806 5231 863 5276 ut
892 5227 995 5288 sit,
1035 5236 1256 5277 necesse
1295 5229 1380 5276 est
1409 5229 1466 5276 ut
1491 5237 1595 5275 non
1633 5221 1721 5276 sit.
1758 5220 1900 5291 Ergo

304 5313 677 5369 necessariam
730 5315 1016 5384 quamdam
1059 5317 1166 5368 vim
1236 5313 1396 5368 habet
1439 5313 1554 5367 hate
1608 5315 1902 5382 propositio

304 5406 360 5460 itt
403 5421 508 5477 qua
551 5407 802 5473 dicimus,
846 5423 948 5462 non
1003 5423 1162 5477 posse
1203 5421 1323 5461 esse
1375 5405 1594 5476 aliquid,
1660 5408 1753 5460 sed
1806 5424 1900 5461 nev

305 5503 622 5554 cessitatem
687 5503 1006 5570 sequebatur
1061 5509 1116 5554 et
1162 5499 1395 5554 essentia
1451 5507 1506 5553 et
1559 5500 1902 5567 possibilitas.

304 5594 427 5646 Non
479 5607 704 5647 necesse
747 5604 924 5647 autem
964 5608 1084 5647 esse
1127 5593 1190 5647 ad
1235 5591 1639 5661 possibilitatem
1666 5594 1904 5662 respicit.

309 5685 483 5740 ltccte
517 5700 645 5757 ergo
679 5701 783 5739 non
813 5701 1037 5740 necesse
1067 5699 1185 5739 esse
1207 5728 1220 5748 ,
1249 5684 1394 5752 quod
1420 5694 1504 5740 est
1535 5690 1694 5741 etiam
1728 5689 1902 5758 possi-

310 5779 564 5847 bilitatis,
596 5781 834 5846 sequitur
858 5780 1272 5849 propositionem
1299 5794 1417 5847 quae
1453 5776 1584 5834 dicit
1613 5795 1718 5837 non
1751 5796 1909 5853 posse

491 5871 494 5875 ’
561 5875 835 5935 Parion.
868 5873 1087 5946 LXIV.
1140 5953 1203 5967 μ’
1565 5885 1570 5890 “

2005 4672 2152 4728 litate
2177 4671 2492 4728 concludere
2510 4713 2524 4735 ,
2548 4681 2603 4725 et
2633 4671 2937 4741 possibilem
2967 4672 3387 4728 enuntiationem
3410 4673 3584 4741 qualis

2005 4779 2125 4819 esse
2168 4764 2360 4817 debeat
2398 4761 2655 4832 judicare.
2701 4762 2940 4832 Namque
2973 4763 3243 4832 possibili;
3277 4764 3583 4835 cognitione

2007 4855 2132 4909 illud
2181 4854 2353 4906 solum
2407 4853 2744 4922 perspicitur,
2795 4869 2861 4907 an
2910 4854 2960 4906 id
3011 4855 3156 4924 quod
3207 4853 3420 4917 dicitur,
3468 4852 3581 4907 ﬁeri

1973 4943 2176 5018 'possit
2223 4947 2368 5000 nullo
2413 4947 2750 5001 extrinsecus
2798 4945 3120 5015 impediente
3165 4961 3420 5009 causam,
3447 4944 3584 5012 quod

2007 5039 2218 5094 etiamsi
2269 5039 2504 5104 accidat,
2557 5038 2686 5094 nihil
2720 5041 2785 5093 de
2815 5051 2953 5094 statu
2987 5038 3181 5109 prioris
3219 5035 3588 5108 possibilitatis

2009 5142 2369 5202 permutatur,
2423 5149 2608 5187 verum
2662 5135 2825 5204 ipsius
2883 5134 3151 5203 possibilis
3203 5131 3589 5188 enuntittionis

2008 5225 2320 5293 dijudi‘catio
2367 5226 2652 5294 plurimum
2696 5225 2903 5288 differt,
2934 5225 3075 5296 quod
3120 5241 3238 5279 mox
3283 5223 3477 5294 poterit
3518 5238 3588 5277 ex

2011 5316 2121 5384 ipsa
2145 5318 2210 5372 de
2234 5317 2571 5386 possibilibus
2595 5318 3051 5372 enuntiationibus
3079 5315 3332 5385 disputati
3357 5330 3439 5369 uie
3467 5331 3579 5384 cog.

2013 5408 2180 5463 nosci.
2212 5409 2340 5462 Nam
2367 5409 2504 5462 sicut
2533 5423 2636 5461 non
2664 5420 2744 5464 est
2777 5409 2914 5462 idem
2945 5408 3175 5462 hominis
3209 5405 3587 5463 difﬁaitionetn

2013 5499 2338 5570 restiondere
2369 5501 2749 5571 quaerentibus,
2790 5510 2843 5554 et
2884 5501 3050 5568 ipsam
3077 5497 3452 5552 difﬁnitionem
3487 5498 3590 5552 alio

2012 5595 2243 5649 termino
2281 5595 2615 5649 difﬁnitionis
2651 5595 2951 5658 includere,
2983 5594 3052 5647 ita
3095 5609 3200 5646 non
3234 5593 3372 5646 ident
3413 5601 3494 5646 est
3523 5592 3592 5646 de

2016 5686 2248 5757 possibili
2277 5688 2644 5742 enuntiatione
2666 5697 2718 5742 et
2741 5686 2864 5756 quid
2895 5687 3063 5755 ipsum
3096 5686 3346 5755 [IOSalbilc
3376 5695 3458 5739 est
3485 5697 3564 5738 tra

2013 5801 2176 5850 ctare.
2223 5789 2371 5848 Unde
2418 5791 2474 5846 ﬁt
2514 5801 2568 5847 ut
2609 5806 2728 5848 cum
2776 5787 3026 5859 possibile
3070 5798 3229 5856 atque
3272 5785 3590 5858 contingens

3085 5879 3156 5940 19
