4060 6330
534 307 636 367 587

1764 299 2570 368 AN.MANL.SEV.BOETH

3713 308 3817 370 δέὲὲ

535 431 678 486 idem
709 448 759 485 m
791 431 1285 500 Significationibus,
1316 430 1385 485 sit
1413 429 1684 485 diversum
1716 445 1836 485 esse
1860 433 1914 484 in
1941 445 2109 484 enun-
2143 431 2196 490 Α
2221 442 2325 482 non
2356 441 2456 484 εει.
2489 431 2564 484 Ita
2590 445 2802 502 quoque
2829 431 2880 486 in
2909 430 2994 487 bis
3032 447 3151 504 quae
3189 432 3403 490 modum
3444 435 3816 494 subsistentia

537 524 844 579 tiationibus
874 524 1132 578 videatur.
1168 524 1339 593 Supra
1379 540 1606 595 namque
1636 524 1915 580 docuimus
1947 522 2118 593 possi-

533 624 794 681 bilitatem
849 635 903 680 et
953 626 1364 697 contingentium
1417 627 1657 697 ejusdem
1711 626 2117 698 signiﬁcationis

533 732 682 784 esse,
715 728 767 772 ut
795 718 932 787 quod
962 718 1294 787 contingeret
1323 720 1436 773 lieri
1460 763 1475 787 ,
1503 719 1640 772 idem
1673 723 1814 774 eSset
1843 718 2116 788 possibile,

533 818 588 865 et
625 809 766 879 quod
815 810 1069 879 possibile
1110 820 1276 876 esset,
1319 809 1455 864 idem
1502 825 1712 880 quoque
1759 813 2115 879 contingeret.

532 900 634 956 Sed
669 901 935 970 possibilis
988 895 1286 956 enuntiatio
1330 917 1435 956 non
1471 912 1554 956 est
1594 903 1782 956 eadem
1831 918 1950 970 qua:
1991 917 2122 957 con-

533 996 778 1065 tingens,
807 1010 984 1065 neque
1021 997 1163 1050 enim
1209 994 1252 1049 si
1297 997 1414 1064 quis
1453 994 1762 1064 poSsibilem
1808 995 2120 1049 allirinatio-

531 1105 655 1145 nem
689 1098 980 1160 proponat,
1017 1089 1167 1159 eique
1194 1099 1426 1158 Opponat
1456 1091 1853 1156 contingentem
1883 1089 2120 1160 negatio-

534 1199 690 1250 nem,
723 1193 922 1238 rcctam
969 1183 1126 1238 faciet
1163 1183 1666 1238 contradictionem.
1712 1182 1766 1237 Si
1814 1184 1934 1251 quis
1975 1182 2120 1236 enim

532 1278 707 1343 dicat,
731 1278 1000 1347 quodlibet
1029 1277 1156 1331 illud
1181 1293 1299 1331 esse
1323 1276 1574 1347 posszbile
1593 1319 1606 1342 ,
1634 1274 1771 1328 alius
1799 1274 2121 1343 reSpondcat

533 1383 734 1438 negans
768 1386 878 1424 rem
907 1370 1048 1424 iilam
1080 1373 1408 1440 contingere,
1442 1370 1566 1434 licet
1594 1380 1846 1436 quantum
1880 1368 1934 1422 in
1966 1368 2125 1437 signi-

533 1462 783 1518 ﬁcatione
812 1474 890 1518 est
923 1463 1153 1532 priorem
1202 1463 1604 1533 possibilitatem
1653 1463 1972 1529 abstulerit,
2017 1478 2124 1517 non

535 1563 712 1612 tamen
754 1557 977 1611 dicenda
1019 1566 1102 1613 est
1147 1558 1519 1622 contradictio,
1553 1557 1740 1626 inqua
1773 1557 1862 1610 alii
1908 1556 2122 1610 termini

537 1650 590 1704 in
623 1651 922 1720 negatione,
954 1650 1042 1704 alii
1068 1651 1117 1703 in
1145 1649 1501 1705 afﬁrmatione
1531 1651 1788 1704 cnuntiati
1823 1660 1963 1703 sunt.
1997 1650 2126 1702 l’os-

535 1743 706 1798 sibilis
752 1743 892 1798 cnim
926 1743 1206 1799 allirtnatio
1247 1743 1312 1797 de
1359 1735 1706 1813 possibilitate
1747 1746 2083 1812 Heg-tionem
2108 1782 2123 1806 ,

2224 519 2432 586 dicunt,
2480 521 2545 575 ad
2589 538 2708 576 cum
2757 523 2970 578 modum
3013 527 3257 595 ponenda
3295 537 3381 583 est
3423 531 3678 600 negatio,
3727 533 3815 602 qui

2225 613 2289 667 ad
2319 614 2461 667 illam
2493 614 2894 672 subsistendum
2922 619 3129 674 videtur
3157 621 3428 690 adjectus,
3459 632 3520 678 ut
3554 638 3680 679 cum
3731 624 3817 679 di-

2223 703 2426 770 cimus,
2457 705 2707 763 Socrates
2737 709 2878 765 bene
2918 709 3170 779 loquitur,
3199 713 3387 769 modus
3416 713 3585 784 ipsius
3625 716 3706 771 rei
3737 725 3820 771 est

2224 800 2276 856 id
2307 800 2448 870 quod
2482 802 2838 871 praedicamus
2869 804 3027 860 bene.
3058 805 3136 860 Ad
3170 805 3314 862 hunc
3352 822 3484 877 ergo
3512 808 3732 864 modum
3765 820 3818 864 et

2225 892 2530 961 qualitatem
2580 895 2823 963 ponenda
2869 903 2952 950 est
2981 897 3211 967 negatio.
3243 897 3434 954 Plures
3471 911 3654 955 autem
3689 916 3817 972 pro-

2226 984 2518 1053 positiones
2544 987 2628 1040 vel
2654 986 3025 1057 contingentes
3053 1002 3144 1043 eas
3171 1003 3292 1045 esse
3319 989 3551 1046 dicimus
3569 1031 3586 1056 ,
3615 991 3670 1045 in
3701 993 3818 1061 qui-

2226 1079 2326 1134 bus
2357 1081 2470 1150 ipse
2500 1081 2690 1136 modus
2723 1091 3073 1146 monstratur,
3119 1093 3172 1137 et
3212 1098 3318 1137 non
3365 1087 3544 1152 potius
3583 1099 3709 1140 esse
3753 1086 3821 1140 de

2228 1172 2387 1226 modo
2427 1173 2646 1242 dicitur,
2689 1173 2784 1228 sed
2813 1175 3006 1228 modus
3033 1173 3100 1229 de
3129 1189 3195 1230 eo
3223 1174 3363 1244 quod
3393 1187 3482 1231 est
3505 1190 3649 1232 esse.
3682 1176 3820 1232 Cum

2227 1264 2366 1319 enim
2412 1265 2665 1326 dicimus,
2705 1267 2957 1335 possibile
2998 1277 3080 1322 est
3125 1281 3247 1323 esse
3275 1269 3523 1338 quidem,
3555 1270 3820 1340 quidda

2227 1357 2489 1423 dicimus,
2519 1359 2970 1429 quemadmodum
3015 1370 3193 1416 autem
3235 1361 3307 1414 sit
3333 1363 3577 1416 additum
3623 1373 3741 1427 est,
3771 1361 3823 1417 id

2229 1461 2312 1506 est
2345 1453 2632 1520 p05sibile,
2668 1464 2724 1508 ut
2755 1470 2860 1507 non
2895 1454 3254 1508 necessarium
3283 1469 3457 1524 neque
3487 1455 3600 1508 alio
3641 1455 3822 1524 aliquo

2229 1543 2408 1609 modo,
2443 1543 2543 1598 nisi
2575 1554 2776 1598 tantum
2809 1545 3101 1600 secundum
3135 1549 3454 1616 potestatem
3491 1547 3734 1613 dicatur,
3765 1547 3825 1600 tit

2229 1651 2359 1705 ergo
2390 1652 2511 1691 esse
2542 1638 2839 1704 subjectum
2867 1679 2882 1704 ,
2915 1637 3256 1708 prtedicatum
3287 1654 3418 1694 vero
3458 1638 3658 1694 modus
3679 1681 3694 1707 ,
3737 1638 3825 1694 vel

2231 1730 2566 1798 Contingens,
2603 1729 2680 1783 vel
2710 1730 2981 1798 possibile,
3014 1731 3099 1786 vel
3129 1733 3519 1797 necessarium,
3551 1732 3640 1786 vel
3669 1731 3825 1801 quili-

536 1851 642 1890 non
675 1835 741 1891 de
768 1836 1127 1906 contingentia
1158 1837 1354 1890 habere
1388 1837 1626 1891 debebit.
1658 1836 1800 1891 ldem
1829 1851 2042 1906 quoque
2067 1836 2119 1889 in
2151 1835 2201 1897 Β
2232 1820 2318 1877 δίει
2345 1823 2500 1875 διὶυε·
2526 1828 2699 1892 Allue
2730 1823 2812 1878 hi3
2843 1825 3058 1894 (ιιιίάθηι
3097 1827 3488 1896 Ιπόβοεδίιίυιιθ³
3523 1827 3826 1882 secundum

536 1933 985 2000 contingentibus.
1030 1932 1214 2002 Neque
1253 1933 1397 1988 enim
1437 1933 1482 1987 si
1528 1935 1645 2003 quis
1678 1933 1876 2001 aliquid
1907 1935 2121 1987 contin-

536 2041 660 2096 gere
691 2026 856 2094 dixit,
898 2027 1213 2096 appencnda
1244 2027 1319 2080 illi
1359 2036 1439 2082 est
1472 2027 1842 2096 possibilitatis
1874 2026 2085 2096 negatio
2106 2065 2120 2090 ,

537 2116 660 2172 licet
687 2116 824 2172 idem
850 2117 920 2171 sit
948 2118 1202 2186 possibile
1225 2120 1367 2187 quod
1391 2119 1723 2187 contingens.
1750 2118 1974 2172 Constat
1997 2131 2124 2186 ergo

536 2206 954 2264 diversissimam
988 2225 1110 2264 esse
1138 2210 1394 2264 rationem
1425 2213 1566 2264 modi
1599 2227 1692 2279 per
1717 2227 1775 2265 se
1800 2209 2125 2278 dijudicandi

535 2309 591 2358 et
619 2301 1034 2369 enuntiationis,
1067 2317 1184 2370 qum
1215 2319 1335 2356 cum
1369 2303 1526 2356 modo
1567 2311 1618 2355 ct
1645 2303 1896 2372 qualitate
1926 2301 2121 2369 pra-di-

536 2402 705 2450 catur.
743 2395 895 2450 Unde
927 2395 982 2448 lit
1012 2401 1064 2450 ut
1097 2411 1399 2466 quanquam
1447 2396 1584 2449 idem
1631 2396 1680 2448 in
1714 2395 2122 2462 signiﬁcationi-

537 2485 638 2542 bus
667 2486 989 2557 possibilitas
1018 2498 1072 2544 et
1091 2489 1450 2560 contingentia
1478 2490 1603 2554 sint,
1637 2490 1786 2558 (llLtSl
1819 2489 2024 2541 diversa
2059 2489 2125 2541 ab

537 2579 829 2636 Aristotele
878 2581 932 2635 in
984 2582 1260 2635 modorum
1307 2581 1497 2637 ordine
1551 2590 1934 2649 proponantur.
1991 2581 2124 2634 lllud

535 2683 714 2727 autem
761 2673 1110 2744 ignorantium
1141 2689 1246 2728 non
1297 2682 1413 2740 est,
1445 2673 1585 2744 quod
1620 2673 1814 2727 St-icis
1851 2672 2126 2726 universa-

535 2762 639 2818 lius
671 2765 914 2819 videatur
963 2782 1081 2820 esse
1127 2765 1380 2836 possibile
1420 2781 1449 2818 a
1494 2765 1822 2819 necessario.
1875 2765 2125 2818 Dividunt

535 2858 677 2912 enim
710 2857 1108 2912 enuntiationes
1154 2858 1257 2912 hoc
1301 2863 1479 2913 modo.
1528 2859 2001 2926 Enuntiationtun,
2037 2858 2123 2912 in-

535 2951 758 3021 quiunt,
790 2953 908 3005 alia:
937 2963 1056 3004 sunt
1089 2951 1370 3020 possibiles
1391 2993 1405 3018 ,
1436 2952 1554 3005 alite
1580 2955 1957 3020 impossibiles.
1997 2955 2128 3007 l’os-

537 3044 774 3098 sibilinm
804 3045 921 3098 alia:
949 3054 1069 3097 sunt
1097 3046 1448 3108 necessarite,
1482 3046 1596 3098 alia:
1629 3061 1734 3099 non
1781 3047 2122 3100 necessariae.

537 3137 743 3194 Rursus
773 3155 878 3193 non
910 3139 1329 3193 necessariarum
1360 3141 1478 3193 alito
1507 3142 1811 3208 possibles.
1843 3141 2014 3195 Stuite
2046 3151 2127 3194 at-

2231 1915 2446 1968 modum
2493 1914 2764 1980 dicttntur,
2794 1915 2848 1970 in
2879 1919 3072 1986 quibus
3109 1919 3175 1973 de
3205 1919 3505 1974 substantia
3537 1920 3672 1975 nihil
3711 1935 3828 1974 a-

2230 2008 2444 2078 bigitur.
2479 2009 2550 2064 De
2581 2010 2742 2065 modo
2772 2019 2951 2065 autem
2991 2020 3049 2067 et
3087 2012 3200 2066 sola
3243 2013 3500 2081 qualitate
3539 2022 3827 2070 tractatur.

2228 2103 2323 2158 Sin
2353 2119 2480 2159 vero
2508 2106 2820 2174 subjiciatur
2849 2107 3038 2162 modus
3061 2107 3310 2177 quidem,
3339 2107 3671 2177 praedicetur
3698 2123 3828 2164 vero

2227 2213 2381 2269 esse,
2414 2208 2539 2255 tunc
2567 2202 2635 2255 de
2664 2204 2960 2256 substantia
2993 2203 3071 2256 rei
3102 2205 3360 2272 quaeritur
3390 2219 3499 2259 non
3523 2205 3596 2261 de
3627 2207 3824 2272 modo,

2230 2302 2287 2346 ttt
2331 2294 2374 2348 si
2421 2295 2542 2363 quis
2584 2296 2760 2362 dicat,
2791 2295 3041 2366 possibile
3086 2306 3200 2364 est,
3235 2306 3294 2352 ut
3341 2298 3516 2366 ipsum
3565 2301 3828 2368 possibile

2231 2385 2284 2439 in
2329 2387 2490 2441 rebus
2535 2400 2655 2442 ese
2704 2389 3041 2457 pronuntiet,
3077 2389 3202 2445 huic
3245 2391 3604 2460 propositioni
3649 2393 3828 2446 nullas

2231 2479 2422 2533 modus
2459 2482 2701 2551 adjecms
2750 2495 2852 2538 est.
2903 2482 3034 2538 Cum
3081 2484 3224 2539 enim
3255 2484 3524 2550 dicimus,
3571 2485 3829 2553 possibile

2230 2585 2311 2627 est
2341 2573 2555 2627 modum
2591 2574 2817 2640 habere,
2852 2578 2953 2630 hoc
2982 2577 3052 2630 ita
3083 2591 3179 2646 per
3207 2591 3268 2632 se
3299 2591 3404 2631 non
3433 2575 3701 2645 dicimus,
3731 2579 3830 2634 sed

2232 2667 2549 2734 particulam
2594 2668 2974 2738 propositioois
3012 2669 3245 2724 ablatam
3267 2713 3282 2739 ,
3316 2671 3389 2724 ita
3414 2685 3534 2725 eam
3567 2673 3830 2742 perspicio

2233 2773 2352 2812 nius
2378 2762 2525 2831 quasi
2550 2763 2596 2815 si
2621 2776 2740 2814 cum
2771 2761 3136 2832 propositione
3160 2773 3304 2819 esset
3329 2763 3638 2833 conjuncta,
3663 2779 3830 2835 quam

2231 2853 2275 2908 si
2319 2870 2437 2907 cum
2486 2858 2702 2925 propria
2744 2858 3108 2926 propositione
3146 2859 3444 2928 junximus,
3475 2859 3619 2929 quali
3660 2859 3832 2914 modo

2231 2947 2552 3014 pra-(licetur
2596 2957 2836 3018 apparet.
2884 2950 3020 3004 Cum
3065 2951 3211 3006 enim
3251 2952 3524 3020 dicimus,
3566 2952 3832 3022 possibile

2229 3045 2342 3103 est,
2364 3049 2420 3093 ttt
2442 3039 2660 3095 modum
2683 3041 2971 3111 signiﬁcet,
3005 3045 3264 3112 particula
3294 3045 3685 3114 propositionis
3711 3054 3828 3110 est;

2232 3147 2388 3199 quant
2438 3135 2483 3186 si
2530 3147 2629 3188 suo
2675 3135 2884 3204 corpori
2915 3149 3268 3206 aggregemus
3296 3135 3559 3193 facientes
3590 3138 3829 3208 aliquam

536 3246 639 3302 que
671 3232 969 3300 improvide
999 3232 1138 3286 idem
1172 3233 1425 3301 possibile
1453 3242 1502 3286 et
1531 3249 1698 3301 genus
1728 3250 1835 3288 non
1865 3251 2118 3290 necessa-

2232 3224 2655 3294 propositionem
2675 3268 2688 3292 ,
2718 3225 2844 3295 quid
2877 3228 3068 3283 modus
3101 3230 3189 3285 ille
3219 3229 3564 3301 proﬁteatur,
3581 3231 3830 3302 agnosci-

535 3324 601 3380 ι’ίί
633 3332 688 3380 et
714 3323 947 3396 speciem
975 3326 1383 3380 constituentes.
1415 3327 1570 3380 Novit
1593 3339 1772 3382 autem
1807 3331 2126 3385 Aristoteles

535 3417 588 3472 id
631 3418 885 3486 possibile
910 3418 1050 3489 quod
1079 3433 1188 3473 non
1217 3420 1576 3474 necessariam
1607 3435 1727 3475 este
1770 3431 1968 3491 potest.
2016 3423 2125 3477 Eo-

535 3510 655 3567 dem
686 3527 912 3582 namque
945 3510 1101 3566 ntodi
1133 3529 1237 3568 non
1267 3512 1462 3567 dicitur
1506 3514 1762 3580 possibile
1792 3529 1949 3580 esse,
1983 3516 2126 3584 quod

532 3606 617 3662 vel
641 3621 708 3661 ex
733 3605 957 3661 falsitate
984 3607 1033 3660 itt
1061 3622 1244 3661 verum
1276 3609 1464 3660 transit
1488 3609 1791 3674 aliquando,
1829 3610 1912 3664 vel
1939 3624 2124 3665 rursus

532 3711 597 3752 ex
627 3698 848 3752 veritate
889 3697 942 3752 in
985 3697 1253 3766 falsitate,
1291 3708 1349 3752 ut
1388 3699 1430 3751 si
1471 3701 1593 3767 quis
1627 3700 1768 3754 dicat
1800 3716 1960 3768 nunc,
1991 3718 2125 3771 quo-

536 3789 679 3843 niam
707 3790 822 3842 dies
847 3796 927 3842 cst
947 3830 960 3854 ,
991 3805 1174 3843 verum
1198 3791 1412 3850 dixerit,
1438 3791 1576 3844 idem
1599 3793 1642 3845 si
1672 3792 1770 3847 hoc.
1801 3805 1958 3848 nocte
1988 3810 2124 3863 prdi-

533 3881 698 3948 dicet,
723 3880 914 3936 falsum
933 3890 1036 3944 est,
1059 3884 1237 3937 etbtcc
1255 3887 1446 3939 veritas
1475 3889 1850 3955 propositionis
1868 3889 1918 3940 in
1936 3888 2127 3942 lalsnm

535 3985 619 4030 est
641 3985 958 4047 permutata.
986 3976 1073 4031 Sic
1096 3993 1222 4047 ergo
1247 3980 1488 4047 quadam
1507 3991 1628 4033 sunt
1647 3981 2045 4050 possibilitates,
2070 3991 2126 4036 ut

536 4084 627 4124 eas
647 4086 764 4125 ρεεε
790 4082 842 4126 et
864 4087 969 4126 non
993 4086 1114 4128 esse
1135 4073 1438 4144 contingit,
1470 4091 1589 4144 qua:
1620 4092 1722 4130 non
1750 4077 1940 4131 eodem
1967 4065 2127 4132 titode

536 4163 781 4219 dicuntur
802 4167 1248 4236 quemadmodum
1275 4167 1376 4220 illa:
1398 4185 1515 4237 qutc
1543 4170 1852 4224 mutabilem
1881 4181 2128 4224 naturam

533 4275 642 4314 non
673 4261 890 4326 habent,
915 4271 971 4316 ut
998 4263 1077 4316 lia:
1101 4262 1304 4316 scilicet
1333 4279 1465 4334 quas
1495 4267 1824 4320 necessarias
1857 4265 2125 4336 diximus,

537 4364 592 4406 ut
614 4352 658 4406 si
680 4353 796 4422 quis
816 4352 957 4407 dicat
977 4353 1142 4407 solent
1170 4356 1398 4420 moveri,
1427 4357 1510 4410 vel
1536 4358 1703 4411 solem
1729 4373 1796 4426 po
1830 4359 1983 4410 silile
2004 4372 2127 4412 esse

535 4445 770 4510 moveti,
806 4444 886 4498 hic
909 4461 1176 4516 nunquam
1203 4463 1270 4502 ex
1297 4449 1520 4503 veritate
1551 4450 1602 4502 in
1638 4446 1920 4504 falsiza'lem
1955 4459 2128 4503 muta-

534 4538 749 4592 buntur.
781 4538 888 4592 Sed
917 4555 1055 4594 nunc
1083 4543 1148 4594 de
1173 4541 1477 4596 Aristotelis
1509 4552 1562 4595 et
1591 4545 1890 4598 Stoicorum
1921 4546 2130 4599 dissen-

2235 3335 2391 3388 mus,
2425 3335 2521 3388 age
2558 3320 2700 3376 enim
2733 3320 2782 3374 id
2816 3322 2958 3392 quod
2988 3323 3218 3380 dicimus
3246 3325 3502 3395 possibile
3544 3337 3664 3390 est,
3697 3340 3851 3398 con:

2230 3413 2515 3482 jungatnus
2541 3415 2659 3469 aliis
2687 3417 3144 3485 prredicamentis,
3175 3425 3339 3489 atque
3365 3419 3489 3474 inde
3516 3435 3624 3474 una
3653 3435 3827 3477 enun-

2235 3505 2384 3559 tiaio
2423 3507 2773 3574 cei-iliciatur,
2817 3508 3166 3578 dicamusque
3207 3510 3488 3568 Socratem
3547 3513 3828 3570 ambulare

2233 3603 2489 3672 possibile
2520 3613 2623 3659 est.
2660 3604 2892 3662 Videsne
2923 3608 3140 3662 modum
3164 3608 3217 3662 in
3246 3607 3621 3677 propositione
3655 3608 3830 3678 possi-

2234 3697 2340 3750 bLIe
2364 3740 2377 3764 ,
2413 3707 2464 3751 ut
2494 3699 2653 3752 etiam
2691 3701 2804 3754 sive
2844 3699 3097 3755 Socrates
3125 3701 3397 3766 ambulet,
3430 3702 3546 3756 sive
3573 3715 3689 3755 non
3716 3715 3830 3756 am-

2235 3789 2408 3854 bulet,
2447 3807 2603 3859 posse
2650 3807 2770 3846 cum
2819 3801 2996 3848 tamen
3047 3793 3328 3849 ambulare
3371 3808 3439 3849 ex
3485 3794 3608 3863 ipso
3639 3807 3832 3863 propo-

2237 3884 2446 3937 sitionis
2490 3886 2649 3939 modo
2693 3887 2914 3955 quilibet
2962 3887 3260 3956 agnoscat?
3303 3888 3379 3942 Ita
3424 3887 3588 3958 igitur
3619 3888 3692 3942 de
3723 3897 3832 3942 toto

2236 3981 2538 4034 aufcrcntes
2591 3991 2819 4050 partem,
2853 3981 3167 4051 possibilem
3207 3981 3642 4038 enuntiationem
3682 3981 3831 4050 quasi

2239 4082 2343 4126 tota
2391 4073 2459 4128 sit
2502 4075 2796 4144 propositio
2827 4075 3191 4144 speculamur,
3223 4086 3281 4130 ut
3309 4076 3364 4128 in
3394 4073 3476 4128 his
3501 4073 3830 4128 dictionibus

2238 4166 2349 4218 lieri
2385 4165 2550 4236 solet,
2585 4183 2700 4238 qute
2741 4169 3103 4237 pluralitatem
3145 4168 3542 4235 determinant,
3571 4176 3636 4221 ut
3664 4167 3712 4221 si
3739 4166 3832 4221 du-

2237 4259 2465 4315 bitamus
2508 4273 2692 4316 contra
2725 4264 2935 4329 omnis,
2967 4278 3037 4318 an
3085 4263 3265 4318 nullus
3309 4272 3560 4332 ponatur,
3605 4276 3680 4315 an
3727 4276 3828 4315 non

2235 4355 2408 4410 omnis
2432 4395 2444 4418 ,
2475 4357 2544 4410 ita
2573 4372 2662 4412 cas
2702 4357 3069 4426 speculamur,
3109 4357 3262 4428 quasi
3305 4356 3542 4425 integras
3585 4353 3832 4423 proposi-

2236 4451 2439 4514 tiones,
2494 4465 2626 4519 quas
2678 4449 3152 4504 determinationes
3213 4447 3652 4520 propositionum
3708 4461 3826 4502 esse

2238 4542 2578 4595 intuiti-stunt
2623 4551 2723 4596 est.
2757 4541 3110 4597 Concludenti
3152 4555 3282 4610 ergo
3323 4539 3618 4596 dicendum
3652 4549 3737 4595 est
3781 4541 3829 4593 in

533 4633 682 4689 sioae
706 4635 985 4690 tacendum
1007 4645 1104 4690 est.
1133 4636 1265 4690 lllud
1291 4647 1467 4691 tamen
1492 4638 1664 4690 solum
1690 4640 1981 4694 studiosius
2011 4656 2125 4708 per-
2155 4631 2212 4692 D
2239 4636 2320 4690 liis
2348 4649 2468 4704 quae
2497 4635 2713 4689 modum
2740 4635 3060 4704 praedicant,
3094 4649 3283 4691 omnes
3313 4635 3434 4689 alia:
3461 4650 3551 4690 res
3573 4635 3830 4704 subjectae

534 4726 852 4798 quirentlum
879 4736 992 4794 est,
1024 4744 1129 4798 quo
1159 4729 1276 4784 loco
1308 4730 1378 4783 sit
1410 4731 1650 4797 ponenda
1685 4734 1895 4797 negatio
1944 4734 1994 4786 in
2045 4733 2126 4788 bis

533 4823 1012 4893 propositionibus,
1039 4823 1092 4878 itt
1120 4825 1312 4894 quibus
1344 4827 1532 4880 modus
1561 4826 1751 4895 aliquis
1782 4826 2122 4897 prtcdicatur,

533 4924 624 4970 aut
649 4933 766 4988 qua:
795 4918 1042 4972 dicentur
1073 4933 1192 4974 esse
1224 4919 1504 4988 pos:ibtles
1540 4919 1963 4988 enuntiationes,
1997 4937 2127 4975 con-

535 5011 799 5080 tingentes
853 5021 906 5065 et
953 5013 1302 5078 necessariae,
1351 5022 1405 5067 et
1444 5029 1772 5083 quatcuatpte
1803 5031 1924 5068 cum
1965 5017 2124 5071 modo

531 5107 640 5158 sint
668 5106 1077 5174 propositiones.
1113 5106 1218 5158 Illa:
1248 5105 1511 5160 veraciter
1541 5122 1659 5162 esse
1687 5109 1977 5162 secundum
2013 5124 2124 5162 mo-

532 5207 658 5254 dum
693 5199 831 5254 sicut
857 5199 976 5253 alia:
1015 5200 1307 5254 secundum
1339 5215 1458 5255 es~e
1499 5200 1762 5267 dicentur,
1809 5206 1858 5257 in
1900 5219 2125 5279 quarunt

533 5293 1012 5364 signiﬁcationibus
1051 5294 1128 5347 rei
1167 5293 1232 5347 de
1273 5309 1373 5362 qua
1415 5296 1769 5364 prtcdicantnr
1799 5299 2126 5352 subsistcndi

535 5389 767 5458 qualitas
783 5387 1078 5451 invenitur,
1107 5395 1162 5438 ut
1189 5399 1306 5439 cum
1342 5387 1478 5450 dico,
1509 5388 1758 5444 Socrates
1789 5393 1921 5444 bene
1953 5389 2126 5460 loq'ni-

535 5493 640 5550 tur,
675 5484 865 5542 modus
893 5482 1111 5553 quidam
1139 5491 1220 5535 est
1245 5483 1380 5537 bene
1409 5484 1658 5554 loquendi
1691 5490 1944 5542 Socratis.
1989 5489 2128 5555 Ergo

534 5577 670 5630 sicut
720 5573 772 5630 in
816 5575 905 5630 bls
946 5574 1434 5644 propositiOuibns,
1477 5594 1806 5648 qnarcuuque
1845 5581 2034 5659 etjnsli
2065 5589 2130 5634 'ct

536 5667 680 5722 illius
713 5669 788 5723 rei
835 5667 1234 5723 subsistentiatn
1270 5672 1617 5738 promittunt,
1649 5673 1713 5725 ad
1750 5675 1918 5740 ipsam
1954 5676 2128 5730 subsi-

536 5760 788 5813 stentiatn
831 5759 1043 5829 negatio
1086 5760 1318 5830 penitur,
1354 5770 1412 5816 ut
1437 5781 1555 5816 ctnn
1597 5766 1850 5831 dicimus,
1882 5769 2128 5830 Socrates

544 5861 622 5908 est
637 5893 653 5924 ,
677 5851 743 5908 ad
765 5866 886 5908 esse
905 5861 1118 5925 aptatur
1139 5857 1384 5926 negatio,
1415 5870 1534 5911 cum
1559 5871 1814 5928 negamus
1831 5893 1848 5926 ,
1875 5861 2126 5924 Socrates

2235 4740 2358 4784 sunt
2389 4732 2472 4785 vel
2503 4746 2622 4786 esse
2644 4774 2656 4798 ,
2693 4731 2778 4786 vel
2809 4732 3113 4798 ambulare,
3147 4731 3232 4787 vel
3265 4731 3476 4802 legere,
3504 4731 3590 4785 vel
3631 4731 3831 4793 dicere,

2234 4831 2319 4884 vel
2366 4829 2624 4898 quidquid
2657 4828 2800 4883 aliud
2844 4843 2967 4884 cum
3002 4829 3182 4898 aliquo
3212 4829 3372 4883 modo
3412 4827 3530 4882 ﬁeri
3562 4826 3830 4888 dicentur,

2236 4922 2286 4974 in
2334 4923 2414 4975 bis
2462 4931 2639 4976 autem
2689 4922 2778 4976 ubi
2820 4923 3012 4977 modus
3059 4923 3172 4991 ipse
3220 4921 3523 4991 subjicitur,
3556 4935 3682 4976 esse
3709 4935 3833 4974 vero

2235 5015 2578 5084 praedicatur,
2625 5026 2683 5070 ut
2731 5017 2801 5070 sit
2845 5017 3048 5084 integra
3083 5014 3406 5084 propositio,
3441 5031 3550 5069 non
3592 5025 3682 5070 est
3715 5028 3830 5069 cum

2235 5111 2394 5164 modo
2429 5110 2744 5179 propositio.
2776 5109 2883 5165 Sed
2917 5111 2987 5164 ibi
3018 5118 3224 5164 tantum
3255 5109 3322 5164 de
3354 5109 3660 5164 substantia
3690 5108 3830 5164 modi

2237 5205 2573 5274 preponitur,
2607 5214 2665 5258 ut
2693 5204 2736 5258 si
2785 5203 2905 5274 quis
2948 5202 3088 5257 dicat
3136 5202 3388 5272 possibile
3429 5210 3542 5263 est,
3577 5201 3832 5271 quiddam

2239 5299 2288 5352 in
2322 5299 2480 5352 rebus
2510 5298 2640 5351 dicit
2687 5311 2805 5351 esse
2851 5295 3138 5364 possibile,
3186 5305 3240 5349 et
3282 5309 3472 5349 rursus
3512 5293 3832 5365 contingens

2237 5403 2317 5446 est
2340 5432 2356 5458 ,
2390 5391 2640 5460 quiddam
2673 5390 2724 5444 in
2757 5390 2917 5444 rebus
2947 5389 3077 5444 dicit
3116 5402 3236 5442 esse
3266 5387 3408 5457 quod
3437 5387 3756 5456 contingat,
3782 5395 3834 5440 et

2241 5499 2426 5539 rursus
2469 5495 2690 5538 necesse
2735 5487 2820 5536 est
2863 5495 3013 5550 esse,
3066 5480 3316 5548 quiddam
3376 5477 3506 5532 dicit
3560 5478 3615 5531 in
3673 5477 3831 5531 rebus

2240 5578 2380 5649 quod
2410 5580 2479 5633 sit
2507 5592 2749 5646 necesse,
2785 5575 2869 5631 hic
2900 5592 3003 5632 non
3034 5575 3103 5630 de
3134 5573 3316 5638 modo,
3346 5573 3441 5628 sed
3469 5572 3538 5626 de
3567 5573 3689 5626 solo
3714 5584 3833 5625 esse

2243 5683 2520 5740 tractatur,
2551 5687 2712 5743 quare
2744 5672 2954 5740 quoties
2985 5683 3104 5724 esse
3129 5667 3347 5737 quidem
3376 5665 3686 5735 subjicitur,
3719 5679 3833 5718 mo-

2240 5771 2339 5824 dus
2387 5779 2562 5822 autem
2610 5765 2950 5835 prtcdicatur,
3002 5771 3058 5818 ut
3103 5777 3224 5816 cum
3269 5759 3516 5824 dicimus,
3549 5761 3831 5814 Socratem

2239 5863 2513 5919 ambulare
2543 5859 2799 5930 possibile
2827 5867 2941 5927 est,
2963 5857 3030 5912 ad
3059 5855 3272 5912 modum
3303 5853 3582 5927 iungenda
3617 5850 3835 5926 negatio
