4060 6330
194 335 290 393 589

892 334 958 391 ΙΝ
996 330 1252 392 LIBRUM
1292 332 1380 389 DE
1419 321 2079 388 INTERPRETATIONE
2117 329 2347 389 EDITIO
2383 325 2724 392 SECUNDA.

3357 338 3459 396 590

193 458 288 506 est.
316 448 539 517 Quoties
563 460 694 503 vero
723 445 916 502 modus
946 447 1248 518 subjicitur,
1283 461 1404 502 esse
1427 457 1603 502 autem
1633 459 1773 516 prte-
1799 445 1854 506 Α
1878 457 1982 498 non
2009 453 2323 517 contingere
2343 462 2482 505 esse.
2529 449 2671 505 ldem
2701 465 2912 522 quoque
2938 451 2989 505 in
3011 452 3327 507 necessariis
3359 455 3460 508 im-

196 543 414 610 dicatur,
461 542 527 596 ad
572 555 695 596 esse
737 542 980 610 ponenda
1028 541 1238 610 negatio
1266 549 1370 609 est,
1403 551 1460 596 ut
1483 556 1603 595 cum
1631 539 1766 594 dici-

196 651 341 702 mus,
380 633 633 704 possibile
665 642 778 701 est,
805 634 929 704 quia
963 635 1034 688 ita
1055 634 1282 690 dicimus
1315 645 1567 705 tanquam
1601 635 1644 687 si
1689 632 1772 688 di-

195 741 434 784 ceremus
463 725 790 795 possibilitas
819 735 903 782 est
920 767 942 792 ,.
969 735 1168 782 etcum
1197 727 1424 783 dicimus
1454 728 1769 809 contingens

193 829 291 885 est,
323 822 392 874 ita
422 819 649 874 dicimus
692 828 942 889 tanquam
984 819 1031 874 si
1076 819 1380 876 diceremus
1407 818 1767 890 contingentia

194 923 271 969 est
290 954 306 981 ,
335 911 403 968 ad
429 927 551 968 esse
577 913 818 982 ponenda
847 911 1060 980 negatio
1087 921 1202 977 εει,
1233 911 1625 982 dicendumque
1653 920 1766 978 est,

194 1007 440 1078 possibile
465 1021 569 1063 non
607 1016 718 1072 est,
749 1005 890 1078 quod
921 1005 1062 1062 idem
1091 1007 1236 1061 valet
1264 1015 1515 1077 tanquam
1551 1005 1599 1060 si
1623 987 1776 1060 dice?

194 1110 360 1168 retur,
401 1101 730 1172 possibilitas
775 1117 880 1155 non
922 1109 1022 1156 est.
1054 1100 1254 1156 Eodem
1287 1116 1496 1171 quoque
1525 1100 1686 1156 modo
1715 1107 1770 1155 et

193 1193 256 1249 de
297 1192 682 1264 contingentia.
713 1192 826 1249 Non
873 1203 1050 1248 autem
1097 1192 1336 1263 perfecte
1366 1193 1768 1262 Speculantibus

191 1282 330 1347 idem
373 1299 588 1352 semper
632 1283 797 1339 videri
841 1285 1004 1339 debet
1043 1283 1376 1354 subjectum,
1410 1285 1552 1354 quod
1597 1283 1769 1353 primo

191 1381 304 1436 loco
342 1381 564 1450 reperiri
614 1379 828 1436 dicitur.
877 1380 932 1434 ld
978 1381 1120 1435 enim
1167 1380 1490 1450 praedicatur
1529 1396 1765 1449 semper,

191 1473 326 1544 quod
364 1475 602 1530 secundo
647 1475 767 1529 loco
804 1473 1144 1542 praedicatur.
1175 1471 1234 1527 ln
1274 1473 1588 1543 quibusdam
1625 1472 1767 1527 enim

189 1584 370 1624 verum
423 1579 527 1625 est.
590 1569 646 1624 ln
695 1569 814 1626 aliis
865 1584 995 1624 vero
1047 1585 1113 1625 ex
1157 1569 1546 1638 significatione
1594 1571 1767 1634 potius

187 1665 606 1734 prepositionum
666 1664 1000 1734 colligimus,
1050 1663 1140 1734 qui
1189 1662 1451 1717 terminus
1499 1662 1770 1732 subjectus

186 1755 294 1821 sit,
345 1757 432 1826 qui
483 1770 609 1812 vero
656 1755 998 1826 praedicatus.
1051 1755 1182 1810 Nam
1226 1772 1346 1811 cum
1405 1755 1556 1817 dico,
1609 1753 1768 1808 homo

1876 538 2324 610 possibilibusque
2362 543 2534 597 modis
2572 546 2886 612 cmterisque
2933 561 3050 614 quae
3086 561 3223 599 nunc
3255 546 3460 601 Aristo-

1874 631 2008 687 teles
2039 648 2135 702 pro
2162 634 2313 688 solita
2347 635 2612 690 brevitate
2634 645 2998 708 transgressus
3019 649 3122 703 est,
3160 638 3458 692 faciendum

1875 724 2108 780 videtur.
2179 727 2284 782 Sed
2333 729 2582 796 quoniam
2635 731 3098 784 commentatiunis
3145 733 3308 784 virtus
3350 745 3455 799 est,

1872 833 1980 873 non
2002 819 2175 874 solum
2211 819 2587 877 universaliter
2633 823 2737 876 vim
2785 839 2974 878 sensus
3012 823 3336 893 exprimere,
3371 839 3460 877 ve-

1871 925 1990 964 rum
2023 913 2181 966 etiam
2215 923 2388 968 textus
2435 915 2603 984 ipsius
2650 915 2984 971 sermonibus
3030 917 3308 985 ordinique
3333 932 3461 971 con-

1872 1011 2089 1059 nectere
2125 1019 2187 1060 ea
2234 1022 2352 1076 qua:
2405 1008 2655 1076 superius
2704 1008 2927 1064 confuse
2957 993 3096 1066 dicta
3127 1020 3282 1076 sunt,
3320 1023 3462 1064 nunc

1871 1113 1969 1168 per
1996 1113 2304 1155 sermonum
2337 1101 2574 1171 ipsorum
2609 1105 2676 1157 ab
2704 1103 2987 1159 Aristotele
3015 1105 3276 1159 dictorum
3317 1102 3462 1157 ordi-
3551 1115 3553 1117 ‘

1872 1203 1994 1244 nem
2025 1190 2346 1247 dividamus.
2409 1193 2502 1248 llis
2539 1210 2671 1249 vero
2712 1194 3083 1250 determinatis
3132 1194 3461 1264 perspicien-

1871 1282 1998 1338 dum
2047 1295 2160 1353 cst,
2212 1287 2662 1356 quemadmodum
2705 1305 2765 1344 se
2813 1289 3009 1344 habent
3057 1291 3365 1359 negationes
3405 1297 3463 1344 et

1870 1375 2257 1434 aftirmationes
2297 1380 2363 1434 ad
2404 1381 2654 1449 invicem,
2698 1381 2780 1435 lia:
2827 1381 3029 1436 scilicet
3075 1397 3191 1450 quze
3240 1391 3363 1437 sunt
3395 1380 3462 1437 de

1872 1471 2111 1540 possibili
2157 1488 2278 1542 esse
2329 1485 2383 1529 et
2421 1493 2528 1530 non
2570 1476 2810 1546 possibili
2863 1491 3001 1541 esse,
3050 1477 3360 1546 contingere
3409 1485 3464 1530 et

1871 1577 1979 1616 non
2008 1567 2341 1631 contingere,
2368 1567 2435 1622 de
2468 1569 2778 1637 impossibili
2805 1578 2857 1622 et
2882 1570 3211 1623 necessario.
3256 1567 3463 1622 llabeut

1873 1658 2018 1713 enim
2067 1660 2272 1730 aliquas
2322 1661 2702 1716 dubitationes.
2764 1662 3230 1732 PerSpiciendum.
3266 1661 3462 1730 inquit,

1875 1751 2046 1806 estde
2076 1755 2527 1809 affirmatiouibus
2575 1757 3086 1827 tiegatimiilmsque,
3131 1773 3232 1827 qua
3259 1755 3466 1810 ratione

184 1847 378 1903 animal
422 1856 532 1914 est,
583 1847 728 1918 prius
780 1849 908 1903 mibi
962 1862 1183 1902 necesse
1231 1858 1314 1903 est
1365 1846 1634 1901 hominem
1686 1845 1771 1900 di—
1805 1834 1850 1895 Β
1877 1843 2160 1898 videantur
2205 1847 2425 1916 opponi.
2478 1847 2533 1901 ln
2569 1849 2650 1902 bis
2693 1850 3148 1918 prepositionibus
3177 1864 3308 1917 quas
3350 1847 3464 1916 quis

185 1955 338 2006 cere,
390 1950 512 2011 post
560 1941 856 2012 praedicare
912 1941 1144 2008 animal,
1204 1949 1363 2010 atque
1413 1939 1534 1994 ideo
1583 1938 1768 2007 subje-

185 2040 326 2088 ctum
377 2033 572 2090 dicitur
625 2037 814 2100 homo,
873 2034 1068 2088 animal
1121 2048 1252 2088 vero
1309 2030 1652 2101 prwdicatur.
1711 2029 1771 2084 ln

187 2123 266 2180 bis
325 2134 501 2180 autem
566 2125 617 2180 in
682 2125 876 2196 quibus
938 2125 1128 2179 modus
1189 2122 1437 2189 additur,
1502 2123 1639 2178 sicut
1691 2131 1774 2177 est

187 2233 306 2272 cum
357 2217 616 2285 dicimus,
666 2217 918 2272 Socrates
963 2217 1100 2272 bene
1131 2216 1389 2286 loquitur,
1439 2215 1580 2270 idem
1630 2215 1774 2269 valet

185 2319 432 2380 tauquam
462 2309 506 2364 si
537 2309 778 2364 dicamus
798 2349 812 2374 ,
847 2309 1096 2366 Socrates
1137 2307 1276 2363 bene
1322 2307 1546 2378 loquens
1575 2317 1686 2374 est,
1719 2315 1774 2363 et

186 2399 284 2454 hoc
313 2400 527 2472 quidem
569 2402 707 2457 bene
746 2402 892 2472 prius
931 2401 1129 2455 dictum
1172 2410 1282 2464 est,
1319 2409 1503 2470 postea
1535 2415 1664 2456 vero
1693 2401 1772 2453 lo-

185 2507 353 2562 quens
378 2501 482 2560 est,
514 2502 567 2548 et
598 2493 808 2548 videtur
828 2507 948 2548 esse
974 2493 1186 2561 quidem
1221 2491 1521 2562 subjectum
1553 2491 1602 2545 id
1632 2491 1772 2562 quod

186 2584 384 2640 dictum
411 2599 492 2641 est
514 2585 673 2642 bene.
723 2585 1079 2641 Prmdicatum
1107 2597 1286 2640 autent
1321 2586 1372 2640 id
1399 2586 1540 2656 quod
1570 2585 1770 2640 dictum

187 2687 290 2747 est,
322 2683 546 2748 loquens
575 2686 676 2732 est.
723 2677 830 2734 Sed
881 2677 984 2733 hoc
1014 2677 1204 2732 falsum
1232 2687 1312 2733 est
1335 2720 1350 2744 ,
1398 2687 1452 2732 et
1481 2677 1604 2731 hinc
1628 2677 1773 2730 facii-

185 2767 312 2844 lime
338 2778 514 2839 potest
541 2770 808 2837 inveniri,
855 2771 997 2842 quod
1045 2771 1349 2842 loquentem
1399 2770 1609 2840 quidem
1648 2786 1770 2825 cum

185 2875 302 2916 esse
353 2861 531 2916 nullus
575 2862 808 2933 ignorat,
851 2863 1100 2933 quisquis
1141 2863 1288 2918 audit
1330 2862 1604 2919 Socratem
1635 2862 1772 2918 bene

182 2953 493 3024 loquentem
520 2969 669 3020 esse,
711 2955 820 3010 vim
849 2965 1027 3012 autem
1057 2957 1218 3012 totius
1249 2958 1633 3028 propositionis
1658 2974 1774 3012 mo-

181 3046 283 3102 dus
309 3049 566 3104 continet.
601 3048 656 3103 ln
687 3048 737 3104 id
768 3053 909 3105 enim
941 3050 1300 3106 intendendus
1327 3061 1412 3107 est
1438 3053 1646 3107 animus
1664 3067 1769 3108 nun

180 3143 225 3197 si
257 3143 526 3213 loquatur,
561 3142 662 3198 hoc
681 3143 1198 3200 enimindubitatum
1223 3153 1324 3200 est.
1360 3145 1491 3200 Nam
1525 3145 1615 3216 qui
1646 3159 1767 3200 eum

181 3236 320 3294 bene
361 3237 490 3293 dicit
532 3238 694 3309 loqui,
746 3239 891 3308 laqui
919 3254 1132 3310 quoque
1169 3240 1453 3308 consentit.
1497 3241 1673 3308 Quare
1699 3238 1765 3294 ad
1793 3221 1840 3285 (ἶ

180 3331 398 3387 modum
432 3333 792 3389 intendendus
825 3343 908 3390 est
952 3336 1164 3390 animus
1195 3337 1258 3390 ad
1305 3335 1356 3390 id
1397 3335 1539 3406 quod
1567 3336 1766 3392 dictum

178 3435 262 3480 est
292 3424 448 3481 bene.
491 3426 740 3483 Socrates
778 3428 922 3518 enim
952 3428 1088 3484 bene
1125 3428 1378 3498 loquitur,
1425 3428 1565 3498 quod
1607 3427 1764 3494 dixit,

178 3518 324 3589 lcqui
371 3518 581 3589 quidem
633 3534 738 3574 non
792 3524 990 3577 sulticit
1030 3520 1234 3585 dicere,
1285 3519 1388 3575 nisi
1437 3519 1599 3576 etiam
1627 3519 1771 3575 dicat

176 3611 342 3669 bene.
388 3614 635 3670 Continet
684 3631 814 3688 ergo
860 3625 1026 3670 totam
1076 3616 1498 3687 propositionem
1549 3617 1761 3682 modus,

175 3705 275 3758 srd
314 3720 497 3760 rursus
540 3715 706 3762 totam
747 3708 1168 3778 propositionem
1225 3710 1465 3763 continet
1505 3708 1766 3778 praedica-

178 3796 274 3860 tio,
311 3797 497 3851 modus
524 3796 686 3868 igitur
727 3797 780 3852 in
823 3798 904 3854 his
943 3800 1393 3869 prepositiouibus
1427 3801 1601 3869 potius
1627 3817 1764 3870 pra:-

178 3889 414 3948 dicatur.
445 3892 886 3948 Coucludendum
918 3895 1081 3967 igitur
1115 3896 1490 3952 universaliter
1515 3904 1618 3962 est,
1649 3911 1767 3950 om-

175 4000 304 4041 nem
335 3987 614 4042 modorum
649 3987 1128 4043 contradictionem
1167 4003 1272 4043 non
1310 3989 1601 4044 secundum
1641 4004 1764 4045 esse

173 4078 405 4133 verbum
439 4079 552 4133 fieri
575 4121 588 4142 ,
620 4095 718 4136 nec
747 4080 1036 4137 secundum
1071 4079 1121 4135 id
1165 4095 1348 4136 rursus
1372 4081 1597 4136 verbum
1621 4080 1762 4151 quod

171 4168 232 4226 in
261 4185 322 4225 se
352 4185 474 4226 esse
502 4171 810 4238 contineat,
861 4174 954 4230 sed
990 4173 1167 4244 potius
1199 4173 1489 4228 secundum
1522 4173 1760 4229 modum.

172 4263 470 4319 Continere
498 4272 672 4320 autem
703 4264 754 4320 in
783 4281 842 4322 se
864 4269 1026 4322 verba
1059 4267 1108 4321 id
1141 4267 1282 4337 quod
1312 4275 1394 4322 est
1429 4281 1550 4322 esse
1575 4266 1764 4321 dicun-

175 4364 286 4420 tur,
317 4366 375 4411 ut
401 4372 522 4412 cum
551 4357 775 4414 dicimus
803 4359 1052 4430 loquitur,
1088 4360 1415 4415 tantumdem
1449 4360 1590 4415 enim
1623 4361 1764 4414 valet

173 4457 430 4521 tanquam
461 4453 506 4506 si
533 4453 792 4520 dicamus,
824 4453 1050 4523 loquens
1078 4463 1178 4510 est.
1227 4455 1406 4522 Quare
1435 4469 1766 4526 quzecunque

176 4546 582 4614 pronositiones
635 4547 928 4615 quemlibet
979 4547 1124 4602 illum
1164 4548 1214 4602 in
1263 4563 1320 4602 se
1350 4548 1614 4602 retineant
1651 4562 1768 4600 mo-

172 4608 325 4690 dum.
385 4608 743 4712 Dubitandum
776 4655 880 4693 non
918 4649 1001 4695 est
1026 4643 1151 4710 quin
1185 4656 1290 4695 uou
1322 4640 1388 4695 ad
1419 4641 1470 4695 id
1500 4640 1641 4713 quod
1671 4657 1768 4712 po-
1790 4608 1848 4673 Β

170 4730 256 4782 nit
282 4743 428 4796 csse,
453 4731 664 4801 negatio
681 4729 827 4800 juste
850 4732 1164 4802 applicetur.
1199 4734 1302 4790 Sed
1338 4735 1516 4804 potius
1545 4733 1611 4789 ad
1643 4749 1764 4789 eum

170 4819 396 4876 modum
428 4839 533 4894 quo
576 4823 772 4893 aliquid
813 4839 933 4880 esse
977 4825 1159 4881 fierive
1202 4828 1528 4896 pronuntiet.
1579 4827 1766 4882 Omnis

168 4928 413 4985 namque
443 4929 563 4968 cum
595 4915 755 4970 modo
784 4915 1070 4972 afﬁrmatio
1100 4917 1224 4973 talis
1250 4928 1352 4986 est,
1384 4927 1567 4974 utnon
1596 4919 1771 4975 intert-

167 5003 306 5060 dere
338 5004 531 5060 debeat
552 5006 789 5061 animum
811 5008 1023 5064 auditor
1047 5009 1112 5065 ad
1144 5010 1196 5065 id
1226 5012 1367 5081 quod
1399 5027 1520 5068 esse
1554 5013 1767 5070 dicitur.

165 5099 282 5155 Sed
313 5103 381 5154 ad
412 5099 466 5154 id
497 5103 672 5169 potius
700 5103 969 5174 quomodo
993 5103 1124 5158 illud
1155 5119 1274 5160 esse
1304 5104 1528 5174 dicatur,
1561 5114 1616 5159 ut
1643 5121 1764 5162 cum

163 5199 430 5265 dicimus,
456 5196 702 5254 Socrates
739 5197 876 5254 bene
904 5199 1160 5270 loquitur,
1197 5214 1302 5254 non
1335 5199 1766 5270 perspiciendum

163 5301 253 5348 est
295 5309 367 5347 an
415 5292 682 5363 loquatur,
726 5293 821 5348 sed
883 5294 1058 5364 potius
1102 5293 1228 5349 illuc
1279 5294 1442 5348 animi
1493 5293 1767 5363 dirigenda

163 5387 406 5444 intentio
447 5397 528 5443 est
563 5387 1011 5460 quemadmodum
1051 5387 1322 5456 loquatur.
1375 5386 1487 5442 Hoc
1517 5387 1660 5442 enim
1692 5384 1768 5438 vi-

161 5480 332 5536 detur
363 5480 638 5538 continere
692 5491 856 5536 totam
905 5479 1348 5550 propositionem.
1403 5479 1544 5548 Ergo
1580 5484 1768 5532 contra

162 5574 437 5646 possibile
456 5589 596 5640 esse,
623 5590 728 5630 non
754 5585 835 5629 est
857 5589 917 5628 ea
951 5571 1162 5644 negatio
1188 5586 1309 5642 qua:
1338 5569 1490 5634 dicit,
1520 5568 1772 5638 possibile

161 5683 280 5722 non
303 5667 556 5735 esse,sed
584 5683 687 5722 non
711 5667 967 5737 possibile
988 5662 1333 5732 esse,codem
1368 5662 1524 5716 modo
1557 5669 1611 5715 et
1637 5677 1773 5715 con-

159 5748 253 5815 tra
269 5777 394 5816 eam
413 5777 530 5833 quae
547 5761 697 5829 dicit,
710 5762 1020 5832 contingere
1036 5775 1173 5826 esse,
1190 5773 1295 5814 non
1319 5773 1378 5811 ea
1397 5773 1514 5826 qua:
1532 5757 1776 5812 enuntiat

161 5855 492 5926 contingere
511 5871 615 5912 non
638 5857 881 5923 esse,sed
899 5855 1072 5926 potius
1089 5869 1149 5911 ea
1174 5851 1384 5923 negatio
1401 5862 1612 5922 estquae
1624 5851 1774 5917 dicit,

1876 1938 1996 1990 dam
2030 1937 2219 1993 modus
2250 1942 2508 2007 continet,
2553 1952 2611 1996 ut
2650 1944 2701 1996 in
2737 1944 2816 1996 bis
2852 1957 2972 2013 qua:
3002 1953 3126 1998 sunt
3159 1941 3462 2013 possibiles,

1874 2030 1957 2085 vel
1999 2031 2399 2100 contingentes,
2431 2033 2516 2088 vel
2558 2035 2913 2100 necessariae,
2965 2036 3046 2090 vel
3082 2035 3464 2106 impossibiles,

1876 2122 1960 2176 vel
2003 2136 2162 2188 verm,
2205 2124 2288 2178 vel
2339 2124 2514 2193 l'alsre,
2573 2127 2657 2180 vel
2691 2127 2844 2194 bene,
2879 2128 2962 2183 vel
2994 2132 3150 2194 male,
3187 2130 3267 2181 vel
3299 2125 3448 2198 quid:

1876 2214 2000 2284 quid
2045 2216 2222 2284 aliqua
2267 2218 2524 2286 qualitate
2571 2219 2911 2288 prtedicatut'.
2964 2221 3360 2286 l‘labentenim,
3393 2220 3448 2276 ir.

1875 2307 2011 2376 quit,
2034 2297 2241 2377 aliquas
2270 2309 2634 2366 dubitationes
2663 2353 2678 2378 ,
2721 2325 2772 2367 et
2817 2329 2948 2383 quas
2980 2313 3342 2368 dubitationes
3368 2312 3464 2366 lia-

1873 2400 2036 2455 bcant
2063 2404 2319 2456 continuo
2337 2419 2426 2458 eas
2454 2404 2688 2472 subjicit.
2720 2405 2851 2460 Nam
2882 2407 2926 2461 si
2959 2423 3143 2462 eorum
3173 2423 3289 2478 qua:
3319 2421 3465 2461 com-

1877 2495 2180 2564 plectuntur
2228 2497 2333 2551 illa:
2381 2497 2483 2552 sibi
2522 2500 2749 2553 invicem
2792 2501 3052 2570 oppositio
3083 2511 3207 2555 sunt
3243 2513 3462 2554 contra-

1876 2587 2140 2644 dictiones
2169 2631 2184 2657 ,
2233 2607 2565 2661 quascunque
2608 2593 2898 2646 secundum
2949 2609 3068 2648 esse
3097 2594 3178 2648 vel
3211 2611 3314 2647 non
3343 2608 3463 2650 esse

1875 2677 2251 2745 disponuntur.
2275 2680 2478 2734 Sensus
2501 2689 2642 2733 totus
2670 2680 2968 2748 Itujusmodi
2999 2691 3101 2747 est,
3136 2684 3186 2735 iu
3215 2681 3464 2734 omnibus

1877 2773 2344 2842 Complexiouibus
2389 2774 2813 2843 propositionum
2858 2773 2942 2827 illa
2987 2774 3038 2826 iu
3079 2774 3162 2827 liis
3193 2772 3465 2842 oppositio

1875 2867 2037 2930 valet,
2064 2882 2390 2937 quaecunque
2418 2865 2711 2921 secimdum
2735 2881 2853 2920 esse
2889 2866 2969 2920 vel
3001 2881 3102 2920 non
3141 2881 3262 2922 esse
3294 2865 3372 2932 fit,
3407 2873 3466 2920 ut

1875 2970 1991 3010 cum
2023 2955 2270 3022 dit-intus,
2303 2957 2462 3010 homo
2493 2967 2592 3022 est,
2617 2955 2774 3026 bujus
2801 2959 3008 3026 negatio
3038 2968 3141 3024 est,
3168 2956 3330 3012 homo
3358 2971 3465 3012 non

1875 3057 1970 3103 est.
2030 3049 2135 3103 Sed
2165 3064 2269 3103 non
2298 3065 2358 3104 ea
2400 3066 2513 3119 qua:
2543 3051 2703 3116 dicit,
2739 3067 2849 3108 non
2875 3051 3045 3110 homo,
3065 3061 3167 3118 est,
3197 3063 3249 3106 et
3276 3065 3464 3106 rursus

1874 3145 1992 3215 ejus
2019 3163 2136 3216 qua:
2174 3148 2424 3216 prepouit
2449 3187 2463 3213 ,
2508 3156 2591 3202 est
2621 3149 2776 3202 albus
2809 3151 2992 3215 homo,
3025 3148 3109 3203 illa
3141 3151 3354 3216 negatio
3385 3157 3466 3204 est

1872 3257 1992 3312 qua:
2015 3242 2176 3307 dicit,
2223 3259 2326 3297 non
2363 3253 2446 3299 est
2486 3243 2636 3297 albus
2666 3245 2828 3298 homo
2849 3286 2866 3312 ,
2897 3261 3003 3299 non
3032 3260 3093 3299 ea
3124 3260 3240 3314 qua:
3273 3258 3466 3314 propo-

1872 3336 1972 3401 nit,
2003 3345 2085 3389 est
2111 3336 2261 3390 albus
2304 3336 2486 3402 homo,
2533 3337 2634 3390 hoc
2661 3338 2831 3406 ipsum
2862 3349 3036 3393 autem
3066 3340 3316 3408 quoniam
3344 3345 3462 3408 ejus

1873 3443 1994 3498 quae
2016 3430 2177 3495 dicit,
2219 3438 2302 3484 est
2334 3428 2496 3484 homo
2527 3429 2703 3494 albus,
2754 3431 2966 3497 negatio
3000 3440 3080 3484 est
3101 3472 3116 3497 ,
3162 3446 3280 3498 quae
3310 3430 3460 3498 dicit,

1874 3536 1980 3576 non
2007 3530 2088 3576 est
2132 3521 2286 3577 albus
2328 3522 2508 3585 homo,
2554 3537 2658 3576 non
2703 3536 2765 3576 ea
2795 3536 2914 3589 quae
2944 3522 3213 3590 proponit,
3245 3531 3326 3575 est
3355 3536 3464 3575 non

1871 3612 2024 3668 albus
2049 3612 2230 3678 homo,
2263 3613 2340 3668 sic
2365 3613 2716 3668 demonstrat.
2761 3614 2814 3665 Si
2838 3612 2980 3666 enim
3008 3614 3075 3678 de
3103 3614 3350 3668 omnibus
3373 3623 3464 3668 aut

1872 3704 2037 3759 dictio
2068 3714 2186 3772 εει,
2237 3714 2328 3758 aut
2375 3709 2620 3774 negatio,
2663 3704 2865 3774 lignum
2914 3706 3020 3759 erit
3063 3721 3248 3759 verum
3281 3705 3464 3761 dicere

1873 3816 1992 3856 esse
2022 3817 2130 3856 non
2166 3802 2344 3856 album
2391 3801 2682 3855 hominem.
2740 3801 2982 3855 Breviter
3004 3800 3202 3854 dictum
3233 3808 3337 3866 est,
3367 3800 3462 3854 sed

1873 3892 1945 3948 ita
1983 3907 2138 3961 posse
2179 3893 2392 3947 videtur
2432 3893 2625 3962 exponi
2661 3933 2677 3960 ,
2723 3894 3097 3961 propositum,
3149 3892 3362 3961 inquit,
3395 3891 3464 3945 sit

1871 3987 2109 4060 lignum,
2161 3988 2230 4044 de
2267 4005 2374 4060 quo
2421 3989 2542 4044 dum
2581 3987 2981 4044 enuntiationes
3025 3987 3293 4053 dicantur,
3325 3984 3462 4040 illud

1875 4089 2053 4136 tamen
2084 4081 2237 4136 nobis
2267 4082 2611 4136 manifestum
2644 4081 2713 4134 sit
2741 4081 2807 4135 de
2833 4078 3103 4143 omnibus,
3133 4079 3176 4131 si
3231 4078 3464 4132 affirma-

1871 4182 1929 4230 ιο
1977 4190 2104 4230 vera
2136 4183 2252 4241 est,
2301 4173 2486 4228 falsam
2533 4187 2654 4228 esse
2694 4173 3062 4243 negationem,
3114 4186 3232 4225 eam
3259 4170 3464 4226 scilicet

1873 4282 1993 4336 quae
2023 4264 2450 4320 contradictoriae
2469 4265 2776 4335 opponitur,
2811 4273 2863 4319 et
2893 4265 2934 4318 si
2967 4278 3091 4318 vera
3121 4262 3332 4334 negatio
3359 4270 3461 4329 est,
3547 4311 3562 4320 κ

1876 4361 2007 4417 falsa
2037 4360 2320 4415 alfirmatio
2356 4375 2474 4416 esse
2500 4359 2899 4432 pronuntietur.
2940 4361 3101 4430 Igitur
3127 4359 3193 4415 de
3222 4359 3463 4430 praposi-

1873 4465 1927 4512 to
1961 4457 2126 4526 ligno,
2159 4457 2409 4526 quoniam
2439 4456 2662 4525 lignum,
2697 4456 2796 4510 hoc
2817 4465 2922 4522 est,
2964 4456 3118 4510 albus
3146 4456 3326 4524 homo,
3359 4456 3462 4513 huc

1873 4547 2064 4603 falsum
2105 4559 2205 4604 est.
2251 4549 2304 4604 Si
2355 4548 2514 4618 igitur
2564 4549 2679 4602 haec
2719 4546 3006 4602 affirmatio
3040 4549 3168 4602 falsa
3197 4559 3308 4617 est,
3333 4565 3460 4606 vera

1872 4643 2034 4699 debet
2068 4657 2190 4698 esse
2220 4645 2334 4712 ejus
2361 4641 2594 4713 negatio.
2630 4641 2688 4699 Si
2712 4657 2842 4713 ergo
2869 4657 2931 4697 ea
2965 4654 3046 4698 cst
3068 4645 3279 4716 negatio
3308 4645 3460 4700 affir-

1873 4735 2126 4791 matiunis
2175 4750 2291 4805 quin
2321 4733 2484 4802 dicit,
2535 4743 2617 4789 est
2649 4733 2800 4789 albus
2832 4734 3014 4803 homo,
3044 4751 3164 4806 qua:
3194 4746 3352 4807 negat
3383 4739 3461 4793 di-

1873 4841 2004 4884 cens
2031 4868 2044 4892 ,
2091 4834 2175 4882 est
2201 4841 2306 4880 non
2333 4826 2486 4880 albus
2517 4824 2699 4892 homo,
2729 4825 2846 4880 hare
2871 4827 3082 4897 negatio
3113 4842 3240 4882 vere
3269 4829 3462 4897 prmdi-

1875 4931 2026 4978 catur
2069 4919 2138 4975 de
2188 4921 2327 4990 ligno
2360 4919 2571 4975 dicente
2619 4920 2861 4989 quolibet
2896 4921 3036 4990 quo‘d
3078 4921 3301 4990 lignum,
3365 4921 3463 4976 hoc

1879 5021 1984 5080 est,
2009 5028 2114 5066 non
2145 5011 2298 5066 albus
2331 5011 2512 5066 homo.
2553 5009 2660 5066 Sed
2690 5013 2790 5066 hoc
2815 5013 2928 5067 fieri
2954 5028 3058 5066 non
3089 5020 3280 5081 potest.
3344 5011 3463 5066 Per-

1877 5106 2063 5176 Spicue
2093 5106 2236 5160 enim
2260 5104 2452 5159 falsum
2483 5112 2567 5159 est
2597 5104 2794 5174 lignum
2834 5120 2941 5159 non
2971 5105 3150 5159 album
3188 5105 3461 5160 hominem

1876 5216 2016 5257 esse.
2055 5201 2207 5268 Quod
2243 5198 2384 5254 enim
2431 5199 2652 5253 omnino
2699 5213 2804 5253 non
2848 5205 2950 5253 cst-
2976 5197 3170 5264 homo,
3214 5213 3314 5252 nec
3357 5212 3463 5251 non

1877 5295 2028 5350 albus
2057 5293 2218 5348 homo
2241 5307 2361 5348 esse
2397 5300 2603 5363 potest,
2636 5292 2786 5348 falsae
2815 5307 2942 5363 ergo
2967 5303 3091 5347 sunt
3119 5300 3378 5360 utraeque,
3413 5302 3466 5345 et

1877 5385 2162 5442 alfirmatio
2214 5402 2334 5456 qua:
2383 5385 2513 5440 dicit
2561 5386 2628 5441 de
2677 5386 2843 5456 ligno,
2875 5387 3122 5454 quoniam
3153 5384 3350 5452 lignum
3384 5393 3467 5439 est

1878 5481 2030 5535 albus
2053 5480 2215 5534 homo
2234 5521 2249 5547 ,
2297 5490 2348 5535 et
2373 5479 2582 5550 negatio
2608 5481 2675 5535 de
2703 5494 2769 5535 eo
2797 5494 2916 5550 qua:
2945 5478 3076 5533 dicit
3103 5477 3352 5548 quoniam
3382 5486 3466 5532 est

1876 5587 1983 5628 non
2031 5572 2183 5628 albus
2229 5572 2410 5626 homo.
2450 5572 2603 5638 Quod
2635 5573 2679 5627 si
2725 5579 2849 5626 sunt
2878 5569 3021 5624 falsa:
3054 5578 3315 5638 utraeque,
3345 5572 3464 5626 btet:

1877 5668 2094 5740 negatio
2133 5667 2273 5722 illius
2298 5665 2670 5721 affirmationis
2717 5681 2822 5719 non
2864 5672 2966 5718 est.
3040 5664 3334 5731 Quaerenda
3377 5673 3466 5719 est

1879 5775 2006 5830 ergo
2045 5759 2147 5814 alia
2194 5775 2312 5828 quae
2341 5773 2461 5814 cum
2500 5772 2560 5813 ea
2611 5756 2815 5811 dividat
2844 5771 3026 5810 verum
3056 5765 3215 5825 atque
3247 5755 3461 5811 falsum.

1881 5852 1992 5921 Qua
2019 5855 2072 5907 in
2095 5867 2154 5907 re
2183 5851 2326 5906 nulla
2372 5850 2473 5906 alia
2495 5850 2762 5920 reperitur
2786 5856 2973 5905 contra
2997 5863 3116 5904 eam
3148 5861 3268 5920 qua:
3305 5847 3461 5918 dicit.
