4060 6330
529 331 627 390 591

1770 329 1882 385 AN.
1923 328 2129 387 MANL.
2171 328 2320 384 SEV.
2364 329 2584 387 BOETII

3711 326 3811 380 59:!

528 457 615 504 est
641 448 796 506 albus
818 449 998 513 homo,
1033 455 1232 517 prseter
1253 461 1370 503 eam
1400 460 1518 517 quae
1545 445 1697 511 dicit,
1726 459 1829 500 non
1861 454 1943 499 est
1963 450 2113 499 albus
2142 453 2197 509 Α
2217 448 2350 513 vidi,
2390 459 2446 503 et
2483 448 2622 517 quod
2648 460 2825 520 potest
2852 451 3149 512 ambulare,
3192 449 3331 505 idem
3356 459 3532 521 potest
3560 467 3671 506 non
3701 467 3813 507 am-

534 544 714 609 Ιιειιιο,
741 558 863 598 nam
887 543 930 595 si
954 556 1014 596 ea
1045 540 1241 596 dicitur
1264 556 1381 596 esse
1410 540 1781 595 all‘trntationis
1812 539 1969 609 hujus
1997 554 2115 609 qua:

533 635 681 701 dicit,
729 643 813 690 est
844 634 995 689 albus
1031 632 1212 699 homo,
1248 635 1457 703 negatio
1490 650 1610 703 qua:
1635 634 1873 688 enuntiat
1900 644 1981 687 est
2012 647 2115 686 non

533 730 684 783 albus
715 728 904 791 homo,
939 729 1041 781 erit
1072 737 1128 781 ut
1150 726 1216 783 de
1251 728 1394 798 ligno
1415 728 1481 781 de
1506 741 1613 796 quo
1658 725 1945 780 allirmatio
1975 724 2117 777 dicta

535 821 663 874 falsa
688 831 790 885 est,
819 836 944 874 vera
975 821 1046 875 sit
1073 822 1349 876 enuntiata
1379 805 1614 890 negatio,
1641 821 1847 889 eritque
1877 818 1943 872 de
1975 819 2118 887 ligno

532 929 733 967 verum-
763 913 979 979 dicere,
1023 915 1279 984 quoniam
1328 914 1526 985 lignum
1574 914 1679 969 hoc
1723 922 1938 967 estnon
1969 911 2121 965 albus

534 1007 715 1073 homo,
762 1007 857 1061 sed
890 1007 993 1063 hoc
1036 1008 1369 1078 impossibile
1410 1018 1512 1062 est.
1562 1006 1785 1062 Constat
1827 1022 1956 1075 ergo
2003 1021 2120 1061 eam

535 1099 955 1168 prapositionem
1000 1119 1120 1171 qua:
1152 1102 1306 1168 dicit,
1334 1112 1417 1157 est
1447 1118 1548 1157 non
1576 1102 1729 1157 albus
1762 1102 1944 1169 homo,
1979 1101 2123 1154 illius

533 1192 906 1247 allirmationis
939 1210 1043 1247 non
1070 1209 1190 1249 esse
1219 1197 1553 1265 negationem
1585 1211 1704 1264 qua:
1736 1194 2016 1264 praponit,
2045 1201 2128 1246 est

534 1282 686 1338 albus
719 1284 899 1339 homo.
944 1285 1047 1341 Sed
1079 1301 1196 1340 eam
1239 1302 1356 1356 quac
1386 1287 1534 1349 dicit,
1577 1303 1680 1340 non
1725 1296 1807 1341 est
1852 1286 2004 1339 albus
2032 1285 2127 1338 lto-

535 1391 646 1444 mo,
689 1379 1026 1447 negationem
1068 1394 1187 1434 esse
1214 1379 1456 1447 ejusdem
1483 1378 1854 1434 alﬁrmationis
1883 1393 2001 1447 quae
2047 1377 2127 1430 di-

535 1471 630 1538 cit,
654 1482 737 1527 εει
761 1472 920 1526 albus
952 1474 1129 1527 homo.
1178 1472 1412 1527 \‘idesne
1440 1487 1569 1541 ergo
1599 1480 1653 1525 ut
1683 1485 1848 1541 prope
1873 1471 1925 1523 in
1956 1469 2127 1522 omni-

536 1565 639 1620 bus
687 1566 1074 1620 allirmationes
1123 1577 1176 1620 et
1220 1563 1528 1632 negationes
1571 1566 1868 1618 Secundum
1899 1575 2019 1615 esse
2048 1559 2131 1613 vel

536 1672 646 1711 non
675 1671 796 1711 esse
839 1655 1008 1709 ﬁant?
1055 1654 1145 1709 illa
1191 1656 1332 1709 enim
1380 1654 1558 1708 album
1586 1653 1799 1722 quidem
1826 1667 1946 1706 esse
1978 1650 2127 1714 dicit,

538 1746 629 1803 illa
682 1757 838 1817 negat
886 1748 1065 1803 album
1116 1762 1222 1802 non
1275 1762 1395 1802 esse
1425 1746 1633 1811 dicens,
1675 1762 1863 1800 rursus
1893 1744 1978 1798 illa
2004 1744 2133 1797 dicit

2221 540 2430 594 bulare.
2494 542 2622 606 Quae
2670 552 2847 597 autem
2900 545 2969 597 sit
3018 543 3316 611 huiusmodi
3347 544 3678 611 possibilitas
3723 560 3813 613 per

2221 650 2522 701 quamcum
2545 636 2740 690 dicitur
2755 637 2949 705 aliquid
2972 637 3083 691 lieri
3113 651 3287 705 posse.
3307 635 3434 689 illud
3459 652 3640 690 tamen
3658 638 3814 691 relino

2222 735 2415 795 quatur
2433 742 2589 796 pos-1e
2622 745 2726 781 non
2745 728 2879 793 ﬁeri,
2911 739 3297 798 consequenter
3315 730 3573 795 explanat
3603 729 3811 784 dicens:

2298 818 2453 871 Ratio
2497 830 2667 873 autem
2710 831 2816 887 est,
2862 822 3102 887 quoniam
3145 837 3293 873 omne
3314 821 3450 888 quod
3480 821 3552 873 sic
3582 821 3819 887 possibile

2224 920 2320 973 est,
2352 926 2453 963 non
2492 928 2690 978 semper
2739 912 2793 964 in
2831 922 2947 963 actu
2989 921 3080 965 est.
3133 910 3307 976 Quare
3352 912 3508 964 inerit
3540 911 3645 980 ipsi
3670 915 3818 963 etiam

2228 1004 2451 1074 negatio,
2483 1013 2640 1070 potest
2681 1004 2843 1072 igitur
2883 1018 2930 1058 et
2969 1021 3070 1057 non
3114 1005 3410 1067 ambulare,
3442 1004 3582 1072 quod
3612 1014 3685 1056 est
3710 1021 3820 1056 am-

2230 1094 2456 1147 bulabile
2476 1136 2490 1157 ,
2516 1106 2559 1147 et
2587 1112 2687 1148 non
2717 1096 2875 1148 videri
2902 1098 3038 1165 quod
3063 1104 3134 1148 est
3157 1097 3366 1149 uisibile.
3402 1097 3463 1147 Αι
3486 1111 3605 1148 rero
3632 1096 3822 1161 impos-

2229 1185 2376 1238 sibile
2398 1196 2468 1239 est
2500 1186 2563 1238 de
2599 1188 2773 1239 eodem
2803 1188 3059 1257 oppositas
3090 1204 3197 1240 esse
3217 1203 3358 1240 ueras
3387 1188 3663 1243 dictiones.
3706 1187 3823 1241 Non

2232 1277 2388 1345 igitur
2417 1280 2529 1348 ejus
2559 1294 2670 1345 qua:
2697 1289 2791 1342 est,
2816 1280 3053 1347 possibile
3083 1290 3156 1331 est
3177 1294 3303 1341 esse,
3337 1280 3540 1346 negatio
3568 1287 3669 1341 est,
3710 1295 3823 1344 pos-

2231 1369 2376 1423 sibile
2408 1385 2477 1422 es:
2518 1386 2617 1422 non
2664 1387 2789 1424 esse.
2824 1370 3080 1440 Contiugit
3104 1372 3241 1424 enim
3269 1387 3331 1423 ea:
3360 1372 3439 1422 Itis
3463 1380 3553 1424 aut
3580 1372 3715 1423 idem
3745 1372 3821 1441 ip-

2238 1478 2349 1514 sum
2394 1461 2646 1529 afﬁrmare
2688 1470 2733 1514 et
2771 1479 2955 1532 negate
2993 1462 3147 1514 simul
3175 1462 3237 1515 de
3266 1463 3457 1527 eodem,
3488 1473 3578 1514 aut
3612 1480 3713 1514 non
3746 1480 3826 1515 se-

2239 1550 2465 1603 cundum
2504 1568 2611 1604 esse
2643 1561 2687 1603 et
2718 1569 2984 1628 notuesse,
3011 1568 3124 1621 qua:
3157 1563 3513 1621 opponuntur,
3552 1553 3670 1618 ﬁeri
3698 1553 3827 1620 afﬁr-

2235 1644 2480 1696 mationes
2526 1656 2569 1697 et
2603 1647 2917 1714 negationes.
2975 1645 3036 1700 Si
3065 1662 3185 1717 ergo
3221 1645 3351 1698 illud
3394 1645 3715 1712 impassibile
3739 1661 3827 1709 α’.

2237 1738 2330 1789 hoc
2352 1738 2445 1789 erit
2473 1740 2634 1807 magis
2664 1739 2975 1807 eligendum.
3028 1737 3120 1791 Est
3142 1741 3297 1809 igitur
3326 1740 3531 1807 negatio
3576 1740 3693 1808 ejus
3721 1754 3831 1806 qia

539 1839 809 1894 hominem
840 1854 958 1894 esse
977 1880 992 1905 ,
1022 1839 1108 1892 illa
1138 1853 1263 1892 vero
1291 1847 1449 1907 negat
1469 1838 1687 1905 dicens,
1722 1836 1994 1891 hominem
2024 1850 2127 1888 non
2161 1840 2211 1901 Β
2238 1844 2308 1886 est
2331 1834 2568 1902 possibile
2598 1851 2723 1897 esse,
2748 1850 2806 1887 ea
2828 1850 2941 1901 qua:
2962 1845 3054 1897 est,
3089 1851 3187 1889 non
3222 1834 3455 1900 possibile
3486 1850 3620 1893 esse,
3654 1844 3701 1885 ει
3736 1850 3830 1885 non

541 1943 682 1995 esse,
729 1939 781 1983 et
822 1931 875 1984 in
922 1930 1132 1984 caeteris
1178 1928 1368 1984 eodem
1422 1930 1583 1982 modo
1630 1939 1734 1983 est.
1774 1929 1923 1995 Quod
1957 1928 2001 1981 si
2030 1927 2130 1982 hoc

541 2021 702 2075 modo
750 2031 802 2074 et
848 2020 902 2073 in
952 2020 1381 2090 quantiscunquc
1428 2036 1547 2076 esse
1580 2022 1684 2075 non
1717 2020 1955 2085 additur,
1990 2020 2129 2074 idem

542 2113 701 2170 faciet
734 2113 877 2183 quod
908 2128 1001 2181 pro
1033 2128 1151 2166 esse
1183 2113 1398 2177 dicitur,
1432 2123 1487 2166 ut
1513 2114 1626 2181 ejus
1663 2129 1781 2179 qua:
1812 2126 1913 2175 εει,
1947 2112 2132 2165 ambu-

546 2208 621 2261 lat
652 2208 832 2268 ltomo,
886 2220 989 2258 non
1039 2221 1100 2257 ea
1128 2221 1245 2271 qua:
1272 2212 1375 2266 est,
1407 2205 1642 2258 ambulat
1673 2220 1779 2258 non
1813 2204 1994 2267 homo,
2032 2220 2130 2258 ne-

546 2298 692 2367 gatio
743 2307 845 2351 est.
878 2296 982 2350 Sed
1020 2312 1080 2349 ea
1106 2311 1221 2364 quae
1245 2305 1325 2349 est
1361 2310 1465 2347 non
1492 2295 1728 2349 ambulat
1757 2295 1935 2348 homo.
1995 2296 2133 2348 Nihil

550 2391 694 2444 enim
719 2389 894 2443 tlili‘ert
925 2390 1103 2443 dicere
1136 2388 1403 2441 hominem
1434 2388 1732 2455 ambulare,
1757 2390 1837 2442 vel
1864 2389 2132 2441 hominem

547 2481 907 2535 ambulantem
936 2494 1075 2533 esse.
1118 2479 1223 2533 Nec
1254 2479 1350 2533 hoc
1372 2481 1566 2545 solum,
1598 2481 1783 2550 inquit,
1818 2482 1867 2533 ιιι
1907 2480 1986 2535 his
2010 2496 2133 2535 eve-

549 2572 667 2627 nire
699 2581 869 2641 potest
904 2572 1391 2641 propositionibus,
1432 2587 1552 2642 qute
1580 2572 1871 2627 secundmn
1905 2588 2023 2626 esse
2055 2573 2136 2626 vel

550 2681 659 2719 non
684 2679 804 2719 esse
830 2664 1207 2732 disponuntur,
1269 2663 1361 2719 sed
1395 2664 1554 2717 etiam
1588 2664 1641 2717 in
1683 2664 1764 2717 his
1810 2679 2139 2733 qutecnnqne

550 2759 733 2814 verbis
778 2758 972 2812 talibus
1018 2759 1380 2819 cnntinentur,
1440 2766 1497 2811 ut
1541 2758 1702 2812 verba
1749 2757 1840 2811 illa
1871 2758 1972 2811 vim
1998 2756 2136 2826 ejus,

552 2852 694 2923 quod
724 2862 805 2906 est
844 2866 963 2905 esse
1012 2850 1354 2914 concludant,
1402 2858 1454 2902 ut
1499 2858 1581 2902 est
1613 2850 1770 2902 homo
1797 2848 2055 2911 ambulat,
2088 2848 2138 2902 in

553 2961 613 3001 se
654 2944 893 3000 cuntinet
923 2957 1061 2995 esse.
1099 2942 1241 2995 Idem
1272 2942 1411 2993 enim
1444 2952 1545 3002 est,
1593 2940 1826 2993 ambulat
1857 2939 1998 3009 quod
2031 2956 2142 2992 am—

555 3036 747 3090 bulans
775 3049 875 3090 εει.
926 3032 1005 3086 Ad
1050 3032 1165 3085 haec
1208 3047 1335 3098 ergo
1359 3030 1518 3085 verba
1543 3046 1659 3100 qua:
1685 3031 1735 3083 in
1770 3031 2143 3098 propositioni-

554 3121 656 3186 Ιιιιε
684 3142 803 3183 εεεε
834 3128 1110 3181 cootiueut
1136 3125 1361 3193 aptanda
1397 3125 1607 3192 negatio
1637 3133 1739 3178 est.
1782 3124 1836 3177 Si
1864 3124 2005 3177 enim
2032 3139 2141 3175 nm-

556 3219 641 3274 nis
669 3216 1019 3273 contradictio
1048 3215 1341 3270 sectandum
1369 3229 1489 3269 esse
1521 3214 1603 3269 vel
1634 3231 1737 3268 non
1772 3232 1894 3269 esse
1926 3217 2003 3280 lit,
2031 3215 2141 3269 hanc
2174 3199 2219 3262 C

558 3318 737 3364 autem
769 3308 931 3363 verba
960 3322 1078 3361 esse
1128 3306 1341 3375 propria
1375 3305 1766 3376 signiﬁcatione
1796 3308 2144 3373 concludunt,

558 3403 920 3473 quoniamque
948 3400 1107 3454 verba
1152 3401 1263 3453 lucc
1292 3400 1359 3453 ita
1393 3408 1662 3468 ponuntur
1695 3410 1941 3465 tauquam
1970 3400 2014 3454 si
2047 3402 2149 3455 hoc

561 3495 738 3564 ipsum
785 3508 905 3548 esse
938 3504 1244 3559 poneretur.
1289 3479 1647 3546 Manifestum
1669 3503 1749 3546 est
1790 3492 1854 3545 ad
1892 3508 1953 3546 ea
1987 3493 2147 3548 verba
2178 3486 2181 3487 ⁷

560 3602 682 3660 quae
730 3601 847 3642 esse
889 3586 1165 3640 contineat
1214 3585 1555 3654 negationem
1602 3584 1729 3655 poni
1778 3594 2031 3655 Oportere
2083 3585 2149 3640 ad

560 3694 744 3736 earum
772 3677 1177 3733 similitudinem
1211 3675 1658 3745 propositionum,
1701 3694 1820 3747 quae
1852 3678 2147 3733 secundum

560 3786 684 3827 esse
726 3772 811 3825 vel
861 3786 965 3823 non
997 3784 1117 3823 esse
1144 3785 1302 3837 supra
1327 3770 1467 3825 dicta
1500 3770 1707 3825 ratione
1736 3772 1954 3826 sibimet
1979 3789 2149 3840 Oppo-

562 3870 780 3917 nuntur.
831 3859 923 3911 llis
968 3873 1096 3927 ergo
1125 3867 1248 3912 ante
1281 3860 1569 3928 praedictis,
1604 3860 1727 3930 quid
1761 3861 2151 3924 inconveniens

563 3966 627 4006 ex
660 3949 743 4004 his
766 3950 933 4020 possit
959 3963 1080 4003 esse
1113 3950 1471 4019 prosequitur.

640 4055 813 4120 Quare
848 4055 889 4107 si
929 4056 1023 4107 Itcc
1068 4054 1218 4107 modo
1263 4055 1314 4107 in
1364 4057 1615 4121 omnibus,
1660 4064 1707 4110 et
1758 4058 1870 4126 ejus
1917 4072 2032 4126 qua:
2058 4067 2152 4122 est,

565 4149 805 4221 possibile
840 4158 910 4203 est
954 4163 1092 4216 esse,
1138 4150 1337 4217 urga'io
1382 4158 1483 4217 est,
1521 4150 1760 4225 possibile
1789 4163 1862 4204 est
1892 4169 1993 4203 non
2024 4168 2151 4217 esse,

567 4244 655 4299 sed
700 4259 800 4297 non
842 4258 900 4295 ea
948 4258 1059 4311 quw
1106 4250 1216 4306 est,
1269 4257 1368 4295 non
1398 4242 1637 4312 possibile
1666 4250 1884 4296 estesse.
1949 4242 2157 4296 Videtur

530 4350 531 4353 ‘
568 4347 741 4393 autem
769 4336 902 4388 idem
928 4351 1071 4403 posse
1103 4345 1149 4388 et
1172 4324 1277 4387 esse
1304 4342 1352 4388 ει
1383 4350 1485 4387 non
1517 4351 1643 4388 esse.
1682 4336 1842 4388 Omne
1864 4336 1996 4388 enim
2022 4338 2159 4405 quod

569 4438 643 4484 σει
667 4426 905 4499 possibile
936 4428 1118 4492 dividi,
1151 4425 1229 4479 vel
1264 4425 1550 4491 ambulare,
1594 4436 1638 4479 et
1669 4443 1773 4479 non
1804 4426 2083 4489 ambulare,
2111 4435 2158 4479 et

572 4536 674 4574 non
706 4519 883 4584 dividi,
917 4518 1152 4588 possibile
1178 4526 1271 4572 est.
1510 4514 1513 4519 ί
1660 4512 1667 4519 ’

2237 1940 2295 1977 ea
2326 1939 2438 1991 quw
2466 1934 2570 1988 est,
2614 1924 2852 1994 possibile
2892 1941 2992 1978 non
3034 1940 3157 1978 esse.
3223 1923 3421 1977 Eadem
3456 1940 3665 1994 quoque
3704 1925 3832 1976 rasio

2237 2025 2308 2069 est
2331 2016 2380 2068 in
2403 2031 2462 2069 eo
2491 2016 2626 2083 quod
2656 2025 2749 2081 est,
2780 2016 3073 2087 contingens
3101 2031 3228 2081 esse,
3263 2015 3444 2068 tteuim
3480 2014 3692 2084 negatio
3726 2017 3832 2085 ejus

2236 2115 2333 2169 εει,
2363 2123 2464 2160 ηοη
2491 2108 2789 2178 contingens
2818 2123 2946 2161 esse.
2984 2106 3051 2160 Et
3082 2107 3134 2160 in
3160 2108 3276 2160 aliis
3306 2123 3508 2176 quoaue
3533 2106 3696 2159 simili
3724 2122 3831 2158 mo-

2238 2201 2326 2259 do.
2358 2210 2412 2253 ut
2440 2200 2490 2252 in
2522 2201 2807 2253 necessario
2840 2210 2886 2254 et
2906 2201 3226 2271 impossibili.

2313 2292 2485 2346 Causa
2515 2303 2595 2348 est
2631 2294 2820 2363 igitur,
2870 2292 3071 2362 inquit,
3102 2308 3199 2347 cur
3245 2291 3299 2347 id
3327 2291 3469 2362 quod
3510 2304 3674 2358 posse
3712 2304 3831 2344 esse

2239 2386 2457 2445 dicitur,
2491 2384 2629 2439 idem
2665 2387 2829 2454 possit
2857 2401 2964 2438 non
2994 2399 3133 2439 esse.
3162 2383 3312 2452 Quod
3342 2398 3501 2437 omne
3530 2380 3679 2451 quod
3708 2394 3830 2450 per

2241 2477 2394 2531 sibilo
2424 2477 2673 2544 dicimus,
2706 2480 2775 2531 ita
2808 2478 3239 2548 pronuntiamus,
3288 2486 3344 2530 ut
3390 2492 3497 2530 non
3532 2490 3749 2545 semper
3779 2476 3828 2528 in

2240 2584 2362 2627 aetu
2394 2572 2484 2639 sit,
2516 2573 2564 2625 id
2596 2582 2677 2626 est
2716 2587 2820 2626 non
2861 2572 2933 2626 sit
2975 2572 3356 2626 necessarium.
3390 2572 3565 2624 Omne
3600 2582 3832 2639 namque

2241 2667 2386 2736 quod
2435 2682 2647 2736 semper
2688 2667 2738 2720 in
2772 2677 2892 2720 actu
2925 2675 3036 2732 est,
3071 2666 3436 2722 necessarium
3467 2675 3589 2730 est,
3642 2676 3698 2719 ut
3747 2666 3828 2719 sol

2245 2773 2460 2828 semper
2492 2770 2753 2812 movetur.
2789 2759 2969 2827 Itaque
2998 2758 3070 2811 illi
3103 2773 3314 2827 semper
3342 2758 3517 2827 agitur
3542 2764 3743 2810 motus.
3774 2754 3829 2809 Si

2245 2851 2363 2919 quis
2390 2859 2566 2902 autem
2600 2848 2858 2909 mc.dicat
2884 2840 3169 2903 ambulare
3191 2864 3370 2918 posse,
3404 2850 3658 2918 quoniam
3696 2846 3833 2901 mibi

2246 2944 2620 2998 ambulationis
2643 2954 2819 2996 motus
2851 2959 2954 2997 non
2978 2959 3191 3013 semper
3217 2945 3411 3010 agitur,
3440 2952 3496 2999 et
3524 2943 3662 2998 inest
3691 2942 3833 2996 mihi

2248 3036 2529 3103 aliquoties
2559 3051 2663 3089 non
2706 3037 3001 3103 ambulare,
3033 3036 3170 3090 inest
3209 3050 3421 3105 quoque
3464 3035 3593 3089 illttd
3625 3045 3682 3089 ut
3704 3050 3833 3090 vero

2250 3128 2317 3182 de
2359 3146 2444 3182 tne
2475 3128 2685 3183 dicatur
2727 3144 2882 3199 posse
2921 3145 3008 3184 me
3052 3143 3157 3183 non
3197 3128 3501 3191 ambulare,
3533 3143 3657 3182 cum
3707 3142 3833 3182 vere

2252 3223 2626 3291 pronuntiatur
2669 3238 2825 3290 posse
2854 3222 3149 3278 ambulare.
3184 3222 3323 3292 Ergo
3353 3237 3687 3291 qumcunque
3726 3235 3833 3275 non

2252 3328 2467 3381 semper
2492 3314 2542 3367 in
2574 3323 2696 3368 actu
2723 3323 2866 3380 sunt,
2894 3323 2947 3369 et
2975 3328 3133 3384 posse
3173 3328 3289 3367 esse
3312 3322 3365 3367 et
3394 3328 3551 3381 posse
3581 3328 3692 3367 non
3718 3326 3837 3367 esse

2253 3406 2537 3472 recipiunt.
2574 3404 2757 3459 Potest
2810 3420 2938 3474 ergo
2967 3404 3110 3473 quod
3151 3413 3236 3459 est
3270 3403 3632 3468 ambulabile,
3680 3404 3727 3455 id
3760 3413 3838 3457 est

2253 3497 2398 3566 quod
2429 3496 2706 3550 ambulare
2762 3505 2967 3565 potest,
3016 3512 3123 3550 non
3154 3497 3458 3562 ambulare,
3486 3507 3543 3551 et
3573 3496 3718 3565 quod
3761 3505 3838 3550 est

2255 3589 2464 3643 visibile
2487 3606 2591 3644 non
2625 3590 2812 3644 videri.
2845 3590 3103 3657 Quocirca
3131 3590 3287 3644 docet
3315 3605 3421 3644 non
3451 3604 3570 3644 esse
3599 3591 3838 3658 negatio-

2255 3702 2374 3740 nem
2405 3687 2525 3755 ejus
2564 3702 2681 3755 qua:
2710 3685 2869 3750 dicit,
2907 3699 3067 3754 posse
3094 3699 3214 3740 esse
3258 3700 3374 3739 eam
3420 3700 3541 3754 qua:
3589 3683 3839 3752 pr0ponit

2257 3798 2412 3853 posse
2434 3799 2538 3837 non
2568 3797 2707 3837 esse.
2739 3782 2943 3836 Idcirco
2971 3782 3221 3852 quoniam
3252 3796 3491 3850 utrmque
3518 3790 3650 3834 sunt
3682 3794 3839 3843 verae,

2256 3876 2388 3928 utin
2419 3876 2618 3941 iisquae
2643 3876 2722 3942 (ut
2742 3873 2855 3942 ipse
2884 3874 2979 3941 ait)
3012 3890 3116 3929 non
3141 3889 3356 3943 semper
3376 3883 3496 3927 actu
3524 3882 3674 3927 sunt.
3710 3870 3840 3925 Con-

2260 3967 2412 4036 tingit
2441 3966 2582 4020 enim
2618 3982 2778 4020 unum
2807 3982 2873 4020 ex
2902 3969 3141 4037 utrisque
3173 3983 3291 4037 quae
3341 3966 3666 4020 Aristoteles
3695 3964 3839 4027 dicit,

2258 4070 2347 4114 aut
2378 4059 2519 4114 idem
2546 4059 2717 4127 ipsum
2742 4059 2927 4115 dicere
2948 4069 3002 4113 et
3026 4074 3223 4129 negare
3247 4059 3405 4113 simul
3433 4057 3500 4112 de
3523 4057 3743 4121 eodem,
3760 4064 3841 4112 aut

2260 4168 2363 4206 non
2396 4152 2688 4207 secundum
2720 4149 2841 4206 esse
2868 4160 2922 4206 et
2968 4167 3073 4206 non
3117 4166 3269 4214 esse,
3312 4166 3431 4219 qua:
3461 4161 3840 4220 opponuntur,

2263 4242 2377 4297 lii-ri
2418 4242 2801 4299 alﬂrmationes
2831 4252 2882 4296 et
2926 4243 3256 4313 negationes,
3300 4243 3352 4297 id
3385 4254 3463 4296 est
3497 4250 3678 4296 utaut
3710 4243 3841 4297 idem

2261 4333 2369 4387 sint
2402 4333 2686 4387 allirmatio
2712 4342 2766 4387 et
2806 4334 3018 4404 negatio
3046 4334 3253 4403 sibique
3290 4334 3655 4397 consentiant,
3689 4334 3735 4387 si
3761 4349 3842 4387 se-

2262 4428 2494 4482 cundum
2528 4443 2647 4482 esse
2669 4437 2723 4481 et
2754 4444 2857 4481 non
2882 4443 3000 4483 esse
3033 4429 3084 4483 in
3113 4429 3364 4483 omnibus
3386 4428 3748 4483 contradictio
3772 4428 3843 4490 tit,

2265 4531 2323 4576 ut
2352 4534 2433 4577 est
2466 4526 2517 4576 in
2558 4537 2624 4576 eo
2652 4522 2792 4592 quod
2819 4530 2903 4575 est
2934 4537 3090 4590 posse
3119 4538 3239 4577 esse
3268 4533 3322 4577 et
3354 4536 3508 4590 posse
3559 4536 3668 4575 non
3710 4537 3842 4576 esse.

616 4616 903 4689 Superius
946 4620 1368 4674 demonstratum
1418 4628 1501 4675 est
1527 4619 1975 4690 quemadmodum
2011 4620 2065 4675 in
2097 4621 2160 4675 iis
2268 4612 2410 4667 Idem
2450 4613 2593 4667 enim
2628 4622 2864 4681 utrmque
2896 4621 3019 4666 sunt
3070 4613 3280 4682 sibique
3315 4611 3699 4672 consentiunt,
3729 4612 3845 4681 etsi

576 4726 694 4780 qua:
738 4710 1163 4778 complectuntur
1212 4712 1669 4767 cnuntiationibus
1717 4713 2008 4767 secundum
2039 4728 2157 4768 esse

578 4804 775 4872 potius,
823 4810 878 4855 ct
920 4817 1025 4855 non
1058 4816 1179 4855 esse
1226 4804 1417 4858 tierent
1456 4803 1855 4873 Oppositiones,
1887 4819 2025 4858 nunc
2058 4803 2158 4858 hoc

579 4895 709 4950 dicit
736 4911 747 4947 :
780 4893 839 4949 Si
867 4893 991 4959 hoc,
1021 4893 1209 4963 inquit,
1253 4894 1307 4947 in
1330 4896 1575 4951 omnibus
1607 4896 2058 4965 propositionibus
2084 4896 2159 4949 fa-
2193 4976 2199 4982 '

579 4989 827 5043 iicndutn
877 4997 981 5056 est,
1031 4995 1087 5040 ut
1137 5001 1318 5040 earum
1371 4990 1821 5044 contradictiones
1867 4991 2159 5045 secundum

584 5097 701 5138 esse
732 5090 786 5136 et
809 5094 915 5133 non
950 5093 1070 5133 esse
1103 5088 1386 5146 ponantur,
1432 5081 1485 5134 in
1527 5081 1592 5134 iis
1620 5096 1736 5148 qua:
1764 5082 1962 5149 aliquid
1992 5066 2193 5150 possi-i

581 5173 686 5225 bile
710 5186 830 5226 esse
857 5167 1222 5241 pronuntiant,
1258 5183 1360 5222 non
1391 5184 1453 5223 ea
1477 5170 1719 5238 ponenda
1746 5174 1953 5241 negatio
1982 5182 2082 5235 est,
2110 5179 2167 5224 ut

578 5265 720 5318 dicat
750 5279 853 5318 non
886 5260 1142 5332 possibile
1167 5275 1309 5315 esse.
1373 5259 1479 5315 Sed
1521 5262 1697 5331 potius
1735 5266 2025 5318 secundum
2059 5279 2161 5317 non
2198 5256 2201 5263 ’

579 5368 699 5409 εεεε
721 5351 1092 5408 constituenda
1132 5359 1246 5420 est,
1274 5358 1332 5405 ut
1366 5350 1568 5405 dicatur
1600 5353 1853 5420 possibile
1887 5370 1988 5407 non
2021 5370 2161 5420 esse,

582 5448 917 5517 negationem
959 5444 1075 5515 ejus
1124 5459 1387 5515 essequm
1428 5445 1557 5497 dicit
1587 5445 1842 5512 possibile
1871 5462 2011 5501 csse.
2056 5448 2161 5501 Sed
2200 5450 2203 5453 ’

514 5534 539 5554 ’⁷
582 5537 628 5589 si
660 5536 782 5601 hoc,
809 5536 998 5605 inquit,
1030 5536 1273 5600 dicimus,
1320 5537 1603 5591 afﬁrmatio
1633 5547 1686 5589 et
1714 5538 1925 5605 negatio
1956 5549 2169 5592 contra-
2198 5544 2203 5547 ’

583 5629 822 5682 dicteria:
870 5644 1052 5683 verum
1105 5631 1242 5683 inter
1289 5644 1346 5683 se
1389 5628 1692 5696 falsumque
1745 5646 1850 5683 non
1900 5622 2203 5686 dividunt.’

506 5758 513 5763 η
583 5721 754 5776 Omne
776 5724 915 5775 enim
948 5723 1085 5787 quod
1115 5731 1291 5790 potest
1313 5736 1453 5788 esse,
1489 5721 1625 5777 idem
1660 5724 1815 5776 ctiam
1848 5710 2038 5792 potest
2063 5741 2164 5779 non

586 5824 723 5866 esse.
769 5814 919 5880 Quid
945 5813 1085 5868 enim
1130 5824 1297 5882 potest
1330 5814 1515 5881 dividi,
1543 5815 1684 5871 idem
1719 5814 1897 5882 potest
1938 5831 2045 5871 non
2088 5817 2169 5873 di-
2202 5816 2205 5825 ’

2263 4704 2383 4774 quis
2411 4705 2537 4760 dicit
2571 4721 2683 4759 eam
2712 4721 2831 4760 esse
2853 4706 3356 4767 contradictionem,
3389 4706 3518 4759 dicit
3539 4704 3846 4759 consentire

2265 4798 2363 4852 sibi
2391 4798 2890 4865 contradictionem,
2921 4799 3059 4869 quod
3086 4798 3416 4868 impossibile
3441 4808 3547 4852 est.
3570 4800 3681 4851 Aut
3708 4807 3846 4851 certe

2267 4905 2372 4945 non
2401 4891 2451 4944 in
2499 4891 2746 4945 omnibus
2787 4890 3231 4945 allirmationihus
3259 4900 3315 4945 et
3345 4890 3723 4961 negationibus
3764 4907 3819 4943 se

2267 4983 2498 5037 cundum
2528 5000 2650 5038 esse
2692 4992 2747 5040 et
2772 5000 2876 5038 non
2906 5000 3025 5039 esse
3055 5000 3116 5040 ea
3148 5001 3269 5053 qua:
3317 4994 3696 5054 opponuntur,
3743 4986 3850 5037 lieri

2271 5074 2656 5133 al'lirmationes
2684 5088 2736 5132 et
2767 5078 3108 5148 negationes,
3156 5079 3208 5132 id
3242 5087 3325 5132 est
3365 5094 3469 5133 non
3502 5079 3556 5133 in
3603 5079 3849 5132 omnibus

2269 5167 2714 5224 aflirmationibus
2736 5181 2791 5225 et
2822 5171 3196 5241 negationibus
3224 5172 3521 5225 secundum
3557 5172 3853 5241 oppositio«

2270 5278 2390 5316 nem
2416 5278 2533 5317 esse
2558 5264 2640 5315 vel
2670 5278 2774 5317 non
2801 5278 2939 5328 esse,
2969 5264 3048 5317 vel
3071 5279 3256 5318 eorum
3278 5265 3561 5319 verborum
3583 5280 3709 5333 qua:
3737 5279 3853 5319 esse

2271 5357 2564 5417 continent,
2607 5356 2718 5410 fieri
2766 5357 3263 5412 Contradictionem.
3312 5357 3368 5413 Si
3427 5373 3593 5426 ergo,
3646 5356 3855 5427 inquit,

2277 5447 2404 5501 illud
2449 5448 2831 5517 impossibilins
2875 5458 2989 5516 est,
3024 5448 3125 5505 hoc
3164 5454 3268 5503 erit
3317 5451 3487 5519 magis
3528 5450 3854 5517 eligendum.

2276 5539 2392 5595 Duo
2422 5556 2583 5610 supra
2634 5550 2883 5608 posuerat
2912 5557 3031 5611 qua!
3079 5557 3144 5595 ex
3193 5541 3511 5611 supradictis
3562 5541 3854 5596 rationilm

2276 5634 2573 5698 evenirent,
2610 5642 2663 5687 at
2694 5650 2853 5687 unum
2888 5644 2941 5687 et
2985 5634 3123 5687 idem
3156 5634 3332 5690 dicere
3377 5643 3430 5686 et
3474 5649 3673 5702 negare
3704 5635 3853 5686 sinu:

2278 5727 2346 5781 de
2377 5726 2589 5792 eodem,
2626 5725 2671 5779 id
2699 5737 2779 5780 est
2814 5735 2870 5779 ut
2896 5737 2947 5780 et
2977 5726 3140 5780 dictio
3172 5734 3227 5780 et
3257 5723 3467 5793 negatio
3492 5724 3629 5779 idem
3654 5736 3851 5779 essent,

2279 5819 2441 5874 simul
2468 5818 2533 5891 de
2561 5819 2749 5874 eodem
2779 5820 3083 5888 prmdicatm
3112 5819 3319 5885 sibique
3347 5818 3595 5876 Consenti
3630 5828 3743 5873 ent.
3776 5834 3854 5869 w
