4060 6330
210 361 313 418 595

943 353 1010 409 ΙΝ
1048 350 1304 408 LIBRUM
1346 348 1433 405 DE
1474 343 2118 403 INTERPRETATIONE
2157 342 2384 403 EDITIO
2418 347 2754 406 SECUNDA.

3379 351 3481 407 594

210 493 316 536 ιιοιι
366 464 659 532 secundum
711 484 831 526 esse
862 470 945 524 vel
991 485 1094 524 non
1138 482 1279 545 esse,
1308 462 1793 521 contradictionem
1821 459 1869 518 Α
1894 460 2206 530 impossibile
2227 480 2360 530 esse,
2391 482 2490 519 non
2524 484 2582 519 ea
2608 483 2723 538 qute
2751 476 2825 521 est
2854 466 3163 535 intpossibzle
3204 486 3321 547 non,
3345 486 3476 538 esse,

212 570 351 626 ﬁeri.
402 568 508 624 Sed
540 565 792 620 videntur
822 571 1045 629 utraque
1092 560 1241 629 quasi
1293 554 1688 629 quodammodo
1725 556 1796 607 in-

212 661 586 717 convenientia
619 672 759 721 esse,
788 657 984 724 quippe
1012 671 1131 708 cutn
1158 653 1287 708 illud
1315 668 1478 705 unum
1508 652 1668 704 etiam
1700 649 1800 703 itn-

215 752 474 823 possibile
522 750 613 813 sit,
667 758 723 802 ut
772 745 1056 800 afﬁrmatio
1094 745 1409 814 negatioque
1434 741 1794 801 consentiant,

215 845 346 900 illud
379 845 607 898 alterum
641 856 746 894 non
777 838 1071 894 secundum
1120 853 1238 892 esse
1270 836 1354 890 vel
1387 849 1491 889 non
1543 849 1662 887 esse
1691 832 1803 886 ﬁeri

218 934 614 1005 oppositiones,
646 930 1043 986 ittcnnsentiens
1068 930 1138 984 sit
1168 930 1285 983 aliis
1317 926 1800 998 propositionibus,

217 1027 502 1098 inquibus
544 1027 645 1080 hoc
694 1024 852 1078 modo
885 1023 998 1077 ﬁeri
1050 1022 1527 1076 ctmtradictionetn
1580 1018 1808 1073 manife-

218 1132 362 1174 stutn
396 1133 498 1173 εει.
530 1117 681 1172 Νιιιιε
716 1131 845 1185 ergo
872 1116 973 1169 hoc
1000 1114 1161 1181 dicit,
1194 1116 1445 1184 quoniam
1478 1122 1767 1180 utrumque
1789 1150 1804 1177 ,

219 1212 413 1280 inquit,
440 1210 823 1265 inconveniens
837 1217 939 1273 est,
957 1223 1118 1261 unum
1151 1222 1216 1260 ex
1247 1206 1330 1259 his
1351 1204 1806 1285 cribeligendum,

222 1305 275 1360 id
326 1304 578 1374 estquod
626 1304 800 1356 minus
827 1311 907 1356 est
949 1300 1311 1369 impossibile,
1348 1300 1448 1352 hoc
1490 1296 1809 1352 sumendum

225 1406 325 1451 est.
360 1398 534 1451 Minus
562 1405 743 1448 autem
789 1403 871 1447 est
902 1392 1252 1462 impossibile,
1285 1401 1343 1444 ttt
1369 1389 1662 1444 secundum
1690 1402 1811 1441 esse

227 1499 413 1545 etnon
444 1504 563 1543 esse
610 1502 715 1541 non
751 1486 877 1539 ﬁant
923 1486 1308 1554 oppositiones.
1346 1483 1456 1536 Hoc
1493 1482 1636 1536 enim
1680 1478 1811 1533 nihil

226 1579 495 1650 prohibet.
532 1577 659 1631 Illud
687 1587 863 1631 autem
892 1575 1272 1644 itnpossibilins
1303 1583 1406 1636 est,
1437 1583 1495 1626 ιιι
1527 1572 1814 1625 afﬁrmatio

226 1670 551 1739 negatioque
593 1669 693 1723 sibi
739 1668 1115 1730 consentiant,
1141 1667 1242 1719 hoc
1287 1664 1448 1735 igitur
1480 1664 1581 1719 erit
1620 1663 1815 1731 eligen-

232 1762 358 1818 dum
390 1763 583 1831 potius,
616 1762 666 1815 id
694 1770 776 1815 est
804 1761 899 1814 has
924 1774 1043 1828 qum
1070 1775 1189 1814 cum
1221 1758 1383 1812 modo
1409 1766 1534 1811 sunt
1563 1755 1815 1823 proposi-

1904 555 1993 609 sed
2022 573 2121 609 non
2146 557 2457 625 impossibile
2482 575 2607 623 esse,
2636 564 2749 631 ejus
2781 577 2899 615 vero
2928 577 3040 629 quae
3078 571 3148 617 est
3168 563 3484 631 impossibile

1904 664 2004 701 non
2036 666 2163 716 esse,
2188 666 2246 702 ea
2272 665 2386 717 qua:
2411 659 2483 704 εει
2515 668 2616 705 non
2641 653 2952 721 impossibile
2973 657 3056 708 ‘est
3083 671 3185 708 non
3212 672 3337 710 esse.

1974 740 2350 809 Appositiones
2378 751 2532 797 vocat
2562 743 2991 813 praedicationes,
3018 745 3145 800 dicit
3170 762 3296 815 ergo
3326 747 3380 801 in
3403 722 3487 803 liis

1908 831 2354 899 propositionibus
2396 847 2516 901 qua:
2564 843 2757 901 praeter
2782 835 3011 905 aliquem
3053 838 3267 891 modum
3300 838 3489 893 dicun-

1908 935 2024 989 tttr,
2064 924 2420 995 prmdicantur
2447 926 2659 996 quidem
2703 944 2915 999 semper
2944 945 3063 986 esse
3101 941 3155 985 et
3200 947 3303 987 non
3333 946 3486 998 esse,

1912 1019 1990 1073 vel
2033 1033 2093 1072 ea
2125 1019 2285 1074 verba
2316 1035 2433 1089 quae
2463 1034 2582 1075 esse
2630 1021 2922 1088 continent,
2958 1023 3317 1093 subjiciuntur
3363 1039 3491 1078 vero

1910 1126 1998 1166 res
2027 1111 2095 1166 de
2123 1112 2313 1182 quibus
2341 1112 2425 1165 illa
2457 1111 2842 1182 praedicantur,
2883 1123 2940 1169 ut
2961 1114 3170 1181 album,
3210 1131 3329 1169 cum
3359 1114 3493 1170 dici-

1912 1219 2030 1259 mus
2051 1205 2228 1260 album
2260 1217 2363 1270 est,
2393 1208 2473 1260 vel
2503 1209 2662 1262 homo
2688 1223 2808 1263 cutn
2834 1207 3059 1262 dicimus
3084 1208 3245 1263 homo
3269 1220 3368 1264 εει.
3400 1212 3493 1265 At-

1913 1316 2016 1370 que
2058 1299 2177 1355 ideo
2205 1300 2455 1369 quoniam
2490 1300 2542 1354 in
2575 1299 2656 1355 his
2706 1301 3015 1369 praedicatio
3064 1311 3225 1355 totam
3256 1304 3496 1357 continet

1914 1392 2353 1463 propositionem,
2388 1392 2664 1447 veritatem
2685 1403 2735 1446 et
2761 1393 3040 1447 falsitatem
3074 1394 3379 1458 praedicatio
3405 1394 3495 1448 illa

1916 1483 2257 1538 determinat.
2288 1483 2617 1538 Prazdicatur
2644 1494 2819 1538 autem
2846 1492 2983 1538 esse
3013 1484 3095 1537 vel
3128 1483 3324 1554 aliquid
3355 1485 3496 1554 quod

1917 1588 2037 1630 esse
2083 1576 2338 1629 continet.
2366 1574 2493 1630 lure
2541 1574 2837 1629 secundum
2868 1588 2990 1629 esse
3016 1585 3069 1629 et
3092 1590 3196 1628 non
3224 1589 3342 1630 esse
3364 1590 3497 1630 con-

1918 1667 2263 1723 tradictiones
2293 1676 2578 1737 ponuntur.
2612 1669 2666 1723 ltt
2700 1667 2781 1723 his
2808 1677 3007 1725 autem.
3034 1666 3085 1721 id
3118 1676 3200 1721 est
3228 1667 3279 1719 in
3308 1653 3499 1735 quibus

1921 1759 2111 1813 modus
2135 1760 2324 1829 aliquis
2348 1760 2663 1829 prmdicatur
2685 1775 2805 1815 esse
2833 1760 3045 1830 quidem
3070 1758 3369 1828 subjectum
3396 1767 3502 1824 est,

230 1858 405 1912 tiones
436 1872 541 1910 non
572 1870 665 1910 eas
695 1854 891 1908 habere
917 1854 1309 1922 oppositiones,
1351 1866 1474 1920 quas
1519 1850 1815 1903 secundum
1844 1842 1893 1902 Β
1922 1850 2002 1905 vel
2025 1865 2086 1903 ea
2119 1849 2281 1905 verba
2315 1866 2433 1919 quae
2453 1865 2573 1906 esse
2602 1850 2894 1906 continent.
2926 1851 3114 1907 Modus
3150 1860 3325 1904 autem
3357 1849 3503 1907 solus

233 1964 350 2004 esse
379 1949 462 2004 vel
514 1963 618 2001 non
657 1961 778 2001 esse
803 1948 965 2014 ﬁunt,
994 1946 1088 2000 sed
1136 1947 1308 2016 potius
1347 1960 1437 1998 eas
1463 1936 1586 2013 quin
1614 1942 1677 1995 ad
1705 1956 1819 1993 mo-

234 2040 357 2094 dum
405 2047 692 2107 ponuntur.
747 2039 859 2091 Non
909 2049 1087 2092 autem
1141 2038 1279 2092 dixit
1326 2037 1397 2090 ita
1440 2033 1820 2103 impossibilius

234 2142 336 2197 est,
366 2141 615 2200 tanquam
647 2132 691 2185 si
723 2128 950 2185 alterum
996 2131 1325 2200 impossibile
1369 2130 1457 2183 sit.
1492 2128 1596 2183 Sed
1623 2128 1687 2180 ad
1718 2126 1823 2180 hoc

236 2223 414 2292 potius
444 2223 627 2277 retulit
668 2220 810 2289 quod
839 2230 1063 2290 utraque
1089 2223 1239 2291 quasi
1272 2221 1701 2276 inconvenientia
1743 2217 1824 2273 vi-

237 2312 451 2378 dentur,
497 2328 723 2383 quorum
779 2328 942 2366 unum
979 2313 1137 2366 etiam
1184 2311 1517 2381 impossibile
1564 2326 1685 2367 esse
1716 2326 1823 2365 non

239 2404 456 2459 dubium
483 2412 585 2467 est,
619 2404 745 2458 hinc
773 2418 987 2473 quoque
1028 2403 1293 2474 disposuit
1339 2404 1585 2457 ordinem
1633 2418 1827 2457 secun-

241 2495 365 2551 dum
393 2495 613 2555 modum
634 2497 865 2565 aliquem
885 2496 1345 2567 pronuntiatarnm
1369 2497 1821 2567 propositionum,

242 2603 359 2657 qua:
390 2603 496 2642 non
544 2587 837 2642 secundum
887 2603 1010 2642 esse
1054 2589 1366 2657 negationes
1412 2598 1655 2659 ponunt,
1702 2589 1829 2643 dicit

243 2680 388 2734 enim
416 2697 428 2733 :
464 2679 557 2733 Est
586 2693 718 2749 ergo
750 2679 962 2747 negatio
990 2679 1110 2749 ejus
1134 2695 1251 2750 qua:
1288 2692 1369 2734 est
1403 2680 1655 2748 possibile
1685 2695 1828 2747 esse,

245 2787 309 2828 ea
338 2787 458 2840 quas
490 2781 592 2838 est,
634 2787 740 2826 non
773 2772 1026 2840 possibile
1056 2787 1175 2827 esse
1197 2814 1210 2836 ,
1254 2773 1594 2841 negationem
1625 2772 1832 2826 scilicet

244 2864 449 2919 addens
473 2878 579 2919 non
630 2865 693 2919 ad
746 2878 865 2919 esse
894 2866 1153 2931 verbum,
1188 2865 1281 2919 sed
1323 2866 1389 2918 ad
1431 2864 1647 2920 modum
1689 2865 1832 2934 quod

246 2967 329 3011 est
379 2956 655 3027 possibile,
705 2956 947 3012 eamdem
996 2972 1207 3027 quoque
1247 2957 1513 3011 rationem
1541 2957 1671 3011 dicit
1715 2971 1835 3010 esse

250 3058 308 3104 et
338 3050 390 3102 in
420 3051 871 3123 contingentibus.
914 3049 1044 3119 Ejus
1069 3051 1211 3106 enim
1253 3067 1373 3119 quae
1403 3058 1487 3105 est
1524 3051 1837 3120 contingere

251 3153 405 3205 esse,
437 3139 649 3209 negatio
674 3149 756 3194 est
786 3156 890 3194 non
943 3143 1254 3212 contingere
1285 3157 1426 3198 esse.
1477 3142 1643 3197 Docet
1673 3144 1837 3197 etiam

1924 1942 2321 2012 quodammodo
2353 1938 2693 2009 praedicatur,
2733 1958 2855 1998 nam
2882 1943 3024 2013 quod
3054 1942 3249 1997 dicitur
3280 1956 3398 1996 esse
3417 1955 3506 1996 so-

1927 2038 2034 2089 lum
2066 2035 2181 2090 sine
2210 2035 2369 2090 modo
2396 2037 2574 2105 aliquo
2621 2037 2785 2107 ipsius
2825 2037 2903 2092 rei
2949 2037 3244 2092 substantia
3276 2050 3507 2107 pronuno

1928 2127 2109 2193 tiatur,
2139 2137 2194 2183 et
2218 2129 2475 2197 quatritur
2504 2130 2553 2181 in
2581 2143 2647 2182 eo
2667 2128 3063 2197 quodammodo
3094 2144 3158 2182 an
3188 2128 3277 2194 sit,
3312 2128 3509 2183 idcirco

1927 2235 2048 2276 esse
2068 2230 2299 2289 ponente
2328 2222 2682 2277 afﬁrmatione
2723 2222 2882 2289 dicit,
2909 2222 3118 2291 negatio
3148 2237 3252 2275 non
3281 2235 3420 2277 esse.
3453 2221 3513 2278 In

1929 2314 2013 2368 his
2042 2323 2221 2367 autem
2256 2315 2307 2366 in
2355 2314 2547 2381 quibus
2589 2314 2778 2369 modus
2818 2314 3009 2385 aliquis
3037 2324 3149 2379 est,
3183 2328 3288 2368 non
3318 2314 3512 2369 dicitur

1929 2406 2129 2476 aliquid
2151 2420 2292 2469 esse,
2319 2406 2412 2460 sed
2441 2420 2563 2460 cum
2599 2407 2855 2476 qualitate
2880 2406 3106 2477 quadam
3135 2421 3275 2474 esse,
3311 2415 3367 2460 ut
3395 2419 3514 2463 esse

1929 2499 2144 2568 quidem
2178 2513 2277 2551 nec
2299 2496 2584 2552 affirmatio
2607 2498 2861 2567 ambigat,
2894 2514 2992 2553 nec
3018 2500 3249 2568 negatio.
3284 2498 3357 2553 De
3386 2513 3515 2566 qua-

1931 2592 2081 2646 litate
2111 2602 2313 2657 autem,
2354 2590 2405 2645 id
2440 2600 2522 2647 est
2552 2592 2817 2660 quomodo
2846 2592 2934 2654 sit,
2981 2603 3105 2645 tunc
3144 2592 3285 2646 inter
3310 2590 3515 2661 aliquos

1934 2683 2239 2748 dubitatur,
2270 2691 2429 2752 atque
2458 2681 2580 2737 ideo
2628 2692 2859 2751 ponente
2910 2681 3088 2750 aliquo
3141 2682 3391 2751 quoniam
3420 2680 3517 2734 So-

1935 2785 2111 2830 crates
2140 2775 2277 2830 bene
2308 2776 2539 2845 loquitur
2559 2816 2573 2838 ,
2606 2789 2710 2829 non
2744 2774 2957 2843 ponitur
2988 2774 3200 2843 negatio
3222 2814 3236 2835 ,
3265 2771 3519 2839 quoniam

1938 2868 2072 2921 bene
2109 2883 2213 2921 non
2247 2866 2509 2935 loquitur,
2549 2866 2643 2921 sed
2670 2865 2919 2935 quoniam
2947 2880 3054 2919 non
3089 2865 3223 2918 bene
3258 2863 3518 2933 loquitur.

1938 2958 2143 3016 Idcirco
2170 2960 2420 3028 quoniam
2468 2960 2562 3028 (ut
2588 2957 2786 3013 dictum
2817 2958 2933 3025 est)
2966 2973 3069 3011 non
3098 2958 3163 3011 ad
3193 2971 3313 3011 esse
3342 2956 3424 3011 vel
3454 2955 3522 3015 ad

1939 3064 2000 3105 ea
2028 3050 2190 3105 verba
2214 3065 2333 3121 qua:
2361 3063 2479 3104 esse
2508 3050 2807 3115 continent,
2833 3058 2886 3103 et
2913 3048 3329 3118 propositionem
3356 3056 3521 3102 totam

1943 3142 2297 3208 constituunt,
2326 3141 2418 3196 sed
2450 3143 2624 3211 potius
2663 3140 2949 3196 admodum
2989 3141 3280 3196 intenditur
3316 3138 3525 3194 animus

254 3230 321 3285 de
369 3231 675 3284 necessario
724 3241 776 3284 et
806 3231 1123 3300 itnpossibili
1171 3234 1310 3288 idem
1342 3235 1443 3289 sibi
1475 3234 1663 3288 videri.
1708 3234 1839 3300 Quae
1867 3218 1915 3283 ε
1945 3234 2230 3301 audientis,
2253 3249 2373 3289 cum
2403 3234 2687 3289 afﬁrmatio
2730 3234 2924 3303 aliquid
2967 3248 3088 3288 esse
3118 3231 3443 3302 pronuntiat.
3468 3228 3525 3285 Si

254 3330 429 3376 autem
473 3333 660 3376 natura
688 3323 758 3377 sit
807 3324 966 3393 hujus
1000 3327 1369 3395 oppositionis,
1419 3328 1541 3382 licet
1580 3328 1832 3395 breviter,

256 3415 604 3470 veracissime
650 3424 825 3470 tamen
876 3433 1129 3485 expressa
1160 3427 1270 3484 cst,
1301 3419 1368 3473 de
1410 3435 1512 3488 qua
1544 3434 1642 3474 nos
1680 3434 1839 3488 supeo

258 3506 367 3560 rius
396 3505 594 3561 diutius
626 3508 784 3561 locuti
815 3522 1039 3575 smnus;
1067 3510 1210 3579 quod
1238 3512 1281 3565 si
1312 3511 1434 3579 quis
1468 3512 1839 3582 perspicacius

259 3599 482 3653 intendit
509 3600 650 3653 illius
682 3601 1089 3670 intelligentiam
1122 3603 1245 3664 loci.
1271 3617 1393 3657 cum
1442 3602 1540 3656 hac
1570 3602 1834 3673 gradatim

259 3690 629 3757 proﬁciscente
660 3693 1003 3760 espositione
1032 3695 1411 3751 communicet.

330 3781 488 3836 Fiunt
530 3785 665 3837 enim
706 3786 1133 3854 quemadmodum
1161 3787 1213 3840 in
1238 3786 1343 3841 illis
1386 3805 1493 3842 esse
1528 3798 1576 3843 et
1607 3805 1708 3843 non
1737 3806 1846 3844 esse

258 3874 632 3941 oppositiones,
675 3875 902 3945 subjecta
947 3894 1062 3930 vero
1106 3895 1213 3941 res,
1265 3878 1359 3932 Itoc
1383 3880 1590 3949 quidem
1639 3880 1842 3945 album,

259 3963 392 4017 illud
415 3980 531 4017 vero
556 3968 722 4018 homo.
753 3967 845 4021 Sic
874 3967 970 4020 hoc
1009 3968 1140 4033 loco,
1172 3986 1280 4025 esse
1303 3972 1504 4039 quidem
1533 3980 1579 4025 et
1612 3989 1713 4026 non
1742 3989 1848 4026 esse

236 4055 545 4119 _subjectum
580 4056 669 4122 ﬁt,
695 4060 986 4129 contingere
1024 4076 1138 4114 vero
1184 4072 1230 4114 et
1262 4078 1440 4126 posse,
1470 4066 1846 4133 oppositiones,

263 4145 653 4200 delet-minantes
682 4152 1104 4216 quemadmodum
1132 4153 1188 4205 in
1234 4153 1336 4207 illis
1366 4170 1472 4206 esse
1494 4165 1545 4209 et
1576 4172 1677 4208 non
1709 4172 1848 4222 esse,

263 4236 525 4288 veritatem
555 4246 600 4289 et
626 4237 917 4305 falsitatem,
943 4241 1015 4294 sic
1047 4243 1127 4294 ltic
1173 4243 1222 4296 in
1248 4258 1306 4296 eo
1336 4246 1472 4312 quod
1500 4256 1573 4298 est
1598 4262 1707 4302 esse
1735 4265 1852 4316 pos-

265 4331 429 4394 sibile,
458 4341 504 4384 et
544 4348 651 4385 esse
680 4351 779 4386 non
811 4336 1067 4402 possibile.
1117 4336 1245 4406 Ejus
1269 4354 1383 4390 vero
1427 4355 1539 4406 qua:
1565 4351 1668 4406 est,
1691 4343 1853 4409 possi-

266 4421 365 4475 bile
392 4433 464 4476 est
495 4440 595 4477 non
630 4441 761 4489 esse,
794 4429 994 4497 negatio
1028 4438 1097 4483 est
1130 4445 1230 4481 non
1259 4445 1319 4481 ea
1347 4446 1460 4497 qua:
1481 4438 1573 4496 est,
1606 4447 1706 4484 non
1733 4448 1845 4499 pos.

267 4514 412 4567 sibile
452 4531 587 4584 esse,
618 4518 709 4570 sed
758 4534 813 4572 ea
843 4535 953 4588 qum
982 4531 1077 4584 est,
1111 4536 1214 4574 non
1240 4521 1478 4589 possibile
1507 4538 1608 4575 non
1634 4539 1758 4575 esse.
1786 4521 1853 4575 Et

1944 3331 2103 3400 igitur
2134 3330 2234 3385 hoc
2251 3332 2489 3385 continet
2509 3332 2672 3385 tetius
2694 3329 3078 3399 propositionis
3107 3328 3231 3394 vim,
3263 3330 3407 3398 quod
3432 3342 3527 3383 au.

1945 3432 2048 3476 teut
2084 3422 2588 3492 propositionispvitn
2620 3420 2858 3476 continet
2883 3421 3223 3490 prredicatur,
3255 3431 3308 3475 et
3334 3436 3528 3476 secun-

1943 3516 2067 3569 dum
2102 3515 2151 3571 id
2179 3516 2321 3586 quod
2368 3514 2689 3585 prmdicatur
2716 3528 2929 3580 semper
2976 3512 3342 3583 oppositiones
3372 3512 3528 3579 ﬁunt,

1944 3615 2091 3662 recte
2121 3606 2250 3661 solis
2272 3606 2445 3660 modis
2472 3606 2552 3659 vis
2574 3604 2871 3676 negationis
2898 3604 3204 3673 apponitur.
3232 3602 3324 3657 llis
3348 3612 3529 3657 autem

1945 3696 2333 3755 rationabiliter
2359 3696 2659 3751 constitutis
2691 3694 2822 3750 illud
2847 3707 3035 3749 rursus
3056 3693 3369 3764 exsequitur
3386 3692 3530 3763 quod

1946 3809 2055 3849 non
2076 3791 2235 3848 modo
2252 3790 2601 3846 contradictio
2627 3805 2731 3844 non
2749 3798 2833 3844 est
2846 3802 3005 3859 posse
3021 3803 3143 3843 esse
3161 3795 3215 3842 et
3243 3801 3402 3857 posse
3423 3802 3532 3842 non

1950 3899 2088 3949 esse,
2115 3898 2299 3938 verum
2318 3882 2479 3953 etiam
2505 3879 2806 3951 bujusmodi
2829 3878 3242 3949 propositiones,
3268 3893 3387 3949 qua:
3409 3892 3533 3933 cum

1938 3978 2111 4051 modo
2132 3984 2257 4031 sunt
2284 3975 2493 4045 positae,
2518 3973 2855 4053 negationem
2889 3982 3066 4026 tamen
3086 3971 3284 4026 habent
3314 3969 3379 4025 ad
3412 3984 3535 4025 esse

1947 4073 2210 4139 junctam,
2239 4068 2457 4122 omnino
2473 4067 2781 4137 negationes
2811 4078 2916 4119 non
2944 4074 3087 4130 sunt,
3114 4062 3205 4118 sed
3221 4063 3534 4117 afﬁrmatio-

1952 4177 2071 4224 nes,
2107 4170 2331 4229 possunt
2363 4160 2503 4214 enim
2552 4173 2736 4213 earum
2780 4158 3090 4227 negationes
3131 4156 3249 4210 alia:
3292 4156 3533 4225 reperiri.

1952 4252 2043 4306 Ait
2062 4253 2205 4306 enim
2233 4268 2245 4303 :
2279 4250 2408 4319 Ejus
2431 4265 2555 4304 vero
2575 4266 2693 4319 qua:
2718 4260 2800 4305 est
2821 4249 3074 4319 possibile
3097 4263 3203 4303 non
3232 4261 3352 4301 esse
3376 4262 3535 4318 nega-

1956 4347 2030 4399 tio
2061 4351 2163 4410 est,
2210 4359 2314 4399 non
2352 4344 2603 4413 possibile
2633 4359 2739 4397 non
2785 4357 2937 4408 esse,
2971 4343 3022 4396 in
3056 4350 3290 4406 tantum,
3318 4341 3534 4412 inquit,

1955 4453 2061 4493 non
2085 4446 2167 4493 est
2195 4438 2302 4492 ulla
2334 4438 2686 4505 contradictio
2710 4438 2827 4506 ejus
2860 4451 2981 4507 qua:
3019 4448 3101 4492 est
3130 4450 3289 4506 posse
3324 4450 3444 4491 esse
3487 4444 3542 4490 et

1957 4533 2075 4602 ejus
2103 4548 2223 4603 qua:
2252 4540 2334 4587 est
2358 4547 2516 4603 posse
2549 4548 2655 4589 non
2684 4547 2803 4586 esse
2822 4573 2837 4597 ,
2880 4541 2938 4585 ut
2976 4546 3039 4586 ea
3080 4546 3200 4599 quae
3224 4530 3355 4586 dicit
3381 4543 3541 4601 posse

268 4606 378 4673 ejus
401 4621 512 4673 qua:
535 4616 607 4659 est
630 4608 869 4677 possibile
889 4620 959 4663 est
981 4626 1106 4677 esse,
1140 4628 1240 4664 non
1261 4629 1320 4664 ea
1354 4628 1469 4679 quae
1490 4622 1581 4679 est,
1617 4612 1834 4682 possibili

1960 4641 2067 4681 non
2099 4641 2250 4691 esse,
2282 4641 2390 4680 non
2434 4640 2553 4680 esse
2597 4625 2847 4696 negatio,
2893 4625 2989 4680 sed
3036 4626 3213 4697 potius
3256 4624 3545 4680 affirmatio

269 4707 341 4747 est
372 4711 471 4747 non
491 4713 618 4764 esse,
642 4699 731 4750 sed
751 4715 807 4752 ea
828 4718 940 4768 qttw
960 4712 1031 4755 est
1058 4719 1158 4757 non
1178 4704 1417 4774 possibile
1440 4716 1509 4759 est
1527 4722 1652 4759 esse.
1684 4708 1857 4773 Quare

271 4794 317 4837 et
344 4789 485 4853 sequi
514 4804 619 4842 sese
648 4791 861 4844 invicem
900 4795 1204 4849 videbuntur
1237 4799 1336 4861 lue,
1369 4799 1607 4866 possibile
1634 4809 1853 4866 estesse,

272 4880 507 4947 possibile
530 4890 602 4933 est
631 4898 735 4934 non
777 4899 905 4938 esse.
941 4884 1087 4939 Idem
1123 4890 1260 4942 enim
1290 4891 1527 4958 possibile
1551 4901 1626 4945 est
1656 4908 1783 4956 esse,
1813 4903 1859 4947 et

273 4984 373 5021 non
398 4984 523 5023 esse.
569 4969 689 5024 Non
736 4975 872 5028 enim
917 4979 1339 5034 contradictiones
1369 4993 1488 5035 sunt
1516 4984 1612 5036 sibi
1652 4986 1862 5040 invicem

274 5062 599 5134 bujusmodi,
631 5069 869 5134 possibile
914 5087 1050 5133 esse,
1098 5082 1143 5125 et
1174 5075 1411 5142 possibile
1455 5093 1559 5129 non
1601 5094 1738 5144 esse,
1770 5080 1859 5133 sed

273 5156 514 5224 possibile
539 5169 614 5213 est
644 5177 771 5228 esse,
819 5174 867 5217 et
915 5181 1017 5218 non
1058 5168 1296 5234 possibile
1329 5178 1561 5233 estesse,
1598 5188 1861 5241 nunquam

272 5247 428 5301 simul
459 5252 509 5303 in
549 5254 726 5305 eodem
756 5270 883 5308 certe
925 5266 1061 5310 sunt.
1095 5257 1439 5328 Opponttnlur
1466 5260 1619 5315 enim.
1652 5263 1717 5314 At
1745 5278 1862 5316 vero

272 5357 371 5393 nec
403 5343 644 5410 possibile
672 5356 744 5398 est
774 5362 873 5400 non
901 5364 1029 5417 esse,
1055 5359 1100 5407 et
1122 5366 1223 5404 non
1252 5352 1493 5421 possibile
1516 5361 1587 5406 est
1611 5369 1712 5406 non
1733 5370 1858 5420 esse,

273 5448 535 5498 umquam
564 5436 719 5490 simul
742 5454 869 5493 vera:
890 5449 1026 5494 sunt.
1064 5440 1317 5496 Similiter
1343 5452 1512 5496 autent
1541 5454 1588 5497 et
1616 5446 1727 5511 eius
1754 5461 1866 5513 quae

272 5536 348 5579 est
378 5530 718 5581 necessarium
752 5547 889 5597 esse,
939 5534 1139 5601 negatio
1168 5550 1268 5587 non
1298 5544 1368 5588 est
1398 5552 1456 5588 ea
1484 5553 1597 5604 qum
1630 5548 1703 5591 εει
1721 5582 1735 5600 ,
1771 5555 1865 5592 tte-

276 5633 553 5705 tessarium
597 5649 697 5685 non
740 5650 846 5690 esse
868 5676 882 5699 ,
905 5636 994 5688 sed
1018 5652 1077 5689 ea
1105 5653 1219 5705 qum
1248 5648 1321 5692 est
1339 5677 1355 5702 ,
1396 5656 1495 5694 non
1526 5642 1864 5697 necessarium

276 5740 407 5779 esse.
442 5725 573 5797 Ejus
600 5743 715 5781 vero
743 5744 857 5799 qua:
900 5739 975 5785 est
1006 5733 1340 5786 necessarium
1382 5744 1456 5787 est
1498 5751 1598 5789 non
1644 5751 1780 5801 esse,
1808 5753 1869 5791 ea

279 5832 395 5886 qua:
432 5826 528 5887 est,
572 5835 676 5875 non
714 5824 1059 5895 necessarium
1087 5839 1188 5878 non
1215 5841 1341 5880 esse.
1396 5825 1464 5880 Et
1493 5830 1605 5900 ejus
1639 5844 1752 5896 qum
1797 5839 1870 5883 est

1961 4720 2333 4774 convincatur.
2363 4717 2664 4773 Afﬁrmatio
2704 4727 2880 4773 autem
2904 4718 3246 4776 afﬁrmationi
3274 4735 3544 4791 nunquam

1963 4813 2253 4883 opponitur
2275 4811 2726 4867 contradictorize.
2763 4811 2993 4866 Docetur
3024 4820 3199 4867 autem
3239 4827 3360 4868 esse
3399 4812 3545 4866 affir-

1967 4906 2134 4960 matio
2159 4920 2220 4960 ea
2249 4918 2369 4974 qua:
2409 4902 2571 4975 dicit,
2608 4917 2764 4974 posse
2795 4919 2901 4958 non
2930 4918 3049 4960 esse
3073 4904 3213 4974 quod
3256 4904 3373 4974 ejus
3400 4917 3545 4972 qua:-

1968 4997 2088 5052 dam
2107 4998 2210 5051 alia
2238 4996 2447 5065 negatio
2487 4997 2769 5065 reperitur,
2795 5014 2855 5053 ea
2887 4997 3090 5053 scilicet
3110 5011 3229 5066 quze
3256 4994 3414 5059 dicit,
3439 5008 3545 5048 non

1972 5107 2130 5161 posse
2157 5107 2261 5146 non
2305 5108 2448 5158 esse,
2482 5092 2744 5162 simulque
2784 5091 2914 5147 illud
2941 5092 3208 5162 adjungit:
3239 5089 3369 5144 Cum
3397 5088 3544 5152 sint,

1971 5184 2160 5253 inquit,
2195 5182 2353 5253 hujus
2394 5184 2777 5252 propositionis
2824 5198 2946 5257 qua;
2968 5184 3117 5251 dicit,
3148 5181 3351 5252 aliquid
3391 5194 3551 5250 posse

1968 5288 2108 5339 esse,
2134 5274 2253 5329 duae
2274 5289 2391 5344 quae
2421 5273 2700 5330 videantur
2715 5288 2836 5332 esse
2858 5274 3165 5349 negationes
3189 5316 3203 5339 ,
3244 5286 3306 5327 ea
3348 5271 3553 5326 scilicet

1969 5382 2088 5437 quae
2129 5366 2256 5422 dicit
2284 5381 2441 5437 posse
2482 5382 2587 5422 non
2632 5382 2786 5431 esse,
2811 5378 2866 5439 et
2901 5381 2963 5421 ea
3004 5380 3121 5433 quae
3149 5363 3400 5433 proponit
3445 5376 3552 5415 non

1973 5475 2135 5530 posse
2162 5474 2313 5525 esse,
2357 5459 2482 5514 hinc
2510 5462 2818 5530 agnoscitur
2844 5447 2964 5528 quae
3001 5457 3189 5510 harum
3229 5455 3301 5510 sit
3336 5462 3554 5509 contra-

1936 5618 1939 5621 _
1972 5552 2193 5609 dictoria
2216 5563 2402 5608 contra
2428 5567 2546 5607 eam
2568 5568 2684 5623 quas
2724 5551 2854 5606 dicit
2892 5563 3048 5620 posse
3068 5561 3209 5611 esse,
3242 5545 3550 5601 afﬁrmatio-

1973 5661 2117 5701 ιιειιι.
2154 5647 2282 5713 Quae
2328 5646 2473 5701 enim
2498 5660 2685 5702 verum
2728 5643 3028 5712 falsumque
3066 5653 3188 5695 cum
3217 5652 3278 5693 ea
3330 5636 3553 5705 dividit,

1974 5739 2086 5809 ipsa
2115 5740 2291 5807 potius
2316 5748 2492 5809 potest
2513 5736 2723 5806 negatio
2745 5748 2866 5791 esse
2885 5748 3044 5807 quam
3074 5746 3137 5787 ea
3158 5745 3277 5800 quae
3310 5728 3385 5783 illi
3417 5741 3541 5783 con-

1973 5831 2154 5891 sentit.
2190 5831 2254 5887 Ei
2274 5846 2405 5887 vero
2426 5844 2548 5907 quae
2570 5837 2676 5896 ost,
2698 5842 2856 5903 posse
2885 5841 3025 5895 esse,
3053 5825 3320 5887 consentit
3341 5837 3407 5878 ea
3432 5835 3558 5891 qua
