4090 6342
537 347 644 408 i595

1783 342 1894 402 AN.
1935 339 2146 400 MANL.
2185 336 2341 397 BEV.
2382 335 2606 396 ΒΟΕΤΙΙ

3706 329 3813 386 δυσ

543 463 703 527 diett,
737 475 894 530 posse
919 474 1023 515 non
1050 473 1189 527 esse,
1213 465 1272 514 ut
1310 470 1468 529 supra
1493 453 1606 528 jam
1638 452 1826 523 docui;
1851 469 1914 510 ea
1943 463 2124 510 autem
2148 456 2205 518 Α
2228 464 2370 507 esse.
2400 451 2520 504 Non
2561 443 2706 504 enim
2735 444 3023 504 admodum
3056 445 3218 504 habet
3255 445 3556 516 negativatn
3583 445 3812 518 particu-

544 572 662 628 qum
690 556 850 618 dicit,
881 571 984 607 non
1016 569 1168 620 posse
1196 567 1334 618 esse,
1367 551 1413 606 si
1447 549 1574 604 falsa
1613 561 1716 615 est,
1750 563 1876 604 vera
1899 557 1982 603 est
2002 561 2124 617 quae

546 652 673 704 dicit
721 663 874 716 posse
921 663 1060 703 esse.
1093 647 1196 702 Sed
1227 648 1268 701 si
1303 647 1416 700 lucc
1465 659 1651 700 rursus
1681 645 1814 697 falsa
1841 652 1925 698 est
1949 682 1964 708 ,
1995 655 2124 697 vera

548 739 629 797 est
677 743 764 795 illa
806 757 924 810 qum
967 743 1206 795 enuntiat
1229 756 1332 795 non
1366 754 1523 809 posse
1553 752 1694 792 csse.
1723 736 1970 790 Dividunt
1995 748 2124 805 ergo

544 836 625 901 hae
647 835 924 888 veritatem
951 835 1364 901 falsitateinque,
1383 835 1522 904 quod
1540 835 1590 887 iu
1619 834 1842 902 singulis
1859 831 2124 901 exemplis

540 925 698 980 facile
743 929 932 992 poterit
963 927 1208 979 inveniri.
1232 930 1343 994 Age
1373 927 1516 981 enim
1538 927 1680 981 dicat
1711 929 1943 996 quisme
1968 937 2124 995 posse

541 1019 722 1073 ambul
743 1035 846 1084 =re,
878 1019 963 1074 ille
993 1034 1172 1073 verum
1196 1018 1484 1075 dixerit.Si
1500 1035 1629 1074 vero
1655 1021 1775 1090 quis
1797 1020 1960 1086 dicat,
2016 1033 2122 1072 non

541 1127 698 1183 posse
714 1115 1102 1177 meambolare,
1133 1114 1382 1168 mentitus
1403 1124 1503 1168 est.
1528 1114 1730 1168 Rursus
1763 1115 1807 1168 si
1828 1115 1949 1184 quis
1982 1112 2122 1167 dicat

551 1223 706 1277 posse
725 1208 891 1261 solem
920 1209 1236 1274 consistere,
1266 1211 1545 1263 mentitur.
1581 1208 1635 1263 Si
1665 1208 1784 1276 quis
1829 1221 1960 1261 vero
1983 1207 2124 1260 dicat

539 1317 646 1356 non
674 1319 827 1371 posse
857 1300 1024 1358 solem
1054 1305 1369 1369 consistere,
1395 1303 1462 1360 de
1493 1304 1663 1373 ipsius
1695 1303 1872 1357 nullus
1903 1300 2124 1370 ambigit

542 1393 783 1450 veritate.
824 1395 1075 1449 Dividunt
1119 1411 1247 1465 ergo
1289 1396 1566 1449 veritatem
1599 1394 1994 1462 falsitatemque
2035 1393 2121 1446 hee

538 1486 742 1540 scilicet
770 1502 887 1556 quae
917 1486 1099 1540 dicunt
1123 1529 1138 1554 ,
1179 1495 1338 1555 posse
1384 1501 1506 1541 esse
1533 1495 1587 1540 et
1625 1502 1732 1540 non
1776 1500 1934 1554 posse
1960 1498 2080 1538 esse
2103 1525 2118 1551 ,

538 1575 644 1631 illas
687 1593 815 1630 vero
845 1592 965 1631 sese
991 1591 1286 1646 sequuntur
1326 1594 1446 1646 qua:
1483 1577 1668 1631 dicunt
1702 1591 1859 1644 posse
1905 1589 2023 1630 esse
2068 1583 2124 1630 et

537 1673 699 1739 pesse
731 1684 833 1723 non
864 1684 1004 1724 essm.
1035 1671 1162 1738 Quae
1197 1685 1325 1740 ergo
1347 1669 1447 1724 sibi
1485 1672 1868 1736 consentiunt,
1910 1676 2122 1724 contra-

538 1760 799 1814 dictiones
837 1776 939 1814 non
963 1771 1106 1824 sunt,
1137 1778 1254 1832 quas
1285 1775 1462 1816 autem
1497 1764 1778 1817 veritatem
1803 1762 2122 1816 falsitatem-

2229 543 2334 599 lam
2360 543 2621 614 junctam,
2664 542 2758 600 sed
2801 543 2978 613 potius
3005 557 3069 598 ea
3098 557 3217 612 qua:
3243 542 3398 608 dicit,
3427 556 3534 599 non
3565 542 3812 612 impossi.

2224 633 2333 691 bile
2377 649 2536 700 esse,
2570 634 2654 690 liae
2710 649 2942 705 namque
2992 635 3134 690 inter
3172 650 3232 691 se
3281 650 3466 691 verum
3516 635 3811 709 falsumque

2226 727 2499 800 dividunt,
2546 729 2693 785 illius
2720 743 2848 784 vero
2880 744 3001 799 qua:
3039 727 3107 783 ad
3147 743 3269 783 esse
3315 727 3473 783 habet
3497 727 3810 798 particulam

2225 823 2548 893 negativam,
2574 838 2731 894 quam
2759 823 3174 878 aliirmationem
3197 837 3318 878 esse
3341 821 3678 878 manifestum
3701 833 3808 892 est,

2223 913 2278 969 id
2299 923 2384 970 est
2411 914 2527 984 ejus
2553 931 2672 984 qua:
2700 914 2851 982 dicit,
2881 913 3211 984 impossibile
3233 930 3343 969 non
3363 929 3485 970 esse
3507 930 3569 970 ea
3598 917 3811 985 negatio

2223 1016 2448 1078 estquae
2499 1007 2644 1073 dicit,
2676 1023 2782 1063 non
2836 1007 3168 1078 impossibile
3214 1024 3317 1062 non
3357 1022 3501 1066 esse.
3533 1009 3814 1066 Concludit

2224 1102 2384 1158 etiam
2414 1102 2645 1158 breviter
2684 1101 2736 1158 id
2764 1105 2906 1173 quod
2955 1118 3116 1174 supra
3155 1103 3546 1160 demonstravit
3583 1107 3809 1162 dicens:

2299 1191 2666 1297 Universay'er
2703 1212 2819 1250 vero
2867 1196 3319 1267 (quemadmodum
3348 1198 3542 1254 dictum
3579 1201 3674 1270 est)
3706 1217 3814 1256 esse

2223 1290 2426 1358 quidem
2461 1298 2509 1344 et
2540 1290 2640 1344 ἤοη
2665 1307 2771 1345 esse
2800 1302 2993 1361 oportet
3015 1308 3233 1363 ponere,
3275 1303 3516 1363 tanquam
3543 1295 3772 1363 subjecta
3795 1335 3812 1361 ,

2223 1381 2544 1449 negationem
2566 1397 2680 1436 vero
2707 1387 2754 1436 et
2779 1384 3166 1453 a/ﬁrmationem
3184 1383 3292 1438 lucc
3318 1387 3586 1457 facientem
3613 1387 3684 1440 ad
3708 1404 3814 1442 esse

2223 1481 2270 1526 et
2290 1489 2391 1526 non
2419 1489 2524 1527 esse
2551 1490 2838 1545 apponere,
2871 1485 2920 1530 et
2947 1477 3039 1530 Itas
3083 1487 3264 1546 putare
3288 1487 3484 1549 oportet
3512 1494 3620 1532 esse
3647 1495 3811 1550 oppo-

2223 1567 2345 1622 sitas
2367 1569 2636 1637 dictiones,
2662 1573 2919 1642 possibile,
2953 1589 3050 1627 non
3069 1575 3332 1644 possibile,
3363 1577 3679 1648 contingens,
3715 1593 3816 1632 non

2222 1663 2548 1732 contingens,
2580 1663 2895 1732 impossibile
2914 1705 2929 1731 ,
2957 1681 3058 1720 non
3077 1666 3416 1734 impossibile,
3444 1669 3814 1736 necessarium,

2223 1770 2324 1807 non
2355 1757 2734 1826 necessarium,
2765 1771 2961 1821 verum,
3003 1773 3105 1811 non
3151 1774 3343 1815 verum.

536 1833 642 1921 que
663 1851 926 1918 dividunt,
955 1855 1096 1921 ipsas
1118 1867 1238 1908 esse
1262 1854 1715 1909 contradictiones
1736 1853 1906 1922 magis
1931 1862 2120 1922 putan-
2149 1841 2198 1905 Β
2298 1844 2704 1913 υιιίνεΐεθῖίῑθΐν
2743 1847 2915 1917 inquit
2933 1889 2947 1914 ν
2971 1848 3221 1915 ἀίοίηὶυεν
3259 1850 3522 1939 Siculi-“ﬁll
3541 1865 3707 1921 sub"
3741 1852 3818 1908 σία

537 1942 664 1997 dum
693 1950 775 1997 est
800 1945 938 2012 quod
981 1945 1081 1997 hoc
1117 1945 1220 1998 ait:
1253 1944 1429 2011 Quare
1463 1955 1516 1998 et
1551 1960 1674 2000 sese
1717 1947 1866 2014 sequi
1891 1944 2122 2000 invicem

535 2036 874 2092 videbuntur.
909 2043 1037 2100 Quae
1061 2047 1236 2091 autem
1262 2040 1655 2106 propositiones
1684 2048 1978 2106 sequantur
2001 2052 2122 2094 Sese

533 2130 682 2195 dicit,
715 2131 764 2184 id
799 2141 882 2185 est
910 2131 1164 2199 poSsibile
1193 2141 1277 2185 est
1305 2146 1425 2185 esse
1456 2140 1510 2185 et
1551 2130 1805 2200 possibile
1845 2147 1949 2185 non
1979 2144 2120 2185 esse.

533 2221 642 2280 Cur
669 2233 844 2278 autem
888 2240 1007 2279 sese
1037 2235 1329 2292 sequantur
1367 2233 1630 2279 monstrat
1674 2224 1931 2293 adjiiriens
1959 2242 1971 2277 :
2005 2224 2121 2278 Non

533 2317 677 2374 enim
701 2317 1156 2373 contradictiones
1186 2319 1285 2373 sibi
1310 2319 1536 2373 invicem
1561 2327 1703 2372 sunt.
1737 2318 1795 2373 Si
1818 2319 1958 2372 enim
1987 2333 2120 2372 con-

533 2411 882 2467 tradicdones
904 2424 1114 2477 essent,
1145 2430 1414 2483 nunquam
1447 2427 1570 2468 sese
1613 2423 1986 2483 sequerentur.
2015 2413 2121 2468 Sed

531 2515 651 2574 quae
681 2504 787 2558 sint
817 2507 1272 2560 contradictiones
1301 2507 1384 2561 det
1403 2507 1538 2560 larat
1565 2505 1786 2560 dicens:
1817 2504 1924 2560 Sed
1956 2505 2124 2573 possi-

531 2591 639 2648 bile
687 2605 768 2648 est
813 2610 931 2650 esse
968 2607 1022 2650 et
1067 2613 1171 2650 non
1202 2597 1457 2668 possibile
1485 2612 1606 2652 esse
1636 2612 1909 2666 nunquam
1963 2596 2122 2651 simul

529 2698 679 2748 sunt.
717 2690 826 2742 Cur
863 2701 1040 2745 autem
1094 2706 1363 2759 nunquam
1407 2690 1567 2745 simul
1609 2699 1764 2755 sunt,
1798 2705 1904 2744 non
1939 2690 2119 2758 tacuit,

529 2783 608 2838 ait
635 2801 896 2856 namque:
927 2785 1447 2855 apponunturcnim.
1472 2785 1604 2838 Nam
1625 2783 1824 2838 idcirco
1852 2794 2122 2850 nunquam

529 2879 693 2935 limul
706 2890 852 2946 sunt,
867 2881 989 2950 quia
1006 2883 1284 2934 veritatem
1301 2880 1697 2947 falsitatemque
1711 2876 1973 2938 dividunt,
1990 2888 2123 2942 quo-

529 2980 676 3030 niam
692 2976 1219 3044 Opponuntur.Docet
1238 2988 1446 3042 quoque
1466 2975 1582 3040 ejus
1607 2967 1983 3039 propositionis
2003 2982 2124 3037 quas

527 3068 660 3135 dicit
681 3084 838 3138 posse
863 3084 965 3121 non
989 3083 1107 3122 esse
1130 3070 1271 3122 illam
1300 3082 1418 3121 esse
1443 3065 1815 3138 negationem,
1847 3077 1966 3132 qua:
2002 3077 2124 3131 pro-

527 3171 680 3239 ponit
709 3184 816 3222 non
863 3183 1019 3236 posse
1049 3185 1152 3222 non
1180 3184 1321 3234 esse,
1370 3177 1424 3221 et
1450 3183 1513 3222 ex
1553 3167 1742 3220 eadem
1775 3167 1826 3218 vi
1870 3165 1936 3218 ad
1986 3163 2122 3219 hanc

527 3273 950 3343 propositionem
983 3272 1192 3326 transit.
1229 3272 1362 3325 Dicit
1393 3271 1535 3326 enim
1566 3288 1577 3322 :
1612 3270 1681 3325 At
1707 3285 1837 3324 vero
1869 3269 2121 3338 possibile

527 3378 636 3418 non
667 3378 788 3417 esse
830 3368 883 3416 et
929 3379 1032 3415 non
1067 3363 1322 3432 possibile
1355 3379 1457 3417 non
1489 3378 1609 3418 esse
1656 3379 1930 3434 nunquam
1963 3365 2120 3418 simul

527 3462 680 3520 sunt,
716 3469 810 3522 per
853 3454 993 3523 quod
1023 3456 1323 3508 Ostenditur
1363 3456 1508 3510 illam
1555 3470 1675 3510 esse
1703 3457 2075 3510 al'lirmativam
2103 3498 2118 3522 ,

513 3544 672 3614 illam
700 3559 830 3599 vero
857 3545 1178 3615 negativnm.
1213 3548 1592 3602 [lniversaliter
1614 3549 1755 3602 enim
1785 3564 2120 3620 qutrciinque

525 3635 669 3694 idem
696 3636 762 3690 de
793 3637 982 3690 eodem
1036 3639 1150 3692 haec
1203 3639 1379 3706 ponit,
1430 3639 1544 3694 haec
1592 3640 1806 3704 aufert,
1855 3637 1902 3692 si
1933 3639 2019 3691 illa
2051 3639 2122 3694 sit

528 3733 854 3788 allirmativa
875 3776 890 3800 ,
920 3734 1011 3788 illa
1044 3736 1283 3803 negativa
1308 3780 1322 3804 ,
1357 3744 1409 3790 et
1452 3735 1583 3790 nihil
1633 3737 2074 3806 aequivocationis
2101 3777 2116 3803 ,

527 3835 618 3879 aut
649 3826 1031 3880 universalium
1066 3827 1527 3883 deteruiinationis
1579 3828 1854 3899 impediat,
1899 3839 2117 3884 contra-

527 3914 770 3972 dictorite
799 3919 1012 3973 sibimet
1069 3931 1430 3989 opponuntur.
1477 3921 1679 3978 Caetera
1724 3923 1835 3992 jam
1889 3922 1959 3976 ita
1999 3923 2114 3988 ait,

527 4025 625 4080 per
655 4023 712 4064 se
742 4010 988 4080 expedita
1011 4019 1155 4077 sunt,
1183 4023 1238 4067 ut
1255 4014 1407 4082 longa
1420 4016 1754 4082 expositione
1777 4029 1880 4068 non
1904 4023 2112 4084 egeant.

527 4103 634 4161 Sed
663 4106 908 4176 quzcdam
939 4109 987 4161 in
1012 4123 1195 4162 eorum
1224 4108 1415 4163 ordine
1445 4109 1810 4177 permiscenda
1834 4119 1990 4174 sunt,
2027 4123 2120 4178 per

530 4215 649 4270 qua:
678 4200 729 4254 id
763 4201 905 4270 quod
941 4217 1034 4269 per
1060 4217 1119 4256 se
1142 4214 1221 4257 est
1256 4203 1512 4268 lucidum,
1537 4204 1736 4258 clarius
1768 4210 2112 4257 monstretur.

530 4290 880 4363 Prosequitur
919 4296 1059 4348 enim
1108 4295 1357 4350 similiter
1396 4309 1623 4352 czeteros
1653 4298 1882 4364 modos,
1932 4298 2118 4352 dicens

529 4401 649 4455 qua:
698 4389 1088 4454 prepositioncs
1122 4406 1344 4459 quarum
1394 4392 1806 4447 al'lirmationum
1859 4409 1963 4446 non
2013 4393 2121 4448 sint

530 4485 841 4552 negationes
872 4495 926 4538 et
966 4502 1084 4554 quae
1116 4489 1251 4552 sint,
1285 4495 1337 4540 et
1367 4488 1446 4542 eis
1485 4503 1615 4556 quas
1647 4487 1959 4558 negationes
1997 4501 2118 4543 esse

532 4573 678 4638 dicit,
709 4583 765 4628 ut
807 4574 1194 4631 allirniationes
1242 4594 1360 4632 esse
1395 4580 1750 4644 demonstret,
1791 4579 1926 4634 alias
1958 4595 2116 4650 nega-

532 4666 705 4720 tiooes
733 4667 971 4736 opponit.
1009 4668 1272 4723 Similiter
1291 4681 1466 4724 autem
1489 4715 1504 4740 ,
1539 4670 1728 4740 inquit,
1767 4683 1821 4725 et
1849 4671 1966 4741 ejus
1999 4687 2120 4742 pro-

531 4759 819 4830 positionis
849 4777 970 4830 quae
999 4777 1082 4818 εει
1116 4765 1478 4820 necessarium
1507 4779 1648 4830 esse,
1687 4780 1790 4820 non
1823 4773 1902 4820 est
1929 4781 1990 4819 ea
2021 4779 2117 4821 ne-

532 4853 676 4924 gatio
726 4869 844 4923 qua:
898 4855 1052 4920 dicit,
1089 4858 1449 4910 nece-sarium
1504 4872 1607 4910 non
1636 4873 1776 4926 esse,
1811 4859 1924 4912 haec
1973 4858 2118 4912 enim

533 4945 820 5000 afﬁrmatio
845 4957 946 5016 est,
976 4949 1110 5002 sicut
1143 4965 1264 5001 mox
1293 4948 1574 5019 negatione
1607 4951 1848 5020 opposita
1869 4965 2119 5019 compro-

533 5042 678 5096 bavit
701 5081 715 5105 ,
758 5043 850 5098 sed
888 5043 1060 5112 potius
1099 5059 1160 5098 ea
1191 5046 1402 5113 negatio
1425 5054 1505 5097 est
1536 5047 1650 5112 ejus
1680 5059 1800 5115 qum
1829 5054 1909 5099 est
1934 5059 2118 5101 neces-

531 5135 732 5211 sarium
763 5150 883 5188 esse
908 5151 1027 5203 qua:
1057 5136 1206 5201 dicit,
1236 5151 1339 5187 non
1365 5137 1722 5190 necessarium
1752 5151 1893 5193 esse.
1922 5136 2123 5193 Eodem

530 5241 743 5294 quoque
789 5225 952 5278 modo
983 5233 1169 5278 cuncta
1201 5227 1541 5296 prosequitur
1580 5229 1796 5295 dicens,
1829 5229 1949 5297 ejus
1998 5243 2126 5284 vero

529 5333 649 5385 qua:
678 5329 757 5371 est
781 5359 793 5381 ,
828 5319 1184 5371 necessarium
1220 5334 1324 5373 non
1355 5334 1507 5386 esse,
1535 5338 1692 5391 quam
1724 5337 1880 5390 supra
1926 5320 2126 5375 dixerit

531 5425 634 5461 non
683 5424 802 5461 esse
851 5411 1155 5479 oppositam
1193 5411 1240 5464 ei
1283 5428 1400 5482 quae
1429 5413 1590 5478 (Ιὶι·ἰι,
1639 5411 1999 5468 neccSSarium
2040 5419 2127 5466 est

532 5516 672 5560 €830,
705 5503 791 5553 illa
825 5503 1038 5571 negatio
1074 5511 1152 5556 est
1185 5519 1303 5572 qua:
1335 5507 1584 5575 proponit
1614 5520 1719 5559 non
1750 5503 2121 5560 necessarium

533 5609 636 5645 non
665 5608 804 5647 esse.
843 5594 1184 5665 Quaecunque
1211 5595 1351 5648 eiiim
1389 5597 1724 5664 negationem
1755 5596 1820 5649 ad
1855 5609 1972 5652 esse
2013 5609 2122 5666 po-

531 5689 686 5740 sitam
736 5686 958 5751 habent,
999 5690 1100 5741 illa:
1125 5689 1169 5742 si
1198 5703 1318 5742 Cum
1353 5688 1511 5741 modo
1562 5699 1706 5756 sunt,
1738 5687 2121 5751 al‘lirmationes

535 5793 651 5832 eSse
705 5781 948 5842 putanda:
998 5790 1141 5834 sunt.
1180 5780 1310 5849 Ejus
1348 5795 1474 5835 vero
1504 5795 1624 5851 quae
1655 5789 1756 5847 est,
1785 5781 2119 5849 impossibile

525 5875 675 5935 esse,
706 5885 811 5928 non
841 5881 1016 5928 estea
1046 5873 1261 5943 negatio
1287 5889 1406 5943 quae
1451 5871 1602 5942 dicit,
1635 5873 1969 5942 impossibile
2006 5891 2116 5942 non

2231 1947 2371 1995 ctum
2401 1949 2506 2007 est,
2532 1939 2584 1994 in
2614 1939 2699 1995 his
2731 1941 3192 2010 propositionibus
3220 1959 3338 2014 qua;
3371 1945 3561 2002 modos
3602 1946 3819 2004 additos

2227 2029 2448 2099 habent,
2471 2048 2594 2088 esse
2621 2043 2674 2088 et
2699 2047 2808 2089 non
2833 2049 2953 2090 esse
2981 2036 3222 2106 subjecta
3255 2037 3431 2107 potius
3452 2039 3590 2107 fieri,
3620 2039 3816 2095 modos

2225 2138 2352 2180 vero
2386 2124 2661 2194 praedicari
2690 2165 2706 2190 ,
2753 2137 2914 2195 atque
2941 2127 3063 2183 ideo
3091 2127 3166 2182 ad
3192 2144 3355 2183 unum
3385 2129 3680 2199 quemlibet
3705 2145 3821 2186 mo-

2224 2213 2374 2281 dum,
2407 2215 2458 2269 id
2488 2225 2570 2270 est
2597 2217 2888 2273 secundum
2919 2236 3080 2275 unum
3127 2221 3246 2277 lieri
3281 2222 3480 2280 debere
3503 2224 3821 2282 afﬁrmatio-

2225 2323 2353 2363 nem
2383 2319 2436 2364 et
2462 2312 2800 2380 negationem
2837 2329 3074 2384 semper,
3101 2326 3161 2371 ut
3190 2317 3327 2372 sicut
3353 2318 3674 2388 praedicatus
3704 2336 3821 2377 mo-

2226 2398 2326 2454 dus
2349 2401 2767 2461 allirmationem
2801 2408 3064 2474 continet,
3095 2410 3165 2462 ita
3193 2411 3438 2480 negativa
3463 2412 3727 2480 particula
3754 2414 3822 2472 ad

2226 2498 2442 2552 modum
2486 2499 2672 2569 juncta
2721 2509 2886 2556 totam
2927 2502 3029 2558 hoc
3070 2503 3232 2558 modo
3270 2505 3542 2560 contineat
3568 2508 3820 2578 negatio-

2226 2607 2372 2646 nem.
2407 2594 2660 2664 Proponit
2686 2611 2866 2652 autem
2899 2613 2992 2653 eas
3035 2614 3169 2667 quas
3201 2609 3351 2669 putat
3377 2615 3500 2656 esse
3538 2603 3821 2672 oppositas

2226 2685 2488 2740 dictiones
2524 2688 2624 2742 hoc
2664 2690 2844 2757 modo,
2877 2693 3134 2760 possibile
3164 2709 3271 2748 non
3300 2695 3574 2764 possibile,
3605 2699 3821 2754 contin-

2226 2792 2358 2848 gens
2398 2794 2502 2832 non
2547 2782 2905 2852 contingens,
2937 2785 3268 2854 impossibile
3297 2802 3404 2841 non
3447 2789 3820 2858 impossibile,

2229 2874 2589 2928 necessarium
2618 2891 2724 2930 non
2754 2881 3140 2933 necessarium.
3168 2879 3319 2946 Quod
3341 2891 3518 2936 autem
3546 2881 3694 2937 addit
3725 2897 3823 2940 ve-

2229 2981 2348 3020 rum
2380 2983 2484 3020 non
2525 2983 2746 3038 verum,
2779 2970 2845 3024 ad
2876 2970 2978 3026 hoc
3019 2972 3288 3042 pertinet,
3318 2982 3378 3028 ut
3410 2989 3594 3030 omnes
3621 2975 3823 3033 modos

2227 3057 2556 3125 includeret,
2615 3076 2742 3115 vere
2788 3063 2929 3117 enim
2986 3063 3176 3120 modus
3205 3065 3420 3136 quidem
3468 3074 3552 3122 est
3594 3066 3738 3123 sicut
3767 3081 3821 3125 et

2230 3150 2397 3216 bene,
2437 3153 2579 3208 sicut
2607 3155 2862 3210 velociter
2885 3199 2899 3226 ,
2940 3159 3078 3212 sicut
3110 3157 3262 3222 lane,
3294 3159 3433 3214 sicut
3460 3160 3736 3230 graviter,
3763 3168 3820 3217 et

2149 3241 2196 3304 C
2227 3247 2529 3317 quicunque
2560 3252 2702 3304 modi
2721 3259 2873 3317 sunt,
2908 3252 3008 3308 hoc
3038 3253 3196 3306 modo
3222 3251 3465 3309 facienda
3494 3264 3578 3309 est
3604 3264 3820 3311 contra-

2224 3341 2422 3408 dictio,
2455 3357 2638 3397 verum
2682 3354 2796 3407 est,
2830 3361 2936 3399 non
2979 3361 3164 3402 verum
3193 3357 3298 3414 est,
3350 3364 3455 3402 non
3485 3358 3666 3404 autem
3714 3365 3820 3410 non

2224 3442 2308 3486 est
2336 3448 2556 3501 verum,
2581 3437 2838 3491 velociter
2865 3437 3138 3493 ambulare
3157 3478 3172 3503 ,
3204 3453 3311 3494 non
3335 3440 3596 3496 velociter
3623 3442 3820 3498 ambu-

2223 3521 2356 3593 lare,
2395 3526 2488 3580 sed
2514 3543 2617 3580 non
2649 3527 2737 3582 illa
2767 3543 2887 3598 quae
2915 3529 3060 3595 dicit,
3091 3531 3349 3586 velociter
3381 3549 3482 3586 non
3515 3533 3820 3592 ambulare.

2225 3615 2575 3672 Concludettti
2595 3635 2642 3674 ei
2657 3635 2724 3690 go
2740 3635 2954 3688 semper
2973 3623 3038 3675 ad
3064 3623 3278 3676 modum
3301 3625 3572 3695 jmngenda
3601 3627 3820 3695 negatio

2223 3719 2325 3766 est.
2367 3712 2474 3766 Illa:
2499 3713 2640 3767 enim
2671 3727 2884 3784 semper
2910 3715 3125 3770 sibimet
3147 3725 3515 3785 opponuntur,
3560 3725 3619 3772 ut
3655 3733 3820 3790 supra

2220 3801 2330 3872 jam
2354 3803 2553 3857 dictum
2581 3814 2686 3868 est,
2719 3821 2838 3872 qua:
2867 3806 3157 3860 secundum
3189 3808 3594 3877 praedicationes
3619 3810 3820 3866 habent

2225 3895 2494 3963 negativas
2546 3895 2836 3964 particulas
2871 3897 3104 3966 junctas.
3144 3899 3508 3954 Praedicantur
3549 3916 3731 3958 autem
3767 3904 3819 3960 in

2224 3984 2310 4040 his
2335 3989 2514 4054 modi,
2547 3999 2604 4043 ut
2643 4005 2798 4060 supra
2826 3989 2934 4060 jam
2975 3990 3479 4048 demonstravimus.
3509 3993 3820 4054 Secundum

2222 4081 2411 4134 modos
2441 4096 2570 4151 ergo
2610 4081 2662 4136 in
2695 4081 2778 4136 his
2809 4082 3019 4152 negatio
3051 4085 3222 4153 posita
3250 4083 3515 4155 integram
3537 4084 3643 4140 vim
3687 4099 3819 4160 cop-

2225 4177 2556 4231 tradictionis
2587 4177 2802 4233 efﬁciet.
2838 4179 3112 4248 Expeditis
3139 4182 3415 4236 modorum
3457 4181 3818 4252 appositioni-

2224 4271 2322 4325 bus
2348 4270 2417 4326 de
2456 4272 2838 4341 consequentia
2881 4273 3301 4342 pr0positionum
3347 4281 3506 4342 atque
3537 4290 3814 4332 consensu

2223 4361 2508 4419 habebitur
2538 4364 2753 4419 subtilis
2810 4364 3063 4433 utilisque
3089 4373 3365 4422 tractatus.
3398 4365 3451 4422 Si
3481 4381 3610 4437 ergo
3640 4368 3818 4438 possi-

2222 4452 2330 4509 bile
2383 4469 2504 4510 esse
2554 4456 2873 4525 simpliciter
2921 4455 3233 4524 diceretur,
3267 4458 3494 4527 simplex
3543 4469 3598 4514 et
3644 4459 3820 4517 lacilis

2225 4547 2643 4615 propositionum
2682 4548 2953 4603 videretur
2991 4563 3112 4604 esse
3149 4563 3476 4616 consensus,
3515 4564 3613 4606 nec
3659 4551 3818 4621 quid.

2149 4635 2198 4696 υ
2223 4654 2380 4707 quam
2407 4640 2652 4695 inearum
2675 4644 3048 4712 consequentia
3080 4657 3238 4714 posse
3259 4644 3448 4698 errari.
3464 4643 3612 4699 Nunc
3629 4655 3817 4701 autem

2223 4734 2472 4802 quoniam
2497 4733 2778 4804 dupliciter
2797 4735 2992 4792 dicitur
3011 4737 3305 4791 secundum
3328 4735 3569 4793 diversos
3592 4740 3815 4808 modos,

2224 4840 2330 4879 non
2364 4827 2567 4880 eaedem
2593 4829 3022 4896 prapositionum
3055 4839 3180 4884 sunt
3209 4832 3628 4899 consequentiae.
3661 4831 3819 4900 Quod

2224 4927 2404 4972 autem
2429 4919 2549 4972 dico
2573 4919 2680 4974 tale
2702 4931 2800 4974 est.
2838 4921 3112 4976 Possibilis
3133 4923 3252 4976 dua:
3281 4933 3406 4976 sunt
3429 4933 3630 4994 partes,
3649 4939 3817 4978 unum

2226 5010 2369 5080 quod
2400 5024 2521 5064 cum
2577 5015 2684 5065 non
2735 5010 2824 5076 sit,
2854 5026 2974 5066 esse
3003 5022 3197 5083 potest.
3247 5013 3486 5068 Alterum
3520 5015 3664 5084 quod
3695 5013 3818 5070 ideo

2235 5101 2304 5156 sit
2336 5102 2610 5171 possibile,
2640 5102 2779 5170 quod
2809 5103 2915 5173 jam
2949 5113 3062 5170 est,
3093 5107 3237 5175 prior
3265 5106 3482 5177 quidem
3531 5121 3654 5175 pars
3697 5121 3819 5162 cor-

2235 5195 2582 5264 ruptibilibus
2613 5203 2667 5250 et
2694 5197 3135 5264 permutabilibus
3173 5200 3385 5269 propria
3420 5208 3537 5268 est,
3570 5200 3819 5256 mortalis

2235 5288 2376 5342 enim
2409 5287 2658 5344 Socrates
2687 5298 2897 5358 poterat
2932 5304 3054 5346 esse
3084 5305 3204 5344 cum
3237 5306 3342 5346 non
3374 5288 3502 5355 fuit,
3535 5291 3674 5345 sicut
3713 5289 3819 5359 ipsi

2235 5382 2496 5437 mortales
2528 5384 2616 5452 qui
2647 5391 2773 5437 sunt
2802 5383 2855 5438 id
2899 5383 3039 5455 quod
3072 5394 3195 5439 ante
3224 5399 3328 5439 non
3361 5383 3572 5440 fuerant
3594 5425 3608 5449 ,
3639 5391 3818 5454 potest

2234 5477 2375 5531 enim
2429 5478 2591 5532 homo
2636 5493 2760 5533 cum
2813 5492 2919 5534 non
2967 5479 3201 5549 loquitur
3245 5477 3420 5548 loqui,
3455 5487 3510 5532 et
3547 5493 3665 5532 cum
3706 5493 3817 5536 non

2230 5571 2471 5626 ambulat
2499 5572 2794 5628 ambulare.
2825 5573 2966 5645 Ergo
2993 5573 3108 5628 haec
3131 5585 3252 5643 pars
3277 5573 3569 5629 secundum
3600 5571 3652 5628 id
3682 5573 3817 5627 dici-

2227 5675 2314 5721 tur
2339 5665 2479 5737 quod
2532 5668 2642 5735 jam
2691 5666 2904 5738 quidem
2947 5681 3052 5722 non
3092 5675 3205 5735 est,
3238 5681 3360 5724 esse
3387 5675 3567 5723 tamen
3599 5673 3816 5737 potest,

2225 5760 2316 5816 illa
2347 5775 2476 5816 vero
2505 5760 2608 5816 alia
2644 5775 2766 5832 pars
2795 5759 3069 5833 possibilia
3103 5773 3224 5832 quae
3266 5761 3565 5818 secundum
3595 5758 3648 5816 id
3679 5757 3816 5814 dici-

2227 5860 2333 5922 tur,
2354 5851 2495 5924 quod
2517 5853 2630 5926 jam
2649 5863 2734 5911 est
2758 5853 2959 5926 aliquid
2979 5859 3102 5912 actu
3130 5867 3238 5913 non
3263 5863 3546 5927 putestate,
3569 5849 3815 5926 utrisque

4060 5007 4061 5028 l

4060 5149 4061 5178 l

4060 5369 4061 5408 l

4060 5547 4061 5572 l

4059 5619 4061 5658 l

4060 5881 4061 5904 l

4060 5971 4061 6000 l

4060 6009 4061 6060 l
