4090 6342
349 303 443 361 597
1087 302 1154 358 ΙΝ
1193 300 1446 358 LIBRUM
1487 300 1571 355 DF.
1611 290 2254 355 INTERPRETATIONE
2293 295 2516 353 EDITlO
2555 293 2889 353 SECUNDA.

3519 295 3623 352 598

355 425 566 485 naturis
590 429 1118 490 accommodatur,et
1138 419 1477 487 sempiternis
1497 413 1705 474 sciliCet
1726 425 1778 471 et
1797 428 1939 468 tttor—
1965 411 2017 470 Δ
2046 419 2148 466 ιςεει
2177 415 2410 472 etﬁeere.
2469 417 2642 486 Quare
2679 419 2916 474 facienda
2965 435 2995 474 a
3026 418 3288 490 principio
3316 419 3623 496 bttjusmodi

355 520 581 576 talibus.
615 517 746 572 Nam
775 517 913 587 quod
947 515 999 570 in
1030 516 1367 584 sempiternis
1400 523 1513 578 est,
1543 527 1662 567 esse
1687 510 1866 581 pessib
1892 510 1942 565 le

358 618 464 665 est.
499 597 704 664 Rursus
733 607 872 676 quod
903 617 984 661 est
1026 606 1078 661 in
1123 605 1464 671 mortalibus,
1497 619 1595 658 nec
1625 611 1725 657 hoc
1754 619 1782 655 a
1815 600 1944 654 sub-

360 701 597 757 sistendi
647 701 999 770 possibilitate
1056 699 1303 763 discedit,
1346 696 1438 752 sed
1491 707 1690 750 tantum
1745 695 1942 758 dillert,

362 796 490 862 quia
512 795 561 848 id
585 793 726 864 quod
751 796 801 848 in
833 793 1054 849 internis
1077 803 1163 848 est
1189 792 1333 848 nullo
1358 792 1514 847 modo
1533 799 1864 862 permutatur
1891 799 1946 844 et

364 905 583 958 semper
611 905 732 945 esse
775 904 997 944 necesse
1023 897 1140 955 est,
1187 889 1312 942 illud
1351 903 1479 943 vero
1530 887 1670 956 quod
1702 887 1753 940 in
1785 886 1946 940 rebus

364 985 684 1038 mortalibus
726 984 993 1039 invenitur
1023 985 1217 1052 poterit
1255 991 1309 1038 et
1353 999 1459 1036 non
1490 997 1638 1052 esse.
1680 990 1736 1037 et
1778 990 1834 1035 ut
1880 981 1950 1034 sit

364 1092 474 1132 non
505 1087 588 1134 est
610 1093 849 1134 necesse.
879 1078 995 1148 Ego
1026 1093 1252 1148 namque
1282 1093 1400 1131 cum
1433 1078 1609 1132 scribo
1640 1077 1780 1130 inest
1818 1074 1950 1128 mibi

366 1174 628 1228 scribere.
663 1174 923 1240 Quocirca
955 1181 1010 1228 et
1032 1173 1266 1227 scribere
1297 1172 1423 1228 mibi
1447 1171 1696 1244 possgiile
1725 1179 1827 1234 est,
1855 1167 1950 1224 sed

368 1266 622 1334 quoniam
659 1265 774 1334 ipse
817 1265 1056 1319 mortalis
1086 1279 1204 1319 sum
1229 1307 1242 1328 ,
1301 1279 1404 1316 non
1436 1271 1518 1316 est
1564 1262 1680 1315 lucc
1719 1270 1950 1329 petestas

369 1357 644 1413 scribendi
703 1357 1005 1413 necessaria
1037 1399 1050 1420 ,
1102 1371 1275 1424 neque
1329 1356 1469 1410 enim
1521 1369 1586 1409 ex
1631 1353 1952 1408 necessitate

367 1451 571 1506 scribo.
616 1451 685 1506 At
726 1467 854 1506 vero
902 1466 1023 1506 cum
1072 1451 1300 1506 dicimus
1337 1449 1475 1504 coelo
1504 1449 1680 1504 inesse
1711 1456 1951 1514 motum,

368 1547 519 1602 nulla
547 1547 812 1601 dubitatio
840 1556 922 1601 est
950 1547 1078 1616 quin
1125 1561 1344 1601 necesse
1385 1545 1452 1599 sit
1479 1545 1674 1598 coelum
1705 1542 1908 1596 moveri
1935 1583 1950 1606 ,

369 1640 425 1694 in
454 1638 772 1694 mortalibus
802 1655 930 1709 ergo
960 1639 1120 1694 rebus
1145 1653 1265 1694 cum
1299 1649 1382 1694 est
1406 1638 1604 1707 aliquid
1634 1647 1686 1691 et
1714 1652 1833 1690 esse
1857 1650 1951 1704 po-

371 1740 508 1797 test,
544 1741 596 1787 et
625 1743 683 1788 ut
705 1735 773 1787 sit
804 1750 908 1788 non
939 1743 1022 1788 est
1050 1747 1292 1798 necesse,
1314 1733 1366 1786 in
1396 1731 1733 1801 sempiternis
1754 1737 1951 1794 autem,

2049 516 2237 570 divisio
2264 526 2365 569 est.
2413 515 2691 571 Possibilis
2727 517 2828 570 alia
2861 531 2979 586 pars
3009 526 3090 571 est
3115 533 3232 588 qua:
3264 534 3381 574 cum
3419 535 3522 574 non
3557 519 3627 573 sit

2047 619 2225 667 tamen
2257 627 2376 665 esse
2425 620 2620 680 potest.
2655 611 2770 666 Alia
2809 629 2934 668 vero
2973 630 3088 684 qua:
3120 623 3238 669 actu
3270 625 3370 684 est,
3421 625 3474 670 et
3507 616 3625 671 ideo

2051 707 2302 777 possibile
2333 707 2548 760 dicitur.
2580 706 2633 761 Si
2666 707 2806 761 enim
2841 723 2958 761 esse
2990 725 3092 762 non
3129 717 3326 778 posset,
3361 717 3630 764 necessﬂ

2049 802 2290 864 omnino,
2345 798 2502 869 hujus
2549 810 2722 854 autem
2775 801 3135 870 possibilitatis
3180 818 3296 870 quae
3336 802 3625 856 secundum

2054 893 2201 947 illum
2237 892 2431 946 dicitur
2471 893 2707 959 modum,
2738 894 2875 961 quod
2904 893 3009 964 jam
3046 906 3164 951 actu
3198 897 3274 962 lit,
3305 898 3422 953 dua:
3453 907 3629 967 partes

2055 996 2200 1049 sunt,
2235 1003 2335 1039 una
2368 987 2660 1040 secundum
2694 988 2741 1040 id
2774 988 2912 1055 quod
2956 1004 3018 1042 ex
3047 992 3365 1044 necessitate
3395 1006 3514 1046 esse
3544 991 3630 1045 di-

2053 1079 2244 1132 cimus.
2287 1080 2464 1133 Altera
2501 1095 2627 1132 vero
2657 1080 2944 1134 secundum
2975 1081 3025 1134 id
3068 1083 3203 1148 quod
3246 1098 3363 1138 cum
3405 1083 3491 1148 sit,
3527 1099 3630 1138 non

2056 1183 2232 1225 tamen
2266 1187 2383 1225 esse.
2415 1187 2477 1225 ex
2514 1175 2830 1227 necessitate
2873 1172 3070 1243 aliquid
3102 1174 3442 1245 arbitramur,
3476 1175 3632 1243 hujus

2055 1277 2232 1322 autem
2267 1283 2370 1320 non
2406 1283 2642 1324 necessai
2661 1269 2722 1320 im
2763 1269 3039 1336 potestatis
3067 1267 3184 1322 dum.
3210 1279 3333 1323 sunt
3361 1269 3480 1324 aliae
3508 1285 3631 1339 par-

2056 1367 2158 1427 tes,
2187 1377 2286 1414 una
2312 1377 2427 1429 quae
2450 1361 2699 1430 t‘pioniam
2729 1377 2790 1414 ex
2821 1371 3080 1430 potestate
3102 1363 3165 1414 ad
3188 1371 3362 1416 actum
3391 1363 3556 1430 venit,
3580 1373 3634 1418 et

2057 1469 2178 1508 esse
2199 1463 2253 1508 et
2281 1470 2384 1510 non
2421 1470 2540 1508 esse
2566 1457 2782 1524 recipiet
2806 1455 3131 1510 facultatem.
3161 1457 3339 1510 Altera
3369 1473 3486 1526 quae
3513 1458 3634 1527 quia

2059 1561 2330 1615 nunquam
2377 1559 2552 1600 actum
2600 1547 2794 1601 habere
2849 1547 3080 1616 destitit,
3129 1548 3413 1618 aliquando
3442 1549 3538 1604 luit
3584 1551 3636 1606 id

2058 1643 2197 1711 quod
2229 1643 2421 1696 dicitur
2451 1643 2499 1698 ei
2533 1659 2651 1698 esse
2693 1643 2962 1712 possibile,
2987 1643 3050 1696 ad
3085 1659 3238 1697 unam
3283 1653 3484 1699 tantum
3518 1661 3634 1714 par-

2059 1741 2165 1788 tem
2192 1745 2312 1802 apta
2353 1745 2436 1788 est
2478 1746 2636 1804 atque
2678 1736 2963 1804 pessibilis,
2999 1735 3063 1789 ad
3095 1751 3211 1790 eam
3246 1736 3450 1790 scilicet
3480 1753 3637 1805 quam

369 1822 511 1894 quod
543 1835 626 1880 est
675 1841 899 1882 necesse
947 1837 1028 1882 est
1073 1841 1232 1891 esse,
1281 1835 1331 1880 et
1363 1827 1484 1896 quia
1517 1833 1750 1879 estesse
1781 1823 1952 1892 possi-
1980 1812 2028 1873 Β
2055 1837 2174 1879 actu
2215 1841 2428 1892 semper
2467 1827 2722 1884 exercuit.
2777 1836 2832 1879 ut
2863 1826 2966 1894 igni
3009 1827 3155 1880 calor
3195 1827 3274 1880 vel
3319 1827 3423 1880 nivi
3449 1826 3636 1899 frigus,

368 1919 476 1976 bile
505 1931 610 1977 est.
661 1920 792 1977 Cum
843 1937 972 1994 ergo
999 1923 1269 1993 possibilis
1305 1922 1671 1992 principaliter
1697 1922 1815 1976 dure
1846 1921 1952 1976 sint

370 2023 579 2084 partes,
613 2031 717 2070 una
747 2031 864 2086 qua
888 2017 1182 2074 secundum
1216 2016 1266 2070 id
1293 2016 1490 2070 dicitur
1519 2015 1658 2084 quod
1682 2029 1801 2068 cum
1844 2029 1952 2068 non

368 2107 470 2176 Iit,
522 2123 642 2164 esse
683 2120 856 2170 tamen
910 2120 1102 2181 potest.
1160 2110 1344 2166 Altera
1394 2127 1513 2180 qua:
1562 2110 1854 2165 secundum
1899 2107 1951 2162 id

371 2201 696 2270 pradicatnr
741 2203 879 2272 quod
917 2205 1027 2270 jam
1075 2213 1156 2258 est
1208 2201 1404 2273 aliquid
1457 2215 1574 2257 actu
1615 2219 1720 2258 non
1779 2202 1950 2257 solum

369 2302 664 2362 potestate,
697 2277 1000 2364 hujusmodi
1049 2296 1301 2365 possibile
1341 2296 1480 2364 quod
1525 2296 1633 2364 jam
1683 2295 1753 2350 sit
1805 2303 1948 2358 actu,

369 2385 505 2440 duas
553 2402 618 2441 ex
673 2401 731 2441 se
783 2389 988 2456 species
1028 2390 1260 2458 profert,
1310 2405 1468 2444 unam
1518 2406 1637 2459 quae
1708 2404 1827 2442 cum
1884 2389 1954 2442 sit

369 2493 476 2531 non
504 2486 586 2532 est
641 2479 976 2546 necessaria;
1037 2481 1261 2564 alteram
1319 2497 1436 2550 quae
1511 2497 1630 2534 eum
1702 2481 1772 2534 sit
1822 2479 1950 2534 illud

368 2585 582 2640 quoque
605 2570 784 2639 habet,
810 2583 994 2627 uteam
1020 2588 1140 2629 esse
1170 2588 1387 2629 necesse
1423 2575 1508 2628 sit.
1530 2573 1634 2628 Nec
1659 2574 1757 2628 hoc
1787 2573 1951 2627 solius

368 2662 670 2717 Aristotelis
723 2664 988 2718 subtilitas
1033 2664 1418 2734 deprehendit,
1465 2680 1650 2719 verum
1692 2665 1953 2718 Diodorus

367 2770 580 2826 quoque
608 2757 858 2826 possibile
883 2757 952 2812 ita
983 2758 1179 2812 (liftinit
1199 2758 1410 2824 dicens,
1437 2758 1578 2828 quod
1609 2766 1692 2814 est
1721 2766 1810 2812 aut
1841 2773 1951 2811 non

366 2857 468 2903 est.
501 2849 651 2905 Unde
687 2852 999 2906 Aristoteles
1021 2853 1070 2905 id
1102 2852 1241 2922 quo-.l
1297 2851 1558 2906 Diodorus
1585 2852 1658 2905 ait
1702 2867 1806 2904 non
1839 2860 1945 2917 est,

368 2943 504 2998 illud
533 2945 780 3012 possibile
808 2955 974 3013 putat,
1005 2945 1145 3016 quod
1191 2961 1311 2999 cum
1347 2960 1450 2999 non
1493 2946 1552 2998 lit
1599 2944 1714 2998 tleri
1768 2954 1946 2998 tamen

368 3045 565 3105 potest.
613 3037 763 3104 Quod
809 3048 986 3091 autem
1015 3038 1148 3092 dixit
1194 3032 1488 3104 Diodorus,
1549 3049 1628 3093 ρει
1683 3038 1733 3092 id
1784 3037 1955 3105 possi-

367 3128 497 3194 bile,
524 3132 840 3195 Aristoteles
881 3134 1281 3204 interpretatur,
1330 3135 1468 3204 quod
1514 3135 1712 3189 idcirco
1755 3135 1949 3187 dicitur

365 3237 488 3278 esse
534 3225 824 3294 possibile,
881 3226 1001 3296 quia
1044 3229 1153 3295 jam
1202 3239 1277 3281 est
1308 3238 1448 3281 actu.
1475 3228 1638 3297 Cujus
1684 3226 1947 3296 possibili-
1978 3207 2030 3275 Cr

366 3317 490 3371 tatis
533 3319 675 3372 modi
708 3320 838 3374 «liras
889 3329 1066 3392 partes
1092 3335 1211 3377 esse
1253 3321 1530 3376 docuiinns
1581 3338 1594 3375 :
1650 3337 1810 3376 unam
1845 3322 1952 3376 sci-

367 3412 494 3468 licet
527 3430 686 3482 quam
717 3418 1075 3472 necessariam
1104 3418 1352 3482 dicimus,
1393 3419 1614 3473 alteram
1649 3435 1808 3489 quam
1845 3436 1951 3475 non

367 3513 730 3567 necessariam
779 3513 1150 3582 praedicamus.
1186 3512 1356 3584 Hujus
1397 3523 1572 3569 autem
1619 3529 1721 3568 non
1767 3529 1955 3568 ncces-

366 3607 526 3661 sarize
556 3606 676 3660 dure
710 3623 895 3662 rursus
937 3618 1115 3676 partes
1143 3618 1265 3662 sunt
1294 3623 1308 3659 :
1340 3624 1443 3662 una
1473 3623 1592 3675 «iure
1631 3623 1658 3661 a
1691 3616 1954 3676 potestate

367 3698 614 3768 pervenit
641 3699 706 3753 ad
737 3711 946 3763 actum;
977 3700 1144 3756 altera
1171 3716 1289 3770 quae
1313 3715 1528 3770 semper
1551 3711 1671 3755 actu
1706 3701 1823 3767 fuit,
1859 3701 1954 3756 ali-

367 3794 585 3862 quando
615 3809 700 3849 res
733 3794 822 3848 illa
864 3811 983 3866 qua:
1026 3797 1380 3865 susceptibilis
1420 3796 1563 3851 illius
1610 3805 1694 3851 est
1738 3795 1854 3864 fuit,
1897 3803 1950 3851 et

367 3885 460 3938 illa
515 3885 732 3960 quidem
782 3902 899 3956 quae
947 3903 977 3942 a
1030 3889 1386 3958 possibilitate
1439 3891 1504 3944 ad
1555 3899 1732 3945 actum
1784 3891 1947 3960 venit,

370 3959 650 4050 utriuﬁlne
680 3980 845 4050 partis
873 3981 1313 4037 contradictionis
1359 3985 1720 4053 susceptibilis
1765 3995 1867 4052 cst,
1900 3996 1956 4042 ut

375 4085 518 4125 nunc
548 4086 645 4139 ego
688 4073 888 4140 scribo,
936 4083 990 4128 et
1017 4089 1081 4129 ex
1120 4085 1380 4145 potestate
1417 4077 1484 4130 ad
1527 4088 1700 4132 actum
1730 4081 1872 4144 veni,
1903 4090 1956 4135 et

373 4177 544 4232 agens
580 4178 792 4233 possum
826 4157 1086 4222 scribere.
1129 4171 1266 4223 Ante
1296 4168 1437 4222 enim
1468 4185 1624 4238 quam
1659 4172 1955 4226 scriberem

371 4264 495 4310 erat
538 4255 667 4311 mihi
699 4258 968 4313 scribendi
997 4260 1256 4328 potentia.
1299 4261 1402 4314 Sed
1437 4277 1498 4314 ex
1530 4271 1791 4328 potestate
1823 4265 1956 4317 scri-

371 4347 534 4403 bendi
580 4351 698 4404 veni
730 4350 794 4405 ad
825 4362 1002 4407 actum
1033 4352 1320 4407 scribendi.
1355 4353 1529 4420 Quare
1560 4362 1782 4424 utraque
1829 4352 1958 4409 mihi

372 4443 704 4496 canveniunt
735 4453 788 4497 et
814 4445 1054 4500 scribere
1083 4457 1131 4499 et
1158 4460 1261 4499 non
1290 4445 1546 4511 scribere,
1579 4462 1790 4514 possunt
1817 4447 1957 4500 enim

373 4545 428 4591 et
459 4551 565 4591 non
611 4539 873 4604 scribere,
909 4555 1126 4609 possum
1174 4549 1229 4594 et
1258 4541 1514 4604 sci-lbere,
1553 4557 1670 4610 qua:
1701 4551 1781 4596 est
1825 4560 1960 4613 quo-

375 4628 665 4684 dammodo
695 4632 1066 4686 contradictio.
1102 4636 1274 4703 Atque
1303 4633 1425 4688 ideo
1451 4650 1780 4705 quarcunque
1811 4652 1836 4688 a
1866 4653 1956 4705 po-
1987 4611 2041 4682 β

373 4727 568 4775 testate
599 4722 663 4774 ad
692 4736 868 4776 aetum
894 4725 1133 4790 veniunt,
1165 4740 1222 4779 ea
1253 4724 1502 4780 etfacere
1530 4741 1742 4794 possunt
1774 4738 1824 4782 et
1853 4744 1959 4782 non

375 4814 574 4881 facere,
598 4825 651 4871 et
679 4832 796 4870 csse
819 4829 998 4872 etnon
1025 4833 1165 4884 esse,
1202 4829 1251 4872 ιιι
1283 4820 1371 4889 qui
1401 4819 1654 4890 loquitur,
1688 4820 1808 4890 quia
1835 4829 1959 4876 ante

375 4911 547 4978 potuit
595 4909 737 4980 loqui
776 4927 932 4980 quam
976 4913 1304 4981 loqueretur.
1337 4923 1390 4968 et
1437 4931 1573 4967 nunc
1621 4915 1740 4970 ideo
1786 4925 1960 4985 potest

375 5004 520 5075 loqui
555 5007 678 5074 quia
706 5005 960 5075 loquitur,
991 5016 1042 5060 et
1073 5015 1247 5076 potest
1277 5005 1421 5075 loqui
1453 5018 1504 5060 et
1535 5017 1710 5075 potest
1741 5025 1844 5062 non
1885 5010 1962 5062 lo-

375 5102 489 5171 qui.
523 5101 635 5156 .tlia
664 5117 789 5156 vero
817 5118 935 5172 qua:
961 5118 1226 5172 nunquam
1259 5116 1413 5157 antea
1439 5113 1700 5172 potestate
1725 5103 1842 5170 luit,
1867 5105 1961 5160 sed

376 5194 593 5266 Semper
623 5208 765 5260 actu,
796 5196 1084 5265 aliquando
1117 5212 1205 5251 res
1232 5197 1341 5266 ipsa
1375 5197 1468 5250 fuit
1492 5213 1607 5265 qua:
1636 5198 1834 5268 aliquid
1868 5217 1963 5269 po-

379 5299 572 5346 testate
622 5306 743 5345 esse
785 5292 1078 5358 diceretur,
1125 5290 1188 5342 ad
1239 5305 1398 5343 unam
1444 5306 1552 5344 rem
1604 5298 1806 5344 tantum
1840 5303 1962 5362 apta

376 5393 484 5454 est,
522 5395 578 5440 ut
606 5386 742 5454 ignis
772 5403 1043 5456 nunquam
1075 5386 1174 5440 fuit
1202 5394 1325 5440 ante
1359 5395 1622 5456 potestate
1650 5384 1873 5449 calidus,
1905 5395 1962 5438 ut

375 5491 561 5551 postea
596 5479 804 5534 calidus
831 5491 951 5534 actu
983 5483 1295 5546 sentiretur,
1331 5496 1427 5534 nec
1459 5480 1545 5532 nix
1579 5488 1733 5532 antea
1770 5478 1959 5548 frigida

377 5586 668 5647 pote~tate,
710 5585 828 5646 post
871 5587 1012 5630 :lcttt.
1051 5576 1154 5631 Sed
1201 5575 1486 5646 aliquando
1527 5575 1621 5627 l'ttit.
1660 5575 1794 5642 ignis
1840 5585 1961 5627 :lt‘lll

377 5673 610 5740 calidus,
643 5671 738 5726 fuit
783 5682 835 5726 et
862 5672 1146 5743 aliquando
1190 5673 1276 5726 nix
1320 5671 1506 5741 frigida
1537 5681 1676 5724 actu.
1705 5670 1963 5737 Quocirca

377 5764 464 5828 hac
493 5767 749 5838 petentia:
774 5782 880 5821 non
907 5761 1032 5822 sunt
1062 5777 1198 5837 apta:
1232 5765 1295 5820 ad
1327 5776 1574 5836 utraque.
1606 5763 1788 5831 Neque
1820 5763 1963 5818 enim

253 5897 290 5904 -
378 5857 518 5930 ignis
549 5857 1046 5940 lrigus‘iucurrere,
1097 5873 1197 5918 nec
1223 5857 1311 5917 nix
1352 5857 1584 5916 calidum
1609 5869 1842 5927 unquam
1870 5869 1969 5928 po-

2057 1919 2136 1972 vel
2171 1919 2436 1972 adiuuanti
2469 1919 2712 1984 duri:ies,
2765 1920 2850 1973 vel
2892 1934 3042 1987 aqua:
3070 1920 3260 1986 liquor.
3311 1917 3412 1973 Sed
3461 1918 3639 1973 nullus

2059 2012 2348 2067 arbitretur
2379 2026 2443 2064 ex
2473 2011 2791 2066 necessariae
2826 2010 3194 2080 possibilitatis
3231 2011 3409 2080 Specie
3436 2024 3556 2066 esse
3586 2008 3639 2064 id

2057 2103 2446 2175 quoddlcimus
2479 2119 2746 2172 nunquam
2783 2112 3042 2172 [intestate
3071 2101 3255 2168 fuisse,
3292 2111 3441 2157 actus
3479 2115 3640 2172 quos-

2052 2199 2175 2252 dam
2207 2201 2256 2251 in
2289 2197 2602 2265 quibusdam
2637 2198 2815 2260 rebus,
2845 2207 2899 2250 ut
2928 2196 3034 2266 igni
3063 2196 3319 2262 calorem,
3353 2196 3467 2266 ipse
3493 2194 3637 2250 enim

2054 2291 2318 2358 exstingui
2353 2290 2488 2360 ignis
2519 2299 2712 2358 potest.
2743 2289 2795 2343 ln
2829 2289 2934 2343 illis
2959 2299 3134 2342 autem
3165 2304 3284 2359 quze
3319 2287 3638 2343 necessaaite

2055 2392 2198 2447 sunt,
2253 2397 2357 2435 n0:t
2407 2381 2566 2434 modo
2609 2381 2836 2449 qualitas
2889 2396 2919 2434 a
2967 2380 3206 2450 subjecta
3253 2395 3311 2436 re
3358 2378 3642 2436 discedere

2056 2494 2326 2544 nunquam
2358 2478 2534 2539 debet,
2582 2475 2724 2544 quod
2772 2475 2982 2531 videtur
3010 2476 3168 2530 etiam
3213 2473 3264 2529 in
3299 2473 3429 2544 igni,
3473 2487 3504 2528 a
3535 2487 3642 2542 quo

2055 2587 2146 2626 sua
2203 2571 2431 2640 qualitas
2479 2569 2672 2623 caloris
2709 2586 2814 2623 non
2863 2568 3094 2635 recedit,
3145 2567 3240 2623 sed
3291 2569 3452 2622 etiam
3506 2564 3640 2622 illttd

2056 2666 2198 2736 quod
2233 2665 2470 2730 subjecta
2505 2665 2592 2717 i’la
2625 2662 2919 2717 substantia
2966 2661 3284 2717 immortalis
3309 2676 3429 2716 esse
3461 2659 3640 2714 videa-

2062 2768 2163 2820 tur,
2191 2758 2328 2826 (μη)ιί
2361 2758 2466 2822 igni
2501 2772 2602 2810 non
2632 2756 2842 2809 accidit.
2868 2755 3052 2810 Solem
3081 2755 3222 2808 enim
3248 2762 3302 2808 et
3325 2761 3518 2808 curtera
3545 2753 3641 2808 hu-

2055 2852 2293 2922 jusmodi
2317 2867 2542 2920 corpora
2583 2866 2702 2920 quae
2729 2865 2960 2920 superna
2997 2860 3143 2915 sunt,
3168 2857 3222 2903 et
3251 2848 3510 2912 cmlestia,
3543 2847 3641 2902 im-

2061 2945 2307 2998 mortalia
2360 2942 2702 3012 peripatetica
2748 2939 3030 3009 dLsr-iplina
3077 2947 3223 3009 putat
3252 2977 3268 3005 ,
3321 2947 3482 3008 atque
3521 2936 3643 2992 ideo

2058 3038 2461 3094 Consi-ntieuter
2501 3034 2604 3088 sibi
2649 3035 2805 3088 doret
2845 3032 3012 3088 solent
3064 3029 3367 3086 nccesmrio
3414 3030 3640 3098 moveri,

2059 3133 2200 3202 quod
2231 3149 2332 3185 non
2370 3131 2528 3184 modo
2565 3144 2590 3181 a
2623 3130 2736 3182 sole
2773 3137 2947 3181 motus
2994 3125 3082 3180 ille
3113 3139 3382 3194 nunquam
3415 3122 3640 3188 recedit,

2056 3227 2152 3280 sed
2180 3241 2244 3280 ne
2275 3225 2354 3277 sol
2385 3223 2598 3290 quidem
2627 3221 2738 3290 ipse
2768 3234 2888 3274 esse
2910 3218 3139 3273 desinet.
3167 3217 3259 3271 llis
3294 3230 3424 3284 ergo
3447 3213 3642 3286 prtedi-

2058 3319 2158 3371 ctis
2186 3316 2238 3372 id
2264 3315 2327 3369 ad
2352 3315 2490 3386 quod
2516 3315 2629 3367 bare
2656 3311 2930 3381 praeniissa
2950 3317 3096 3376 sunt,
3125 3308 3176 3364 id
3202 3317 3284 3364 est
3304 3320 3640 3378 consequen-

2063 3415 2131 3467 ti.i
2162 3409 2588 3480 propositionum
2617 3407 2922 3477 dilig-'ttlius
2951 3401 3294 3472 exsequenda
3321 3411 3424 3457 est.

2131 3506 2516 3574 Consequentiw
2543 3519 2657 3556 vero
2703 3503 2984 3554 secundum
3017 3498 3249 3551 ordinem
3279 3495 3406 3564 ﬁunt
3452 3495 3523 3548 ita
3550 3510 3642 3563 po.

2060 3601 2315 3654 ﬂentibus.
2347 3597 2439 3651 Illi
2467 3598 2600 3650 enim
2629 3611 2745 3664 quae
2764 3602 2861 3658 est,
2892 3591 3132 3659 possibile
3156 3600 3228 3643 est
3261 3603 3387 3653 esse,
3415 3588 3644 3655 sequitur

2058 3698 2150 3753 illa
2172 3712 2286 3765 qum
2313 3705 2403 3756 est,
2437 3696 2730 3761 contingens
2763 3706 2888 3752 esse,
2915 3697 2959 3742 ει
2982 3689 3087 3742 [nec
3116 3685 3194 3740 illi
3222 3681 3552 3746 convertihr,
3597 3689 3644 3734 et

2059 3809 2162 3847 nan
2202 3789 2513 3862 impossibile
2551 3797 2690 3850 esse,
2752 3793 2800 3839 et
2840 3799 2942 3836 non
2985 3778 3326 3835 necessarium
3370 3790 3498 3829 esse.
3549 3770 3644 3827 Illi

2061 3905 2173 3942 vero
2197 3902 2312 3957 quo?
2333 3894 2426 3947 est,
2458 3880 2692 3950 possibile
2714 3896 2814 3934 non
2841 3893 2968 3946 esse,
2995 3884 3039 3929 et
3063 3873 3360 3944 comingens
3391 3884 3492 3922 non
3513 3881 3642 3933 esse,

2059 3999 2118 4037 ea
2150 3997 2263 4052 qua:
2292 3989 2382 4040 est.
2418 3994 2518 4031 non
2547 3975 2886 4030 necessarium
2907 3987 3010 4024 non
3033 3985 3154 4030 esse,
3189 3975 3236 4020 et
3261 3981 3361 4017 non
3392 3960 3644 4032 impossi-

2063 4074 2162 4128 bile
2191 4090 2292 4127 non
2329 4089 2456 4125 esse.
2489 4069 2578 4123 Illi
2611 4084 2725 4121 vero
2755 4081 2868 4134 quw
2895 4073 2990 4128 est,
3037 4077 3142 4114 non
3173 4055 3407 4126 possibile
3436 4068 3565 4120 esse,
3597 4060 3646 4105 et

2065 4185 2165 4220 non
2193 4167 2488 4236 contingens
2511 4179 2635 4224 esse,
2672 4177 2729 4213 ea
2753 4173 2866 4228 qua:
2893 4163 2986 4218 est,
3023 4148 3362 4205 itecessarittm
3389 4161 3490 4198 non
3514 4159 3641 4212 esse,

2065 4276 2109 4320 ct
2143 4261 2451 4334 impossibile
2480 4274 2604 4312 esse.
2639 4255 2731 4310 Illi
2759 4269 2876 4307 vero
2899 4265 3011 4321 qua:
3030 4257 3123 4311 est,
3155 4261 3258 4298 non
3285 4241 3522 4312 possibile
3543 4254 3645 4292 non

2066 4373 2190 4424 esse,
2217 4367 2258 4408 ct
2288 4372 2386 4407 non
2417 4352 2713 4419 contingens
2748 4363 2848 4400 non
2875 4361 3001 4409 esse,
3035 4341 3126 4394 illa
3155 4353 3270 4408 qua:
3313 4344 3405 4400 est,
3447 4340 3646 4386 necesse

2063 4459 2135 4505 est
2173 4465 2297 4503 esse.
2339 4445 2404 4499 Et
2442 4443 2670 4514 impossil
2685 4439 2750 4493 ile
2779 4455 2881 4490 non
2926 4449 3053 4499 esse,
3091 4428 3438 4484 consideretur
3476 4433 3647 4478 autem

2065 4560 2128 4597 cx
2157 4540 2522 4609 subscriptione
2547 4535 2679 4602 quod
2704 4532 2936 4585 dicimus.
3361 4579 3365 4582 ,

2141 4635 2263 4688 [huc
2298 4630 2612 4686 Ariston-les
2647 4618 3047 4679 consentienter
3076 4617 3160 4673 his
3201 4631 3319 4685 qum.
3350 4628 3448 4667 nos
3488 4624 3647 4679 supra

2071 4727 2428 4800 pt‘;t:tttisittttts
2456 4722 2658 4776 addidit
2687 4721 2751 4771 de
2785 4713 3164 4785 consequentia
3197 4708 3645 4778 propositionum,

2067 4839 2186 4894 quae
2219 4821 2314 4872 etsi
2342 4816 2622 4870 manifesta
2644 4821 2766 4866 sunt
2791 4820 2941 4864 :eute
2970 4804 3437 4878 persiiieientibus,
3471 4810 3649 4854 tamen

2075 4933 2142 4970 ne
2183 4930 2280 4968 nos
2313 4913 2442 4964 nihil
2497 4910 2617 4962 huic
2658 4920 2870 4976 quoque
2914 4905 3032 4958 loco
3061 4900 3328 4954 addidisse
3353 4895 3648 4958 videamur,

2088 5011 2404 5065 brevissima
2436 5005 2764 5071 expositione
2791 5016 2849 5053 ea
2883 4995 3261 5065 percurrimus.
3297 4989 3533 5044 Primum
3560 5001 3651 5038 vo-

2079 5103 2175 5157 luit
2227 5101 2627 5156 dcu-t-nstrare,
2661 5093 2907 5163 quoniam
2949 5098 3277 5158 qna'cunque
3313 5080 3379 5135 de
3406 5076 3653 5149 possibili

2086 5196 2422 5256 dicerentur,
2455 5206 2514 5244 ea
2546 5189 2705 5242 etiam
2737 5187 2804 5238 de.
2830 5179 3155 5252 contingenti
3186 5171 3523 5230 vcracissime
3546 5167 3654 5223 dici

2079 5297 2323 5359 possunt,
2361 5294 2517 5353 atque
2549 5281 2666 5336 ideo
2716 5279 2788 5331 ait
2819 5277 2890 5330 illi
2936 5289 3052 5344 qua:
3083 5280 3186 5335 est,
3239 5263 3493 5336 possibile
3533 5273 3654 5318 e520

2071 5391 2487 5450 Ct'ittst‘qucnlent
2521 5391 2641 5432 esse
2673 5375 2816 5427 illam
2848 5386 2964 5441 qua:
2997 5365 3142 5426 dicit,
3168 5359 3476 5429 contingere
3510 5368 3652 5410 esse.

2073 5481 2134 5535 Et.
2163 5493 2228 5533 ne
2259 5479 2307 5532 iu
2346 5476 2425 5528 bis
2457 5471 2651 5538 aliquid
2687 5470 2995 5534 discrepans
3023 5459 3311 5517 videretur,
3348 5450 3543 5519 adjecit
3591 5449 3657 5502 li-

2071 5591 2220 5639 cens,
2260 5573 2322 5626 F.t
2351 5570 2463 5623 lnrc
2497 5568 2568 5622 illi
2601 5561 2945 5623 convertitur,
2974 5564 3032 5608 ut
3065 5549 3482 5619 intelligeremus
3510 5540 3656 5612 quod

2073 5677 2215 5722 esset
2251 5663 2504 5734 po~sil>ilc
2551 5661 2653 5712 hoc
2690 5653 3015 5721 contingere,
3059 5641 3276 5713 etquod
3318 5639 3656 5706 contingeret

2079 5760 2204 5815 illini
2235 5774 2354 5812 esse
2387 5753 2662 5824 possibile,
2689 5760 2850 5818 quare
2875 5757 2992 5813 qute
3019 5738 3118 5794 sibi
3159 5738 3562 5795 convertuntur,

2080 5852 2303 5923 aequalia
2345 5817 2470 5906 sunt
2500 5857 2657 5918 atque
2696 5817 2903 5902 eadem.
2939 5832 3206 5908 Quidquid
3247 5843 3376 5899 ergo
3401 5817 3646 5895 impossi-
