4090 6342
498 350 600 407 599

1720 348 1829 404 AN.
1872 348 2079 404 MANL.
2122 348 2273 406 SEV.
2315 348 2535 406 BOETH

3652 356 3760 408 £4‘30

497 464 604 521 bile
627 466 728 521 dici
760 474 952 536 potest,
982 466 1119 520 idem
1146 465 1197 519 in
1231 464 1559 535 contingenti
1584 464 1923 533 praedicatur,
1959 462 2070 517 haec
2100 464 2150 523 Α
2175 463 2281 519 bile
2310 480 2415 519 non
2443 480 2583 531 esse,
2613 476 2667 520 et
2689 465 2737 519 ei
2768 479 2888 533 qua:
2918 473 3000 519 est
3038 465 3350 534 contingere
3376 482 3480 521 non
3516 484 3636 525 esse
3666 471 3757 525 illa

496 572 645 626 ergo,
681 558 731 610 id
760 567 839 611 est
867 558 1181 624 contingens
1212 564 1264 610 et
1289 555 1543 625 possibile
1572 557 1721 625 sequi
1751 555 1883 610 dixit
1922 556 2068 608 illam

496 651 911 720 propositionem
940 665 1057 717 quas
1099 649 1321 714 diceret,
1360 666 1462 703 non
1491 649 1818 718 impossibile
1846 663 1986 714 esse,
2021 661 2074 705 et

496 750 612 799 eam
666 758 784 813 qua:
830 744 1195 799 necessarium
1251 753 1428 811 negat,
1478 744 1527 796 id
1570 752 1650 796 est
1694 760 1799 796 non
1854 758 2072 797 necesse

497 854 638 894 esse.
673 840 758 892 Ait
789 838 932 892 enim
963 856 973 891 :
1006 838 1081 893 llli
1111 839 1253 893 enim
1284 853 1402 908 ane
1428 846 1509 892 est
1539 838 1793 906 possibile
1816 852 1955 901 esse,
1982 838 2069 891 illa

497 946 617 1000 qua:
644 941 722 985 est
765 934 1079 1003 contingere
1111 946 1251 995 esse,
1287 940 1339 984 et
1369 931 1481 986 haec
1519 931 1595 985 illi
1627 932 1973 997 convertitur,
2019 942 2073 985 et

495 1038 555 1076 ea
587 1037 704 1093 qum
729 1032 831 1088 est,
862 1039 964 1076 non
996 1023 1323 1090 impossibile
1351 1037 1470 1076 esse
1492 1033 1544 1076 et
1574 1037 1678 1075 non
1711 1022 2068 1076 necessarium

497 1132 638 1182 esse,
690 1126 939 1186 tanquam
983 1119 1025 1171 si
1062 1118 1161 1172 hoc
1197 1117 1420 1181 diceret,
1454 1127 1507 1169 et
1539 1116 1787 1184 possibile
1828 1130 1947 1169 esse
1988 1129 2073 1169 se-

494 1210 673 1279 quitur
694 1210 1075 1279 contingentia.
1116 1209 1180 1263 Et
1212 1208 1323 1261 bace
1353 1217 1573 1274 utraque
1616 1206 1716 1258 sibi
1749 1215 2071 1259 convertun-

494 1311 601 1369 tur,
643 1302 736 1356 sed
777 1301 873 1355 bas
914 1302 1159 1367 sequitur
1200 1314 1304 1352 non
1354 1296 1683 1367 impossibile
1729 1310 1847 1350 esse
1882 1305 1935 1349 et
1966 1311 2071 1348 non

492 1395 860 1452 necessarium
889 1408 1025 1457 esse,
1060 1393 1161 1446 hoc
1195 1406 1354 1461 quam
1388 1400 1534 1445 recte
1563 1391 1758 1443 dictum
1792 1391 1859 1442 sit
1905 1389 2073 1442 nemi-

492 1505 613 1544 nem
641 1490 788 1543 latet.
822 1487 950 1541 Nam
986 1487 1129 1555 qu‘od
1156 1494 1233 1540 (st
1264 1485 1522 1554 possibile
1548 1499 1685 1547 esse,
1720 1483 1769 1535 id
1796 1498 1915 1536 esse
1937 1498 2071 1535 con-

493 1583 666 1654 tingit,
703 1591 757 1636 ut
787 1581 858 1635 sit
888 1596 992 1634 non
1020 1579 1347 1649 impossibile
1378 1592 1518 1633 esse.
1548 1576 1678 1630 Nam
1713 1576 1759 1629 si
1803 1586 1942 1628 esset
1973 1576 2074 1628 im-

490 1676 770 1746 possibile,
806 1691 909 1727 non
937 1674 1206 1727 diceretur
1236 1686 1393 1741 posse
1421 1685 1562 1735 esse,
1590 1670 1729 1738 quod
1761 1678 1817 1720 ut
1849 1684 1953 1721 non
1988 1682 2073 1720 es-

492 1779 575 1824 set
601 1769 746 1835 ratio
784 1766 1227 1836 impossibilitatis
1270 1764 1607 1832 astringeret.
1640 1763 1781 1830 Ergo
1830 1761 1883 1814 id
1926 1760 2067 1829 quod

2175 560 2481 611 consentire
2502 559 2573 611 ait
2594 574 2712 628 qua:
2733 558 2882 623 dicit,
2913 574 3015 612 non
3043 574 3262 614 necesse
3284 576 3390 614 non
3416 575 3556 626 esse,
3578 574 3631 617 et
3654 579 3762 619 non

2176 651 2510 721 impossibile
2537 667 2640 707 non
2675 668 2817 707 esse.
2844 653 2956 707 lloc
2985 665 3160 708 autem
3189 655 3329 721 ideo,
3360 657 3479 725 quia
3503 658 3644 723 quod
3672 674 3768 726 po-

2175 754 2277 799 test
2307 762 2411 800 non
2436 763 2575 808 esse.
2608 756 2784 817 potest
2804 748 2964 802 etiam
2990 762 3127 801 esse.
3160 747 3227 801 Et
3257 764 3441 802 rursus
3465 749 3606 816 quod
3632 766 3738 805 con

2178 839 2333 908 tingit
2364 857 2468 893 non
2497 856 2635 905 esse,
2668 839 2927 910 contingit
2948 856 3089 895 esse.
3113 844 3181 896 At
3204 856 3331 895 vero
3357 843 3499 912 quod
3531 859 3759 898 necesse

2175 940 2257 984 est
2284 947 2385 984 non
2414 945 2554 995 esse,
2588 931 2716 985 illud
2758 948 2861 985 non
2894 940 3066 1000 potest
3099 947 3236 997 esse,
3268 934 3411 1003 quod
3435 945 3616 989 autem
3660 937 3766 989 im-

2179 1024 2434 1092 possibile
2477 1036 2553 1079 est
2587 1041 2689 1078 non
2736 1039 2874 1084 esse,
2920 1026 3046 1078 illu‘d
3090 1040 3195 1079 non
3229 1041 3349 1081 esse
3390 1043 3496 1081 non
3542 1031 3764 1096 poterit.

2177 1100 2353 1181 Quare
2378 1133 2407 1170 a
2438 1117 2675 1184 possibili
2707 1127 2943 1181 utrteque
2970 1117 3293 1186 discrepant.
3319 1118 3561 1188 Namque
3593 1121 3769 1188 possi-

2174 1208 2361 1261 bilitati
2394 1224 2511 1277 qua}
2554 1224 2711 1276 posse
2739 1208 2935 1277 aliquid
2967 1222 3087 1262 esse
3117 1209 3396 1276 promittit,
3426 1211 3764 1264 contrarium

2175 1301 2340 1355 sentit
2384 1316 2444 1354 ea
2478 1318 2595 1370 qua:
2626 1302 2753 1357 dicit
2800 1288 3021 1356 necesse
3064 1316 3184 1356 esse
3230 1316 3335 1356 non
3366 1317 3509 1356 esse.
3555 1300 3766 1356 Rursus

2175 1397 2295 1463 quia
2330 1396 2660 1465 possibilitas
2703 1395 2861 1450 habet
2899 1396 2950 1449 in
2983 1411 3041 1450 se
3074 1397 3199 1461 vim,
3233 1406 3291 1451 ut
3323 1396 3372 1449 id
3413 1396 3555 1464 quod
3591 1405 3768 1463 potest

2175 1506 2314 1555 esse,
2347 1492 2513 1557 possit
2537 1503 2588 1545 et
2627 1507 2734 1545 non
2778 1506 2922 1556 esse,
2950 1492 3197 1546 dissentit
3225 1492 3293 1545 ab
3318 1508 3381 1546 ea
3423 1494 3767 1560 multumque

2176 1583 2442 1653 discrepat
2470 1598 2587 1652 qua:
2624 1583 2753 1637 dicit
2778 1583 3105 1651 impossibile
3135 1598 3255 1637 esse
3297 1597 3399 1637 non
3432 1599 3575 1639 esse.
3610 1583 3766 1649 Quod

2176 1676 2219 1727 si
2252 1675 2321 1729 sit
2348 1674 2642 1743 propositio
2665 1690 2782 1743 qua:
2808 1674 3063 1742 przedicat
3089 1689 3308 1729 necesse
3335 1690 3453 1729 esse
3482 1690 3591 1729 non
3616 1689 3763 1738 esse,

2177 1776 2229 1820 et
2252 1781 2436 1819 rursus
2458 1781 2577 1835 quae
2607 1765 2735 1819 dicit
2762 1765 3097 1834 impossibile
3122 1781 3245 1821 esse
3273 1782 3377 1821 non
3408 1780 3551 1831 esse,
3584 1782 3617 1820 a
3642 1781 3766 1836 pos-

490 1874 667 1934 potest
688 1878 826 1928 esse,
858 1876 961 1914 non
995 1857 1324 1927 impossibile
1348 1865 1589 1911 estesse.
1611 1855 1865 1909 Similiter
1888 1862 2065 1909 autem
2102 1836 2149 1894 B
2176 1861 2429 1915 sibilitate
2469 1860 2811 1915 dissentiunt.
2864 1860 3028 1914 Recte
3074 1860 3323 1914 nimirum
3368 1861 3557 1915 harum
3605 1876 3765 1930 nega.

490 1975 598 2014 non
622 1968 705 2013 est
732 1945 951 2012 necesse
982 1969 1119 2022 esse,
1151 1953 1199 2005 id
1223 1952 1363 2022 quod
1394 1964 1548 2017 posse
1574 1963 1693 2002 esse
1719 1946 1930 2001 dicitur.
1957 1947 2067 2001 lloc

488 2060 667 2106 autem
696 2050 893 2103 idcirco
934 2049 1131 2109 evenit,
1164 2046 1283 2113 quia
1331 2043 1382 2096 id
1419 2040 1558 2110 quod
1590 2039 1842 2109 possibile
1872 2039 2085 2109 prmdi-‘

487 2158 670 2199 camus
708 2141 774 2195 ad
816 2153 1094 2208 utramque
1126 2147 1330 2207 partem
1364 2139 1517 2194 facile
1546 2137 1790 2192 vertitur.
1840 2135 1972 2189 Nam
2013 2141 2069 2189 et

488 2240 546 2292 ut
567 2236 637 2290 sit
669 2235 779 2289 fieri
808 2244 982 2303 potest
1011 2242 1063 2288 et
1094 2242 1149 2286 ut
1172 2248 1276 2286 non
1318 2233 1402 2286 sit.
1437 2233 1504 2285 At
1540 2246 1665 2284 vero
1698 2228 1987 2283 necessitas
2012 2237 2068 2283 et

486 2326 890 2397 impossibilitus
922 2327 971 2379 in
1018 2326 1275 2379 alterutra
1308 2334 1455 2393 parte
1496 2322 1897 2391 constringitur.
1932 2320 2064 2374 Nam

486 2420 629 2490 quod
682 2419 1011 2487 impossibile
1058 2427 1142 2473 est
1194 2431 1335 2481 esse,
1379 2430 1496 2469 esse
1539 2430 1805 2485 nunquam
1865 2422 2063 2482 potest.

488 2511 656 2568 Porro
681 2522 855 2567 autem
885 2511 1025 2581 quod
1055 2525 1276 2565 necesse
1318 2518 1399 2564 est
1441 2524 1580 2572 esse,
1616 2524 1721 2562 non
1765 2522 1884 2562 esse
1924 2523 2064 2561 non-

486 2623 643 2681 quam
696 2615 891 2677 potest.
941 2607 1079 2675 Ergo
1137 2605 1186 2660 id
1237 2604 1376 2674 quod
1429 2617 1684 2673 negamus
1734 2600 2066 2669 impossibile

416 2742 417 2745 η
484 2715 624 2765 esse,
645 2699 951 2753 consentire
983 2697 1208 2751 facimus
1241 2696 1598 2765 pOSsibiiituli.
1629 2695 1683 2748 ld
1718 2707 1892 2749 autem
1922 2692 2063 2763 quod

485 2806 741 2862 negamus
793 2790 1175 2853 necessarium,
1228 2802 1413 2842 rursus
1472 2787 1643 2840 eidem
1697 2797 1898 2838 natura:
1953 2783 2061 2835 vim

484 2884 851 2954 possibilitatis
877 2882 1239 2951 adjungimus,
1274 2891 1329 2933 ut
1355 2880 1421 2933 sit
1446 2881 1546 2933 boc
1576 2879 1734 2933 modo
1753 2877 2062 2943 dicendum,

484 2987 539 3032 et
566 2984 622 3030 ut
654 2976 832 3030 verius
859 2976 1164 3043 loquamur,
1195 2970 1272 3024 ita
1300 2970 1585 3024 dicendum
1626 2976 1726 3031 est,
1759 2968 1901 3037 quod
1940 2981 2066 3037 pos-

483 3068 638 3123 sibile
667 3076 750 3122 est
790 3077 993 3120 etesse
1037 3073 1211 3132 potest
1257 3070 1312 3117 et
1353 3078 1459 3116 non
1501 3076 1641 3117 esse.
1675 3062 1878 3113 Rursus
1922 3058 2061 3127 quod

485 3158 815 3227 impossibile
844 3168 925 3211 est
965 3171 1106 3222 esse,
1141 3171 1246 3211 non
1286 3162 1464 3223 potest
1496 3168 1636 3218 esse,
1667 3152 1810 3221 quod
1840 3166 2061 3207 necesse

485 3258 589 3316 est,
642 3265 746 3305 non
801 3258 975 3319 potest
1029 3266 1133 3302 non
1182 3262 1322 3303 esse.
1385 3247 1528 3316 Ergo
1580 3247 1625 3300 si
1674 3246 2061 3313 impoSsibilem

493 3342 920 3396 enuntiationem
966 3340 1264 3410 negationis
1294 3338 1591 3407 adjectione
1631 3338 1957 3407 frangamus,
1990 3337 2072 3390 di-

486 3443 671 3489 centes
701 3448 805 3487 non
840 3432 1169 3501 impossibile
1204 3444 1346 3491 esse,
1394 3429 1467 3483 illi
1496 3437 1702 3497 partem
1750 3428 2072 3494 possibilita-

486 3524 557 3579 tis
582 3524 937 3593 adjungimus.
986 3523 1037 3575 in
1083 3536 1185 3591 qua
1233 3535 1351 3575 esse
1384 3534 1538 3588 posse
1579 3518 1777 3587 aliquid
1816 3520 2065 3574 dicimus.

486 3615 583 3671 Sin
604 3631 732 3670 vero
762 3614 1082 3670 necessariae
1110 3612 1495 3683 propositionis
1523 3611 1752 3681 rigorem
1787 3612 2069 3680 negatione

487 3711 791 3765 minuamus
821 3709 1081 3774 dicentes,
1120 3722 1225 3761 non
1276 3721 1498 3761 necesse
1528 3721 1668 3771 esse,
1719 3705 1847 3759 illttd
1890 3704 2069 3760 evenit

488 3813 546 3857 ut
586 3803 649 3857 ad
687 3817 804 3855 eam
848 3809 1053 3869 partem
1096 3800 1454 3853 necessariam
1487 3798 1909 3867 propositionem
1967 3812 2063 3864 ap-

488 3895 773 3966 plicemus,
825 3906 942 3960 qua:
994 3892 1044 3945 in
1098 3892 1448 3960 possibilitate
1487 3898 1589 3954 est,
1642 3898 1699 3943 ut
1742 3893 1912 3959 possit
1960 3904 2067 3943 non

488 4005 629 4045 esse.
654 3990 831 4057 Quare
863 3987 1269 4058 possibilitatem
1300 3987 1539 4052 sequitur
1566 4001 1671 4039 non
1706 4000 1825 4040 esse
1862 3985 2067 4054 impos-

488 4083 661 4151 sibile,
694 4083 892 4139 idcirco
919 4085 1040 4151 quia
1083 4080 1224 4151 quod
1269 4080 1519 4149 possibile
1548 4090 1650 4146 est,
1698 4080 1814 4135 fieri
1846 4078 2062 4147 poterit,

486 4174 730 4229 eamdem
789 4174 1195 4243 possibilitatem
1247 4186 1432 4225 rursus
1483 4172 1720 4240 sequitur
1769 4169 2069 4239 propositio

486 4281 607 4333 qua:
636 4266 786 4332 dicit,
816 4282 919 4320 non
962 4280 1184 4321 necesse
1228 4275 1311 4319 est
1343 4278 1486 4328 esse,
1521 4263 1720 4318 idcirco
1761 4264 1886 4330 quia
1924 4261 2069 4331 quod

486 4358 745 4426 possibile
784 4370 887 4423 est,
924 4359 1119 4428 poterit
1163 4369 1217 4413 et
1257 4372 1364 4411 non
1389 4372 1528 4411 esse.
1564 4357 1734 4410 Aliter
1766 4357 1907 4410 idem
1940 4355 2071 4409 dici-

485 4468 629 4519 mus,
662 4453 799 4522 quod
847 4452 1095 4520 possibile
1126 4460 1207 4506 est
1240 4467 1343 4506 non
1374 4458 1457 4506 est
1481 4466 1663 4505 verum
1707 4450 1906 4513 dicere,
1936 4463 2069 4517 quo-

486 4547 629 4599 niam
665 4543 992 4611 impossibile
1019 4552 1122 4609 est,
1155 4544 1276 4613 quia
1310 4544 1421 4598 fieri
1450 4551 1646 4613 potest.
1682 4542 1887 4594 Rursus
1919 4539 2063 4609 quod

484 4636 800 4707 possibibile
836 4646 937 4701 est,
969 4652 1071 4691 non
1106 4646 1190 4691 est
1224 4652 1403 4690 verum
1434 4635 1636 4693 dicere.
1682 4631 1930 4701 quoniam
1965 4646 2061 4685 ne-

487 4745 638 4785 cesse
663 4741 765 4786 est.
798 4732 979 4785 Potest
1005 4731 1145 4785 enim
1176 4730 1315 4798 quod
1347 4729 1600 4799 possibile
1631 4738 1711 4781 est
1743 4742 1885 4789 esse,
1923 4724 2063 4780 idem

487 4841 595 4880 non
636 4839 775 4880 esse.
809 4826 983 4891 Quare
1018 4825 1060 4879 si
1095 4824 1159 4877 de
1192 4821 1545 4892 pos~ibilitale
1579 4817 1984 4888 impossibilitas
2013 4829 2069 4871 et

486 4918 777 4970 necessitas
810 4926 953 4969 recte
994 4915 1095 4968 dici
1128 4930 1232 4967 non
1276 4920 1474 4981 p0test,
1518 4927 1702 4964 eorum
1754 4912 2067 4979 negationes

484 5007 823 5077 possibilitati
868 5005 1222 5067 εοηειιιιιὶεηι,
1265 5018 1383 5071 (ιιιτε
1426 5012 1546 5056 sunt
1590 5017 1694 5055 non
1737 5001 2068 5069 impossibile

484 5113 607 5153 esse
635 5110 687 5153 et
718 5114 822 5153 non
857 5097 1221 5153 necessarium
1249 5110 1389 5148 esse.
1436 5095 1539 5148 Sed
1572 5096 1886 5149 meminisse
1914 5095 2077 5150 debe-

485 5203 606 5242 mus
638 5191 879 5244 eamdetn
920 5205 1133 5258 semper
1177 5189 1229 5241 in
1263 5186 1511 5241 omnibus
1552 5187 1620 5241 de
1662 5189 1990 5257 Contingenti
2018 5199 2077 5245 et

485 5280 554 5334 de
588 5282 836 5347 possibili
868 5282 1130 5334 rationem
1181 5294 1321 5333 esse.
1376 5279 1449 5333 De
1475 5296 1538 5333 eo
1582 5279 1789 5334 scilicet
1834 5282 2076 5350 possibili

484 5373 626 5441 quod
653 5388 774 5426 cum
806 5372 980 5426 adhuc
1011 5388 1113 5425 non
1147 5375 1215 5424 sit
1252 5371 1445 5439 poterit
1479 5380 1654 5425 tamen
1700 5388 1819 5426 esse
1850 5384 1941 5425 aut
1969 5390 2077 5429 non

482 5479 625 5519 esse.
671 5466 842 5519 Aliam
874 5480 1061 5517 rursus
1102 5463 1540 5529 consequentiam
1574 5460 1706 5513 dicit
1741 5462 1840 5514 hoc
1870 5463 2066 5517 modo:

481 5553 559 5608 llli
593 5570 719 5608 vero
744 5570 861 5624 qute
891 5565 973 5607 est
995 5555 1248 5621 possibile
1279 5568 1381 5604 non
1408 5565 1527 5604 esse
1558 5560 1607 5603 et
1631 5553 1941 5613 contingere
1965 5568 2071 5606 non

485 5664 625 5710 esse,
666 5648 750 5700 illa
784 5665 901 5715 quze
931 5655 1013 5701 est
1045 5665 1149 5699 non
1188 5643 1551 5699 tieccharium
1591 5656 1695 5693 non
1728 5656 1849 5695 es-e
1882 5656 1933 5696 et
1965 5660 2068 5697 non

486 5741 817 5807 impossibile
854 5756 957 5793 non
1001 5757 1120 5794 esse
1150 5747 1369 5807 propter
1397 5733 1639 5785 eamdem
1669 5747 1883 5785 causam
1928 5734 2067 5790 lianc

485 5848 698 5904 quoque
720 5833 1151 5901 consequentiam
1176 5829 1328 5886 dicit.
1358 5824 1439 5879 Illi
1468 5824 1609 5878 enim
1640 5839 1759 5893 quae
1779 5834 1862 5881 est
1885 5827 2062 5896 possi-

2092 4598 2148 4659 1)

2176 1952 2347 2007 tiones
2363 1952 2699 2020 possibilitati
2713 1954 3021 2007 consentire
3032 1952 3343 2007 creduntur.
3363 1952 3659 2007 Possibiles
3672 1968 3765 2005 au-

2175 2056 2281 2101 tem
2314 2045 2709 2115 propositiones
2735 2060 2869 2099 voco
2887 2045 3192 2114 bnjusmodi
3208 2062 3324 2114 quae
3347 2045 3429 2100 vel
3450 2046 3505 2098 in
3522 2045 3763 2098 aftirma~

2176 2138 2319 2192 tione
2378 2138 2457 2191 vel
2514 2138 2797 2207 negatione
2843 2138 3251 2206 possibilitatem
3306 2139 3543 2205 aliquam
3605 2153 3760 2192 mon-

2173 2241 2366 2300 strant,
2402 2233 2567 2286 altera
2598 2239 2748 2300 parte
2781 2246 2885 2285 non
2916 2231 3225 2296 interclusa,
3259 2240 3315 2285 ut
3336 2246 3454 2300 quae
3476 2230 3614 2285 dicit
3642 2246 3765 2300 pos-

2180 2327 2337 2381 sibile
2376 2341 2495 2380 esse
2524 2326 2723 2394 aliquid
2752 2326 2818 2378 ab
2862 2324 2960 2379 bac
2989 2339 3093 2379 non
3138 2324 3510 2379 intercluditur
3552 2340 3617 2378 ea
3670 2339 3764 2392 per

2173 2437 2332 2488 quam
2359 2420 2461 2473 dici
2497 2429 2673 2487 potest
2711 2418 2964 2486 possibile
2993 2432 3113 2471 esse
3151 2432 3256 2471 non
3287 2432 3427 2479 esse,
3458 2416 3544 2469 vel
3572 2416 3618 2469 si
3647 2417 3763 2483 quis

2174 2512 2317 2565 dicat
2349 2508 2602 2578 possibile
2623 2507 2819 2576 aliquid
2852 2522 2955 2560 non
2984 2522 3125 2574 esse,
3156 2506 3223 2561 ab
3245 2508 3341 2561 bac
3372 2522 3563 2561 rursus
3594 2506 3762 2561 inter-

2172 2603 2381 2655 clusum
2432 2616 2537 2652 non
2580 2608 2685 2664 est,
2716 2610 2775 2653 ut
2802 2613 2921 2652 esse
2955 2599 3142 2665 possit.
3177 2600 3348 2665 Atque
3376 2599 3496 2653 ideo
3523 2597 3762 2652 affirma-

2173 2694 2367 2748 tionem
2414 2700 2531 2759 quae
2559 2692 2688 2745 dicit
2714 2705 2869 2758 posse
2893 2704 3012 2745 esse
3026 2689 3276 2759 possibile
3307 2704 3458 2744 voco.
3511 2689 3620 2743 Nec
3639 2700 3760 2745 eam

2172 2801 2292 2856 qua}
2332 2786 2459 2839 dicit
2486 2783 2685 2854 aliquid
2718 2799 2875 2852 posse
2920 2799 3026 2837 non
3049 2797 3190 2837 esse.
3226 2783 3292 2837 Et
3338 2782 3390 2836 in
3419 2783 3534 2835 istis
3564 2798 3758 2851 propo-

2170 2881 2451 2933 sitionibus
2477 2893 2607 2947 quas
2639 2874 2952 2930 Aristoteles
2981 2877 3153 2945 ponit,
3178 2876 3229 2929 in
3259 2876 3450 2945 quibus
3473 2877 3598 2930 dicit
3630 2892 3755 2945 pos-

2171 2973 2325 3027 sib:le
2354 2987 2458 3025 non
2488 2985 2630 3035 esse,
2658 2985 2761 3024 non
2800 2970 3041 3024 videatur
3094 2971 3166 3025 ita
3215 2970 3397 3025 dicere
3430 2980 3683 3039 tanquam
3710 2971 3756 3025 si

2171 3066 2273 3121 hoc
2299 3065 2455 3120 modo
2481 3065 2809 3133 pronuntiet,
2834 3074 2893 3117 ut
2921 3064 3090 3117 velint
3120 3064 3397 3119 intendere
3428 3064 3624 3134 aliquid
3661 3066 3759 3119 im-

2169 3158 2423 3227 possibile
2443 3171 2561 3212 essc
2581 3172 2699 3211 cum
2725 3155 2873 3219 dicit,
2911 3155 3165 3223 possibile
3196 3170 3301 3210 non
3332 3170 3472 3211 esse.
3510 3158 3581 3210 ita
3614 3158 3757 3212 enim

2174 3252 2310 3305 lianc
2355 3250 2771 3320 propositionem
2811 3248 2957 3314 dicit,
3013 3264 3119 3303 non
3149 3248 3290 3317 quod
3343 3248 3759 3317 possibilitatem

2171 3344 2315 3399 illam
2347 3342 2574 3409 auferat,
2626 3340 2719 3395 sed
2759 3341 2899 3409 quod
2943 3340 3084 3417 dicat
3113 3339 3365 3408 possibile
3410 3354 3533 3394 esse
3560 3339 3761 3409 aliquid

2172 3448 2232 3493 ut
2258 3453 2361 3491 non
2389 3436 2480 3491 sit.
2516 3434 2950 3490 Subaudiendum
2982 3434 3121 3487 enim
3150 3442 3235 3488 est
3255 3432 3763 3503 adjungendumque

2173 3529 2243 3584 ad
2275 3527 2530 3595 possibile
2559 3525 2780 3579 verbum
2809 3524 2953 3594 quod
2982 3532 3065 3576 est
3092 3536 3237 3590 esse,
3259 3534 3317 3577 ut
3343 3539 3463 3578 cum
3492 3524 3585 3579 ille
3607 3524 3762 3586 dicit,

2174 3620 2430 3691 possibile
2480 3634 2585 3673 non
2613 3633 2755 3680 esse.
2802 3612 2898 3671 nos
2946 3617 3301 3689 intelligamus
3332 3618 3590 3686 possibile
3634 3632 3762 3673 esse

2174 3729 2279 3768 non
2318 3727 2462 3778 esse,
2517 3710 2570 3764 id
2618 3720 2699 3765 est
2728 3710 2985 3780 possibile
3011 3725 3132 3764 esse
3164 3720 3220 3763 ut
3247 3724 3351 3764 non
3382 3709 3473 3764 sit.
3524 3710 3760 3763 Tertiam

2173 3803 2613 3874 consequentiam
2672 3802 2820 3872 ponit
2868 3803 3004 3856 lianc
3046 3802 3098 3856 in
3133 3818 3231 3871 qua
3273 3803 3579 3857 consentire
3606 3802 3759 3868 dicit,

2174 3900 2248 3953 illi
2277 3914 2396 3968 qua:
2441 3906 2524 3952 est
2570 3911 2674 3950 noo
2732 3896 2989 3965 possibile
3032 3911 3149 3951 esse
3193 3905 3249 3951 et
3295 3911 3402 3950 non
3445 3897 3761 3966 contingens

2174 4007 2315 4058 esse,
2360 3991 2503 4044 illam
2536 4006 2653 4059 qua:
2682 3989 2834 4056 dicit,
2876 3984 3238 4045 necessarium
3266 4004 3371 4042 non
3403 4003 3523 4043 esse
3555 3998 3608 4043 ot
3656 3989 3758 4041 im-

2175 4082 2436 4154 possibile
2463 4096 2605 4136 esse.
2628 4082 2737 4135 Hoc
2761 4083 2830 4135 ita
2855 4083 3069 4150 planum
3093 4090 3177 4135 est
3206 4091 3258 4134 ut
3292 4082 3627 4150 expositione
3656 4096 3759 4134 non

2174 4185 2348 4246 egeat.
2380 4174 2534 4241 Quod
2566 4174 2708 4229 enim
2742 4190 2853 4228 non
2886 4175 3133 4244 possibile
3188 4184 3292 4239 est,
3343 4175 3444 4229 hoc
3491 4174 3607 4228 fieri
3657 4192 3758 4228 non

2174 4277 2371 4337 potest.
2402 4268 2551 4331 Quod
2580 4267 2695 4321 ﬁeri
2726 4283 2831 4321 non
2863 4275 3039 4337 potest
3069 4281 3292 4320 necesse
3323 4276 3407 4319 est
3440 4275 3500 4320 ut
3530 4282 3635 4321 non
3667 4270 3755 4335 sit,

2173 4362 2320 4431 quod
2364 4371 2539 4416 autem
2569 4376 2790 4415 necesse
2819 4370 2901 4414 est
2928 4369 2986 4414 ut
3015 4374 3121 4413 non
3152 4361 3242 4426 sit,
3283 4360 3618 4429 impossibile
3652 4372 3755 4415 est.

2173 4455 2341 4510 Recte
2370 4470 2499 4525 ergo
2527 4455 2721 4509 dicitur
2744 4469 2860 4510 eam
2892 4454 3306 4522 propositionem
3338 4468 3455 4522 qua:
3481 4453 3631 4520 dicit,
3663 4455 3759 4508 ali-

2174 4547 2299 4617 quid
2327 4561 2430 4600 non
2458 4561 2615 4615 posse
2656 4560 2795 4609 esse,
2838 4553 2892 4600 et
2927 4559 3045 4598 eam
3080 4560 3197 4613 quae
3226 4545 3378 4612 dicit,
3413 4559 3518 4599 non
3549 4547 3759 4601 contin-

2170 4652 2297 4709 gere
2340 4652 2483 4703 esse,
2516 4638 2773 4706 consequi
2828 4636 2946 4690 illas
2985 4643 3040 4690 et
3086 4651 3204 4705 qua:
3234 4650 3354 4690 esse
3385 4651 3503 4690 cum
3537 4651 3761 4691 necesse

2172 4746 2293 4786 esse
2317 4740 2531 4802 negant,
2557 4739 2751 4799 etquae
2783 4727 3268 4798 impossibilitatem
3290 4712 3581 4781 affirmant.
3608 4728 3759 4797 Quod

2174 4833 2351 4897 autem
2399 4823 2545 4883 dicit,
2589 4822 2699 4877 tale
2738 4830 2838 4875 est.
2898 4820 3011 4874 Non
3044 4834 3263 4875 necesse
3292 4834 3411 4875 esse
3441 4821 3759 4891 contingens

2176 4925 2263 4971 est
2304 4930 2445 4971 esse.
2493 4914 2723 4970 Necesse
2768 4923 2943 4968 autem
2986 4928 3090 4967 non
3141 4928 3259 4968 esse
3309 4927 3413 4967 non
3443 4913 3760 4984 contingens

2181 5022 2319 5073 esse,
2372 5022 2479 5061 non
2512 5014 2596 5060 est
2623 5007 2958 5076 contingens,
3008 5005 3213 5059 scilicet
3255 5019 3394 5068 esse,
3426 5014 3481 5060 et
3508 5021 3759 5061 necessa-

2187 5103 2325 5154 rium
2377 5115 2481 5153 non
2528 5113 2665 5153 esse.
2720 5098 2995 5167 Reliquam
3046 5098 3485 5167 consequentiam
3530 5078 3620 5153 \in-
3659 5114 3759 5169 qua

2186 5205 2280 5246 eas
2327 5190 2715 5258 propositiones
2759 5204 2876 5256 qua:
2921 5188 3177 5251 dicerent,
3224 5204 3327 5241 non
3359 5189 3614 5257 possibile
3644 5206 3761 5245 esse

2186 5281 2387 5350 aliquid
2418 5298 2521 5334 non
2575 5294 2713 5343 esse,
2763 5288 2815 5331 et
2862 5294 2965 5331 non
3006 5280 3314 5349 contingere
3356 5294 3460 5333 non
3504 5295 3626 5335 esse
3658 5281 3759 5335 illis

2183 5388 2304 5443 qua:
2347 5381 2702 5442 proponerent
2759 5386 2980 5426 necesse
3028 5387 3169 5437 esse,
3201 5382 3255 5427 et
3280 5372 3613 5443 impossibile
3656 5388 3755 5429 non

2184 5478 2303 5518 esse
2332 5457 2633 5518 consentire
2663 5462 2811 5528 dicit,
2846 5478 3016 5532 neque
3046 5464 3206 5517 ullam
3247 5464 3407 5518 habet
3436 5465 3539 5519 hoc
3567 5466 3756 5519 obscu-

2178 5557 2411 5610 ritatem.
2458 5554 2588 5609 Nam
2616 5555 2757 5623 quod
2783 5568 2893 5609 non
2918 5563 2999 5608 est
3031 5555 3286 5623 possibile
3315 5563 3373 5609 ut
3403 5570 3507 5609 non
3541 5557 3632 5619 sit,
3660 5557 3756 5610 hoc

2176 5648 2501 5717 impossibile
2553 5656 2636 5701 est
2684 5657 2740 5699 ut
2782 5661 2887 5698 non
2936 5647 3026 5699 sit.
3058 5645 3112 5699 id
3151 5647 3292 5700 enim
3339 5645 3481 5716 quod
3530 5646 3753 5700 dicimus

2174 5739 2502 5809 impossibile
2524 5752 2663 5804 esse,
2692 5736 2830 5791 idem
2852 5719 3002 5790 valet
3034 5751 3284 5807 tanquam
3313 5737 3618 5791 sidicamus
3648 5750 3750 5791 non

2171 5832 2427 5900 possibile
2471 5847 2611 5888 esse.
2653 5829 2807 5897 Quod
2834 5830 2974 5887 enim
3008 5831 3134 5886 facit
3163 5833 3375 5905 negatio
3396 5833 3447 5888 in
3479 5846 3542 5887 ea
3583 5831 3753 5887 inter-
