4090 6342
287 391 402 454 θαι

292 609 439 661 vatio
471 607 522 660 in
567 620 632 660 ea
677 619 778 673 qua
825 602 1052 658 dicimus
1107 604 1456 671 impossibile.
1507 605 1656 673 Quod
1689 617 1874 661 autem

291 698 627 768 impossibile
655 707 735 751 est
762 712 864 749 non
899 710 1039 760 esse,
1067 696 1170 750 late
1218 705 1381 765 patet,
1404 697 1526 766 quia
1552 713 1770 752 necesse
1797 708 1881 754 est

289 808 434 848 esse.
471 794 607 861 Ergo
636 789 846 860 etquod
876 805 984 844 non
1012 801 1094 846 est
1127 791 1380 859 possibile
1409 800 1466 844 ut
1497 807 1600 846 non
1627 795 1717 858 sil,
1767 810 1880 848 ma-

291 885 547 938 nifestum
575 898 650 939 εει
684 883 938 951 quoniam
967 897 1190 938 necesse
1218 895 1300 937 εει
1329 898 1468 948 esse,
1501 883 1642 938 idem
1666 901 1878 955 quoque

288 987 344 1031 et
376 979 446 1032 de
467 977 796 1046 contingenti
828 976 1108 1030 dicendum
1142 985 1243 1031 est.
1279 977 1538 1031 Describit
1576 989 1754 1032 autem
1785 994 1878 1032 cas

290 1071 393 1124 hoc
443 1069 631 1134 modo,
657 1077 715 1123 ut
744 1085 849 1122 non
880 1069 1053 1123 solum
1087 1079 1263 1124 mente
1315 1077 1370 1124 et
1399 1071 1604 1125 ratione
1655 1072 1878 1139 capian-

286 1173 396 1229 tttr,
429 1179 613 1216 vi-rum
646 1162 802 1216 etiam
845 1162 1102 1228 subjectis
1129 1163 1298 1216 oculis
1343 1161 1552 1217 facilior
1574 1164 1879 1218 intellectus

286 1258 378 1307 sit.
412 1253 522 1308 Nos
550 1264 726 1307 autem
755 1264 812 1307 ιιι
837 1255 907 1308 sit
937 1254 1163 1308 lucidior
1181 1255 1508 1322 explanatio,
1540 1255 1606 1310 de
1640 1256 1725 1309 his
1745 1255 1880 1310 duos

287 1346 516 1400 facimus
546 1346 786 1414 ordines,
833 1355 886 1400 et
919 1347 968 1399 in
997 1346 1173 1415 primo
1209 1346 1421 1416 quidem
1461 1361 1553 1401 eas
1606 1349 1880 1415 posuimus

284 1456 406 1508 quae
440 1441 767 1510 praecedunt.
797 1438 854 1493 In
882 1441 1116 1494 secundo
1140 1455 1272 1495 vero
1302 1455 1393 1496 eas
1416 1456 1534 1509 qua:
1554 1450 1871 1510 sequuntur,

285 1541 339 1584 ut
383 1536 454 1585 sit
504 1533 671 1586 multa
718 1532 944 1586 facilitas
976 1550 1070 1603 per
1096 1548 1155 1588 se
1182 1549 1364 1588 earum
1392 1534 1627 1588 rationes
1659 1549 1765 1588 non
1793 1535 1874 1588 in-

283 1625 670 1693 telligentibus,
697 1623 762 1677 ad
785 1624 1202 1692 descriptionem
1231 1625 1408 1679 tamen
1439 1623 1869 1694 respicientibus,

281 1730 405 1784 qua:
437 1731 594 1782 quam
625 1725 880 1783 sequatur
909 1729 1223 1783 agnoscere.

1016 393 1078 446 IN
1124 393 1378 448 LIBRUM
1418 393 1505 448 ne
1544 391 2189 450 INTERPRE'I‘ATIONE
2231 379 2832 454 EDITIO'SECUNDA.

292 513 598 569 metatione
635 525 734 581 qua
763 509 990 564 dicimus
1016 522 1122 562 non
1147 509 1419 578 possibile,
1453 509 1592 564 idem
1616 512 1738 566 facit
1767 514 1874 582 pri-
1903 513 1959 575 Α
2058 511 2305 566 Possibile
2326 530 2450 568 esse.

3475 395 3578 454 602

2863 513 2917 568 Ν
2923 529 2989 568 an
3019 513 3331 582 impossibile
3357 529 3485 569 esse.

2788 608 2910 662 Non
2940 623 3140 662 necesse
3167 625 3292 663 esse.

2790 695 2912 750 Non
2942 698 3284 750 necessarium
3319 715 3420 752 non
3449 715 3574 754 esse.

2789 787 2911 840 Non.
2939 787 3175 856 possibile
3196 805 3296 842 non
3319 805 3442 842 esse.

2787 883 3147 937 Necessarium
3178 901 3280 938 non
3318 901 3442 938 esse.

2787 973 3113 1048 [inpossibile
3139 994 3263 1032 esse.

1984 599 2292 674 Contingens
2319 622 2449 660 esse.

1986 689 2239 745 Possibile
2265 697 2367 746 non
2397 710 2522 752 esse.

1984 782 2288 854 Contingens
2315 802 2417 839 non
2445 801 2570 840 esse.

1986 879 2123 946 Non,
2141 882 2376 948 possibile
2401 898 2524 936 esse.

1983 971 2107 1026 Non
2138 975 2434 1044 contingens
2463 991 2588 1028 esse.

1983 1062 2106 1118 Non
2137 1066 2370 1133 possibile
2396 1082 2497 1119 non
2530 1081 2656 1120 esse.
2782 1066 3002 1121 Necesse
3039 1085 3165 1122 esse.

1984 1155 2108 1210 Non
2135 1159 2428 1228 contingens
2453 1173 2554 1212 non
2578 1173 2706 1212 esse.
2781 1157 3104 1229 Impossibile
3134 1177 3235 1213 non
3265 1178 3393 1216 esse.

2058 1249 2166 1302 llac
2189 1265 2319 1318 ergo
2346 1250 2705 1319 descriptione
2730 1249 2890 1315 facta,
2922 1252 3046 1320 quid
3080 1252 3400 1306 Aristoteles
3429 1267 3575 1306 com-

1985 1342 2219 1394 muniter
2254 1341 2320 1396 de
2367 1342 2821 1410 propositionibus
2866 1344 3350 1412 universaliterque
3381 1352 3573 1397 tracta-

1984 1433 2140 1499 verit,
2167 1434 2294 1488 nulli
2327 1436 2578 1490 solertins
2609 1437 2838 1492 intuenti
2862 1436 3078 1490 videtur
3101 1435 3433 1506 ambiguum.
3457 1434 3574 1491 Cte-

1987 1539 2099 1584 tera
2133 1543 2261 1583 vero
2309 1544 2428 1597 quae
2478 1529 2781 1597 singulatim
2833 1528 2901 1582 de
2951 1543 3138 1583 eorum
3175 1526 3573 1596 consequentiis

1981 1622 2303 1693 disputavit,
2351 1625 2605 1694 quoniam
2659 1623 2939 1694 defetigari
2995 1624 3251 1678 nolumus
3303 1621 3566 1687 lectores,

1982 1727 2191 1773 sextum
2222 1716 2472 1784 volumen
2504 1716 2771 1786 expediet.

1543 1860 1832 1988 LIBER
1909 1912 2324 1988 SEXTUS.

281 2095 284 2098 I
352 2087 552 2144 sums
584 2087 668 2141 hic
694 2087 828 2181 ml?"
855 2087 1028 2156 long”
1080 2087 1518 2181 c9.'_"mema“°“i
1575 2089 1866 2144 termi'mm
1901 2093 1948 2151 Β
1974 2121 2070 2176 est,
2125 2112 2441 2179 impossibile
2489 2128 2618 2167 esse.
2676 2111 2960 2181 Aﬁirmatio
2989 2126 3122 2164 enim
3148 2118 3222 2162 est
3260 2103 3574 2178 impossibile

281 2185 453 2253 ponit,
488 2198 606 2251 qua:
635 2179 861 2250 quodam
889 2194 1082 2248 magno
1111 2178 1294 2234 labore
1321 2182 1620 2234 constiterit
1646 2196 1708 2235 ac
1731 2191 1868 2236 tem-

281 2275 431 2344 poris
469 2288 638 2329 mora.
671 2271 801 2326 Nam
831 2278 886 2326 et
916 2261 1268 2340 plurimorum
1302 2278 1428 2324 sunt
1471 2271 1522 2324 in
1555 2257 1716 2326 ununi
1747 2287 1872 2327 coa-

278 2377 511 2423 eervatze
552 2365 853 2427 sententiae,
889 2373 943 2418 et
972 2363 1197 2418 duorum
1245 2364 1412 2430 ferme
1457 2381 1718 2420 annorum
1749 2381 1874 2434 spa-

277 2460 416 2516 tium
453 2459 708 2512 continuo
749 2455 1144 2536 commentandi
1175 2457 1374 2510 sudore
1418 2457 1870 2526 consumpsimus.

278 2553 470 2620 Neque
525 2564 626 2618 ego
647 2547 877 2603 arbitror
904 2546 1219 2616 quibusdam
1252 2547 1469 2600 sinistre
1507 2548 1864 2616 interpretan-

277 2641 426 2697 tibus
471 2639 703 2710 gloriose
745 2639 939 2691 factum
989 2636 1180 2702 videri,
1213 2645 1272 2690 ut
1299 2636 1437 2707 quod
1482 2637 1587 2692 dici
1642 2639 1876 2694 breviter

281 2745 486 2805 posset,
521 2733 572 2787 id
605 2745 703 2786 nos
749 2729 1110 2785 ostentatione
1151 2730 1360 2784 doctrin
1377 2747 1428 2797 ιι,
1463 2745 1568 2784 non
1600 2730 1668 2785 ad
1709 2731 1873 2786 lecto-

283 2842 402 2884 rum
454 2825 732 2881 scientiam
763 2824 936 2892 potius
971 2839 1129 2892 quam
1160 2823 1462 2892 prolixitate
1492 2823 1558 2878 ad
1606 2823 1874 2880 fastidium

285 2922 651 2978 tenderemus.
680 2919 886 2986 Quibus
928 2901 1246 2985 responsum
1292 2917 1453 2972 velim
1491 2933 1594 2970 non
1629 2917 1730 2973 hoc
1767 2928 1875 2973 tant

287 3015 620 3071 mendaciter
665 3027 788 3067 esse
827 3025 1106 3078 sensuros,
1141 3011 1185 3065 si
1219 3011 1409 3080 prioris
1437 3012 1726 3066 commenti
1759 3029 1877 3080 per-

288 3107 519 3178 legerint
569 3105 909 3171 brevitatem,
955 3119 1078 3157 nam
1129 3117 1300 3170 neque
1355 3102 1568 3158 brevius
1621 3105 1878 3174 explicari

289 3203 462 3269 potuit
494 3196 992 3266 angustissimorum
1039 3193 1342 3248 obscuritas
1384 3194 1636 3263 impedita
1673 3209 1880 3250 sermo-

290 3305 442 3356 num,
471 3298 526 3343 et
552 3302 713 3356 quam
748 3287 913 3341 multa
943 3285 1006 3339 ad
1055 3285 1266 3354 plenam
1317 3285 1475 3354 hujus
1521 3285 1640 3340 libri
1681 3286 1880 3342 intelli-
1917 3333 1920 3336 _

293 3380 529 3450 gentiam
581 3378 779 3438 desint,
811 3386 1122 3446 agnoscent.
1169 3375 1308 3443 Quid
1365 3386 1545 3432 autem
1593 3388 1880 3445 utrumque

296 3487 430 3542 Opus
456 3469 758 3540 legentibus
780 3467 1023 3522 utilitatis
1038 3467 1309 3530 exhibeat,
1329 3468 1452 3522 hinc
1476 3467 1727 3524 facillime
1749 3469 1878 3524 mihi

295 3562 506 3616 videtur
555 3575 716 3628 posse
761 3557 1049 3628 perpendi,
1083 3557 1224 3626 quod
1275 3573 1394 3612 cum
1426 3557 1563 3612 hanc
1593 3560 1883 3614 secundam

294 3654 589 3710 editionem
639 3652 692 3705 in
736 3665 928 3704 manus
971 3650 1249 3719 quisquam
1296 3650 1525 3718 primum
1571 3652 1882 3718 sumpserit,

293 3746 532 3817 ipsarum
563 3757 744 3798 rerum
772 3742 1006 3812 spatiosa
1025 3741 1285 3795 varietate
1311 3741 1680 3807 confunditur,
1709 3753 1765 3796 ut
1793 3743 1885 3812 qui

291 3837 349 3895 in
395 3836 694 3906 majoribus
745 3844 977 3889 mentem
1033 3833 1310 3889 intendere
1365 3834 1580 3903 nequit,
1631 3834 1886 3890 editionis

247 3953 252 3956 ·
291 3931 482 4003 prima:
525 3929 841 3984 brevitatem
871 3927 1380 3997 simplicitatcmque
1406 3927 1696 3982 desideret.
1727 3931 1882 3995 Quod

289 4023 336 4077 si
375 4021 500 4093 quis
542 4019 609 4074 ad
647 4018 839 4088 prioris
869 4018 1122 4071 editionis
1146 4017 1282 4071 duos
1308 4018 1472 4073 libros
1499 4020 1670 4074 lector
1700 4035 1880 4075 acces-

291 4116 452 4178 serit,
505 4115 796 4184 sumpsisse
823 4113 924 4166 sibi
946 4111 1010 4166 ad
1057 4113 1335 4168 scientiam
1362 4113 1617 4184 quiddam
1650 4117 1882 4172 fortasse

289 4224 324 4264 v
348 4208 586 4263 debitur.
615 4207 717 4262 Sed
749 4222 870 4261 cum
905 4215 1178 4274 postremo
1211 4207 1348 4262 hanc
1373 4209 1662 4262 secundam
1685 4225 1884 4278 cogno-

289 4302 428 4358 verit
480 4301 792 4362 editionem,
845 4315 1002 4370 quam
1057 4300 1223 4356 multa
1277 4301 1328 4354 in
1385 4301 1556 4371 prima
1613 4303 1883 4372 ignoraret

289 4394 550 4463 agnoscit,
599 4407 698 4447 nec
731 4393 975 4445 homines
1006 4407 1035 4445 a
1085 4391 1310 4460 legendo
1363 4392 1577 4461 longum
1631 4408 1765 4462 Opus
1801 4394 1880 4448 la-

292 4493 418 4548 bore
446 4479 742 4558 deterreat,
782 4505 905 4543 cum
938 4504 1036 4542 nos
1067 4504 1170 4543 non
1208 4488 1514 4558 impedierit
1542 4489 1607 4544 ad
1638 4492 1880 4545 scriben-
1943 4497 1947 4500 ’

290 4585 435 4638 dum.
468 4583 577 4639 Sed
606 4599 674 4637 ne
700 4583 874 4652 ipsum
898 4597 1108 4650 quoque
1139 4583 1458 4648 prommium
1494 4581 1640 4636 tendi
1668 4581 1878 4650 longius

289 4677 552 4738 videatur,
577 4673 642 4725 ad
667 4671 974 4728 Aristotelis
1004 4672 1221 4736 seriem,
1251 4681 1304 4727 et
1331 4671 1395 4726 ad
1421 4687 1484 4726 ea
1515 4689 1634 4742 qua:
1656 4673 1722 4726 dc
1749 4689 1878 4728 con-

287 4765 562 4835 sequentia
612 4763 1035 4833 propositionum
1084 4763 1368 4833 diligenter
1406 4765 1733 4834 exsequitur,
1786 4781 1876 4821 re-

285 4868 581 4914 vertamur.
634 4857 708 4966 [Ea
757 4871 875 4926 (pne
905 4857 1265 4966 communitet;
1291 4857 1777 4929 universaliterque
1806 4859 1874 4914 de
1900 4871 1955 4931 Ῑ)
1979 4857 2496 4966 ὲῖᾙέωιηῖηεθωί
2542 4857 2655 4948 'hoc'
2696 4894 2877 4948 modo.

286 4947 764 5022 propositionibus,
795 4957 849 5002 et
884 4948 951 5002 dc
992 4962 1174 5002 earum
1201 4947 1267 5002 ad
1311 4963 1369 5002 se
1411 4949 1638 5004 invicem
1687 4964 1877 5005 conse-
1939 4961 1942 4964 ·

285 5043 521 5113 quentiis
571 5038 893 5110 speculanda
949 5037 1180 5107 fuerant,
1221 5041 1273 5093 in
1320 5042 1585 5110 superiori
1640 5043 1875 5110 ipsarum

285 5134 717 5205 propositionum
767 5133 1130 5202 descriptione
1178 5132 1463 5203 disposuit.
1524 5133 1676 5189 Nunc
1745 5151 1874 5190 vero
1935 5141 1942 5151 '

282 5246 400 5299 qua:
437 5229 713 5298 sigillatim
765 5229 987 5296 singulis
1015 5228 1262 5282 accidunt
1289 5227 1700 5297 diligentissimo
1729 5238 1871 5282 trac-

281 5329 390 5376 tatu
423 5321 790 5390 persequitur.
822 5319 911 5373 Ait
939 5319 1081 5373 enim
1105 5319 1177 5371 ita
1207 5336 1219 5370 :

352 5433 496 5507 Ergo
528 5434 842 5499 impossibile
883 5445 929 5487 et
972 5450 1072 5487 non
1104 5431 1436 5504 impossibile,
1469 5432 1536 5486 ad
1578 5433 1713 5487 illud
1739 5435 1874 5502 quod

286 5553 290 5559 ·
316 5539 375 5599 ιι,
409 5531 711 5599 contingens
735 5517 800 5581 let
843 5527 1103 5598 possibile,
1128 5537 1174 5580 et
1221 5544 1323 5581 non
1372 5527 1670 5597 contingens
1693 5535 1740 5580 et
1771 5543 1872 5580 non

285 5623 526 5693 possibile
571 5631 850 5684 sequuntur
903 5619 1110 5688 quidem
1139 5618 1568 5680 contradictoriw,
1602 5619 1690 5672 sed
1750 5635 1872 5671 con-

283 5717 486 5770 versim.
520 5713 666 5767 Illud
707 5715 839 5768 enim
867 5711 1001 5780 quod
1034 5718 1107 5764 est
1140 5709 1375 5782 possibile
1402 5726 1528 5775 esse,
1561 5711 1760 5781 negotio
1789 5727 1871 5763 se—

275 5809 459 5874 quitur
502 5807 848 5876 impossibilis,
903 5805 1224 5872 negationem
1273 5821 1386 5858 vero
1431 5805 1722 5874 n/ﬁrnmlio.
1795 5804 1874 5856 Ad

225 5881 232 5886 ’
279 5893 408 5960 enin
447 5899 587 5962 quod
614 5910 708 5968 est,
740 5917 841 5954 non
870 5897 1108 5974 possibile
1143 5911 1251 5952 esse
1298 5898 1522 5967 sequitur
1565 5897 1699 5952 illud
1740 5896 1877 5968 quod

1976 2224 2104 2271 esse,
2137 2224 2238 2260 non
2262 2206 2576 2275 impossibile
2607 2223 2724 2259 vero
2752 2205 2974 2276 negatio.

2038 2317 2426 2389 Consequentia
2469 2319 2892 2388 propositionum
2938 2317 3032 2384 (ut
3073 2313 3320 2389 superior
3356 2310 3574 2366 deseri-

1977 2412 2088 2482 ptio
2123 2385 2302 2478 docet)
2333 2385 2626 2466 secundum
2659 2410 2914 2480 possibile
2955 2417 3008 2463 et
3033 2385 3400 2462 necessarium
3433 2403 3572 2457 facta

1977 2512 2081 2559 est.
2113 2502 2280 2569 Quam
2307 2516 2419 2555 rem
2451 2501 2541 2555 illa
2573 2515 2784 2568 quoque
2811 2509 2995 2553 secuta
3033 2507 3136 2562 est,
3171 2505 3228 2550 ut
3263 2510 3329 2550 ex
3362 2493 3573 2548 contin-

1976 2593 2228 2663 gentibus
2245 2601 2298 2645 et
2323 2590 2745 2661 impossibilibus
2760 2588 3215 2660 propositionibus
3236 2597 3572 2654 consequen-

1978 2687 2174 2754 tiisque
2195 2684 2415 2738 diceret.
2439 2683 2569 2736 Nam
2589 2697 2710 2736 cum
2740 2681 3062 2750 contingens
3084 2689 3231 2734 recto
3255 2676 3414 2731 modo
3443 2687 3572 2744 pos-

1978 2776 2120 2831 sibili
2144 2776 2469 2840 consentiat,
2504 2772 2836 2844 impossibile
2857 2785 3121 2825 converso
3153 2768 3343 2823 ordine
3381 2779 3570 2821 neces-

1979 2868 2178 2922 sarium
2201 2877 2307 2932 est,
2337 2875 2395 2920 ut
2423 2865 2579 2935 paulo
2604 2871 2724 2934 post
2746 2862 3076 2919 docebimus.
3097 2859 3418 2940 Speculatur
3439 2868 3568 2926 ergo

1979 2959 2048 3014 de
2080 2959 2316 3028 possibili
2359 2967 2414 3012 et
2458 2956 2786 3025 contingenti
2836 2963 2892 3009 et
2940 2950 3280 3022 impossibili,
3314 2955 3571 3018 quemad-

1982 3051 2198 3106 modum
2246 3051 2312 3105 ad
2338 3066 2397 3105 se
2437 3051 2682 3115 invicem,
2715 3049 2798 3103 vel
2826 3061 2958 3118 quas
2981 3046 3212 3100 habeant
3239 3055 3572 3112 consequen-

1903 3167 1908 3178 -
1970 3129 2107 3211 tias,
2148 3143 2308 3211 idque
2353 3143 2632 3198 consdtuit
2673 3141 2775 3196 hoc
2805 3140 2966 3194 modo
2996 3137 3204 3201 dicens,
3236 3129 3568 3204 lmpossibilo

1982 3245 2038 3293 et
2066 3252 2172 3291 non
2195 3236 2526 3304 impossibile
2546 3245 2842 3304 sequuntur
2865 3230 3079 3301 quidem
3102 3227 3357 3300 possibile
3377 3234 3433 3282 et
3459 3239 3568 3280 non

1985 3331 2239 3401 possibile
2269 3329 2698 3384 contradictoris:
2721 3327 2960 3397 quidem,
2981 3323 3084 3404 sed
3101 3321 3424 3381 conversim.
3455 3318 3569 3372 Hoc.

1985 3434 2160 3478 autem
2191 3419 2500 3490 hujusmodi
2520 3430 2622 3474 est.
2652 3419 2865 3475 Scimus
2895 3413 3306 3470 alﬁrmationem
3335 3410 3570 3479 privato-

1909 3480 1954 3556 ς
1991 3516 2124 3570 riam
2147 3528 2266 3569 esse
2294 3527 2412 3568 eam
2435 3526 2552 3580 quae
2571 3510 2700 3565 dicit
2727 3507 3058 3578 impossibile
3081 3518 3221 3559 esse.
3247 3500 3415 3572 Hujus
3444 3515 3572 3580 vero

1993 3609 2328 3676 negationem
2368 3620 2473 3658 non
2505 3603 2836 3672 impossibile
2862 3615 3001 3654 esse.
3038 3599 3240 3653 Rursus
3263 3593 3572 3649 afﬁrmatio-

1930 3721 1944 3738 ο
1991 3717 2112 3755 nem
2139 3699 2441 3767 possibilem
2464 3712 2580 3752 eam
2608 3711 2728 3766 qua:
2758 3694 2888 3748 dicit
2935 3689 3190 3761 possibile
3235 3702 3378 3752 esse,
3411 3684 3572 3756 hujus

1949 3835 1954 3841 .
1991 3795 2326 3864 negationem
2349 3807 2467 3862 qua:
2490 3789 2736 3860 proponit
2757 3802 2862 3843 non
2889 3783 3140 3856 possibile
3161 3795 3300 3838 esse.
3315 3778 3570 3850 Sequitur

1945 3921 1948 3925 -
1988 3901 2116 3956 ergo
2142 3883 2553 3938 alfirmationem
2598 3878 2906 3952 possibilem
2955 3874 3164 3946 negatio
3197 3869 3564 3942 impossibilis.

1989 3979 2123 4034 Nam
2157 3976 2296 4048 quod
2329 3975 2583 4045 possibile
2616 3983 2727 4036 est,
2774 3972 2914 4027 idem
2943 3977 3028 4026 est
3058 3983 3162 4023 non
3212 3963 3563 4035 impossibile.

1987 4071 2238 4140 Alioquin
2261 4069 2304 4124 si
2329 4085 2389 4124 ea
2409 4084 2527 4137 qum
2554 4067 2704 4132 dicit,
2728 4074 2833 4120 non
2852 4061 3181 4133 impossibile
3200 4073 3321 4128 esse
3351 4073 3457 4112 non
3478 4071 3569 4113 se-

1947 4209 1950 4214 .
1987 4165 2169 4234 quitur
2200 4163 2625 4231 possibilitatem,
2661 4162 2898 4224 sequitur
2926 4158 3042 4227 ejus
3074 4153 3379 4221 allir‘matio,
3415 4151 3467 4207 id
3485 4161 3568 4208 est

1939 4301 1950 4307 -
1987 4255 2318 4324 impossibile
2347 4268 2486 4307 esse.
2520 4251 2633 4306 Erit
2661 4267 2789 4318 ergo
2811 4249 2950 4318 quod
2985 4245 3236 4316 possibile
3265 4257 3347 4300 est
3373 4243 3569 4313 impos-

1937 4395 1946 4400 -
1987 4347 2162 4411 sibile,
2191 4346 2332 4416 quod
2376 4346 2487 4399 ﬁeri
2534 4353 2733 4413 potest.
2759 4341 2912 4408 Quod
2937 4341 2982 4395 si
3011 4337 3407 4408 impossibilitas
3438 4349 3567 4405 pos-

1987 4439 2296 4494 sibilitatem
2345 4452 2448 4491 non
2498 4435 2770 4505 sequitur,
2820 4447 2925 4487 non
2965 4428 3292 4500 impossibile
3333 4441 3452 4483 esse
3480 4440 3569 4482 se-

1943 4587 1946 4590 .
1985 4533 2164 4602 quitur
2196 4528 2622 4598 possibilitatem.
2653 4526 2721 4580 At
2750 4540 2876 4580 vero
2918 4524 3254 4593 negationem
3298 4517 3567 4590 possibili-

1985 4625 2108 4676 tatis
2139 4621 2378 4689 sequitur
2423 4617 2709 4672 affirmatio
2753 4611 3217 4685 impossibilitatis.
3262 4609 3394 4664 Nam
3421 4607 3563 4680 quod

1981 4730 2088 4769 non
2122 4711 2374 4780 possibile
2397 4719 2502 4775 est,
2528 4708 2859 4778 impossibile
2880 4717 2980 4761 est.
3011 4705 3262 4760 Eamdem
3289 4703 3432 4758 enim
3453 4698 3560 4755 vim

1981 4806 2186 4862 obtinet
2222 4804 2431 4874 negatio
2459 4803 2508 4856 in
2540 4802 2992 4872 propositionibus
3021 4815 3179 4870 quam
3208 4806 3264 4852 et
3310 4794 3554 4865 privatio.

2910 4893 3042 4948 Nam
3073 4889 3212 4961 quod
3240 4888 3555 4956 contingens

1981 4997 2064 5043 est
2105 5002 2244 5054 esse,
2277 4986 2404 5040 illud
2444 4995 2526 5040 est
2557 5001 2662 5041 non
2692 4986 2968 5056 possibile.
3000 4984 3129 5038 Nam
3163 4983 3208 5036 si
3238 4979 3556 5047 contingens

1979 5088 2035 5134 et
2061 5078 2316 5149 possibile
2343 5087 2638 5147 sequuntur
2673 5093 2753 5145 se,
2785 5074 3041 5147 possibile
3065 5088 3192 5130 vero
3224 5080 3278 5126 et
3305 5084 3408 5124 non
3452 5069 3556 5122 im-

1982 5171 2234 5242 possibile
2262 5171 2644 5237 consentiunt,
2674 5170 2990 5238 contingens
3035 5165 3195 5221 etiam
3227 5171 3279 5217 et
3311 5175 3419 5215 non
3450 5158 3556 5212 im-

1979 5261 2232 5332 possibile
2264 5261 2403 5314 idetn
2434 5259 2734 5330 designant.
2781 5260 2983 5314 Rursus
3011 5271 3115 5312 non
3156 5253 3471 5322 contingens
3501 5259 3558 5305 et

1935 5430 1938 5432 _
1981 5354 2312 5426 impossibile
2365 5353 2505 5409 idem
2560 5353 2726 5409 videri
2773 5353 2967 5432 poterit
3011 5343 3552 5421 perspicienti,'quod

1981 5467 2087 5506 non
2116 5450 2427 5519 contingens
2457 5448 2670 5517 quidem
2717 5457 2772 5503 et
2814 5431 2943 5502 non‘
2967 5442 3220 5514 possibile
3265 5439 3404 5493 idem
3434 5451 3558 5492 sen-

1929 5611 1932 5614 _
1979 5546 2132 5600 titmt.
2161 5543 2266 5599 Sed
2311 5560 2415 5598 non
2464 5543 2712 5612 possibile
2741 5539 3054 5611 impossibili
3102 5535 3386 5590 consentit.
3417 5533 3559 5600 Quo-

1979 5640 2120 5692 circa
2157 5647 2212 5692 et
2258 5651 2362 5692 non
2409 5637 2722 5706 contingens
2751 5647 2962 5703 quoque
2994 5626 3324 5698 impossibile
3355 5622 3552 5694 aliquid

1978 5745 2096 5786 esse
2123 5729 2418 5784 denuntiat.
2450 5727 2536 5782 Fit
2576 5742 2703 5798 ergo
2729 5734 2784 5780 ut
2813 5721 3097 5778 affirmatio
3151 5717 3523 5788 impossibilita
3555 5745 3557 5747 ι

1933 5803 1936 5808 ’
1981 5824 2050 5878 tis
2076 5821 2550 5876 contradictionem
2581 5816 2952 5890 possibilitatis
2999 5820 3271 5884 sequatur.
3314 5811 3420 5867 Sed
3451 5825 3555 5865 non

1985 5924 2044 5972 ttt
2070 5911 2360 5972 afﬁrmatio
2385 5913 2817 5975 allirtnationem,
2858 5924 2960 5969 nec
2985 5916 3046 5965 ut
3083 5903 3296 5978 negatio
3322 5904 3559 5978 negatio-
