4060 6330
549 406 657 465 603

1743 373 1858 431 AN.
1896 366 2101 427 MANL.
2140 362 2295 423 ξεν.
2336 360 2560 422 ΒΟΕἸῊ

3714 362 3813 417 εθι

547 532 667 569 ueni
718 513 809 568 sed
849 508 1164 570 ronversim,
1208 502 1260 556 id
1305 509 1387 556 est
1426 510 1480 553 ut
1511 496 1793 552 affirmatio
1824 486 2121 561 iiegatiwni,
2144 488 2195 545 Α
2221 496 2340 550 qua:
2384 496 2449 535 ex
2490 476 2767 548 possibilis
2802 475 3295 545 comparationibus
3337 474 3726 531 naseeli~nlur.
3758 476 3813 532 In

545 615 758 678 augurio
813 598 1296 659 veruaffirinationi
1329 596 1646 649 consentiat.
1699 587 2119 644 Affirmationetn

564 676 771 764 suum
794 712 910 764 qtne
946 705 1026 746 est
1056 689 1307 761 pt)SS||)lie
1336 700 1477 751 esse,
1513 693 1752 753 sequitur
1779 680 1988 748 negatio
2020 676 2122 726 im-

548 788 904 861 possibilitatis
946 802 1012 853 qu
1036 805 1060 831 ε·
1105 784 1234 836 dicit
1263 796 1364 832 non
1410 774 1738 847 impossibile
1767 787 1888 827 esse
1915 810 1930 835 ,
1962 780 2123 835 nega-

546 889 601 938 ιει
666 919 749 935 ι...
771 899 898 934 vero
932 875 1293 948 pns~ibilitatis
1322 888 1437 942 quae
1469 878 1551 925 est
1586 883 1690 921 non
1723 863 1973 935 possibile
2002 874 2123 916 esse

554 976 781 1042 sequitur
819 966 1259 1037 iiupossibiliiatis
1299 962 1584 1016 affirmatio
1609 974 1725 1029 qua:
1757 955 2002 1025 proponit
2026 953 2123 1005 im-

544 1065 797 1137 possibile
836 1078 975 1116 esse.
1012 1062 1152 1115 Idem
1179 1073 1388 1127 quoque
1410 1065 1464 1110 et
1484 1055 1549 1109 de
1577 1049 1908 1121 contingenti
1939 1047 2123 1101 dicen-

542 1159 668 1211 dum
698 1167 801 1211 est.
852 1154 1274 1209 Aftlrniaiionem
1306 1162 1537 1218 namque
1565 1142 1923 1213 contingentis
1953 1138 2123 1208 sequi-

545 1262 628 1306 tur
676 1250 889 1321 negatio
929 1241 1395 1315 im'possibilitatis.
1443 1242 1786 1313 Negatiouem
1836 1252 1964 1292 vero
1993 1251 2124 1289 con-

545 1344 797 1415 tingentis
825 1342 1063 1411 sequitur
1084 1336 1370 1391 affirmatio
1399 1333 1863 1400 impossibilitatis.
1892 1328 2125 1384 Omnino

545 1436 687 1491 enim
747 1431 1004 1503 quidquid
1053 1431 1119 1485 de
1174 1428 1525 1498 possibilitate
1588 1426 1926 1495 proponitur,
1982 1422 2123 1477 idem

545 1526 612 1580 de
640 1523 1067 1593 contingentibus
1107 1520 1395 1590 judicatur.
1456 1517 1813 1586 Disponantur
1862 1530 1991 1586 ergo
2023 1513 2125 1566 hoc

546 1617 705 1672 modo
761 1635 771 1668 :
830 1615 1055 1685 primum
1123 1609 1413 1665 affirmatio
1470 1598 1861 1678 impossibilis,
1937 1615 2126 1659 contra

548 1728 663 1768 eam
694 1710 907 1780 negatio
938 1706 1301 1777 iiupossibilis.
1328 1703 1395 1759 Et
1416 1704 1515 1757 sub
1538 1702 1892 1755 affirmatione
1928 1701 2126 1769 impos-

549 1806 683 1861 sibiti
731 1812 993 1874 ponantur
1051 1816 1116 1856 ex
1175 1797 1610 1867 contingentibus
1651 1806 1702 1850 et
1752 1792 2122 1864 possibilibus,

2222 576 2327 630 illis
2364 575 2507 629 enim
2545 570 3002 629 contradictiones
3046 574 3332 641 oppositae,
3358 569 3584 627 contiad
3609 570 3814 625 ctiones

2222 685 2407 726 rursus
2436 668 2708 738 oppositas
2738 666 3103 737 sequebantur
3123 704 3139 729 ,
3170 673 3229 719 ut
3269 663 3689 719 aftirmationem
3719 680 3812 719 ne.

2222 767 2369 835 gatio
2390 803 2406 830 ,
2441 761 2779 832 negationem
2817 759 3106 814 affirmatio
3138 767 3480 828 sequeretur.
3523 760 3578 813 In
3612 760 3695 813 bis
3726 776 3814 813 au-

2225 866 2332 913 tem
2363 856 2467 911 boc
2493 864 2581 911 est
2610 855 3028 924 impossibilibus
3056 864 3111 910 et
3140 853 3458 911 necessariis
3493 869 3604 908 non
3629 854 3819 908 eodem

2225 951 2387 1006 modo
2412 958 2519 1017 est,
2551 949 2646 1005 sed
2678 948 2964 1004 contrariae
2984 945 3201 1018 quidem
3231 960 3661 1017 consequuntur,
3692 962 3823 1002 con.

2227 1041 2556 1098 tradictorim
2585 1055 2713 1096 vero
2755 1050 2809 1096 ct
2857 1039 3116 1110 Opposita:
3143 1051 3294 1095 extra
3334 1049 3459 1094 sunt
3500 1048 3559 1094 et
3603 1055 3710 1094 nou
3741 1054 3823 1093 se.

2226 1144 2485 1206 quuntur.
2524 1134 2588 1189 Et
2630 1133 2775 1202 prius
2803 1133 3015 1202 quidem
3059 1148 3181 1203 quae
3212 1135 3323 1188 sint
3351 1134 3672 1199 contrariae,
3707 1149 3827 1205 qua:

2226 1225 2656 1282 contradictoria:
2682 1226 3051 1295 disponamus.
3081 1224 3471 1294 Propositionis
3513 1226 3659 1280 enim
3709 1241 3827 1294 quae

2227 1321 2354 1376 dicit
2380 1333 2602 1374 necesse
2632 1333 2752 1374 esse
2782 1332 2845 1373 ea
2872 1333 2989 1387 qua:
3013 1316 3283 1387 proponit,
3317 1332 3425 1371 non
3454 1331 3683 1372 necesse
3708 1332 3829 1373 esse

2228 1413 2641 1474 contradictoria
2668 1420 2776 1468 est.
2832 1411 2910 1467 Ea
2959 1426 3088 1467 vero
3133 1426 3253 1481 qua:
3280 1411 3413 1467 dicit
3442 1426 3677 1467 necesse
3724 1426 3827 1466 non

2228 1527 2351 1569 esse
2379 1513 2670 1576 contraria,
2702 1522 2759 1567 ut
2805 1510 2850 1565 si
2894 1509 3016 1579 quis
3043 1509 3187 1564 dicat
3215 1508 3385 1564 solem
3427 1523 3553 1564 esse
3606 1522 3830 1565 necesse

2229 1606 2434 1661 moveri
2461 1645 2476 1671 ,
2508 1604 2633 1660 huic
2659 1615 2745 1661 est
2772 1602 3017 1674 opposita
3048 1603 3485 1658 contradictoriae
3517 1600 3694 1657 solem
3729 1617 3828 1657 non

2231 1722 2451 1763 necesse
2480 1720 2600 1760 esse
2632 1701 2856 1757 moveri.
2891 1696 3173 1756 Contraria
3204 1711 3333 1757 vero
3380 1694 3551 1749 solem
3604 1706 3829 1747 necesse

2230 1815 2351 1856 esse
2382 1814 2488 1854 non
2525 1795 2753 1851 moveri.
2788 1792 3107 1849 Possibilem
3131 1804 3262 1860 ergo
3284 1787 3719 1858 propositionem
3749 1799 3829 1840 se~

550 1912 678 1969 quas
700 1897 812 1966 ipSa
836 1897 1075 1965 sequitur
1097 1891 1521 1960 impossibilitas.
1548 1888 1659 1944 Sub
1684 1890 1965 1957 negatione
1992 1901 2126 1941 vero
2156 1888 2206 1948 Β
2232 1894 2414 1965 quitur
2435 1885 2790 1944 contradictio
2813 1883 3142 1940 necessaria.
3170 1878 3670 1935 contradictionem
3703 1892 3827 1931 vero

550 1991 985 2060 impossibilitatis
1017 1988 1118 2042 illa:
1148 1985 1417 2058 possibilis
1448 1994 1501 2038 et
1529 1982 1893 2051 contingentis
1926 1995 2127 2050 propo-

550 2085 791 2143 sitiones.
815 2083 1008 2153 quibus
1048 2084 1159 2151 ipsa
1193 2076 1640 2150 impossibilitatis
1670 2075 1884 2146 negatio
1904 2087 2129 2129 consen-

554 2177 637 2246 tit,
669 2178 770 2232 boc
798 2175 959 2230 modo
991 2191 1006 2229 :

694 2268 1030 2339 impossibile
1050 2282 1191 2322 esse.

691 2344 808 2397 Non
838 2340 1091 2409 possibile
1118 2352 1260 2392 esse.

696 2413 811 2468 Non
836 2407 1151 2479 contingens
1171 2423 1312 2463 esse.
1339 2407 1665 2476 Contingens
1693 2417 1833 2457 esse.

631 2505 777 2561 Patet
801 2514 1012 2573 ergout
1046 2496 1499 2557 contradictiones
1530 2494 1742 2569 quidem
1774 2492 1895 2548 aliis
1922 2501 2137 2547 contra-

559 2596 882 2653 dictionibus
926 2594 1284 2651 consentiant.
1310 2593 1422 2659 Qua
1465 2592 1517 2645 in
1547 2604 1604 2645 re
1627 2588 1757 2644 illud
1785 2602 1996 2657 quoque
2017 2600 2134 2639 ma-

561 2687 813 2743 nifestunt
841 2696 945 2753 est,
974 2684 1115 2755 quod
1148 2682 1530 2738 afflrmationes
1559 2679 1952 2750 negationibus,
1981 2691 2139 2747 nega-

558 2780 732 2836 tiones
756 2794 887 2833 vero
916 2774 1367 2831 affiriuationibus
1393 2771 1751 2828 consentiant.
1783 2770 1987 2824 Sensus
2010 2782 2140 2836 ergo

560 2882 703 2929 totus
729 2872 869 2927 talis.
899 2872 1218 2928 Sta-mnuum
1259 2883 1388 2923 vero
1425 2867 1564 2922 ratio
1596 2866 1710 2921 haec
1752 2871 1855 2919 est.
1889 2862 2143 2931 lmpossi-

560 2963 688 3034 bile,
721 2964 913 3037 inquit,
946 2973 1001 3019 et
1022 2978 1126 3017 non
1155 2958 1510 3030 impossibile,
1535 2957 1741 3011 scilicet
1766 2971 1886 3024 qua:
1913 2964 1994 3009 est
2013 2968 2144 3009 con-

563 3056 811 3115 tradictio
840 3056 971 3110 duas
1000 3051 1458 3108 contradictiones
1482 3090 1496 3113 ,
1543 3047 1595 3102 id
1622 3059 1705 3101 est
1734 3045 1863 3100 illud
1894 3044 2036 3115 quod
2064 3052 2146 3099 est

564 3147 875 3218 contingens
902 3156 953 3201 et
987 3144 1242 3213 possibile
1265 3150 1319 3197 et
1342 3156 1446 3195 non
1469 3139 1782 3208 contingens
1804 3146 1857 3192 et
1886 3152 1991 3191 non
2024 3144 2145 3205 pos-

564 3237 740 3303 sibile,
768 3239 1007 3306 sequitur
1028 3234 1243 3304 quidem
1273 3228 1708 3287 contradictoris.
1743 3227 1873 3282 Nam
1901 3242 1999 3281 una
2020 3242 2148 3283 con-

569 3328 816 3385 tradictio
843 3369 858 3395 ,
901 3325 1251 3396 impossibllis
1279 3333 1333 3379 et
1360 3341 1464 3378 non
1498 3320 1863 3395 impossibilis,
1905 3319 2037 3374 duas
2066 3335 2149 3375 se-

569 3421 747 3491 quitur
768 3418 1241 3483 contradictiones,
1274 3416 1325 3472 id
1356 3425 1439 3471 est
1467 3414 1783 3482 contingens
1812 3423 1865 3468 et
1886 3427 1994 3467 non
2021 3427 2151 3468 con-

570 3514 798 3585 tingens,
844 3513 1100 3584 possibile
1146 3520 1201 3567 et
1233 3527 1342 3566 non
1374 3508 1651 3581 possibile.
1706 3508 1811 3561 Sed
1842 3522 2149 3578 quanquam

568 3605 1016 3662 contradictiones
1068 3611 1324 3674 sequatur
1362 3602 1465 3658 alia
1511 3599 1892 3667 contradictio,
1927 3616 2155 3656 conver-

568 3697 667 3752 sim
700 3706 877 3752 tamen
906 3697 1005 3752 sibi
1033 3698 1402 3751 consentiunt.
1434 3694 1564 3749 Nam
1597 3694 1738 3765 quod
1778 3703 1859 3749 est
1898 3693 2155 3764 possibile

570 3804 691 3846 esse
731 3790 971 3859 sequitur
1008 3789 1217 3857 negatio
1247 3787 1631 3858 impossibilis,
1666 3797 1725 3842 ut
1770 3789 2017 3858 superior
2054 3788 2154 3843 de-

570 3879 789 3947 scriptio
833 3878 1007 3933 docet.
1042 3878 1385 3948 Negatlonem
1430 3894 1558 3935 vero
1606 3879 1875 3945 possibilis
1915 3882 2157 3948 sequitur

570 3967 851 4023 affirmatio
881 3969 1226 4037 iiupossibllls
1251 4011 1265 4035 ,
1298 3986 1417 4024 nam
1447 3972 1587 4041 quod
1617 3983 1698 4026 est
1748 3988 1853 4026 non
1898 3972 2156 4041 possibile

571 4062 837 4116 consentit
865 4061 913 4115 ei
943 4062 1084 4132 quod
1118 4061 1473 4131 impossibile.
1511 4064 1603 4118 Est
1650 4074 1828 4118 autem
1868 4064 2157 4122 affirmatio

572 4154 919 4223 impossibilis
948 4171 1009 4210 ea
1038 4171 1159 4226 qua:
1200 4154 1328 4210 dicit
1359 4156 1694 4227 impossibile
1719 4171 1859 4212 esse.
1896 4156 1965 4212 Et
1984 4172 2157 4229 quan-

573 4262 731 4318 quam
757 4247 992 4303 involuta
1031 4251 1103 4304 sit
1130 4263 1438 4305 sermonum
1469 4251 1626 4316 ratio,
1652 4259 1828 4305 tamen
1853 4251 1898 4305 si
1928 4252 2046 4321 quis
2072 4265 2160 4307 se-

572 4340 802 4395 cundum
825 4341 1153 4412 superiorem
1181 4342 1573 4413 expositionem
1600 4342 1667 4397 ad
1699 4342 1866 4414 ipsius
1912 4344 2161 4400 Aristote-

574 4430 640 4486 lis
664 4446 942 4487 sermones
968 4434 1275 4504 superiores
1296 4434 1500 4502 redeat,
1528 4444 1582 4490 et
1610 4434 1753 4503 quod
1782 4434 1889 4489 illis
1917 4433 2071 4489 deest
2091 4450 2160 4490 ex

574 4532 759 4577 nostra
790 4525 1126 4594 expositione
1155 4535 1468 4596 compenset
1491 4568 1507 4595 ,
1536 4541 1729 4582 sensus
1756 4526 2097 4596 plenissimus
2127 4542 2157 4582 a

574 4616 778 4671 ratione
805 4631 906 4671 non
943 4616 1140 4673 deviat.

645 4708 1001 4764 Necessarium
1024 4728 1137 4767 vero
1167 4714 1594 4783 quemadmodum
1620 4715 1699 4785 ﬁt,
1732 4715 2159 4771 considerandum

574 4813 663 4857 est.
701 4802 1034 4873 Manifestum
1062 4815 1133 4858 est
1159 4819 1329 4861 autem
1359 4807 1601 4876 quoniam
1644 4823 1744 4861 non
1774 4809 1951 4863 eodem
1983 4811 2154 4879 modo,

574 4900 658 4950 sed
690 4898 965 4951 contrariae
1005 4908 1304 4968 sequuntur.
1347 4897 1766 4955 Contradictorite
1820 4913 1987 4956 autem
2039 4908 2160 4957 sunt

575 4996 736 5041 extra.
768 4984 891 5041 Non
922 4989 1053 5042 enim
1077 4998 1145 5042 est
1179 4989 1377 5061 negatio
1406 4991 1519 5061 ejus
1545 4992 1679 5062 quod
1705 5001 1806 5058 est,
1835 5008 2036 5047 necesse
2057 5009 2160 5048 non

574 5098 694 5149 esse,
729 5098 829 5135 non
863 5098 1065 5137 necesse
1112 5092 1187 5138 est
1231 5101 1355 5140 esse.
1408 5083 1666 5157 Contingit
1717 5088 1851 5141 enim
1881 5104 1988 5142 esse
2015 5104 2158 5142 veras

575 5192 811 5247 ariasque
841 5178 893 5231 iu
923 5178 1118 5233 eodem.
1154 5178 1300 5245 Quod
1343 5181 1478 5234 enim
1520 5190 1614 5246 est,
1664 5183 2010 5237 necessarium
2058 5197 2161 5237 non

574 5286 695 5331 rese,
730 5287 828 5323 non
860 5284 931 5323 est
961 5272 1299 5325 necessarium
1326 5288 1452 5328 esse.

645 5363 921 5417 t’ossibilis
958 5372 1118 5433 atque
1148 5364 1500 5435 iinpossibilis
1530 5366 2159 5439 dudum‘comparatione

593 5456 884 5522 iltili'iilflls,
930 5458 1069 5525 quod
1112 5459 1524 5515 affirmationcm
1557 5461 1864 5530 possibilem
1913 5462 2161 5530 impossi-

576 5548 923 5613 iiiisnegatio
966 5559 1299 5619 sequeretur,
1347 5566 1530 5605 rursus
1578 5552 1847 5621 negationi
1892 5553 2163 5623 possibilis

578 5642 859 5695 ,i‘iii-niaio
916 5641 1269 5712 impossibilis
1327 5644 1675 5699 consentiret.
1721 5644 1978 5713 Quaereris
2032 5663 2162 5720 ergo

578 5756 713 5795 nunc
761 5742 1210 5810 quemadmodum
1260 5741 1591 5815 possibilium
1633 5751 1688 5797 et
1734 5745 2159 5803 necessariarum

580 5835 1006 5909 prepositionuin
1039 5833 1169 5891 ﬁant
1197 5837 1615 5907 consequentiae,
1667 5837 1795 5894 dicit
1832 5855 1940 5895 non
1969 5842 2161 5899 eodem

578 5926 735 5988 modo
762 5928 817 5986 in
847 5926 931 5985 his
971 5930 1189 5987 evenire
1230 5927 1683 5999 quemadmodum
1731 5928 1787 5989 tu
1828 5929 1938 5990 illis
1981 5938 2165 5994 evenit

1336 2263 1452 2319 Non
1488 2259 1820 2332 impossibile
1847 2271 1986 2314 esse.

1338 2335 1598 2389 Possibile
1626 2347 1765 2387 esse.

2236 1982 2510 2055 possibilis
2541 1994 2648 2034 non
2691 1977 2935 2046 sequitur
2965 1973 3279 2029 necessitas.
3309 1971 3462 2039 Quod
3506 1970 3752 2025 eveniret
3788 1969 3829 2023 si

2236 2078 2292 2133 in
2324 2076 2409 2130 his
2432 2088 2553 2128 sese
2586 2069 2847 2141 oppositae
2869 2074 3244 2136 sequerentur.
3276 2063 3381 2120 Sed
3416 2063 3599 2133 potius
3629 2078 3694 2118 ea
3718 2078 3830 2133 qua

2237 2176 2325 2222 est
2350 2163 2615 2220 contraria
2658 2158 2988 2217 necessitati.
3027 2159 3137 2227 Age
3165 2156 3312 2212 enim
3344 2155 3683 2226 oppositioni
3714 2170 3827 2226 qua

2238 2258 2370 2315 dicit
2422 2254 2682 2333 possibile
2736 2267 2858 2308 esse
2909 2249 3186 2305 videamus
3233 2264 3353 2319 qua:
3401 2264 3467 2303 ex
3511 2248 3832 2304 necessariis

2239 2349 2600 2407 consentiant.
2643 2346 2738 2401 illa
2764 2343 2981 2416 quidem
3014 2357 3134 2412 quas
3160 2341 3292 2398 dicit
3321 2356 3548 2397 necesse
3574 2356 3702 2397 esse
3733 2356 3832 2398 non

2242 2445 2293 2501 ei
2320 2443 2533 2515 poterit
2555 2440 2885 2497 consentire.
2924 2436 3077 2505 Quod
3103 2434 3249 2491 enim
3295 2433 3553 2505 possibile
3584 2444 3830 2502 estesse,

2243 2543 2422 2608 potest
2450 2545 2507 2590 et
2536 2548 2644 2589 non
2688 2546 2830 2588 esse.
2860 2530 3013 2598 Quod
3065 2538 3246 2585 autem
3292 2543 3514 2584 necesse
3564 2536 3651 2583 est
3695 2542 3830 2595 esse,

2242 2644 2354 2684 non
2382 2628 2581 2698 poterit
2599 2639 2704 2680 non
2738 2638 2880 2680 esse.
2910 2622 3053 2693 Ergo
3077 2621 3121 2677 si
3153 2620 3558 2692 possibilitatem
3596 2619 3830 2675 necessi-

2244 2733 2330 2779 tas
2359 2738 2467 2779 non
2496 2720 2758 2791 sequitur,
2808 2718 3049 2789 sequitur
3088 2730 3207 2773 eam
3256 2714 3597 2771 necessitatis
3625 2723 3830 2769 contra-

2246 2816 2432 2883 dictio,
2484 2829 2590 2868 non
2622 2811 2863 2881 sequitur
2890 2824 3020 2881 ergo
3063 2807 3485 2877 propositionem
3528 2805 3833 2876 possiliilem

2247 2926 2315 2967 ea
2340 2924 2458 2981 quze
2492 2907 2743 2980 proponit
2771 2919 2993 2961 necesse
3022 2918 3161 2958 esse.
3190 2901 3293 2958 Sed
3340 2901 3691 2957 contradictio
3740 2915 3838 2955 ne-

2249 3005 2519 3061 cessitatis
2556 3018 2675 3073 quae
2706 3000 2957 3071 proponit
2985 3014 3089 3054 non
3138 3009 3362 3053 necesse
3403 3009 3545 3050 esse.
3575 2993 3684 3048 Sed
3711 3007 3837 3047 con-

2251 3096 2559 3152 tradictioni
2585 3093 2852 3165 possibilis
2878 3091 3170 3147 necessitas
3197 3105 3305 3145 non
3333 3086 3632 3144 consentit.
3668 3084 3841 3155 Neque

2253 3186 2397 3242 enim
2429 3186 2609 3241 dicere
2636 3199 2943 3255 possumus,
2968 3185 3222 3254 quoniam
3263 3195 3383 3236 eam
3423 3178 3840 3249 pr0positionem

2173 3288 2223 3352 ο
2256 3296 2377 3350 quae
2405 3279 2557 3349 dicit,
2592 3294 2698 3334 non
2729 3277 2983 3348 possibile
3025 3291 3167 3343 esse,
3200 3276 3442 3344 sequitur
3481 3288 3545 3327 ea
3580 3288 3704 3342 qum
3731 3286 3845 3341 pro-

2256 3372 2406 3442 ponit
2448 3384 2668 3426 necesse
2697 3383 2837 3424 esse.
2869 3367 2975 3424 Sed
3016 3368 3193 3437 potius
3222 3364 3498 3420 contraria
3526 3362 3847 3418 necessari:

2257 3464 2344 3519 illa
2374 3479 2494 3535 qum
2537 3463 2668 3519 dicit
2696 3476 2916 3518 necesse
2943 3475 3066 3516 esse
3112 3473 3219 3516 non
3249 3473 3391 3515 esse.
3423 3454 3558 3511 Nam
3593 3470 3718 3510 cum
3752 3470 3846 3509 non

2258 3557 2516 3629 possibile
2556 3567 2660 3624 est,
2720 3568 2940 3613 necesse
2991 3565 3074 3612 est
3129 3569 3237 3610 non
3286 3567 3429 3608 esse.
3487 3549 3851 3619 Disponantur

2183 4679 2239 4742 ι)

2257 3652 2402 3708 enim
2425 3651 2509 3707 bc
2537 3651 2743 3708 Scilicet
2765 3663 2883 3720 qute
2901 3656 3196 3719 sequuntur
3215 3652 3269 3701 et
3295 3642 3395 3700 sub
3423 3642 3506 3697 bis
3533 3640 3853 3697 necessari:

2263 3755 2319 3804 et
2348 3763 2468 3819 quae
2498 3747 2568 3803 sit
2594 3744 2965 3809 contradictio,
2999 3756 3118 3812 qua:
3146 3735 3505 3796 contrarietas
3532 3733 3853 3788 aseribatur.

2260 3861 2505 3911 Possibile
2524 3873 2653 3911 esse.
3236 3848 3342 3901 Non
3360 3846 3600 3912 possibile
3621 3858 3757 3896 eae.

2260 3922 2368 3975 Non
2392 3936 2603 3975 necesse
2628 3933 2757 3972 esse.
3240 3914 3461 3964 Necesse
3479 3922 3597 3962 esse
3614 3922 3716 3963 non
3733 3920 3851 3961 esse.

2530 4014 2613 4108 (δα

2601 4086 2827 4314 “04.6%
3299 4089 3513 4292 Ωδμ

2868 4332 3088 4386 Necesse
3116 4343 3248 4383 esse.

2335 4442 2477 4501 Nulli
2512 4456 2641 4513 ergo
2688 4440 2910 4496 dubium
2957 4448 3040 4495 est
3084 4437 3214 4509 quin
3243 4434 3664 4490 afﬁrmationem
3694 4430 3860 4503 possi-

2266 4536 2392 4593 bilis
2437 4543 2694 4605 sequatur
2742 4529 3028 4588 uecessarii
3082 4529 3325 4600 negatio,
3369 4527 3714 4598 negationem
3742 4539 3861 4580 vero

2266 4626 2542 4699 possibilis
2565 4641 2671 4680 non
2701 4633 2957 4694 sequatur
2988 4621 3373 4686 necessarium,
3417 4620 3513 4675 sed
3538 4621 3718 4689 potius
3741 4635 3864 4674 cou-

2270 4725 2519 4780 trarietas
2555 4720 2868 4777 necessarii.
2897 4718 3028 4774 Nam
3072 4732 3194 4773 cum
3227 4714 3488 4787 possibile
3526 4730 3651 4770 esse.
3678 4728 3867 4784 seque.

2267 4828 2355 4874 tur
2381 4815 2742 4874 contradictio
2783 4811 3153 4879 necessitatis,
3190 4825 3311 4881 quae
3359 4815 3445 4864 est
3484 4824 3592 4863 non
3647 4819 3868 4861 necesse

2268 4925 2412 4977 esse,
2439 4908 2919 4965 contradictionem
2960 4905 3235 4977 possibilis
3265 4918 3383 4974 qua:
3414 4901 3565 4967 dicit,
3597 4916 3707 4955 non
3744 4916 3867 4970 pos-

2268 5002 2429 5060 sibile
2466 5016 2607 5068 esse,
2639 5017 2746 5057 non
2777 5001 3019 5071 sequitur
3060 4996 3355 5055 necessitas
3386 4998 3522 5067 ipsa.
3553 4994 3663 5049 Sed
3696 4996 3873 5064 potius

2265 5093 2542 5150 contraria
2572 5093 2660 5150 illa
2685 5093 2894 5149 scilicet
2920 5106 3040 5161 qute
3071 5088 3325 5161 proponit
3354 5102 3577 5144 necesse
3615 5102 3742 5143 esse
3768 5102 3872 5143 non

2268 5204 2410 5246 esse.
2438 5188 2643 5246 Sensus
2662 5203 2792 5259 ergo
2820 5186 3125 5255 huiusmodi
3152 5195 3255 5242 est.
3290 5184 3435 5242 Talis
3467 5198 3599 5239 vero
3631 5192 3716 5238 est
3736 5184 3872 5239 ordo

2266 5298 2598 5349 sermonum,
2627 5279 2990 5337 necessarium
3011 5294 3164 5344 vero,
3191 5277 3382 5348 inquit,
3407 5274 3871 5346 quemadmodum

2267 5375 2358 5443 sit,
2382 5375 2435 5432 id
2462 5383 2569 5442 est,
2598 5388 2731 5444 quas
2751 5373 2943 5429 habeat
2963 5370 3376 5441 conscquentias
3402 5365 3871 5422 considerandum

2266 5476 2369 5524 est.
2409 5465 2586 5522 Primo
2629 5465 2845 5538 quidem
2897 5463 3085 5520 definit
3129 5462 3315 5518 dicens
3347 5477 3361 5515 :
3389 5458 3739 5514 Manifestum
3786 5444 3890 5514 est'

2266 5565 2517 5639 quoniam
2542 5581 2653 5621 non
2681 5563 2870 5621 eodem
2898 5561 3080 5618 modo.
3119 5559 3239 5627 Quo
3267 5559 3389 5615 loco
3426 5553 3867 5613 subaudiendum

2267 5672 2384 5731 est,
2417 5662 2867 5736 quemadmodum
2913 5659 2966 5717 in
3012 5658 3095 5715 bis
3139 5672 3261 5732 quas
3304 5656 3594 5730 possibiles
3636 5666 3770 5711 sunt
3819 5660 3871 5710 et

2269 5756 2658 5828 impossibiles,
2688 5755 2783 5813 sed
2827 5753 3109 5810 contrariae
3150 5762 3470 5823 sequuntur,
3506 5751 3877 5806 contradicto—

2268 5849 2363 5905 riae
2393 5863 2521 5905 vero
2551 5856 2701 5911 extra
2732 5856 2879 5913 sunt,
2909 5854 2962 5909 et
2982 5860 3092 5909 non
3114 5854 3433 5917 sequuntur.
3465 5841 3712 5917 Namque
3732 5858 3873 5898 con-

2271 5941 2649 5999 tradictionem
2698 5941 2966 6013 _)55ibi|i§
3010 5954 3120 5999 non
3168 5936 3461 5997 necessarii
3487 5935 3876 6009 contradictio,
