  <div class='ocr_page' id='page_1' title='image "/cluster/home/n/w/nwhite01/storage/ocr_20150623/64/hvd.32044024222309/310.png"; bbox 0 0 4060 6330; ppageno 0'>
   <div class='ocr_carea' id='block_1_1' title="bbox 950 334 2761 405">
    <p class='ocr_par' dir='ltr' id='par_1_1' title="bbox 950 334 2761 405">
     <span class='ocr_line' id='line_1_1' title="bbox 950 334 2761 405; baseline -0.001 -1"><span class='ocrx_word' id='word_1_1' title='bbox 950 334 1027 404; x_wconf 65' lang='lat' dir='ltr'><strong>IN</strong></span> <span class='ocrx_word' id='word_1_2' title='bbox 1055 338 1312 400; x_wconf 77' lang='lat' dir='ltr'><strong>LIBRUM</strong></span> <span class='ocrx_word' id='word_1_3' title='bbox 1349 338 1437 397; x_wconf 84' lang='lat' dir='ltr'><strong>DE</strong></span> <span class='ocrx_word' id='word_1_4' title='bbox 1473 339 2119 401; x_wconf 76' lang='lat' dir='ltr'><strong>INTEBPRETATIONE</strong></span> <span class='ocrx_word' id='word_1_5' title='bbox 2158 342 2386 402; x_wconf 82' lang='lat' dir='ltr'><strong>EDITlG</strong></span> <span class='ocrx_word' id='word_1_6' title='bbox 2422 344 2761 405; x_wconf 74' lang='lat' dir='ltr'><strong>SECUNDA.</strong></span> 
     </span>
    </p>
   </div>
   <div class='ocr_carea' id='block_1_2' title="bbox 243 351 345 417">
    <p class='ocr_par' dir='ltr' id='par_1_2' title="bbox 243 351 345 417">
     <span class='ocr_line' id='line_1_2' title="bbox 243 351 345 417; baseline 0.059 -10"><span class='ocrx_word' id='word_1_7' title='bbox 243 351 345 417; x_wconf 64' lang='lat'><strong>505</strong></span> 
     </span>
    </p>
   </div>
   <div class='ocr_carea' id='block_1_3' title="bbox 3412 349 3523 411">
    <p class='ocr_par' dir='ltr' id='par_1_3' title="bbox 3412 349 3523 411">
     <span class='ocr_line' id='line_1_3' title="bbox 3412 349 3523 411; baseline 0 -3"><span class='ocrx_word' id='word_1_8' title='bbox 3412 349 3523 411; x_wconf 76' lang='grc' dir='ltr'>εοε</span> 
     </span>
    </p>
   </div>
   <div class='ocr_carea' id='block_1_4' title="bbox 245 454 3524 533">
    <p class='ocr_par' dir='ltr' id='par_1_4' title="bbox 245 454 3524 533">
     <span class='ocr_line' id='line_1_4' title="bbox 245 454 3524 533; baseline 0.002 -14"><span class='ocrx_word' id='word_1_9' title='bbox 245 464 338 523; x_wconf 80' lang='lat' dir='ltr'><strong>sed</strong></span> <span class='ocrx_word' id='word_1_10' title='bbox 386 463 472 533; x_wconf 87' lang='grc' dir='ltr'>(ιιι</span> <span class='ocrx_word' id='word_1_11' title='bbox 517 469 680 532; x_wconf 80' lang='lat' dir='ltr'><strong>supra</strong></span> <span class='ocrx_word' id='word_1_12' title='bbox 727 454 1035 528; x_wconf 77' lang='lat' dir='ltr'><strong>docuimus)</strong></span> <span class='ocrx_word' id='word_1_13' title='bbox 1088 455 1440 513; x_wconf 76' lang='lat' dir='ltr'><strong>contrarietas</strong></span> <span class='ocrx_word' id='word_1_14' title='bbox 1480 455 1829 525; x_wconf 75' lang='lat' dir='ltr'><strong>sequebatur.</strong></span> <span class='ocrx_word' id='word_1_15' title='bbox 1859 457 1913 520; x_wconf 72' lang='grc' dir='ltr'><strong>Α</strong></span> <span class='ocrx_word' id='word_1_16' title='bbox 1938 456 2095 513; x_wconf 88' lang='lat' dir='ltr'><strong>sibile</strong></span> <span class='ocrx_word' id='word_1_17' title='bbox 2121 462 2423 516; x_wconf 88' lang='lat' dir='ltr'><strong>necessario</strong></span> <span class='ocrx_word' id='word_1_18' title='bbox 2450 462 2689 518; x_wconf 82' lang='lat' dir='ltr'><strong>redditur</strong></span> <span class='ocrx_word' id='word_1_19' title='bbox 2716 462 2856 518; x_wconf 92' lang='lat' dir='ltr'><strong>idem</strong></span> <span class='ocrx_word' id='word_1_20' title='bbox 2880 478 3088 533; x_wconf 61' lang='lat' dir='ltr'><strong>valens,</strong></span> <span class='ocrx_word' id='word_1_21' title='bbox 3120 465 3173 521; x_wconf 91' lang='lat' dir='ltr'><strong>id</strong></span> <span class='ocrx_word' id='word_1_22' title='bbox 3200 475 3285 521; x_wconf 86' lang='lat' dir='ltr'><strong>est</strong></span> <span class='ocrx_word' id='word_1_23' title='bbox 3307 478 3524 527; x_wconf 80' lang='lat' dir='ltr'><strong>contra-</strong></span> 
     </span>
    </p>
   </div>
   <div class='ocr_carea' id='block_1_5' title="bbox 245 551 1832 615">
    <p class='ocr_par' dir='ltr' id='par_1_5' title="bbox 245 551 1832 615">
     <span class='ocr_line' id='line_1_5' title="bbox 245 551 1832 615; baseline -0.004 -1"><span class='ocrx_word' id='word_1_24' title='bbox 245 559 357 615; x_wconf 86' lang='lat' dir='ltr'><strong>Non</strong></span> <span class='ocrx_word' id='word_1_25' title='bbox 384 554 528 613; x_wconf 90' lang='lat' dir='ltr'><strong>enim</strong></span> <span class='ocrx_word' id='word_1_26' title='bbox 556 553 907 609; x_wconf 82' lang='lat' dir='ltr'><strong>contradictio</strong></span> <span class='ocrx_word' id='word_1_27' title='bbox 935 551 1345 608; x_wconf 84' lang='lat' dir='ltr'><strong>contradictioni</strong></span> <span class='ocrx_word' id='word_1_28' title='bbox 1387 552 1439 606; x_wconf 89' lang='lat' dir='ltr'><strong>in</strong></span> <span class='ocrx_word' id='word_1_29' title='bbox 1495 551 1594 606; x_wconf 89' lang='lat' dir='ltr'><strong>bac</strong></span> <span class='ocrx_word' id='word_1_30' title='bbox 1640 565 1832 608; x_wconf 83' lang='lat' dir='ltr'><strong>neces-</strong></span> 
     </span>
    </p>
   </div>
   <div class='ocr_carea' id='block_1_6' title="bbox 245 641 1827 717">
    <p class='ocr_par' dir='ltr' id='par_1_6' title="bbox 245 641 1827 717">
     <span class='ocr_line' id='line_1_6' title="bbox 245 641 1827 717; baseline -0.006 -9"><span class='ocrx_word' id='word_1_31' title='bbox 245 652 368 709; x_wconf 73' lang='lat' dir='ltr'><strong>sarii</strong></span> <span class='ocrx_word' id='word_1_32' title='bbox 401 646 779 717; x_wconf 87' lang='lat' dir='ltr'><strong>consequentia</strong></span> <span class='ocrx_word' id='word_1_33' title='bbox 812 645 1198 699; x_wconf 88' lang='lat' dir='ltr'><strong>consentiebat.</strong></span> <span class='ocrx_word' id='word_1_34' title='bbox 1230 641 1564 713; x_wconf 84' lang='lat' dir='ltr'><strong>Sequebatur</strong></span> <span class='ocrx_word' id='word_1_35' title='bbox 1596 659 1827 714; x_wconf 85' lang='lat' dir='ltr'><strong>namque</strong></span> 
     </span>
    </p>
   </div>
   <div class='ocr_carea' id='block_1_7' title="bbox 245 738 1826 818">
    <p class='ocr_par' dir='ltr' id='par_1_7' title="bbox 245 738 1826 818">
     <span class='ocr_line' id='line_1_7' title="bbox 245 738 1826 818; baseline -0.005 -18"><span class='ocrx_word' id='word_1_36' title='bbox 245 744 653 818; x_wconf 77' lang='lat' dir='ltr'><strong>possibilitatem</strong></span> <span class='ocrx_word' id='word_1_37' title='bbox 694 740 821 794; x_wconf 91' lang='lat' dir='ltr'><strong>illud</strong></span> <span class='ocrx_word' id='word_1_38' title='bbox 855 738 995 810; x_wconf 91' lang='lat' dir='ltr'><strong>quod</strong></span> <span class='ocrx_word' id='word_1_39' title='bbox 1026 746 1110 793; x_wconf 92' lang='lat' dir='ltr'><strong>est</strong></span> <span class='ocrx_word' id='word_1_40' title='bbox 1150 754 1256 792; x_wconf 92' lang='lat' dir='ltr'><strong>non</strong></span> <span class='ocrx_word' id='word_1_41' title='bbox 1301 738 1686 805; x_wconf 88' lang='lat' dir='ltr'><strong>necessarium,</strong></span> <span class='ocrx_word' id='word_1_42' title='bbox 1719 754 1826 792; x_wconf 92' lang='lat' dir='ltr'><strong>non</strong></span> 
     </span>
    </p>
   </div>
   <div class='ocr_carea' id='block_1_8' title="bbox 247 827 1831 907">
    <p class='ocr_par' dir='ltr' id='par_1_8' title="bbox 247 827 1831 907">
     <span class='ocr_line' id='line_1_8' title="bbox 247 827 1831 907; baseline -0.005 -17"><span class='ocrx_word' id='word_1_43' title='bbox 247 833 499 907; x_wconf 83' lang='lat' dir='ltr'><strong>possibile</strong></span> <span class='ocrx_word' id='word_1_44' title='bbox 529 842 703 887; x_wconf 90' lang='lat' dir='ltr'><strong>autem</strong></span> <span class='ocrx_word' id='word_1_45' title='bbox 752 830 1076 901; x_wconf 84' lang='lat' dir='ltr'><strong>sequebatur</strong></span> <span class='ocrx_word' id='word_1_46' title='bbox 1126 843 1185 882; x_wconf 90' lang='lat' dir='ltr'><strong>ea</strong></span> <span class='ocrx_word' id='word_1_47' title='bbox 1231 828 1527 898; x_wconf 84' lang='lat' dir='ltr'><strong>propositio</strong></span> <span class='ocrx_word' id='word_1_48' title='bbox 1555 844 1673 897; x_wconf 68' lang='lat' dir='ltr'><strong>qua:</strong></span> <span class='ocrx_word' id='word_1_49' title='bbox 1699 827 1831 883; x_wconf 85' lang='lat' dir='ltr'><strong>dicit</strong></span> 
     </span>
    </p>
   </div>
   <div class='ocr_carea' id='block_1_9' title="bbox 247 916 1831 993">
    <p class='ocr_par' dir='ltr' id='par_1_9' title="bbox 247 916 1831 993">
     <span class='ocr_line' id='line_1_9' title="bbox 247 916 1831 993; baseline -0.006 -7"><span class='ocrx_word' id='word_1_50' title='bbox 247 916 466 986; x_wconf 87' lang='lat' dir='ltr'><strong>necesse</strong></span> <span class='ocrx_word' id='word_1_51' title='bbox 490 942 609 982; x_wconf 88' lang='lat' dir='ltr'><strong>esse</strong></span> <span class='ocrx_word' id='word_1_52' title='bbox 629 942 737 981; x_wconf 88' lang='lat' dir='ltr'><strong>non</strong></span> <span class='ocrx_word' id='word_1_53' title='bbox 763 940 883 982; x_wconf 89' lang='lat' dir='ltr'><strong>esse</strong></span> <span class='ocrx_word' id='word_1_54' title='bbox 903 967 918 993; x_wconf 94' lang='lat'><strong>,</strong></span> <span class='ocrx_word' id='word_1_55' title='bbox 960 938 1066 978; x_wconf 90' lang='lat' dir='ltr'><strong>non</strong></span> <span class='ocrx_word' id='word_1_56' title='bbox 1095 931 1274 978; x_wconf 88' lang='lat' dir='ltr'><strong>autem</strong></span> <span class='ocrx_word' id='word_1_57' title='bbox 1305 936 1527 978; x_wconf 83' lang='lat' dir='ltr'><strong>necesse</strong></span> <span class='ocrx_word' id='word_1_58' title='bbox 1551 938 1691 978; x_wconf 88' lang='lat' dir='ltr'><strong>esse.</strong></span> <span class='ocrx_word' id='word_1_59' title='bbox 1723 922 1831 977; x_wconf 86' lang='lat' dir='ltr'><strong>Sed</strong></span> 
     </span>
    </p>
   </div>
   <div class='ocr_carea' id='block_1_10' title="bbox 244 1024 1832 1082">
    <p class='ocr_par' dir='ltr' id='par_1_10' title="bbox 244 1024 1832 1082">
     <span class='ocr_line' id='line_1_10' title="bbox 244 1024 1832 1082; baseline -0.007 -2"><span class='ocrx_word' id='word_1_60' title='bbox 244 1039 431 1080; x_wconf 79' lang='lat' dir='ltr'><strong>l&#39;llI‘SlIS</strong></span> <span class='ocrx_word' id='word_1_61' title='bbox 460 1035 679 1077; x_wconf 87' lang='lat' dir='ltr'><strong>necesse</strong></span> <span class='ocrx_word' id='word_1_62' title='bbox 721 1033 842 1074; x_wconf 89' lang='lat' dir='ltr'><strong>esse</strong></span> <span class='ocrx_word' id='word_1_63' title='bbox 884 1032 990 1072; x_wconf 86' lang='lat' dir='ltr'><strong>non</strong></span> <span class='ocrx_word' id='word_1_64' title='bbox 1031 1031 1171 1082; x_wconf 71' lang='lat'><strong>8880,</strong></span> <span class='ocrx_word' id='word_1_65' title='bbox 1224 1024 1279 1072; x_wconf 86' lang='grc' dir='ltr'><strong>ει</strong></span> <span class='ocrx_word' id='word_1_66' title='bbox 1324 1030 1431 1070; x_wconf 89' lang='lat' dir='ltr'><strong>non</strong></span> <span class='ocrx_word' id='word_1_67' title='bbox 1462 1030 1682 1072; x_wconf 89' lang='lat' dir='ltr'><strong>necesse</strong></span> <span class='ocrx_word' id='word_1_68' title='bbox 1710 1030 1832 1070; x_wconf 71' lang='lat'><strong>6580</strong></span> 
     </span>
    </p>
   </div>
   <div class='ocr_carea' id='block_1_11' title="bbox 246 1110 1833 1179">
    <p class='ocr_par' dir='ltr' id='par_1_11' title="bbox 246 1110 1833 1179">
     <span class='ocr_line' id='line_1_11' title="bbox 246 1110 1833 1179; baseline -0.005 -6"><span class='ocrx_word' id='word_1_69' title='bbox 246 1133 353 1173; x_wconf 91' lang='lat' dir='ltr'><strong>non</strong></span> <span class='ocrx_word' id='word_1_70' title='bbox 381 1124 503 1171; x_wconf 89' lang='lat' dir='ltr'><strong>sunt</strong></span> <span class='ocrx_word' id='word_1_71' title='bbox 532 1113 1000 1169; x_wconf 90' lang='lat' dir='ltr'><strong>contradictiones.</strong></span> <span class='ocrx_word' id='word_1_72' title='bbox 1039 1111 1144 1168; x_wconf 88' lang='lat' dir='ltr'><strong>Sed</strong></span> <span class='ocrx_word' id='word_1_73' title='bbox 1184 1126 1290 1166; x_wconf 92' lang='lat' dir='ltr'><strong>non</strong></span> <span class='ocrx_word' id='word_1_74' title='bbox 1321 1125 1544 1165; x_wconf 89' lang='lat' dir='ltr'><strong>necesse</strong></span> <span class='ocrx_word' id='word_1_75' title='bbox 1568 1126 1688 1165; x_wconf 70' lang='lat' dir='ltr'><strong>esse</strong></span> <span class='ocrx_word' id='word_1_76' title='bbox 1714 1110 1833 1179; x_wconf 86' lang='lat' dir='ltr'><strong>qui-</strong></span> 
     </span>
    </p>
   </div>
   <div class='ocr_carea' id='block_1_12' title="bbox 246 1201 1833 1276">
    <p class='ocr_par' dir='ltr' id='par_1_12' title="bbox 246 1201 1833 1276">
     <span class='ocr_line' id='line_1_12' title="bbox 246 1201 1833 1276; baseline -0.005 -12"><span class='ocrx_word' id='word_1_77' title='bbox 246 1209 366 1264; x_wconf 89' lang='lat' dir='ltr'><strong>dem</strong></span> <span class='ocrx_word' id='word_1_78' title='bbox 396 1208 605 1276; x_wconf 74' lang='lat' dir='ltr'><strong>negatio</strong></span> <span class='ocrx_word' id='word_1_79' title='bbox 634 1202 924 1260; x_wconf 88' lang='lat' dir='ltr'><strong>necessarii</strong></span> <span class='ocrx_word' id='word_1_80' title='bbox 951 1211 1054 1268; x_wconf 88' lang='lat' dir='ltr'><strong>est,</strong></span> <span class='ocrx_word' id='word_1_81' title='bbox 1102 1203 1192 1257; x_wconf 89' lang='lat' dir='ltr'><strong>illa</strong></span> <span class='ocrx_word' id='word_1_82' title='bbox 1240 1217 1369 1258; x_wconf 89' lang='lat' dir='ltr'><strong>vero</strong></span> <span class='ocrx_word' id='word_1_83' title='bbox 1397 1218 1518 1273; x_wconf 66' lang='lat' dir='ltr'><strong>quae</strong></span> <span class='ocrx_word' id='word_1_84' title='bbox 1560 1201 1708 1265; x_wconf 91' lang='lat' dir='ltr'><strong>dicit,</strong></span> <span class='ocrx_word' id='word_1_85' title='bbox 1737 1216 1833 1256; x_wconf 85' lang='lat' dir='ltr'><strong>ne-</strong></span> 
     </span>
    </p>
   </div>
   <div class='ocr_carea' id='block_1_13' title="bbox 247 1295 1834 1357">
    <p class='ocr_par' dir='ltr' id='par_1_13' title="bbox 247 1295 1834 1357">
     <span class='ocr_line' id='line_1_13' title="bbox 247 1295 1834 1357; baseline -0.005 0"><span class='ocrx_word' id='word_1_86' title='bbox 247 1315 398 1357; x_wconf 88' lang='lat' dir='ltr'><strong>cesse</strong></span> <span class='ocrx_word' id='word_1_87' title='bbox 422 1314 541 1354; x_wconf 86' lang='lat' dir='ltr'><strong>esse</strong></span> <span class='ocrx_word' id='word_1_88' title='bbox 588 1314 693 1353; x_wconf 90' lang='lat' dir='ltr'><strong>non</strong></span> <span class='ocrx_word' id='word_1_89' title='bbox 738 1310 858 1351; x_wconf 88' lang='lat' dir='ltr'><strong>esse</strong></span> <span class='ocrx_word' id='word_1_90' title='bbox 903 1296 1168 1350; x_wconf 88' lang='lat' dir='ltr'><strong>contraria</strong></span> <span class='ocrx_word' id='word_1_91' title='bbox 1210 1295 1519 1350; x_wconf 79' lang='lat' dir='ltr'><strong>necessarii.</strong></span> <span class='ocrx_word' id='word_1_92' title='bbox 1550 1295 1743 1349; x_wconf 79' lang='lat' dir='ltr'><strong>Contra</strong></span> <span class='ocrx_word' id='word_1_93' title='bbox 1772 1308 1834 1349; x_wconf 87' lang='lat' dir='ltr'><strong>se</strong></span> 
     </span>
    </p>
   </div>
   <div class='ocr_carea' id='block_1_14' title="bbox 244 1385 1832 1457">
    <p class='ocr_par' dir='ltr' id='par_1_14' title="bbox 244 1385 1832 1457">
     <span class='ocr_line' id='line_1_14' title="bbox 244 1385 1832 1457; baseline -0.005 -8"><span class='ocrx_word' id='word_1_94' title='bbox 244 1405 424 1449; x_wconf 88' lang='lat' dir='ltr'><strong>autem</strong></span> <span class='ocrx_word' id='word_1_95' title='bbox 456 1407 562 1447; x_wconf 91' lang='lat' dir='ltr'><strong>non</strong></span> <span class='ocrx_word' id='word_1_96' title='bbox 607 1401 731 1446; x_wconf 89' lang='lat' dir='ltr'><strong>sunt</strong></span> <span class='ocrx_word' id='word_1_97' title='bbox 760 1387 1211 1443; x_wconf 76' lang='lat' dir='ltr'><strong>contradictoriie.</strong></span> <span class='ocrx_word' id='word_1_98' title='bbox 1244 1387 1474 1442; x_wconf 87' lang='lat' dir='ltr'><strong>Possunt</strong></span> <span class='ocrx_word' id='word_1_99' title='bbox 1517 1401 1748 1457; x_wconf 85' lang='lat' dir='ltr'><strong>namque</strong></span> <span class='ocrx_word' id='word_1_100' title='bbox 1779 1385 1832 1441; x_wconf 91' lang='lat' dir='ltr'><strong>in</strong></span> 
     </span>
    </p>
   </div>
   <div class='ocr_carea' id='block_1_15' title="bbox 248 1479 1831 1557">
    <p class='ocr_par' dir='ltr' id='par_1_15' title="bbox 248 1479 1831 1557">
     <span class='ocr_line' id='line_1_15' title="bbox 248 1479 1831 1557; baseline -0.008 -12"><span class='ocrx_word' id='word_1_101' title='bbox 248 1505 352 1544; x_wconf 90' lang='lat' dir='ltr'><strong>uno</strong></span> <span class='ocrx_word' id='word_1_102' title='bbox 381 1488 678 1557; x_wconf 88' lang='lat' dir='ltr'><strong>eodemque</strong></span> <span class='ocrx_word' id='word_1_103' title='bbox 705 1484 863 1539; x_wconf 85' lang='lat' dir='ltr'><strong>simul</strong></span> <span class='ocrx_word' id='word_1_104' title='bbox 886 1482 1134 1537; x_wconf 86' lang='lat' dir='ltr'><strong>inveniri.</strong></span> <span class='ocrx_word' id='word_1_105' title='bbox 1167 1481 1319 1549; x_wconf 86' lang='lat' dir='ltr'><strong>Quod</strong></span> <span class='ocrx_word' id='word_1_106' title='bbox 1342 1496 1437 1549; x_wconf 89' lang='lat' dir='ltr'><strong>per</strong></span> <span class='ocrx_word' id='word_1_107' title='bbox 1466 1481 1566 1535; x_wconf 86' lang='lat' dir='ltr'><strong>hoc</strong></span> <span class='ocrx_word' id='word_1_108' title='bbox 1595 1482 1671 1534; x_wconf 82' lang='lat' dir='ltr'><strong>ait</strong></span> <span class='ocrx_word' id='word_1_109' title='bbox 1690 1479 1831 1551; x_wconf 91' lang='lat' dir='ltr'><strong>quod</strong></span> 
     </span>
    </p>
   </div>
   <div class='ocr_carea' id='block_1_16' title="bbox 246 1574 1831 1647">
    <p class='ocr_par' dir='ltr' id='par_1_16' title="bbox 246 1574 1831 1647">
     <span class='ocr_line' id='line_1_16' title="bbox 246 1574 1831 1647; baseline -0.007 -8"><span class='ocrx_word' id='word_1_110' title='bbox 246 1582 383 1639; x_wconf 80' lang='lat' dir='ltr'><strong>dixit</strong></span> <span class='ocrx_word' id='word_1_111' title='bbox 416 1600 431 1637; x_wconf 88' lang='lat'><strong>:</strong></span> <span class='ocrx_word' id='word_1_112' title='bbox 461 1578 729 1647; x_wconf 81' lang='lat' dir='ltr'><strong>Contingit</strong></span> <span class='ocrx_word' id='word_1_113' title='bbox 749 1577 892 1630; x_wconf 90' lang='lat' dir='ltr'><strong>enim</strong></span> <span class='ocrx_word' id='word_1_114' title='bbox 915 1591 1074 1631; x_wconf 85' lang='lat' dir='ltr'><strong>veras</strong></span> <span class='ocrx_word' id='word_1_115' title='bbox 1101 1589 1220 1630; x_wconf 89' lang='lat' dir='ltr'><strong>esse</strong></span> <span class='ocrx_word' id='word_1_116' title='bbox 1252 1575 1304 1629; x_wconf 91' lang='lat' dir='ltr'><strong>in</strong></span> <span class='ocrx_word' id='word_1_117' title='bbox 1334 1574 1525 1630; x_wconf 92' lang='lat' dir='ltr'><strong>eodem</strong></span> <span class='ocrx_word' id='word_1_118' title='bbox 1556 1584 1831 1643; x_wconf 88' lang='lat' dir='ltr'><strong>utrasque.</strong></span> 
     </span>
    </p>
   </div>
   <div class='ocr_carea' id='block_1_17' title="bbox 246 1669 1828 1744">
    <p class='ocr_par' dir='ltr' id='par_1_17' title="bbox 246 1669 1828 1744">
     <span class='ocr_line' id='line_1_17' title="bbox 246 1669 1828 1744; baseline -0.008 -15"><span class='ocrx_word' id='word_1_119' title='bbox 246 1674 378 1730; x_wconf 76' lang='lat' dir='ltr'><strong>Nam</strong></span> <span class='ocrx_word' id='word_1_120' title='bbox 408 1672 549 1744; x_wconf 88' lang='lat' dir='ltr'><strong>quod</strong></span> <span class='ocrx_word' id='word_1_121' title='bbox 582 1669 951 1725; x_wconf 86' lang='lat' dir='ltr'><strong>necessarium</strong></span> <span class='ocrx_word' id='word_1_122' title='bbox 984 1682 1090 1722; x_wconf 91' lang='lat' dir='ltr'><strong>non</strong></span> <span class='ocrx_word' id='word_1_123' title='bbox 1138 1681 1261 1723; x_wconf 87' lang='lat' dir='ltr'><strong>esse</strong></span> <span class='ocrx_word' id='word_1_124' title='bbox 1307 1681 1413 1720; x_wconf 92' lang='lat' dir='ltr'><strong>non</strong></span> <span class='ocrx_word' id='word_1_125' title='bbox 1442 1676 1525 1721; x_wconf 88' lang='lat' dir='ltr'><strong>est</strong></span> <span class='ocrx_word' id='word_1_126' title='bbox 1576 1679 1828 1720; x_wconf 74' lang='lat' dir='ltr'><strong>necessa-</strong></span> 
     </span>
    </p>
   </div>
   <div class='ocr_carea' id='block_1_18' title="bbox 247 1756 1829 1832">
    <p class='ocr_par' dir='ltr' id='par_1_18' title="bbox 247 1756 1829 1832">
     <span class='ocr_line' id='line_1_18' title="bbox 247 1756 1829 1832; baseline -0.009 -9"><span class='ocrx_word' id='word_1_127' title='bbox 247 1768 386 1825; x_wconf 91' lang='lat' dir='ltr'><strong>rium</strong></span> <span class='ocrx_word' id='word_1_128' title='bbox 418 1781 558 1832; x_wconf 89' lang='lat' dir='ltr'><strong>esse,</strong></span> <span class='ocrx_word' id='word_1_129' title='bbox 591 1772 646 1818; x_wconf 91' lang='lat' dir='ltr'><strong>ut</strong></span> <span class='ocrx_word' id='word_1_130' title='bbox 675 1761 931 1831; x_wconf 82' lang='lat' dir='ltr'><strong>quoniam</strong></span> <span class='ocrx_word' id='word_1_131' title='bbox 992 1773 1218 1813; x_wconf 88' lang='lat' dir='ltr'><strong>necesse</strong></span> <span class='ocrx_word' id='word_1_132' title='bbox 1265 1766 1349 1811; x_wconf 90' lang='lat' dir='ltr'><strong>est</strong></span> <span class='ocrx_word' id='word_1_133' title='bbox 1392 1756 1667 1812; x_wconf 83' lang='lat' dir='ltr'><strong>hominem</strong></span> <span class='ocrx_word' id='word_1_134' title='bbox 1698 1770 1829 1826; x_wconf 80' lang='lat' dir='ltr'><strong>qna-</strong></span> 
     </span>
    </p>
   </div>
   <div class='ocr_carea' id='block_1_19' title="bbox 248 1850 1825 1930">
    <p class='ocr_par' dir='ltr' id='par_1_19' title="bbox 248 1850 1825 1930">
     <span class='ocr_line' id='line_1_19' title="bbox 248 1850 1825 1930; baseline -0.008 -13"><span class='ocrx_word' id='word_1_135' title='bbox 248 1859 538 1930; x_wconf 84' lang='lat' dir='ltr'><strong>drupedem</strong></span> <span class='ocrx_word' id='word_1_136' title='bbox 580 1872 686 1912; x_wconf 91' lang='lat' dir='ltr'><strong>non</strong></span> <span class='ocrx_word' id='word_1_137' title='bbox 713 1870 853 1921; x_wconf 84' lang='lat' dir='ltr'><strong>esse,</strong></span> <span class='ocrx_word' id='word_1_138' title='bbox 888 1869 994 1908; x_wconf 90' lang='lat' dir='ltr'><strong>non</strong></span> <span class='ocrx_word' id='word_1_139' title='bbox 1027 1862 1110 1907; x_wconf 87' lang='lat' dir='ltr'><strong>est</strong></span> <span class='ocrx_word' id='word_1_140' title='bbox 1139 1852 1501 1907; x_wconf 61' lang='lat' dir='ltr'><strong>necessarium</strong></span> <span class='ocrx_word' id='word_1_141' title='bbox 1547 1850 1825 1905; x_wconf 86' lang='lat' dir='ltr'><strong>hominem</strong></span> 
     </span>
    </p>
   </div>
   <div class='ocr_carea' id='block_1_20' title="bbox 246 1944 1834 2025">
    <p class='ocr_par' dir='ltr' id='par_1_20' title="bbox 246 1944 1834 2025">
     <span class='ocr_line' id='line_1_20' title="bbox 246 1944 1834 2025; baseline -0.006 -18"><span class='ocrx_word' id='word_1_142' title='bbox 246 1952 645 2025; x_wconf 85' lang='lat' dir='ltr'><strong>quadrupedem</strong></span> <span class='ocrx_word' id='word_1_143' title='bbox 690 1963 833 2003; x_wconf 89' lang='lat' dir='ltr'><strong>esse.</strong></span> <span class='ocrx_word' id='word_1_144' title='bbox 864 1946 994 2001; x_wconf 86' lang='lat' dir='ltr'><strong>Nam</strong></span> <span class='ocrx_word' id='word_1_145' title='bbox 1023 1946 1068 2000; x_wconf 88' lang='lat' dir='ltr'><strong>si</strong></span> <span class='ocrx_word' id='word_1_146' title='bbox 1097 1944 1197 2000; x_wconf 88' lang='lat' dir='ltr'><strong>hoc</strong></span> <span class='ocrx_word' id='word_1_147' title='bbox 1239 1944 1432 1998; x_wconf 82' lang='lat' dir='ltr'><strong>falsum</strong></span> <span class='ocrx_word' id='word_1_148' title='bbox 1474 1952 1579 2008; x_wconf 87' lang='lat' dir='ltr'><strong>est,</strong></span> <span class='ocrx_word' id='word_1_149' title='bbox 1609 1958 1834 1998; x_wconf 77' lang='lat' dir='ltr'><strong>necesse</strong></span> 
     </span>
    </p>
   </div>
   <div class='ocr_carea' id='block_1_21' title="bbox 248 2038 1834 2109">
    <p class='ocr_par' dir='ltr' id='par_1_21' title="bbox 248 2038 1834 2109">
     <span class='ocr_line' id='line_1_21' title="bbox 248 2038 1834 2109; baseline -0.008 -5"><span class='ocrx_word' id='word_1_150' title='bbox 248 2049 352 2104; x_wconf 87' lang='lat' dir='ltr'><strong>erit</strong></span> <span class='ocrx_word' id='word_1_151' title='bbox 378 2045 651 2102; x_wconf 83' lang='lat' dir='ltr'><strong>hominem</strong></span> <span class='ocrx_word' id='word_1_152' title='bbox 696 2056 819 2097; x_wconf 88' lang='lat' dir='ltr'><strong>esse</strong></span> <span class='ocrx_word' id='word_1_153' title='bbox 865 2038 1296 2109; x_wconf 81' lang='lat' dir='ltr'><strong>quadrupedem,</strong></span> <span class='ocrx_word' id='word_1_154' title='bbox 1347 2053 1467 2091; x_wconf 91' lang='lat' dir='ltr'><strong>cum</strong></span> <span class='ocrx_word' id='word_1_155' title='bbox 1502 2052 1723 2092; x_wconf 86' lang='lat' dir='ltr'><strong>necesse</strong></span> <span class='ocrx_word' id='word_1_156' title='bbox 1767 2038 1834 2091; x_wconf 91' lang='lat' dir='ltr'><strong>sit</strong></span> 
     </span>
    </p>
   </div>
   <div class='ocr_carea' id='block_1_22' title="bbox 250 2129 1834 2204">
    <p class='ocr_par' dir='ltr' id='par_1_22' title="bbox 250 2129 1834 2204">
     <span class='ocr_line' id='line_1_22' title="bbox 250 2129 1834 2204; baseline -0.008 -7"><span class='ocrx_word' id='word_1_157' title='bbox 250 2155 355 2197; x_wconf 91' lang='lat' dir='ltr'><strong>non</strong></span> <span class='ocrx_word' id='word_1_158' title='bbox 386 2152 526 2193; x_wconf 87' lang='lat' dir='ltr'><strong>esse.</strong></span> <span class='ocrx_word' id='word_1_159' title='bbox 560 2135 826 2204; x_wconf 81' lang='lat' dir='ltr'><strong>Quocirca</strong></span> <span class='ocrx_word' id='word_1_160' title='bbox 859 2132 1203 2188; x_wconf 80' lang='lat' dir='ltr'><strong>manifestum</strong></span> <span class='ocrx_word' id='word_1_161' title='bbox 1257 2140 1341 2186; x_wconf 86' lang='lat' dir='ltr'><strong>est</strong></span> <span class='ocrx_word' id='word_1_162' title='bbox 1370 2130 1627 2201; x_wconf 92' lang='lat' dir='ltr'><strong>quoniam</strong></span> <span class='ocrx_word' id='word_1_163' title='bbox 1674 2129 1834 2185; x_wconf 86' lang='lat' dir='ltr'><strong>simul</strong></span> 
     </span>
    </p>
   </div>
   <div class='ocr_carea' id='block_1_23' title="bbox 249 2230 1835 2304">
    <p class='ocr_par' dir='ltr' id='par_1_23' title="bbox 249 2230 1835 2304">
     <span class='ocr_line' id='line_1_23' title="bbox 249 2230 1835 2304; baseline -0.009 -13"><span class='ocrx_word' id='word_1_164' title='bbox 249 2230 535 2304; x_wconf 76' lang='lat' dir='ltr'><strong>aliquando</strong></span> <span class='ocrx_word' id='word_1_165' title='bbox 558 2230 787 2286; x_wconf 84' lang='lat' dir='ltr'><strong>inveniri</strong></span> <span class='ocrx_word' id='word_1_166' title='bbox 809 2236 1034 2299; x_wconf 87' lang='lat' dir='ltr'><strong>possunt</strong></span> <span class='ocrx_word' id='word_1_167' title='bbox 1056 2242 1160 2282; x_wconf 90' lang='lat' dir='ltr'><strong>non</strong></span> <span class='ocrx_word' id='word_1_168' title='bbox 1182 2240 1404 2280; x_wconf 88' lang='lat' dir='ltr'><strong>necesse</strong></span> <span class='ocrx_word' id='word_1_169' title='bbox 1416 2240 1558 2289; x_wconf 88' lang='lat' dir='ltr'><strong>esse,</strong></span> <span class='ocrx_word' id='word_1_170' title='bbox 1577 2231 1631 2278; x_wconf 88' lang='lat' dir='ltr'><strong>et</strong></span> <span class='ocrx_word' id='word_1_171' title='bbox 1648 2236 1835 2278; x_wconf 84' lang='lat' dir='ltr'><strong>rursus</strong></span> 
     </span>
    </p>
   </div>
   <div class='ocr_carea' id='block_1_24' title="bbox 251 2321 1834 2390">
    <p class='ocr_par' dir='ltr' id='par_1_24' title="bbox 251 2321 1834 2390">
     <span class='ocr_line' id='line_1_24' title="bbox 251 2321 1834 2390; baseline -0.009 -5"><span class='ocrx_word' id='word_1_172' title='bbox 251 2340 477 2384; x_wconf 84' lang='lat' dir='ltr'><strong>necesse</strong></span> <span class='ocrx_word' id='word_1_173' title='bbox 504 2337 626 2379; x_wconf 80' lang='lat' dir='ltr'><strong>esse</strong></span> <span class='ocrx_word' id='word_1_174' title='bbox 657 2337 763 2377; x_wconf 91' lang='lat' dir='ltr'><strong>non</strong></span> <span class='ocrx_word' id='word_1_175' title='bbox 801 2336 923 2376; x_wconf 90' lang='lat' dir='ltr'><strong>esse</strong></span> <span class='ocrx_word' id='word_1_176' title='bbox 967 2321 1361 2390; x_wconf 87' lang='lat' dir='ltr'><strong>propositiones</strong></span> <span class='ocrx_word' id='word_1_177' title='bbox 1386 2333 1509 2389; x_wconf 72' lang='lat' dir='ltr'><strong>quae</strong></span> <span class='ocrx_word' id='word_1_178' title='bbox 1540 2332 1660 2371; x_wconf 91' lang='lat' dir='ltr'><strong>cum</strong></span> <span class='ocrx_word' id='word_1_179' title='bbox 1702 2332 1834 2372; x_wconf 90' lang='lat' dir='ltr'><strong>con-</strong></span> 
     </span>
    </p>
   </div>
   <div class='ocr_carea' id='block_1_25' title="bbox 252 2409 1839 2480">
    <p class='ocr_par' dir='ltr' id='par_1_25' title="bbox 252 2409 1839 2480">
     <span class='ocr_line' id='line_1_25' title="bbox 252 2409 1839 2480; baseline -0.008 -5"><span class='ocrx_word' id='word_1_180' title='bbox 252 2427 334 2475; x_wconf 85' lang='lat' dir='ltr'><strong>tra</strong></span> <span class='ocrx_word' id='word_1_181' title='bbox 381 2432 442 2471; x_wconf 85' lang='lat' dir='ltr'><strong>se</strong></span> <span class='ocrx_word' id='word_1_182' title='bbox 470 2425 617 2480; x_wconf 87' lang='lat' dir='ltr'><strong>sunt,</strong></span> <span class='ocrx_word' id='word_1_183' title='bbox 650 2412 1107 2470; x_wconf 85' lang='lat' dir='ltr'><strong>contradictiones</strong></span> <span class='ocrx_word' id='word_1_184' title='bbox 1138 2426 1245 2465; x_wconf 91' lang='lat' dir='ltr'><strong>non</strong></span> <span class='ocrx_word' id='word_1_185' title='bbox 1276 2421 1424 2465; x_wconf 88' lang='lat' dir='ltr'><strong>sunt.</strong></span> <span class='ocrx_word' id='word_1_186' title='bbox 1457 2409 1686 2464; x_wconf 78' lang='lat' dir='ltr'><strong>Causam</strong></span> <span class='ocrx_word' id='word_1_187' title='bbox 1711 2424 1839 2464; x_wconf 80' lang='lat' dir='ltr'><strong>vero</strong></span> 
     </span>
    </p>
   </div>
   <div class='ocr_carea' id='block_1_26' title="bbox 253 2501 1839 2575">
    <p class='ocr_par' dir='ltr' id='par_1_26' title="bbox 253 2501 1839 2575">
     <span class='ocr_line' id='line_1_26' title="bbox 253 2501 1839 2575; baseline -0.008 -5"><span class='ocrx_word' id='word_1_188' title='bbox 253 2511 485 2570; x_wconf 83' lang='lat' dir='ltr'><strong>reddens</strong></span> <span class='ocrx_word' id='word_1_189' title='bbox 515 2524 610 2564; x_wconf 89' lang='lat' dir='ltr'><strong>cur</strong></span> <span class='ocrx_word' id='word_1_190' title='bbox 662 2524 782 2563; x_wconf 90' lang='lat' dir='ltr'><strong>cum</strong></span> <span class='ocrx_word' id='word_1_191' title='bbox 826 2506 1119 2561; x_wconf 82' lang='lat' dir='ltr'><strong>secundum</strong></span> <span class='ocrx_word' id='word_1_192' title='bbox 1169 2504 1442 2575; x_wconf 87' lang='lat' dir='ltr'><strong>possibilis</strong></span> <span class='ocrx_word' id='word_1_193' title='bbox 1479 2501 1839 2573; x_wconf 83' lang='lat' dir='ltr'><strong>comparatio-</strong></span> 
     </span>
    </p>
   </div>
   <div class='ocr_carea' id='block_1_27' title="bbox 257 2597 1841 2666">
    <p class='ocr_par' dir='ltr' id='par_1_27' title="bbox 257 2597 1841 2666">
     <span class='ocr_line' id='line_1_27' title="bbox 257 2597 1841 2666; baseline -0.007 -3"><span class='ocrx_word' id='word_1_194' title='bbox 257 2622 379 2663; x_wconf 88' lang='lat' dir='ltr'><strong>nem</strong></span> <span class='ocrx_word' id='word_1_195' title='bbox 406 2604 472 2659; x_wconf 85' lang='lat' dir='ltr'><strong>ad</strong></span> <span class='ocrx_word' id='word_1_196' title='bbox 496 2602 953 2659; x_wconf 86' lang='lat' dir='ltr'><strong>contradictiones</strong></span> <span class='ocrx_word' id='word_1_197' title='bbox 974 2602 1044 2655; x_wconf 86' lang='lat' dir='ltr'><strong>sit</strong></span> <span class='ocrx_word' id='word_1_198' title='bbox 1067 2600 1275 2654; x_wconf 85' lang='lat' dir='ltr'><strong>reddita</strong></span> <span class='ocrx_word' id='word_1_199' title='bbox 1297 2597 1705 2666; x_wconf 81' lang='lat' dir='ltr'><strong>consequentia,</strong></span> <span class='ocrx_word' id='word_1_200' title='bbox 1733 2611 1841 2652; x_wconf 93' lang='lat' dir='ltr'><strong>non</strong></span> 
     </span>
    </p>
   </div>
   <div class='ocr_carea' id='block_1_28' title="bbox 255 2688 1838 2765">
    <p class='ocr_par' dir='ltr' id='par_1_28' title="bbox 255 2688 1838 2765">
     <span class='ocr_line' id='line_1_28' title="bbox 255 2688 1838 2765; baseline -0.008 -10"><span class='ocrx_word' id='word_1_201' title='bbox 255 2700 444 2757; x_wconf 72' lang='lat' dir='ltr'><strong>eodem</strong></span> <span class='ocrx_word' id='word_1_202' title='bbox 473 2697 635 2751; x_wconf 91' lang='lat' dir='ltr'><strong>modo</strong></span> <span class='ocrx_word' id='word_1_203' title='bbox 656 2694 708 2765; x_wconf 81' lang='lat' dir='ltr'><strong>in</strong></span> <span class='ocrx_word' id='word_1_204' title='bbox 738 2693 1055 2749; x_wconf 86' lang='lat' dir='ltr'><strong>necessariis</strong></span> <span class='ocrx_word' id='word_1_205' title='bbox 1079 2691 1310 2761; x_wconf 88' lang='lat' dir='ltr'><strong>potuerit</strong></span> <span class='ocrx_word' id='word_1_206' title='bbox 1330 2688 1546 2745; x_wconf 82' lang='lat' dir='ltr'><strong>evenire</strong></span> <span class='ocrx_word' id='word_1_207' title='bbox 1572 2689 1650 2743; x_wconf 89' lang='lat' dir='ltr'><strong>sic</strong></span> <span class='ocrx_word' id='word_1_208' title='bbox 1671 2689 1838 2743; x_wconf 82' lang='lat' dir='ltr'><strong>dicit:</strong></span> 
     </span>
    </p>
   </div>
   <div class='ocr_carea' id='block_1_29' title="bbox 327 2780 1839 2854">
    <p class='ocr_par' dir='ltr' id='par_1_29' title="bbox 327 2780 1839 2854">
     <span class='ocr_line' id='line_1_29' title="bbox 327 2780 1839 2854; baseline -0.007 -10"><span class='ocrx_word' id='word_1_209' title='bbox 327 2788 495 2844; x_wconf 81' lang='lat' dir='ltr'><strong>Causa</strong></span> <span class='ocrx_word' id='word_1_210' title='bbox 522 2796 692 2842; x_wconf 88' lang='lat' dir='ltr'><strong>autem</strong></span> <span class='ocrx_word' id='word_1_211' title='bbox 721 2802 810 2839; x_wconf 85' lang='lat' dir='ltr'><strong>cur</strong></span> <span class='ocrx_word' id='word_1_212' title='bbox 839 2802 938 2838; x_wconf 90' lang='lat' dir='ltr'><strong>non</strong></span> <span class='ocrx_word' id='word_1_213' title='bbox 967 2792 1243 2854; x_wconf 81' lang='lat' dir='ltr'><strong>sequantur</strong></span> <span class='ocrx_word' id='word_1_214' title='bbox 1272 2780 1504 2836; x_wconf 73' lang='lat' dir='ltr'><strong>similiter</strong></span> <span class='ocrx_word' id='word_1_215' title='bbox 1523 2782 1717 2834; x_wconf 77' lang='lat' dir='ltr'><strong>cwteris</strong></span> <span class='ocrx_word' id='word_1_216' title='bbox 1743 2790 1839 2846; x_wconf 89' lang='lat' dir='ltr'><strong>est,</strong></span> 
     </span>
    </p>
   </div>
   <div class='ocr_carea' id='block_1_30' title="bbox 255 2871 1846 2950">
    <p class='ocr_par' dir='ltr' id='par_1_30' title="bbox 255 2871 1846 2950">
     <span class='ocr_line' id='line_1_30' title="bbox 255 2871 1846 2950; baseline -0.006 -16"><span class='ocrx_word' id='word_1_217' title='bbox 255 2882 492 2950; x_wconf 81' lang='lat' dir='ltr'><strong>quoniam</strong></span> <span class='ocrx_word' id='word_1_218' title='bbox 521 2879 788 2932; x_wconf 69' lang='lat' dir='ltr'><strong>contraries</strong></span> <span class='ocrx_word' id='word_1_219' title='bbox 816 2874 1127 2944; x_wconf 74' lang='lat' dir='ltr'><strong>impossibile</strong></span> <span class='ocrx_word' id='word_1_220' title='bbox 1157 2874 1438 2927; x_wconf 77' lang='lat' dir='ltr'><strong>necessario</strong></span> <span class='ocrx_word' id='word_1_221' title='bbox 1459 2873 1691 2926; x_wconf 75' lang='lat' dir='ltr'><strong>redditur</strong></span> <span class='ocrx_word' id='word_1_222' title='bbox 1712 2871 1846 2925; x_wconf 84' lang='lat' dir='ltr'><strong>idem</strong></span> 
     </span>
    </p>
   </div>
   <div class='ocr_carea' id='block_1_31' title="bbox 257 2966 1842 3041">
    <p class='ocr_par' dir='ltr' id='par_1_31' title="bbox 257 2966 1842 3041">
     <span class='ocr_line' id='line_1_31' title="bbox 257 2966 1842 3041; baseline -0.007 -11"><span class='ocrx_word' id='word_1_223' title='bbox 257 2966 450 3030; x_wconf 81' lang='lat' dir='ltr'><strong>valens.</strong></span> <span class='ocrx_word' id='word_1_224' title='bbox 485 2971 624 3026; x_wconf 90' lang='lat' dir='ltr'><strong>Nam</strong></span> <span class='ocrx_word' id='word_1_225' title='bbox 652 2971 789 3041; x_wconf 84' lang='lat' dir='ltr'><strong>quod</strong></span> <span class='ocrx_word' id='word_1_226' title='bbox 818 2969 1132 3036; x_wconf 74' lang='lat' dir='ltr'><strong>impossibile</strong></span> <span class='ocrx_word' id='word_1_227' title='bbox 1159 2976 1232 3022; x_wconf 83' lang='lat' dir='ltr'><strong>est</strong></span> <span class='ocrx_word' id='word_1_228' title='bbox 1261 2983 1391 3033; x_wconf 86' lang='lat' dir='ltr'><strong>esse,</strong></span> <span class='ocrx_word' id='word_1_229' title='bbox 1410 2983 1607 3021; x_wconf 86' lang='lat' dir='ltr'><strong>necesse</strong></span> <span class='ocrx_word' id='word_1_230' title='bbox 1627 2976 1700 3020; x_wconf 84' lang='lat' dir='ltr'><strong>est</strong></span> <span class='ocrx_word' id='word_1_231' title='bbox 1726 2968 1842 3034; x_wconf 85' lang='lat' dir='ltr'><strong>hoc,</strong></span> 
     </span>
    </p>
   </div>
   <div class='ocr_carea' id='block_1_32' title="bbox 258 3059 1848 3135">
    <p class='ocr_par' dir='ltr' id='par_1_32' title="bbox 258 3059 1848 3135">
     <span class='ocr_line' id='line_1_32' title="bbox 258 3059 1848 3135; baseline -0.005 -15"><span class='ocrx_word' id='word_1_232' title='bbox 258 3083 361 3122; x_wconf 82' lang='lat' dir='ltr'><strong>non</strong></span> <span class='ocrx_word' id='word_1_233' title='bbox 390 3065 594 3135; x_wconf 85' lang='lat' dir='ltr'><strong>quidem</strong></span> <span class='ocrx_word' id='word_1_234' title='bbox 614 3079 740 3129; x_wconf 82' lang='lat' dir='ltr'><strong>esse,</strong></span> <span class='ocrx_word' id='word_1_235' title='bbox 771 3063 859 3115; x_wconf 87' lang='lat' dir='ltr'><strong>sed</strong></span> <span class='ocrx_word' id='word_1_236' title='bbox 880 3062 1048 3132; x_wconf 78' lang='lat' dir='ltr'><strong>potius</strong></span> <span class='ocrx_word' id='word_1_237' title='bbox 1068 3076 1169 3113; x_wconf 84' lang='lat' dir='ltr'><strong>non</strong></span> <span class='ocrx_word' id='word_1_238' title='bbox 1190 3077 1314 3115; x_wconf 87' lang='lat' dir='ltr'><strong>esse.</strong></span> <span class='ocrx_word' id='word_1_239' title='bbox 1350 3059 1501 3127; x_wconf 87' lang='lat' dir='ltr'><strong>Quod</strong></span> <span class='ocrx_word' id='word_1_240' title='bbox 1519 3075 1634 3113; x_wconf 76' lang='lat' dir='ltr'><strong>vero</strong></span> <span class='ocrx_word' id='word_1_241' title='bbox 1656 3059 1848 3128; x_wconf 86' lang='lat' dir='ltr'><strong>impos-</strong></span> 
     </span>
    </p>
   </div>
   <div class='ocr_carea' id='block_1_33' title="bbox 256 3149 1845 3221">
    <p class='ocr_par' dir='ltr' id='par_1_33' title="bbox 256 3149 1845 3221">
     <span class='ocr_line' id='line_1_33' title="bbox 256 3149 1845 3221; baseline -0.006 -8"><span class='ocrx_word' id='word_1_242' title='bbox 256 3158 405 3213; x_wconf 87' lang='lat' dir='ltr'><strong>sibile</strong></span> <span class='ocrx_word' id='word_1_243' title='bbox 436 3164 509 3210; x_wconf 86' lang='lat' dir='ltr'><strong>est</strong></span> <span class='ocrx_word' id='word_1_244' title='bbox 538 3170 637 3208; x_wconf 88' lang='lat' dir='ltr'><strong>non</strong></span> <span class='ocrx_word' id='word_1_245' title='bbox 666 3170 792 3221; x_wconf 78' lang='lat' dir='ltr'><strong>esse,</strong></span> <span class='ocrx_word' id='word_1_246' title='bbox 824 3153 920 3208; x_wconf 84' lang='lat' dir='ltr'><strong>hoc</strong></span> <span class='ocrx_word' id='word_1_247' title='bbox 949 3154 1287 3206; x_wconf 84' lang='lat' dir='ltr'><strong>necessarium</strong></span> <span class='ocrx_word' id='word_1_248' title='bbox 1326 3161 1397 3204; x_wconf 87' lang='lat' dir='ltr'><strong>est</strong></span> <span class='ocrx_word' id='word_1_249' title='bbox 1422 3166 1549 3205; x_wconf 85' lang='lat' dir='ltr'><strong>esse.</strong></span> <span class='ocrx_word' id='word_1_250' title='bbox 1598 3149 1768 3216; x_wconf 84' lang='lat' dir='ltr'><strong>Quare</strong></span> <span class='ocrx_word' id='word_1_251' title='bbox 1799 3151 1845 3203; x_wconf 87' lang='lat' dir='ltr'><strong>si</strong></span> 
     </span>
    </p>
   </div>
   <div class='ocr_carea' id='block_1_34' title="bbox 1936 552 3522 632">
    <p class='ocr_par' dir='ltr' id='par_1_34' title="bbox 1936 552 3522 632">
     <span class='ocr_line' id='line_1_34' title="bbox 1936 552 3522 632; baseline 0.011 -27"><span class='ocrx_word' id='word_1_252' title='bbox 1936 552 2017 606; x_wconf 86' lang='lat' dir='ltr'><strong>rio</strong></span> <span class='ocrx_word' id='word_1_253' title='bbox 2039 552 2199 607; x_wconf 88' lang='lat' dir='ltr'><strong>modo</strong></span> <span class='ocrx_word' id='word_1_254' title='bbox 2220 553 2425 608; x_wconf 82' lang='lat' dir='ltr'><strong>reddita</strong></span> <span class='ocrx_word' id='word_1_255' title='bbox 2452 568 2505 611; x_wconf 90' lang='lat' dir='ltr'><strong>et</strong></span> <span class='ocrx_word' id='word_1_256' title='bbox 2535 559 2873 625; x_wconf 82' lang='lat' dir='ltr'><strong>pronuntiata</strong></span> <span class='ocrx_word' id='word_1_257' title='bbox 2907 562 3311 632; x_wconf 87' lang='lat' dir='ltr'><strong>impossibilitas</strong></span> <span class='ocrx_word' id='word_1_258' title='bbox 3333 581 3522 623; x_wconf 84' lang='lat' dir='ltr'><strong>neces-</strong></span> 
     </span>
    </p>
   </div>
   <div class='ocr_carea' id='block_1_35' title="bbox 1937 646 3519 723">
    <p class='ocr_par' dir='ltr' id='par_1_35' title="bbox 1937 646 3519 723">
     <span class='ocr_line' id='line_1_35' title="bbox 1937 646 3519 723; baseline 0.011 -24"><span class='ocrx_word' id='word_1_259' title='bbox 1937 646 2079 699; x_wconf 90' lang='lat' dir='ltr'><strong>sitati</strong></span> <span class='ocrx_word' id='word_1_260' title='bbox 2126 646 2265 700; x_wconf 90' lang='lat' dir='ltr'><strong>idem</strong></span> <span class='ocrx_word' id='word_1_261' title='bbox 2306 650 2465 701; x_wconf 69' lang='lat' dir='ltr'><strong>Valet.</strong></span> <span class='ocrx_word' id='word_1_262' title='bbox 2496 649 2633 703; x_wconf 74' lang='lat' dir='ltr'><strong>Nam</strong></span> <span class='ocrx_word' id='word_1_263' title='bbox 2678 652 2721 705; x_wconf 88' lang='lat' dir='ltr'><strong>si</strong></span> <span class='ocrx_word' id='word_1_264' title='bbox 2752 652 3083 722; x_wconf 83' lang='lat' dir='ltr'><strong>impossibile</strong></span> <span class='ocrx_word' id='word_1_265' title='bbox 3111 665 3197 709; x_wconf 88' lang='lat' dir='ltr'><strong>est</strong></span> <span class='ocrx_word' id='word_1_266' title='bbox 3235 673 3376 723; x_wconf 82' lang='lat' dir='ltr'><strong>esse,</strong></span> <span class='ocrx_word' id='word_1_267' title='bbox 3419 675 3519 716; x_wconf 77' lang='lat' dir='ltr'><strong>ne-</strong></span> 
     </span>
    </p>
   </div>
   <div class='ocr_carea' id='block_1_36' title="bbox 1937 738 3518 820">
    <p class='ocr_par' dir='ltr' id='par_1_36' title="bbox 1937 738 3518 820">
     <span class='ocr_line' id='line_1_36' title="bbox 1937 738 3518 820; baseline 0.009 -30"><span class='ocrx_word' id='word_1_268' title='bbox 1937 750 2089 791; x_wconf 90' lang='lat' dir='ltr'><strong>cesse</strong></span> <span class='ocrx_word' id='word_1_269' title='bbox 2116 745 2198 791; x_wconf 89' lang='lat' dir='ltr'><strong>est</strong></span> <span class='ocrx_word' id='word_1_270' title='bbox 2228 738 2329 791; x_wconf 85' lang='lat' dir='ltr'><strong>lioc</strong></span> <span class='ocrx_word' id='word_1_271' title='bbox 2362 754 2464 792; x_wconf 88' lang='lat' dir='ltr'><strong>non</strong></span> <span class='ocrx_word' id='word_1_272' title='bbox 2493 754 2629 794; x_wconf 75' lang='lat' dir='ltr'><strong>esse.</strong></span> <span class='ocrx_word' id='word_1_273' title='bbox 2679 740 2784 796; x_wconf 86' lang='lat' dir='ltr'><strong>Sed</strong></span> <span class='ocrx_word' id='word_1_274' title='bbox 2815 743 2862 797; x_wconf 88' lang='lat' dir='ltr'><strong>si</strong></span> <span class='ocrx_word' id='word_1_275' title='bbox 2891 757 2971 799; x_wconf 87' lang='lat' dir='ltr'><strong>est</strong></span> <span class='ocrx_word' id='word_1_276' title='bbox 3000 761 3218 801; x_wconf 87' lang='lat' dir='ltr'><strong>necesse</strong></span> <span class='ocrx_word' id='word_1_277' title='bbox 3244 764 3349 802; x_wconf 85' lang='lat' dir='ltr'><strong>non</strong></span> <span class='ocrx_word' id='word_1_278' title='bbox 3379 765 3518 820; x_wconf 86' lang='lat' dir='ltr'><strong>esse,</strong></span> 
     </span>
    </p>
   </div>
   <div class='ocr_carea' id='block_1_37' title="bbox 1940 829 3525 912">
    <p class='ocr_par' dir='ltr' id='par_1_37' title="bbox 1940 829 3525 912">
     <span class='ocr_line' id='line_1_37' title="bbox 1940 829 3525 912; baseline 0.01 -30"><span class='ocrx_word' id='word_1_279' title='bbox 1940 829 2041 884; x_wconf 90' lang='lat' dir='ltr'><strong>boc</strong></span> <span class='ocrx_word' id='word_1_280' title='bbox 2072 844 2175 883; x_wconf 92' lang='lat' dir='ltr'><strong>non</strong></span> <span class='ocrx_word' id='word_1_281' title='bbox 2208 839 2290 884; x_wconf 86' lang='lat' dir='ltr'><strong>est</strong></span> <span class='ocrx_word' id='word_1_282' title='bbox 2322 831 2574 900; x_wconf 70' lang='lat' dir='ltr'><strong>possibile</strong></span> <span class='ocrx_word' id='word_1_283' title='bbox 2612 847 2752 889; x_wconf 90' lang='lat' dir='ltr'><strong>esse.</strong></span> <span class='ocrx_word' id='word_1_284' title='bbox 2789 836 2973 892; x_wconf 78' lang='lat' dir='ltr'><strong>Nullus</strong></span> <span class='ocrx_word' id='word_1_285' title='bbox 3004 854 3132 909; x_wconf 77' lang='lat' dir='ltr'><strong>ergo</strong></span> <span class='ocrx_word' id='word_1_286' title='bbox 3159 839 3355 895; x_wconf 74' lang='lat' dir='ltr'><strong>dixi-rit</strong></span> <span class='ocrx_word' id='word_1_287' title='bbox 3382 858 3525 912; x_wconf 89' lang='lat' dir='ltr'><strong>quo-</strong></span> 
     </span>
    </p>
   </div>
   <div class='ocr_carea' id='block_1_38' title="bbox 1940 924 3525 1004">
    <p class='ocr_par' dir='ltr' id='par_1_38' title="bbox 1940 924 3525 1004">
     <span class='ocr_line' id='line_1_38' title="bbox 1940 924 3525 1004; baseline 0.008 -26"><span class='ocrx_word' id='word_1_288' title='bbox 1940 924 2084 978; x_wconf 89' lang='lat' dir='ltr'><strong>niam</strong></span> <span class='ocrx_word' id='word_1_289' title='bbox 2118 941 2339 982; x_wconf 89' lang='lat' dir='ltr'><strong>necesse</strong></span> <span class='ocrx_word' id='word_1_290' title='bbox 2380 935 2635 995; x_wconf 87' lang='lat' dir='ltr'><strong>estesse,</strong></span> <span class='ocrx_word' id='word_1_291' title='bbox 2672 931 2767 984; x_wconf 88' lang='lat' dir='ltr'><strong>sed</strong></span> <span class='ocrx_word' id='word_1_292' title='bbox 2808 928 2983 1001; x_wconf 88' lang='lat' dir='ltr'><strong>potius</strong></span> <span class='ocrx_word' id='word_1_293' title='bbox 3020 932 3271 1004; x_wconf 67' lang='lat' dir='ltr'><strong>quoniam</strong></span> <span class='ocrx_word' id='word_1_294' title='bbox 3305 950 3525 991; x_wconf 79' lang='lat' dir='ltr'><strong>necesse</strong></span> 
     </span>
    </p>
   </div>
   <div class='ocr_carea' id='block_1_39' title="bbox 1938 1022 3525 1097">
    <p class='ocr_par' dir='ltr' id='par_1_39' title="bbox 1938 1022 3525 1097">
     <span class='ocr_line' id='line_1_39' title="bbox 1938 1022 3525 1097; baseline 0.008 -27"><span class='ocrx_word' id='word_1_295' title='bbox 1938 1025 2023 1071; x_wconf 91' lang='lat' dir='ltr'><strong>est</strong></span> <span class='ocrx_word' id='word_1_296' title='bbox 2045 1033 2148 1072; x_wconf 82' lang='lat' dir='ltr'><strong>non</strong></span> <span class='ocrx_word' id='word_1_297' title='bbox 2181 1034 2323 1085; x_wconf 85' lang='lat' dir='ltr'><strong>esse,</strong></span> <span class='ocrx_word' id='word_1_298' title='bbox 2354 1030 2601 1091; x_wconf 86' lang='lat' dir='ltr'><strong>tanquam</strong></span> <span class='ocrx_word' id='word_1_299' title='bbox 2644 1022 2689 1076; x_wconf 90' lang='lat' dir='ltr'><strong>si</strong></span> <span class='ocrx_word' id='word_1_300' title='bbox 2720 1022 2790 1078; x_wconf 85' lang='lat' dir='ltr'><strong>ita</strong></span> <span class='ocrx_word' id='word_1_301' title='bbox 2823 1025 3065 1082; x_wconf 85' lang='lat' dir='ltr'><strong>dixisset.</strong></span> <span class='ocrx_word' id='word_1_302' title='bbox 3091 1026 3222 1080; x_wconf 82' lang='lat' dir='ltr'><strong>Nam</strong></span> <span class='ocrx_word' id='word_1_303' title='bbox 3247 1028 3291 1082; x_wconf 94' lang='lat' dir='ltr'><strong>si</strong></span> <span class='ocrx_word' id='word_1_304' title='bbox 3323 1029 3525 1097; x_wconf 81' lang='lat' dir='ltr'><strong>impos-</strong></span> 
     </span>
    </p>
   </div>
   <div class='ocr_carea' id='block_1_40' title="bbox 1938 1111 3527 1180">
    <p class='ocr_par' dir='ltr' id='par_1_40' title="bbox 1938 1111 3527 1180">
     <span class='ocr_line' id='line_1_40' title="bbox 1938 1111 3527 1180; baseline 0.008 -13"><span class='ocrx_word' id='word_1_305' title='bbox 1938 1111 2095 1167; x_wconf 85' lang='lat' dir='ltr'><strong>sibile</strong></span> <span class='ocrx_word' id='word_1_306' title='bbox 2140 1124 2222 1167; x_wconf 89' lang='lat' dir='ltr'><strong>est</strong></span> <span class='ocrx_word' id='word_1_307' title='bbox 2267 1130 2407 1180; x_wconf 75' lang='lat' dir='ltr'><strong>esse,</strong></span> <span class='ocrx_word' id='word_1_308' title='bbox 2440 1131 2658 1172; x_wconf 85' lang='lat' dir='ltr'><strong>necesse</strong></span> <span class='ocrx_word' id='word_1_309' title='bbox 2690 1118 2903 1173; x_wconf 90' lang='lat' dir='ltr'><strong>esthoc</strong></span> <span class='ocrx_word' id='word_1_310' title='bbox 2944 1136 3050 1176; x_wconf 91' lang='lat' dir='ltr'><strong>non</strong></span> <span class='ocrx_word' id='word_1_311' title='bbox 3096 1136 3235 1177; x_wconf 89' lang='lat' dir='ltr'><strong>esse.</strong></span> <span class='ocrx_word' id='word_1_312' title='bbox 3272 1122 3375 1178; x_wconf 89' lang='lat' dir='ltr'><strong>Sed</strong></span> <span class='ocrx_word' id='word_1_313' title='bbox 3419 1139 3527 1179; x_wconf 87' lang='lat' dir='ltr'><strong>non</strong></span> 
     </span>
    </p>
   </div>
   <div class='ocr_carea' id='block_1_41' title="bbox 1938 1205 3526 1278">
    <p class='ocr_par' dir='ltr' id='par_1_41' title="bbox 1938 1205 3526 1278">
     <span class='ocr_line' id='line_1_41' title="bbox 1938 1205 3526 1278; baseline 0.008 -21"><span class='ocrx_word' id='word_1_314' title='bbox 1938 1205 2232 1276; x_wconf 89' lang='lat' dir='ltr'><strong>putandum</strong></span> <span class='ocrx_word' id='word_1_315' title='bbox 2266 1217 2350 1261; x_wconf 91' lang='lat' dir='ltr'><strong>est</strong></span> <span class='ocrx_word' id='word_1_316' title='bbox 2380 1207 2630 1278; x_wconf 87' lang='lat' dir='ltr'><strong>quoniam</strong></span> <span class='ocrx_word' id='word_1_317' title='bbox 2678 1209 3013 1278; x_wconf 89' lang='lat' dir='ltr'><strong>impossibile</strong></span> <span class='ocrx_word' id='word_1_318' title='bbox 3055 1219 3137 1267; x_wconf 84' lang='lat' dir='ltr'><strong>est</strong></span> <span class='ocrx_word' id='word_1_319' title='bbox 3164 1228 3283 1267; x_wconf 89' lang='lat' dir='ltr'><strong>esse</strong></span> <span class='ocrx_word' id='word_1_320' title='bbox 3313 1213 3412 1268; x_wconf 87' lang='lat' dir='ltr'><strong>hoc</strong></span> <span class='ocrx_word' id='word_1_321' title='bbox 3444 1220 3526 1270; x_wconf 80' lang='lat' dir='ltr'><strong>est</strong></span> 
     </span>
    </p>
   </div>
   <div class='ocr_carea' id='block_1_42' title="bbox 1937 1296 3527 1373">
    <p class='ocr_par' dir='ltr' id='par_1_42' title="bbox 1937 1296 3527 1373">
     <span class='ocr_line' id='line_1_42' title="bbox 1937 1296 3527 1373; baseline 0.004 -23"><span class='ocrx_word' id='word_1_322' title='bbox 1937 1296 2080 1367; x_wconf 91' lang='lat' dir='ltr'><strong>quod</strong></span> <span class='ocrx_word' id='word_1_323' title='bbox 2111 1313 2332 1352; x_wconf 86' lang='lat' dir='ltr'><strong>necesse</strong></span> <span class='ocrx_word' id='word_1_324' title='bbox 2357 1310 2436 1353; x_wconf 90' lang='lat' dir='ltr'><strong>est</strong></span> <span class='ocrx_word' id='word_1_325' title='bbox 2465 1316 2602 1355; x_wconf 83' lang='lat' dir='ltr'><strong>esse.</strong></span> <span class='ocrx_word' id='word_1_326' title='bbox 2627 1300 2777 1369; x_wconf 87' lang='lat' dir='ltr'><strong>Quod</strong></span> <span class='ocrx_word' id='word_1_327' title='bbox 2797 1303 2841 1356; x_wconf 92' lang='lat' dir='ltr'><strong>si</strong></span> <span class='ocrx_word' id='word_1_328' title='bbox 2871 1318 3057 1357; x_wconf 86' lang='lat' dir='ltr'><strong>rursus</strong></span> <span class='ocrx_word' id='word_1_329' title='bbox 3082 1305 3410 1373; x_wconf 83' lang='lat' dir='ltr'><strong>impossibile</strong></span> <span class='ocrx_word' id='word_1_330' title='bbox 3442 1312 3527 1360; x_wconf 88' lang='lat' dir='ltr'><strong>est</strong></span> 
     </span>
    </p>
   </div>
   <div class='ocr_carea' id='block_1_43' title="bbox 1940 1390 3525 1466">
    <p class='ocr_par' dir='ltr' id='par_1_43' title="bbox 1940 1390 3525 1466">
     <span class='ocr_line' id='line_1_43' title="bbox 1940 1390 3525 1466; baseline 0.006 -24"><span class='ocrx_word' id='word_1_331' title='bbox 1940 1404 2047 1442; x_wconf 92' lang='lat' dir='ltr'><strong>non</strong></span> <span class='ocrx_word' id='word_1_332' title='bbox 2079 1403 2220 1453; x_wconf 89' lang='lat' dir='ltr'><strong>esse,</strong></span> <span class='ocrx_word' id='word_1_333' title='bbox 2251 1390 2349 1444; x_wconf 89' lang='lat' dir='ltr'><strong>hoc</strong></span> <span class='ocrx_word' id='word_1_334' title='bbox 2382 1406 2602 1447; x_wconf 89' lang='lat' dir='ltr'><strong>necesse</strong></span> <span class='ocrx_word' id='word_1_335' title='bbox 2632 1401 2880 1448; x_wconf 88' lang='lat' dir='ltr'><strong>estesse.</strong></span> <span class='ocrx_word' id='word_1_336' title='bbox 2924 1394 3233 1451; x_wconf 83' lang='lat' dir='ltr'><strong>Couversim</strong></span> <span class='ocrx_word' id='word_1_337' title='bbox 3278 1397 3435 1466; x_wconf 78' lang='lat' dir='ltr'><strong>igitur</strong></span> <span class='ocrx_word' id='word_1_338' title='bbox 3471 1404 3525 1452; x_wconf 88' lang='lat' dir='ltr'><strong>et</strong></span> 
     </span>
    </p>
   </div>
   <div class='ocr_carea' id='block_1_44' title="bbox 1938 1482 3527 1552">
    <p class='ocr_par' dir='ltr' id='par_1_44' title="bbox 1938 1482 3527 1552">
     <span class='ocr_line' id='line_1_44' title="bbox 1938 1482 3527 1552; baseline 0.006 -18"><span class='ocrx_word' id='word_1_339' title='bbox 1938 1482 2205 1537; x_wconf 86' lang='lat' dir='ltr'><strong>contrarie</strong></span> <span class='ocrx_word' id='word_1_340' title='bbox 2232 1482 2635 1552; x_wconf 88' lang='lat' dir='ltr'><strong>impossibilitas</strong></span> <span class='ocrx_word' id='word_1_341' title='bbox 2666 1485 2973 1541; x_wconf 81' lang='lat' dir='ltr'><strong>necessitati</strong></span> <span class='ocrx_word' id='word_1_342' title='bbox 3004 1486 3244 1543; x_wconf 87' lang='lat' dir='ltr'><strong>redditur</strong></span> <span class='ocrx_word' id='word_1_343' title='bbox 3271 1489 3412 1544; x_wconf 91' lang='lat' dir='ltr'><strong>idem</strong></span> <span class='ocrx_word' id='word_1_344' title='bbox 3435 1505 3527 1544; x_wconf 79' lang='lat' dir='ltr'><strong>va-</strong></span> 
     </span>
    </p>
   </div>
   <div class='ocr_carea' id='block_1_45' title="bbox 1940 1573 3527 1649">
    <p class='ocr_par' dir='ltr' id='par_1_45' title="bbox 1940 1573 3527 1649">
     <span class='ocr_line' id='line_1_45' title="bbox 1940 1573 3527 1649; baseline 0.005 -21"><span class='ocrx_word' id='word_1_345' title='bbox 1940 1573 2077 1644; x_wconf 91' lang='lat' dir='ltr'><strong>lens,</strong></span> <span class='ocrx_word' id='word_1_346' title='bbox 2124 1574 2173 1629; x_wconf 93' lang='lat' dir='ltr'><strong>id</strong></span> <span class='ocrx_word' id='word_1_347' title='bbox 2218 1584 2301 1630; x_wconf 86' lang='lat' dir='ltr'><strong>est</strong></span> <span class='ocrx_word' id='word_1_348' title='bbox 2346 1576 2619 1631; x_wconf 88' lang='lat' dir='ltr'><strong>contrario</strong></span> <span class='ocrx_word' id='word_1_349' title='bbox 2655 1577 2815 1631; x_wconf 88' lang='lat' dir='ltr'><strong>modo</strong></span> <span class='ocrx_word' id='word_1_350' title='bbox 2853 1576 3061 1633; x_wconf 88' lang='lat' dir='ltr'><strong>reddita</strong></span> <span class='ocrx_word' id='word_1_351' title='bbox 3090 1587 3144 1634; x_wconf 90' lang='lat' dir='ltr'><strong>et</strong></span> <span class='ocrx_word' id='word_1_352' title='bbox 3189 1582 3527 1649; x_wconf 81' lang='lat' dir='ltr'><strong>pronuntiata</strong></span> 
     </span>
    </p>
   </div>
   <div class='ocr_carea' id='block_1_46' title="bbox 1938 1663 3527 1741">
    <p class='ocr_par' dir='ltr' id='par_1_46' title="bbox 1938 1663 3527 1741">
     <span class='ocr_line' id='line_1_46' title="bbox 1938 1663 3527 1741; baseline 0.006 -22"><span class='ocrx_word' id='word_1_353' title='bbox 1938 1663 2343 1735; x_wconf 86' lang='lat' dir='ltr'><strong>impossibilitas</strong></span> <span class='ocrx_word' id='word_1_354' title='bbox 2375 1667 2703 1725; x_wconf 76' lang='lat' dir='ltr'><strong>necessitati.</strong></span> <span class='ocrx_word' id='word_1_355' title='bbox 2762 1670 2910 1740; x_wconf 91' lang='lat' dir='ltr'><strong>Quod</strong></span> <span class='ocrx_word' id='word_1_356' title='bbox 2942 1671 2986 1725; x_wconf 90' lang='lat' dir='ltr'><strong>si</strong></span> <span class='ocrx_word' id='word_1_357' title='bbox 3033 1671 3434 1741; x_wconf 75' lang='lat' dir='ltr'><strong>impossibilitas</strong></span> <span class='ocrx_word' id='word_1_358' title='bbox 3458 1674 3527 1729; x_wconf 85' lang='lat' dir='ltr'><strong>ad</strong></span> 
     </span>
    </p>
   </div>
   <div class='ocr_carea' id='block_1_47' title="bbox 1942 1759 3527 1828">
    <p class='ocr_par' dir='ltr' id='par_1_47' title="bbox 1942 1759 3527 1828">
     <span class='ocr_line' id='line_1_47' title="bbox 1942 1759 3527 1828; baseline 0.005 -15"><span class='ocrx_word' id='word_1_359' title='bbox 1942 1760 2199 1828; x_wconf 90' lang='lat' dir='ltr'><strong>possibile</strong></span> <span class='ocrx_word' id='word_1_360' title='bbox 2250 1759 2416 1815; x_wconf 90' lang='lat' dir='ltr'><strong>simili</strong></span> <span class='ocrx_word' id='word_1_361' title='bbox 2458 1761 2902 1828; x_wconf 75' lang='lat' dir='ltr'><strong>contradictione,</strong></span> <span class='ocrx_word' id='word_1_362' title='bbox 2948 1772 3003 1818; x_wconf 88' lang='lat' dir='ltr'><strong>et</strong></span> <span class='ocrx_word' id='word_1_363' title='bbox 3042 1764 3527 1821; x_wconf 89' lang='lat' dir='ltr'><strong>contradictionum</strong></span> 
     </span>
    </p>
   </div>
   <div class='ocr_carea' id='block_1_48' title="bbox 1862 1853 3529 1924">
    <p class='ocr_par' dir='ltr' id='par_1_48' title="bbox 1862 1853 3529 1924">
     <span class='ocr_line' id='line_1_48' title="bbox 1862 1853 3529 1924; baseline 0.004 -18"><span class='ocrx_word' id='word_1_364' title='bbox 1862 1855 1911 1916; x_wconf 86' lang='lat' dir='ltr'><strong>B</strong></span> <span class='ocrx_word' id='word_1_365' title='bbox 1937 1853 2291 1907; x_wconf 84' lang='lat' dir='ltr'><strong>conversione</strong></span> <span class='ocrx_word' id='word_1_366' title='bbox 2321 1853 2763 1924; x_wconf 79' lang='lat' dir='ltr'><strong>consequentiam</strong></span> <span class='ocrx_word' id='word_1_367' title='bbox 2788 1854 2985 1921; x_wconf 88' lang='lat' dir='ltr'><strong>reddit,</strong></span> <span class='ocrx_word' id='word_1_368' title='bbox 3010 1856 3150 1912; x_wconf 91' lang='lat' dir='ltr'><strong>idem</strong></span> <span class='ocrx_word' id='word_1_369' title='bbox 3177 1864 3356 1912; x_wconf 85' lang='lat' dir='ltr'><strong>autem</strong></span> <span class='ocrx_word' id='word_1_370' title='bbox 3388 1858 3529 1914; x_wconf 78' lang='lat' dir='ltr'><strong>valet</strong></span> 
     </span>
    </p>
   </div>
   <div class='ocr_carea' id='block_1_49' title="bbox 1942 1943 3528 2021">
    <p class='ocr_par' dir='ltr' id='par_1_49' title="bbox 1942 1943 3528 2021">
     <span class='ocr_line' id='line_1_49' title="bbox 1942 1943 3528 2021; baseline 0.003 -21"><span class='ocrx_word' id='word_1_371' title='bbox 1942 1943 2345 2014; x_wconf 88' lang='lat' dir='ltr'><strong>impossibilitas</strong></span> <span class='ocrx_word' id='word_1_372' title='bbox 2400 1956 2455 2000; x_wconf 91' lang='lat' dir='ltr'><strong>et</strong></span> <span class='ocrx_word' id='word_1_373' title='bbox 2516 1948 2809 2003; x_wconf 86' lang='lat' dir='ltr'><strong>necessitas</strong></span> <span class='ocrx_word' id='word_1_374' title='bbox 2873 1949 3159 2004; x_wconf 64' lang='lat' dir='ltr'><strong>contrariae</strong></span> <span class='ocrx_word' id='word_1_375' title='bbox 3216 1949 3528 2021; x_wconf 67' lang='lat' dir='ltr'><strong>praedicata,</strong></span> 
     </span>
    </p>
   </div>
   <div class='ocr_carea' id='block_1_50' title="bbox 1942 2038 3530 2119">
    <p class='ocr_par' dir='ltr' id='par_1_50' title="bbox 1942 2038 3530 2119">
     <span class='ocr_line' id='line_1_50' title="bbox 1942 2038 3530 2119; baseline 0.006 -26"><span class='ocrx_word' id='word_1_376' title='bbox 1942 2038 2072 2093; x_wconf 76' lang='lat' dir='ltr'><strong>‘nulli</strong></span> <span class='ocrx_word' id='word_1_377' title='bbox 2113 2038 2334 2093; x_wconf 87' lang='lat' dir='ltr'><strong>dubium</strong></span> <span class='ocrx_word' id='word_1_378' title='bbox 2374 2049 2456 2095; x_wconf 90' lang='lat' dir='ltr'><strong>est</strong></span> <span class='ocrx_word' id='word_1_379' title='bbox 2486 2042 2611 2111; x_wconf 91' lang='lat' dir='ltr'><strong>quin</strong></span> <span class='ocrx_word' id='word_1_380' title='bbox 2638 2054 2783 2098; x_wconf 89' lang='lat' dir='ltr'><strong>recte</strong></span> <span class='ocrx_word' id='word_1_381' title='bbox 2809 2043 2895 2099; x_wconf 89' lang='lat' dir='ltr'><strong>hic</strong></span> <span class='ocrx_word' id='word_1_382' title='bbox 2921 2046 3188 2101; x_wconf 88' lang='lat' dir='ltr'><strong>contraria</strong></span> <span class='ocrx_word' id='word_1_383' title='bbox 3215 2056 3270 2104; x_wconf 90' lang='lat' dir='ltr'><strong>et</strong></span> <span class='ocrx_word' id='word_1_384' title='bbox 3303 2065 3407 2103; x_wconf 91' lang='lat' dir='ltr'><strong>non</strong></span> <span class='ocrx_word' id='word_1_385' title='bbox 3431 2064 3530 2119; x_wconf 87' lang='lat' dir='ltr'><strong>op-</strong></span> 
     </span>
    </p>
   </div>
   <div class='ocr_carea' id='block_1_51' title="bbox 1941 2128 3530 2208">
    <p class='ocr_par' dir='ltr' id='par_1_51' title="bbox 1941 2128 3530 2208">
     <span class='ocr_line' id='line_1_51' title="bbox 1941 2128 3530 2208; baseline 0.011 -29"><span class='ocrx_word' id='word_1_386' title='bbox 1941 2128 2113 2199; x_wconf 89' lang='lat' dir='ltr'><strong>posita</strong></span> <span class='ocrx_word' id='word_1_387' title='bbox 2142 2128 2301 2183; x_wconf 79' lang='lat' dir='ltr'><strong>fuerit</strong></span> <span class='ocrx_word' id='word_1_388' title='bbox 2327 2134 2704 2202; x_wconf 88' lang='lat' dir='ltr'><strong>consequentia</strong></span> <span class='ocrx_word' id='word_1_389' title='bbox 2735 2151 2748 2187; x_wconf 91' lang='lat'><strong>:</strong></span> <span class='ocrx_word' id='word_1_390' title='bbox 2780 2150 2845 2189; x_wconf 93' lang='lat' dir='ltr'><strong>an</strong></span> <span class='ocrx_word' id='word_1_391' title='bbox 2871 2146 3016 2191; x_wconf 89' lang='lat' dir='ltr'><strong>certe</strong></span> <span class='ocrx_word' id='word_1_392' title='bbox 3056 2136 3129 2193; x_wconf 87' lang='lat' dir='ltr'><strong>ita</strong></span> <span class='ocrx_word' id='word_1_393' title='bbox 3158 2139 3530 2208; x_wconf 79' lang='lat' dir='ltr'><strong>exponendum</strong></span> 
     </span>
    </p>
   </div>
   <div class='ocr_carea' id='block_1_52' title="bbox 1942 2224 3530 2300">
    <p class='ocr_par' dir='ltr' id='par_1_52' title="bbox 1942 2224 3530 2300">
     <span class='ocr_line' id='line_1_52' title="bbox 1942 2224 3530 2300; baseline 0.007 -22"><span class='ocrx_word' id='word_1_394' title='bbox 1942 2234 2044 2290; x_wconf 90' lang='lat' dir='ltr'><strong>est,</strong></span> <span class='ocrx_word' id='word_1_395' title='bbox 2068 2224 2318 2293; x_wconf 89' lang='lat' dir='ltr'><strong>quoniam</strong></span> <span class='ocrx_word' id='word_1_396' title='bbox 2351 2224 2403 2279; x_wconf 92' lang='lat' dir='ltr'><strong>in</strong></span> <span class='ocrx_word' id='word_1_397' title='bbox 2428 2228 2808 2299; x_wconf 86' lang='lat' dir='ltr'><strong>consequentia</strong></span> <span class='ocrx_word' id='word_1_398' title='bbox 2840 2228 3190 2300; x_wconf 86' lang='lat' dir='ltr'><strong>impossibilis</strong></span> <span class='ocrx_word' id='word_1_399' title='bbox 3214 2241 3269 2288; x_wconf 91' lang='lat' dir='ltr'><strong>et</strong></span> <span class='ocrx_word' id='word_1_400' title='bbox 3294 2249 3400 2287; x_wconf 91' lang='lat' dir='ltr'><strong>non</strong></span> <span class='ocrx_word' id='word_1_401' title='bbox 3428 2234 3530 2289; x_wconf 87' lang='lat' dir='ltr'><strong>im-</strong></span> 
     </span>
    </p>
   </div>
   <div class='ocr_carea' id='block_1_53' title="bbox 1941 2315 3528 2393">
    <p class='ocr_par' dir='ltr' id='par_1_53' title="bbox 1941 2315 3528 2393">
     <span class='ocr_line' id='line_1_53' title="bbox 1941 2315 3528 2393; baseline 0.009 -25"><span class='ocrx_word' id='word_1_402' title='bbox 1941 2315 2217 2385; x_wconf 90' lang='lat' dir='ltr'><strong>possibilis</strong></span> <span class='ocrx_word' id='word_1_403' title='bbox 2260 2315 2325 2371; x_wconf 88' lang='lat' dir='ltr'><strong>ad</strong></span> <span class='ocrx_word' id='word_1_404' title='bbox 2354 2330 2446 2373; x_wconf 87' lang='lat' dir='ltr'><strong>eas</strong></span> <span class='ocrx_word' id='word_1_405' title='bbox 2474 2335 2592 2389; x_wconf 73' lang='lat' dir='ltr'><strong>qua:</strong></span> <span class='ocrx_word' id='word_1_406' title='bbox 2636 2322 3005 2391; x_wconf 87' lang='lat' dir='ltr'><strong>proponebant</strong></span> <span class='ocrx_word' id='word_1_407' title='bbox 3049 2324 3305 2393; x_wconf 89' lang='lat' dir='ltr'><strong>possibile</strong></span> <span class='ocrx_word' id='word_1_408' title='bbox 3342 2334 3395 2381; x_wconf 91' lang='lat' dir='ltr'><strong>et</strong></span> <span class='ocrx_word' id='word_1_409' title='bbox 3423 2342 3528 2383; x_wconf 84' lang='lat' dir='ltr'><strong>non</strong></span> 
     </span>
    </p>
   </div>
   <div class='ocr_carea' id='block_1_54' title="bbox 1942 2408 3531 2487">
    <p class='ocr_par' dir='ltr' id='par_1_54' title="bbox 1942 2408 3531 2487">
     <span class='ocr_line' id='line_1_54' title="bbox 1942 2408 3531 2487; baseline 0.008 -26"><span class='ocrx_word' id='word_1_410' title='bbox 1942 2408 2197 2477; x_wconf 87' lang='lat' dir='ltr'><strong>possibile</strong></span> <span class='ocrx_word' id='word_1_411' title='bbox 2227 2424 2344 2464; x_wconf 91' lang='lat' dir='ltr'><strong>eam</strong></span> <span class='ocrx_word' id='word_1_412' title='bbox 2372 2426 2492 2481; x_wconf 72' lang='lat' dir='ltr'><strong>qua:</strong></span> <span class='ocrx_word' id='word_1_413' title='bbox 2517 2422 2599 2466; x_wconf 91' lang='lat' dir='ltr'><strong>est</strong></span> <span class='ocrx_word' id='word_1_414' title='bbox 2624 2429 2730 2468; x_wconf 92' lang='lat' dir='ltr'><strong>non</strong></span> <span class='ocrx_word' id='word_1_415' title='bbox 2760 2415 3013 2485; x_wconf 89' lang='lat' dir='ltr'><strong>possibile</strong></span> <span class='ocrx_word' id='word_1_416' title='bbox 3040 2431 3102 2472; x_wconf 88' lang='lat' dir='ltr'><strong>ea</strong></span> <span class='ocrx_word' id='word_1_417' title='bbox 3130 2433 3249 2487; x_wconf 82' lang='lat' dir='ltr'><strong>quae</strong></span> <span class='ocrx_word' id='word_1_418' title='bbox 3278 2417 3406 2474; x_wconf 90' lang='lat' dir='ltr'><strong>dicit</strong></span> <span class='ocrx_word' id='word_1_419' title='bbox 3434 2419 3531 2474; x_wconf 79' lang='lat' dir='ltr'><strong>sli-</strong></span> 
     </span>
    </p>
   </div>
   <div class='ocr_carea' id='block_1_55' title="bbox 1942 2499 3531 2577">
    <p class='ocr_par' dir='ltr' id='par_1_55' title="bbox 1942 2499 3531 2577">
     <span class='ocr_line' id='line_1_55' title="bbox 1942 2499 3531 2577; baseline 0.009 -25"><span class='ocrx_word' id='word_1_420' title='bbox 1942 2499 2069 2570; x_wconf 88' lang='lat' dir='ltr'><strong>quid</strong></span> <span class='ocrx_word' id='word_1_421' title='bbox 2096 2515 2215 2556; x_wconf 90' lang='lat' dir='ltr'><strong>esse</strong></span> <span class='ocrx_word' id='word_1_422' title='bbox 2241 2502 2572 2572; x_wconf 82' lang='lat' dir='ltr'><strong>impossibile</strong></span> <span class='ocrx_word' id='word_1_423' title='bbox 2602 2508 2945 2577; x_wconf 84' lang='lat' dir='ltr'><strong>sequebatur,</strong></span> <span class='ocrx_word' id='word_1_424' title='bbox 2975 2508 3246 2564; x_wconf 88' lang='lat' dir='ltr'><strong>contrarie</strong></span> <span class='ocrx_word' id='word_1_425' title='bbox 3276 2525 3404 2565; x_wconf 84' lang='lat' dir='ltr'><strong>vero</strong></span> <span class='ocrx_word' id='word_1_426' title='bbox 3431 2513 3531 2567; x_wconf 89' lang='lat' dir='ltr'><strong>im-</strong></span> 
     </span>
    </p>
   </div>
   <div class='ocr_carea' id='block_1_56' title="bbox 1944 2590 3532 2667">
    <p class='ocr_par' dir='ltr' id='par_1_56' title="bbox 1944 2590 3532 2667">
     <span class='ocr_line' id='line_1_56' title="bbox 1944 2590 3532 2667; baseline 0.011 -24"><span class='ocrx_word' id='word_1_427' title='bbox 1944 2590 2219 2659; x_wconf 89' lang='lat' dir='ltr'><strong>possibile,</strong></span> <span class='ocrx_word' id='word_1_428' title='bbox 2252 2592 2413 2649; x_wconf 90' lang='lat' dir='ltr'><strong>idem.</strong></span> <span class='ocrx_word' id='word_1_429' title='bbox 2437 2596 2575 2651; x_wconf 80' lang='lat' dir='ltr'><strong>valet</strong></span> <span class='ocrx_word' id='word_1_430' title='bbox 2614 2599 2755 2667; x_wconf 85' lang='lat' dir='ltr'><strong>quod</strong></span> <span class='ocrx_word' id='word_1_431' title='bbox 2789 2601 3149 2655; x_wconf 87' lang='lat' dir='ltr'><strong>necessarium</strong></span> <span class='ocrx_word' id='word_1_432' title='bbox 3193 2603 3532 2661; x_wconf 80' lang='lat' dir='ltr'><strong>manifestum</strong></span> 
     </span>
    </p>
   </div>
   <div class='ocr_carea' id='block_1_57' title="bbox 1944 2690 3535 2771">
    <p class='ocr_par' dir='ltr' id='par_1_57' title="bbox 1944 2690 3535 2771">
     <span class='ocr_line' id='line_1_57' title="bbox 1944 2690 3535 2771; baseline 0.007 -26"><span class='ocrx_word' id='word_1_433' title='bbox 1944 2700 2048 2758; x_wconf 91' lang='lat' dir='ltr'><strong>est,</strong></span> <span class='ocrx_word' id='word_1_434' title='bbox 2080 2690 2331 2762; x_wconf 81' lang='lat' dir='ltr'><strong>quoniam</strong></span> <span class='ocrx_word' id='word_1_435' title='bbox 2361 2694 2608 2749; x_wconf 88' lang='lat' dir='ltr'><strong>similiter</strong></span> <span class='ocrx_word' id='word_1_436' title='bbox 2631 2710 2689 2750; x_wconf 90' lang='lat' dir='ltr'><strong>se</strong></span> <span class='ocrx_word' id='word_1_437' title='bbox 2735 2694 2916 2763; x_wconf 89' lang='lat' dir='ltr'><strong>habet,</strong></span> <span class='ocrx_word' id='word_1_438' title='bbox 2955 2697 3007 2752; x_wconf 94' lang='lat' dir='ltr'><strong>id</strong></span> <span class='ocrx_word' id='word_1_439' title='bbox 3030 2709 3113 2751; x_wconf 88' lang='lat' dir='ltr'><strong>est</strong></span> <span class='ocrx_word' id='word_1_440' title='bbox 3142 2714 3208 2753; x_wconf 90' lang='lat' dir='ltr'><strong>eo</strong></span> <span class='ocrx_word' id='word_1_441' title='bbox 3249 2699 3409 2754; x_wconf 89' lang='lat' dir='ltr'><strong>modo</strong></span> <span class='ocrx_word' id='word_1_442' title='bbox 3431 2715 3535 2771; x_wconf 84' lang='lat' dir='ltr'><strong>quo</strong></span> 
     </span>
    </p>
   </div>
   <div class='ocr_carea' id='block_1_58' title="bbox 1945 2785 3535 2859">
    <p class='ocr_par' dir='ltr' id='par_1_58' title="bbox 1945 2785 3535 2859">
     <span class='ocr_line' id='line_1_58' title="bbox 1945 2785 3535 2859; baseline 0.004 -17"><span class='ocrx_word' id='word_1_443' title='bbox 1945 2785 2145 2842; x_wconf 90' lang='lat' dir='ltr'><strong>dictum</strong></span> <span class='ocrx_word' id='word_1_444' title='bbox 2192 2794 2275 2841; x_wconf 88' lang='lat' dir='ltr'><strong>est</strong></span> <span class='ocrx_word' id='word_1_445' title='bbox 2328 2786 2660 2855; x_wconf 86' lang='lat' dir='ltr'><strong>impossibile</strong></span> <span class='ocrx_word' id='word_1_446' title='bbox 2690 2787 2756 2841; x_wconf 91' lang='lat' dir='ltr'><strong>ad</strong></span> <span class='ocrx_word' id='word_1_447' title='bbox 2793 2790 3232 2858; x_wconf 60' lang='lat' dir='ltr'><strong>consequentiam</strong></span> <span class='ocrx_word' id='word_1_448' title='bbox 3264 2791 3535 2859; x_wconf 72' lang='lat' dir='ltr'><strong>possibilia</strong></span> 
     </span>
    </p>
   </div>
   <div class='ocr_carea' id='block_1_59' title="bbox 1946 2880 3536 2953">
    <p class='ocr_par' dir='ltr' id='par_1_59' title="bbox 1946 2880 3536 2953">
     <span class='ocr_line' id='line_1_59' title="bbox 1946 2880 3536 2953; baseline 0.002 -16"><span class='ocrx_word' id='word_1_449' title='bbox 1946 2890 2001 2937; x_wconf 89' lang='lat' dir='ltr'><strong>et</strong></span> <span class='ocrx_word' id='word_1_450' title='bbox 2038 2896 2142 2936; x_wconf 86' lang='lat' dir='ltr'><strong>non</strong></span> <span class='ocrx_word' id='word_1_451' title='bbox 2176 2880 2465 2952; x_wconf 59' lang='lat' dir='ltr'><strong>possibilia.</strong></span> <span class='ocrx_word' id='word_1_452' title='bbox 2513 2881 2847 2951; x_wconf 85' lang='lat' dir='ltr'><strong>lmpossibile</strong></span> <span class='ocrx_word' id='word_1_453' title='bbox 2889 2896 3017 2937; x_wconf 76' lang='lat' dir='ltr'><strong>vero</strong></span> <span class='ocrx_word' id='word_1_454' title='bbox 3056 2883 3104 2939; x_wconf 92' lang='lat' dir='ltr'><strong>ei</strong></span> <span class='ocrx_word' id='word_1_455' title='bbox 3135 2887 3275 2953; x_wconf 90' lang='lat' dir='ltr'><strong>quod</strong></span> <span class='ocrx_word' id='word_1_456' title='bbox 3306 2895 3388 2939; x_wconf 90' lang='lat' dir='ltr'><strong>est</strong></span> <span class='ocrx_word' id='word_1_457' title='bbox 3430 2899 3536 2940; x_wconf 76' lang='lat' dir='ltr'><strong>non</strong></span> 
     </span>
    </p>
   </div>
   <div class='ocr_carea' id='block_1_60' title="bbox 1947 2972 3537 3044">
    <p class='ocr_par' dir='ltr' id='par_1_60' title="bbox 1947 2972 3537 3044">
     <span class='ocr_line' id='line_1_60' title="bbox 1947 2972 3537 3044; baseline 0.003 -16"><span class='ocrx_word' id='word_1_458' title='bbox 1947 2973 2221 3044; x_wconf 79' lang='lat' dir='ltr'><strong>possibile,</strong></span> <span class='ocrx_word' id='word_1_459' title='bbox 2251 2982 2672 3028; x_wconf 89' lang='lat' dir='ltr'><strong>consentaneum</strong></span> <span class='ocrx_word' id='word_1_460' title='bbox 2701 2973 2768 3027; x_wconf 91' lang='lat' dir='ltr'><strong>sit</strong></span> <span class='ocrx_word' id='word_1_461' title='bbox 2799 2972 2851 3028; x_wconf 94' lang='lat' dir='ltr'><strong>id</strong></span> <span class='ocrx_word' id='word_1_462' title='bbox 2875 2973 3015 3044; x_wconf 90' lang='lat' dir='ltr'><strong>quod</strong></span> <span class='ocrx_word' id='word_1_463' title='bbox 3065 2975 3365 3030; x_wconf 89' lang='lat' dir='ltr'><strong>econtrario</strong></span> <span class='ocrx_word' id='word_1_464' title='bbox 3399 2974 3537 3033; x_wconf 89' lang='lat' dir='ltr'><strong>idem</strong></span> 
     </span>
    </p>
   </div>
   <div class='ocr_carea' id='block_1_61' title="bbox 1948 3067 3537 3141">
    <p class='ocr_par' dir='ltr' id='par_1_61' title="bbox 1948 3067 3537 3141">
     <span class='ocr_line' id='line_1_61' title="bbox 1948 3067 3537 3141; baseline 0.003 -19"><span class='ocrx_word' id='word_1_465' title='bbox 1948 3068 2107 3135; x_wconf 70' lang='lat' dir='ltr'><strong>valet,</strong></span> <span class='ocrx_word' id='word_1_466' title='bbox 2136 3067 2188 3124; x_wconf 89' lang='lat' dir='ltr'><strong>id</strong></span> <span class='ocrx_word' id='word_1_467' title='bbox 2218 3077 2302 3123; x_wconf 90' lang='lat' dir='ltr'><strong>est</strong></span> <span class='ocrx_word' id='word_1_468' title='bbox 2333 3069 2694 3123; x_wconf 87' lang='lat' dir='ltr'><strong>necessarium</strong></span> <span class='ocrx_word' id='word_1_469' title='bbox 2718 3084 2821 3123; x_wconf 93' lang='lat' dir='ltr'><strong>non</strong></span> <span class='ocrx_word' id='word_1_470' title='bbox 2848 3083 2992 3136; x_wconf 61' lang='lat' dir='ltr'><strong>esse,</strong></span> <span class='ocrx_word' id='word_1_471' title='bbox 3015 3070 3064 3124; x_wconf 92' lang='lat' dir='ltr'><strong>id</strong></span> <span class='ocrx_word' id='word_1_472' title='bbox 3091 3071 3238 3141; x_wconf 84' lang='lat' dir='ltr'><strong>sequi</strong></span> <span class='ocrx_word' id='word_1_473' title='bbox 3267 3086 3384 3127; x_wconf 84' lang='lat' dir='ltr'><strong>eam</strong></span> <span class='ocrx_word' id='word_1_474' title='bbox 3407 3085 3537 3140; x_wconf 87' lang='lat' dir='ltr'><strong>pro-</strong></span> 
     </span>
    </p>
   </div>
   <div class='ocr_carea' id='block_1_62' title="bbox 1954 3162 3536 3235">
    <p class='ocr_par' dir='ltr' id='par_1_62' title="bbox 1954 3162 3536 3235">
     <span class='ocr_line' id='line_1_62' title="bbox 1954 3162 3536 3235; baseline 0.002 -15"><span class='ocrx_word' id='word_1_475' title='bbox 1954 3166 2274 3235; x_wconf 90' lang='lat' dir='ltr'><strong>positionem</strong></span> <span class='ocrx_word' id='word_1_476' title='bbox 2329 3179 2488 3235; x_wconf 91' lang='lat' dir='ltr'><strong>quam</strong></span> <span class='ocrx_word' id='word_1_477' title='bbox 2537 3162 2697 3219; x_wconf 87' lang='lat' dir='ltr'><strong>etiam</strong></span> <span class='ocrx_word' id='word_1_478' title='bbox 2753 3163 3156 3234; x_wconf 89' lang='lat' dir='ltr'><strong>impossibilitas</strong></span> <span class='ocrx_word' id='word_1_479' title='bbox 3194 3167 3536 3234; x_wconf 82' lang='lat' dir='ltr'><strong>sequebatur.</strong></span> 
     </span>
    </p>
   </div>
   <div class='ocr_carea' id='block_1_63' title="bbox 255 3242 1840 3327">
    <p class='ocr_par' dir='ltr' id='par_1_63' title="bbox 255 3242 1840 3315">
     <span class='ocr_line' id='line_1_63' title="bbox 255 3242 1840 3315; baseline -0.004 -13"><span class='ocrx_word' id='word_1_480' title='bbox 255 3246 352 3303; x_wconf 86' lang='lat' dir='ltr'><strong>illa</strong></span> <span class='ocrx_word' id='word_1_481' title='bbox 377 3249 608 3303; x_wconf 79' lang='lat' dir='ltr'><strong>similiter</strong></span> <span class='ocrx_word' id='word_1_482' title='bbox 650 3255 931 3315; x_wconf 85' lang='lat' dir='ltr'><strong>sequuntur</strong></span> <span class='ocrx_word' id='word_1_483' title='bbox 964 3244 1220 3312; x_wconf 55' lang='lat' dir='ltr'><strong>possibile,</strong></span> <span class='ocrx_word' id='word_1_484' title='bbox 1260 3255 1307 3296; x_wconf 82' lang='lat' dir='ltr'><strong>et</strong></span> <span class='ocrx_word' id='word_1_485' title='bbox 1338 3259 1438 3297; x_wconf 88' lang='lat' dir='ltr'><strong>non</strong></span> <span class='ocrx_word' id='word_1_486' title='bbox 1470 3243 1710 3313; x_wconf 77' lang='lat' dir='ltr'><strong>possibile</strong></span> <span class='ocrx_word' id='word_1_487' title='bbox 1739 3242 1840 3297; x_wconf 67' lang='lat' dir='ltr'><strong>hac</strong></span> 
     </span>
    </p>
   </div>
   <div class='ocr_carea' id='block_1_64' title="bbox 1946 3242 3540 3327">
    <p class='ocr_par' dir='ltr' id='par_1_64' title="bbox 1956 3254 3540 3327">
     <span class='ocr_line' id='line_1_64' title="bbox 1956 3254 3540 3327; baseline 0.003 -16"><span class='ocrx_word' id='word_1_488' title='bbox 1956 3255 2051 3311; x_wconf 86' lang='lat' dir='ltr'><strong>Est</strong></span> <span class='ocrx_word' id='word_1_489' title='bbox 2078 3265 2255 3310; x_wconf 90' lang='lat' dir='ltr'><strong>autem</strong></span> <span class='ocrx_word' id='word_1_490' title='bbox 2285 3256 2566 3309; x_wconf 80' lang='lat' dir='ltr'><strong>contrarize</strong></span> <span class='ocrx_word' id='word_1_491' title='bbox 2613 3254 2754 3310; x_wconf 91' lang='lat' dir='ltr'><strong>idem</strong></span> <span class='ocrx_word' id='word_1_492' title='bbox 2786 3256 2969 3311; x_wconf 83' lang='lat' dir='ltr'><strong>valens</strong></span> <span class='ocrx_word' id='word_1_493' title='bbox 3022 3256 3436 3327; x_wconf 87' lang='lat' dir='ltr'><strong>impossibilitati</strong></span> <span class='ocrx_word' id='word_1_494' title='bbox 3476 3272 3540 3316; x_wconf 74' lang='lat' dir='ltr'><strong>ea</strong></span> 
     </span>
    </p>
   </div>
   <div class='ocr_carea' id='block_1_65' title="bbox 257 3335 1847 3408">
    <p class='ocr_par' dir='ltr' id='par_1_65' title="bbox 257 3335 1847 3408">
     <span class='ocr_line' id='line_1_65' title="bbox 257 3335 1847 3408; baseline -0.006 -11"><span class='ocrx_word' id='word_1_495' title='bbox 257 3359 286 3397; x_wconf 83' lang='grc' dir='ltr'><strong>ε</strong></span> <span class='ocrx_word' id='word_1_496' title='bbox 306 3343 583 3397; x_wconf 87' lang='lat' dir='ltr'><strong>contrario.</strong></span> <span class='ocrx_word' id='word_1_497' title='bbox 614 3342 867 3408; x_wconf 82' lang='lat' dir='ltr'><strong>Quoniam</strong></span> <span class='ocrx_word' id='word_1_498' title='bbox 897 3355 998 3392; x_wconf 87' lang='lat' dir='ltr'><strong>non</strong></span> <span class='ocrx_word' id='word_1_499' title='bbox 1028 3336 1320 3408; x_wconf 68' lang='lat' dir='ltr'><strong>signiﬁcant</strong></span> <span class='ocrx_word' id='word_1_500' title='bbox 1350 3335 1485 3389; x_wconf 85' lang='lat' dir='ltr'><strong>idem</strong></span> <span class='ocrx_word' id='word_1_501' title='bbox 1507 3336 1847 3390; x_wconf 80' lang='lat' dir='ltr'><strong>necessarium</strong></span> 
     </span>
    </p>
   </div>
   <div class='ocr_carea' id='block_1_66' title="bbox 259 3422 1848 3501">
    <p class='ocr_par' dir='ltr' id='par_1_66' title="bbox 259 3422 1848 3501">
     <span class='ocr_line' id='line_1_66' title="bbox 259 3422 1848 3501; baseline -0.006 -13"><span class='ocrx_word' id='word_1_502' title='bbox 259 3442 306 3488; x_wconf 86' lang='lat' dir='ltr'><strong>et</strong></span> <span class='ocrx_word' id='word_1_503' title='bbox 357 3432 690 3501; x_wconf 79' lang='lat' dir='ltr'><strong>impossibile,</strong></span> <span class='ocrx_word' id='word_1_504' title='bbox 734 3422 822 3485; x_wconf 81' lang='lat' dir='ltr'><strong>sed</strong></span> <span class='ocrx_word' id='word_1_505' title='bbox 870 3429 1318 3500; x_wconf 70' lang='lat' dir='ltr'><strong>(quemadmodum</strong></span> <span class='ocrx_word' id='word_1_506' title='bbox 1360 3429 1551 3482; x_wconf 86' lang='lat' dir='ltr'><strong>dictum</strong></span> <span class='ocrx_word' id='word_1_507' title='bbox 1598 3425 1694 3499; x_wconf 84' lang='lat' dir='ltr'><strong>est)</strong></span> <span class='ocrx_word' id='word_1_508' title='bbox 1725 3443 1848 3481; x_wconf 84' lang='lat' dir='ltr'><strong>con-</strong></span> 
     </span>
    </p>
   </div>
   <div class='ocr_carea' id='block_1_67' title="bbox 261 3524 461 3578">
    <p class='ocr_par' dir='ltr' id='par_1_67' title="bbox 261 3524 461 3578">
     <span class='ocr_line' id='line_1_67' title="bbox 261 3524 461 3578; baseline 0.005 -1"><span class='ocrx_word' id='word_1_509' title='bbox 261 3524 461 3578; x_wconf 77' lang='lat' dir='ltr'><strong>versim.</strong></span> 
     </span>
    </p>
   </div>
   <div class='ocr_carea' id='block_1_68' title="bbox 332 3608 1847 3682">
    <p class='ocr_par' dir='ltr' id='par_1_68' title="bbox 332 3608 1847 3682">
     <span class='ocr_line' id='line_1_68' title="bbox 332 3608 1847 3682; baseline -0.005 -12"><span class='ocrx_word' id='word_1_510' title='bbox 332 3613 503 3670; x_wconf 88' lang='lat' dir='ltr'><strong>Causa</strong></span> <span class='ocrx_word' id='word_1_511' title='bbox 539 3624 644 3681; x_wconf 89' lang='lat' dir='ltr'><strong>est,</strong></span> <span class='ocrx_word' id='word_1_512' title='bbox 678 3611 871 3682; x_wconf 81' lang='lat' dir='ltr'><strong>inquit,</strong></span> <span class='ocrx_word' id='word_1_513' title='bbox 898 3626 992 3666; x_wconf 89' lang='lat' dir='ltr'><strong>cur</strong></span> <span class='ocrx_word' id='word_1_514' title='bbox 1022 3610 1411 3679; x_wconf 89' lang='lat' dir='ltr'><strong>consequentia</strong></span> <span class='ocrx_word' id='word_1_515' title='bbox 1435 3609 1489 3664; x_wconf 93' lang='lat' dir='ltr'><strong>in</strong></span> <span class='ocrx_word' id='word_1_516' title='bbox 1526 3608 1847 3663; x_wconf 85' lang='lat' dir='ltr'><strong>necessariis</strong></span> 
     </span>
    </p>
   </div>
   <div class='ocr_carea' id='block_1_69' title="bbox 260 3702 1847 3776">
    <p class='ocr_par' dir='ltr' id='par_1_69' title="bbox 260 3702 1847 3776">
     <span class='ocr_line' id='line_1_69' title="bbox 260 3702 1847 3776; baseline -0.005 -11"><span class='ocrx_word' id='word_1_517' title='bbox 260 3710 334 3767; x_wconf 83' lang='lat' dir='ltr'><strong>ita</strong></span> <span class='ocrx_word' id='word_1_518' title='bbox 362 3708 622 3772; x_wconf 89' lang='lat' dir='ltr'><strong>redditur,</strong></span> <span class='ocrx_word' id='word_1_519' title='bbox 678 3706 820 3776; x_wconf 91' lang='lat' dir='ltr'><strong>quod</strong></span> <span class='ocrx_word' id='word_1_520' title='bbox 868 3705 1227 3759; x_wconf 85' lang='lat' dir='ltr'><strong>necessarium</strong></span> <span class='ocrx_word' id='word_1_521' title='bbox 1274 3718 1489 3773; x_wconf 85' lang='lat' dir='ltr'><strong>semper</strong></span> <span class='ocrx_word' id='word_1_522' title='bbox 1530 3702 1847 3771; x_wconf 86' lang='lat' dir='ltr'><strong>impossibili</strong></span> 
     </span>
    </p>
   </div>
   <div class='ocr_carea' id='block_1_70' title="bbox 261 3794 1849 3865">
    <p class='ocr_par' dir='ltr' id='par_1_70' title="bbox 261 3794 1849 3865">
     <span class='ocr_line' id='line_1_70' title="bbox 261 3794 1849 3865; baseline -0.005 -8"><span class='ocrx_word' id='word_1_523' title='bbox 261 3802 526 3856; x_wconf 86' lang='lat' dir='ltr'><strong>contraria</strong></span> <span class='ocrx_word' id='word_1_524' title='bbox 552 3798 762 3853; x_wconf 86' lang='lat' dir='ltr'><strong>ratione</strong></span> <span class='ocrx_word' id='word_1_525' title='bbox 782 3797 1070 3853; x_wconf 84' lang='lat' dir='ltr'><strong>consentit.</strong></span> <span class='ocrx_word' id='word_1_526' title='bbox 1094 3796 1226 3849; x_wconf 85' lang='lat' dir='ltr'><strong>Nam</strong></span> <span class='ocrx_word' id='word_1_527' title='bbox 1246 3797 1384 3865; x_wconf 83' lang='lat' dir='ltr'><strong>quod</strong></span> <span class='ocrx_word' id='word_1_528' title='bbox 1414 3794 1745 3865; x_wconf 83' lang='lat' dir='ltr'><strong>impossibile</strong></span> <span class='ocrx_word' id='word_1_529' title='bbox 1766 3801 1849 3849; x_wconf 89' lang='lat' dir='ltr'><strong>est</strong></span> 
     </span>
    </p>
   </div>
   <div class='ocr_carea' id='block_1_71' title="bbox 259 3886 1849 3956">
    <p class='ocr_par' dir='ltr' id='par_1_71' title="bbox 259 3886 1849 3956">
     <span class='ocr_line' id='line_1_71' title="bbox 259 3886 1849 3956; baseline -0.004 -10"><span class='ocrx_word' id='word_1_530' title='bbox 259 3905 378 3946; x_wconf 89' lang='lat' dir='ltr'><strong>esse</strong></span> <span class='ocrx_word' id='word_1_531' title='bbox 428 3890 792 3944; x_wconf 85' lang='lat' dir='ltr'><strong>necessarium</strong></span> <span class='ocrx_word' id='word_1_532' title='bbox 833 3896 916 3943; x_wconf 87' lang='lat' dir='ltr'><strong>est</strong></span> <span class='ocrx_word' id='word_1_533' title='bbox 962 3902 1069 3942; x_wconf 88' lang='lat' dir='ltr'><strong>non</strong></span> <span class='ocrx_word' id='word_1_534' title='bbox 1093 3901 1232 3942; x_wconf 85' lang='lat' dir='ltr'><strong>esse.</strong></span> <span class='ocrx_word' id='word_1_535' title='bbox 1266 3886 1333 3941; x_wconf 82' lang='lat' dir='ltr'><strong>Et</strong></span> <span class='ocrx_word' id='word_1_536' title='bbox 1362 3902 1545 3941; x_wconf 86' lang='lat' dir='ltr'><strong>rursus</strong></span> <span class='ocrx_word' id='word_1_537' title='bbox 1576 3887 1715 3956; x_wconf 90' lang='lat' dir='ltr'><strong>quod</strong></span> <span class='ocrx_word' id='word_1_538' title='bbox 1756 3900 1849 3940; x_wconf 90' lang='lat' dir='ltr'><strong>ne-</strong></span> 
     </span>
    </p>
   </div>
   <div class='ocr_carea' id='block_1_72' title="bbox 260 3977 1848 4047">
    <p class='ocr_par' dir='ltr' id='par_1_72' title="bbox 260 3977 1848 4047">
     <span class='ocr_line' id='line_1_72' title="bbox 260 3977 1848 4047; baseline -0.003 -11"><span class='ocrx_word' id='word_1_539' title='bbox 260 3996 412 4037; x_wconf 86' lang='lat' dir='ltr'><strong>cesse</strong></span> <span class='ocrx_word' id='word_1_540' title='bbox 439 3980 524 4036; x_wconf 73' lang='lat' dir='ltr'><strong>e&#39;st</strong></span> <span class='ocrx_word' id='word_1_541' title='bbox 551 3995 692 4047; x_wconf 83' lang='lat' dir='ltr'><strong>esse,</strong></span> <span class='ocrx_word' id='word_1_542' title='bbox 724 3978 826 4034; x_wconf 90' lang='lat' dir='ltr'><strong>boc</strong></span> <span class='ocrx_word' id='word_1_543' title='bbox 857 3978 1188 4047; x_wconf 86' lang='lat' dir='ltr'><strong>impossibile</strong></span> <span class='ocrx_word' id='word_1_544' title='bbox 1226 3988 1309 4034; x_wconf 90' lang='lat' dir='ltr'><strong>est</strong></span> <span class='ocrx_word' id='word_1_545' title='bbox 1333 3994 1441 4033; x_wconf 90' lang='lat' dir='ltr'><strong>non</strong></span> <span class='ocrx_word' id='word_1_546' title='bbox 1468 3992 1607 4033; x_wconf 90' lang='lat' dir='ltr'><strong>esse.</strong></span> <span class='ocrx_word' id='word_1_547' title='bbox 1638 3978 1721 4033; x_wconf 86' lang='lat' dir='ltr'><strong>Fit</strong></span> <span class='ocrx_word' id='word_1_548' title='bbox 1753 3977 1848 4047; x_wconf 81' lang='lat' dir='ltr'><strong>igi-</strong></span> 
     </span>
    </p>
   </div>
   <div class='ocr_carea' id='block_1_73' title="bbox 264 4070 1848 4140">
    <p class='ocr_par' dir='ltr' id='par_1_73' title="bbox 264 4070 1848 4140">
     <span class='ocr_line' id='line_1_73' title="bbox 264 4070 1848 4140; baseline -0.004 -12"><span class='ocrx_word' id='word_1_549' title='bbox 264 4082 353 4128; x_wconf 88' lang='lat' dir='ltr'><strong>tur</strong></span> <span class='ocrx_word' id='word_1_550' title='bbox 392 4072 747 4128; x_wconf 89' lang='lat' dir='ltr'><strong>contrarietas</strong></span> <span class='ocrx_word' id='word_1_551' title='bbox 787 4071 1053 4140; x_wconf 76' lang='lat' dir='ltr'><strong>qmedam.</strong></span> <span class='ocrx_word' id='word_1_552' title='bbox 1106 4071 1239 4126; x_wconf 83' lang='lat' dir='ltr'><strong>Nam</strong></span> <span class='ocrx_word' id='word_1_553' title='bbox 1280 4087 1401 4125; x_wconf 91' lang='lat' dir='ltr'><strong>cum</strong></span> <span class='ocrx_word' id='word_1_554' title='bbox 1448 4070 1848 4140; x_wconf 84' lang='lat' dir='ltr'><strong>impossibilitas</strong></span> 
     </span>
    </p>
   </div>
   <div class='ocr_carea' id='block_1_74' title="bbox 262 4158 1846 4231">
    <p class='ocr_par' dir='ltr' id='par_1_74' title="bbox 262 4158 1846 4231">
     <span class='ocr_line' id='line_1_74' title="bbox 262 4158 1846 4231; baseline -0.003 -12"><span class='ocrx_word' id='word_1_555' title='bbox 262 4177 386 4219; x_wconf 86' lang='lat' dir='ltr'><strong>esse</strong></span> <span class='ocrx_word' id='word_1_556' title='bbox 418 4163 598 4231; x_wconf 83' lang='lat' dir='ltr'><strong>liabet,</strong></span> <span class='ocrx_word' id='word_1_557' title='bbox 633 4165 928 4216; x_wconf 70' lang='lat' dir='ltr'><strong>necessitas</strong></span> <span class='ocrx_word' id='word_1_558' title='bbox 974 4158 1080 4215; x_wconf 86' lang='lat' dir='ltr'><strong>non</strong></span> <span class='ocrx_word' id='word_1_559' title='bbox 1125 4175 1266 4226; x_wconf 85' lang='lat' dir='ltr'><strong>esse,</strong></span> <span class='ocrx_word' id='word_1_560' title='bbox 1299 4170 1355 4216; x_wconf 89' lang='lat' dir='ltr'><strong>et</strong></span> <span class='ocrx_word' id='word_1_561' title='bbox 1401 4176 1521 4216; x_wconf 90' lang='lat' dir='ltr'><strong>cum</strong></span> <span class='ocrx_word' id='word_1_562' title='bbox 1554 4162 1846 4215; x_wconf 84' lang='lat' dir='ltr'><strong>necessitas</strong></span> 
     </span>
    </p>
   </div>
   <div class='ocr_carea' id='block_1_75' title="bbox 261 4251 1849 4324">
    <p class='ocr_par' dir='ltr' id='par_1_75' title="bbox 261 4251 1849 4324">
     <span class='ocr_line' id='line_1_75' title="bbox 261 4251 1849 4324; baseline -0.004 -13"><span class='ocrx_word' id='word_1_563' title='bbox 261 4270 406 4323; x_wconf 83' lang='lat' dir='ltr'><strong>esse,</strong></span> <span class='ocrx_word' id='word_1_564' title='bbox 457 4251 858 4324; x_wconf 81' lang='lat' dir='ltr'><strong>intpossibilitas</strong></span> <span class='ocrx_word' id='word_1_565' title='bbox 888 4269 992 4307; x_wconf 92' lang='lat' dir='ltr'><strong>non</strong></span> <span class='ocrx_word' id='word_1_566' title='bbox 1022 4267 1176 4317; x_wconf 88' lang='lat' dir='ltr'><strong>esse,</strong></span> <span class='ocrx_word' id='word_1_567' title='bbox 1230 4268 1358 4320; x_wconf 77' lang='lat' dir='ltr'><strong>ergo</strong></span> <span class='ocrx_word' id='word_1_568' title='bbox 1387 4251 1527 4306; x_wconf 89' lang='lat' dir='ltr'><strong>idem</strong></span> <span class='ocrx_word' id='word_1_569' title='bbox 1576 4252 1713 4304; x_wconf 74' lang='lat' dir='ltr'><strong>valet</strong></span> <span class='ocrx_word' id='word_1_570' title='bbox 1748 4251 1849 4304; x_wconf 84' lang='lat' dir='ltr'><strong>im-</strong></span> 
     </span>
    </p>
   </div>
   <div class='ocr_carea' id='block_1_76' title="bbox 264 4342 1845 4417">
    <p class='ocr_par' dir='ltr' id='par_1_76' title="bbox 264 4342 1845 4417">
     <span class='ocr_line' id='line_1_76' title="bbox 264 4342 1845 4417; baseline -0.002 -16"><span class='ocrx_word' id='word_1_571' title='bbox 264 4346 591 4417; x_wconf 73' lang='lat' dir='ltr'><strong>possibilitas</strong></span> <span class='ocrx_word' id='word_1_572' title='bbox 621 4353 675 4400; x_wconf 88' lang='lat' dir='ltr'><strong>et</strong></span> <span class='ocrx_word' id='word_1_573' title='bbox 707 4344 1019 4411; x_wconf 83' lang='lat' dir='ltr'><strong>necessitas,</strong></span> <span class='ocrx_word' id='word_1_574' title='bbox 1065 4360 1170 4399; x_wconf 89' lang='lat' dir='ltr'><strong>non</strong></span> <span class='ocrx_word' id='word_1_575' title='bbox 1204 4345 1392 4400; x_wconf 87' lang='lat' dir='ltr'><strong>eodem</strong></span> <span class='ocrx_word' id='word_1_576' title='bbox 1426 4345 1586 4399; x_wconf 89' lang='lat' dir='ltr'><strong>modo</strong></span> <span class='ocrx_word' id='word_1_577' title='bbox 1616 4342 1845 4398; x_wconf 86' lang='lat' dir='ltr'><strong>reddita.</strong></span> 
     </span>
    </p>
   </div>
   <div class='ocr_carea' id='block_1_77' title="bbox 263 4438 1851 4507">
    <p class='ocr_par' dir='ltr' id='par_1_77' title="bbox 263 4438 1851 4507">
     <span class='ocr_line' id='line_1_77' title="bbox 263 4438 1851 4507; baseline -0.002 -13"><span class='ocrx_word' id='word_1_578' title='bbox 263 4439 368 4494; x_wconf 78' lang='lat' dir='ltr'><strong>Sed</strong></span> <span class='ocrx_word' id='word_1_579' title='bbox 398 4438 445 4493; x_wconf 88' lang='lat' dir='ltr'><strong>si</strong></span> <span class='ocrx_word' id='word_1_580' title='bbox 472 4440 763 4493; x_wconf 79' lang='lat' dir='ltr'><strong>necessitas</strong></span> <span class='ocrx_word' id='word_1_581' title='bbox 792 4439 1087 4494; x_wconf 90' lang='lat' dir='ltr'><strong>secundum</strong></span> <span class='ocrx_word' id='word_1_582' title='bbox 1131 4453 1272 4503; x_wconf 89' lang='lat' dir='ltr'><strong>esse,</strong></span> <span class='ocrx_word' id='word_1_583' title='bbox 1320 4438 1729 4507; x_wconf 87' lang='lat' dir='ltr'><strong>impossibilitas</strong></span> <span class='ocrx_word' id='word_1_584' title='bbox 1765 4453 1851 4492; x_wconf 83' lang='lat' dir='ltr'><strong>se-</strong></span> 
     </span>
    </p>
   </div>
   <div class='ocr_carea' id='block_1_78' title="bbox 263 4533 1849 4603">
    <p class='ocr_par' dir='ltr' id='par_1_78' title="bbox 263 4533 1849 4603">
     <span class='ocr_line' id='line_1_78' title="bbox 263 4533 1849 4603; baseline 0 -14"><span class='ocrx_word' id='word_1_585' title='bbox 263 4534 497 4589; x_wconf 89' lang='lat' dir='ltr'><strong>cundum</strong></span> <span class='ocrx_word' id='word_1_586' title='bbox 529 4548 636 4587; x_wconf 85' lang='lat' dir='ltr'><strong>non</strong></span> <span class='ocrx_word' id='word_1_587' title='bbox 682 4548 803 4589; x_wconf 87' lang='lat' dir='ltr'><strong>esse</strong></span> <span class='ocrx_word' id='word_1_588' title='bbox 832 4534 1104 4599; x_wconf 88' lang='lat' dir='ltr'><strong>redditur,</strong></span> <span class='ocrx_word' id='word_1_589' title='bbox 1158 4544 1212 4588; x_wconf 94' lang='lat' dir='ltr'><strong>et</strong></span> <span class='ocrx_word' id='word_1_590' title='bbox 1240 4535 1285 4589; x_wconf 90' lang='lat' dir='ltr'><strong>si</strong></span> <span class='ocrx_word' id='word_1_591' title='bbox 1331 4533 1735 4603; x_wconf 84' lang='lat' dir='ltr'><strong>impossibilitas</strong></span> <span class='ocrx_word' id='word_1_592' title='bbox 1764 4551 1849 4589; x_wconf 86' lang='lat' dir='ltr'><strong>se-</strong></span> 
     </span>
    </p>
   </div>
   <div class='ocr_carea' id='block_1_79' title="bbox 1953 3350 3537 3421">
    <p class='ocr_par' dir='ltr' id='par_1_79' title="bbox 1953 3350 3537 3421">
     <span class='ocr_line' id='line_1_79' title="bbox 1953 3350 3537 3421; baseline 0.002 -17"><span class='ocrx_word' id='word_1_593' title='bbox 1953 3366 2071 3421; x_wconf 66' lang='lat' dir='ltr'><strong>quaz</strong></span> <span class='ocrx_word' id='word_1_594' title='bbox 2101 3358 2183 3406; x_wconf 87' lang='lat' dir='ltr'><strong>est</strong></span> <span class='ocrx_word' id='word_1_595' title='bbox 2206 3352 2568 3405; x_wconf 77' lang='lat' dir='ltr'><strong>necessarium</strong></span> <span class='ocrx_word' id='word_1_596' title='bbox 2612 3364 2718 3404; x_wconf 90' lang='lat' dir='ltr'><strong>non</strong></span> <span class='ocrx_word' id='word_1_597' title='bbox 2744 3364 2884 3416; x_wconf 81' lang='lat' dir='ltr'><strong>esse,</strong></span> <span class='ocrx_word' id='word_1_598' title='bbox 2914 3352 3257 3420; x_wconf 84' lang='lat' dir='ltr'><strong>sequiturque</strong></span> <span class='ocrx_word' id='word_1_599' title='bbox 3284 3350 3537 3418; x_wconf 82' lang='lat' dir='ltr'><strong>impossi-</strong></span> 
     </span>
    </p>
   </div>
   <div class='ocr_carea' id='block_1_80' title="bbox 1951 3442 3535 3514">
    <p class='ocr_par' dir='ltr' id='par_1_80' title="bbox 1951 3442 3535 3514">
     <span class='ocr_line' id='line_1_80' title="bbox 1951 3442 3535 3514; baseline 0.001 -16"><span class='ocrx_word' id='word_1_600' title='bbox 1951 3442 2129 3499; x_wconf 86' lang='lat' dir='ltr'><strong>bilitas</strong></span> <span class='ocrx_word' id='word_1_601' title='bbox 2155 3457 2272 3498; x_wconf 91' lang='lat' dir='ltr'><strong>eam</strong></span> <span class='ocrx_word' id='word_1_602' title='bbox 2302 3442 2719 3512; x_wconf 80' lang='lat' dir='ltr'><strong>propositionem</strong></span> <span class='ocrx_word' id='word_1_603' title='bbox 2744 3455 2860 3510; x_wconf 62' lang='lat' dir='ltr'><strong>quae</strong></span> <span class='ocrx_word' id='word_1_604' title='bbox 2882 3451 2964 3495; x_wconf 89' lang='lat' dir='ltr'><strong>est</strong></span> <span class='ocrx_word' id='word_1_605' title='bbox 2984 3457 3087 3497; x_wconf 93' lang='lat' dir='ltr'><strong>nou</strong></span> <span class='ocrx_word' id='word_1_606' title='bbox 3116 3442 3371 3513; x_wconf 77' lang='lat' dir='ltr'><strong>possibile</strong></span> <span class='ocrx_word' id='word_1_607' title='bbox 3390 3459 3535 3514; x_wconf 88' lang='lat' dir='ltr'><strong>esse,</strong></span> 
     </span>
    </p>
   </div>
   <div class='ocr_carea' id='block_1_81' title="bbox 1953 3533 3537 3605">
    <p class='ocr_par' dir='ltr' id='par_1_81' title="bbox 1953 3533 3537 3605">
     <span class='ocr_line' id='line_1_81' title="bbox 1953 3533 3537 3605; baseline 0.003 -16"><span class='ocrx_word' id='word_1_608' title='bbox 1953 3536 2314 3591; x_wconf 84' lang='lat' dir='ltr'><strong>necessarium</strong></span> <span class='ocrx_word' id='word_1_609' title='bbox 2370 3550 2477 3589; x_wconf 87' lang='lat' dir='ltr'><strong>non</strong></span> <span class='ocrx_word' id='word_1_610' title='bbox 2507 3549 2626 3589; x_wconf 86' lang='lat' dir='ltr'><strong>esse</strong></span> <span class='ocrx_word' id='word_1_611' title='bbox 2680 3534 2837 3603; x_wconf 78' lang='lat' dir='ltr'><strong>igitur</strong></span> <span class='ocrx_word' id='word_1_612' title='bbox 2865 3533 3108 3603; x_wconf 81' lang='lat' dir='ltr'><strong>Sequitur</strong></span> <span class='ocrx_word' id='word_1_613' title='bbox 3143 3550 3259 3588; x_wconf 85' lang='lat' dir='ltr'><strong>cam</strong></span> <span class='ocrx_word' id='word_1_614' title='bbox 3302 3550 3424 3605; x_wconf 69' lang='lat' dir='ltr'><strong>qua:</strong></span> <span class='ocrx_word' id='word_1_615' title='bbox 3453 3546 3537 3593; x_wconf 83' lang='lat' dir='ltr'><strong>est</strong></span> 
     </span>
    </p>
   </div>
   <div class='ocr_carea' id='block_1_82' title="bbox 1952 3622 3533 3694">
    <p class='ocr_par' dir='ltr' id='par_1_82' title="bbox 1952 3622 3533 3694">
     <span class='ocr_line' id='line_1_82' title="bbox 1952 3622 3533 3694; baseline 0.001 -15"><span class='ocrx_word' id='word_1_616' title='bbox 1952 3640 2057 3680; x_wconf 91' lang='lat' dir='ltr'><strong>non</strong></span> <span class='ocrx_word' id='word_1_617' title='bbox 2090 3623 2342 3694; x_wconf 82' lang='lat' dir='ltr'><strong>possibile</strong></span> <span class='ocrx_word' id='word_1_618' title='bbox 2368 3639 2512 3690; x_wconf 89' lang='lat' dir='ltr'><strong>esse,</strong></span> <span class='ocrx_word' id='word_1_619' title='bbox 2546 3631 2602 3678; x_wconf 88' lang='lat' dir='ltr'><strong>ut</strong></span> <span class='ocrx_word' id='word_1_620' title='bbox 2622 3622 2899 3679; x_wconf 86' lang='lat' dir='ltr'><strong>sitsensus</strong></span> <span class='ocrx_word' id='word_1_621' title='bbox 2923 3623 3029 3692; x_wconf 86' lang='lat' dir='ltr'><strong>hic,</strong></span> <span class='ocrx_word' id='word_1_622' title='bbox 3059 3625 3311 3694; x_wconf 89' lang='lat' dir='ltr'><strong>quoniam</strong></span> <span class='ocrx_word' id='word_1_623' title='bbox 3334 3626 3533 3694; x_wconf 83' lang='lat' dir='ltr'><strong>impos-</strong></span> 
     </span>
    </p>
   </div>
   <div class='ocr_carea' id='block_1_83' title="bbox 1951 3716 3539 3787">
    <p class='ocr_par' dir='ltr' id='par_1_83' title="bbox 1951 3716 3539 3787">
     <span class='ocr_line' id='line_1_83' title="bbox 1951 3716 3539 3787; baseline 0.002 -13"><span class='ocrx_word' id='word_1_624' title='bbox 1951 3718 2109 3774; x_wconf 87' lang='lat' dir='ltr'><strong>sibile</strong></span> <span class='ocrx_word' id='word_1_625' title='bbox 2148 3719 2454 3772; x_wconf 78' lang='lat' dir='ltr'><strong>necessario</strong></span> <span class='ocrx_word' id='word_1_626' title='bbox 2498 3716 2637 3772; x_wconf 89' lang='lat' dir='ltr'><strong>idem</strong></span> <span class='ocrx_word' id='word_1_627' title='bbox 2687 3725 2863 3787; x_wconf 89' lang='lat' dir='ltr'><strong>potest</strong></span> <span class='ocrx_word' id='word_1_628' title='bbox 2908 3717 3231 3773; x_wconf 85' lang='lat' dir='ltr'><strong>econtrario.</strong></span> <span class='ocrx_word' id='word_1_629' title='bbox 3279 3718 3539 3777; x_wconf 84' lang='lat' dir='ltr'><strong>Similiter</strong></span> 
     </span>
    </p>
   </div>
   <div class='ocr_carea' id='block_1_84' title="bbox 1952 3811 3541 3883">
    <p class='ocr_par' dir='ltr' id='par_1_84' title="bbox 1952 3811 3541 3883">
     <span class='ocr_line' id='line_1_84' title="bbox 1952 3811 3541 3883; baseline 0.006 -17"><span class='ocrx_word' id='word_1_630' title='bbox 1952 3828 2079 3867; x_wconf 85' lang='lat' dir='ltr'><strong>vero</strong></span> <span class='ocrx_word' id='word_1_631' title='bbox 2108 3826 2228 3869; x_wconf 85' lang='lat' dir='ltr'><strong>sese</strong></span> <span class='ocrx_word' id='word_1_632' title='bbox 2255 3811 2434 3880; x_wconf 83' lang='lat' dir='ltr'><strong>habet,</strong></span> <span class='ocrx_word' id='word_1_633' title='bbox 2472 3811 2523 3866; x_wconf 91' lang='lat' dir='ltr'><strong>id</strong></span> <span class='ocrx_word' id='word_1_634' title='bbox 2558 3819 2637 3867; x_wconf 88' lang='lat' dir='ltr'><strong>est</strong></span> <span class='ocrx_word' id='word_1_635' title='bbox 2679 3812 2870 3867; x_wconf 90' lang='lat' dir='ltr'><strong>eodem</strong></span> <span class='ocrx_word' id='word_1_636' title='bbox 2904 3813 3063 3869; x_wconf 91' lang='lat' dir='ltr'><strong>modo</strong></span> <span class='ocrx_word' id='word_1_637' title='bbox 3093 3830 3199 3883; x_wconf 90' lang='lat' dir='ltr'><strong>quo</strong></span> <span class='ocrx_word' id='word_1_638' title='bbox 3231 3814 3432 3871; x_wconf 90' lang='lat' dir='ltr'><strong>dictum</strong></span> <span class='ocrx_word' id='word_1_639' title='bbox 3455 3825 3541 3875; x_wconf 82' lang='lat' dir='ltr'><strong>est</strong></span> 
     </span>
    </p>
   </div>
   <div class='ocr_carea' id='block_1_85' title="bbox 1950 3901 3540 3979">
    <p class='ocr_par' dir='ltr' id='par_1_85' title="bbox 1950 3901 3540 3979">
     <span class='ocr_line' id='line_1_85' title="bbox 1950 3901 3540 3979; baseline 0.004 -19"><span class='ocrx_word' id='word_1_640' title='bbox 1950 3902 2303 3974; x_wconf 83' lang='lat' dir='ltr'><strong>impossibilis</strong></span> <span class='ocrx_word' id='word_1_641' title='bbox 2334 3901 2715 3974; x_wconf 73' lang='lat' dir='ltr'><strong>conSeqnentia</strong></span> <span class='ocrx_word' id='word_1_642' title='bbox 2758 3901 2825 3958; x_wconf 88' lang='lat' dir='ltr'><strong>ad</strong></span> <span class='ocrx_word' id='word_1_643' title='bbox 2864 3918 2957 3959; x_wconf 88' lang='lat' dir='ltr'><strong>eas</strong></span> <span class='ocrx_word' id='word_1_644' title='bbox 2987 3920 3123 3978; x_wconf 84' lang='lat' dir='ltr'><strong>quas</strong></span> <span class='ocrx_word' id='word_1_645' title='bbox 3146 3906 3256 3963; x_wconf 79' lang='lat' dir='ltr'><strong>dixi</strong></span> <span class='ocrx_word' id='word_1_646' title='bbox 3282 3907 3540 3979; x_wconf 76' lang='lat' dir='ltr'><strong>possibile</strong></span> 
     </span>
    </p>
   </div>
   <div class='ocr_carea' id='block_1_86' title="bbox 1952 4000 2443 4072">
    <p class='ocr_par' dir='ltr' id='par_1_86' title="bbox 1952 4000 2443 4072">
     <span class='ocr_line' id='line_1_86' title="bbox 1952 4000 2443 4072; baseline -0.004 -15"><span class='ocrx_word' id='word_1_647' title='bbox 1952 4011 2006 4057; x_wconf 89' lang='lat' dir='ltr'><strong>et</strong></span> <span class='ocrx_word' id='word_1_648' title='bbox 2035 4018 2140 4056; x_wconf 88' lang='lat' dir='ltr'><strong>non</strong></span> <span class='ocrx_word' id='word_1_649' title='bbox 2165 4000 2443 4072; x_wconf 88' lang='lat' dir='ltr'><strong>possibile.</strong></span> 
     </span>
    </p>
   </div>
   <div class='ocr_carea' id='block_1_87' title="bbox 1948 4091 3544 4163">
    <p class='ocr_par' dir='ltr' id='par_1_87' title="bbox 1948 4091 3544 4163">
     <span class='ocr_line' id='line_1_87' title="bbox 1948 4091 3544 4163; baseline 0 -16"><span class='ocrx_word' id='word_1_650' title='bbox 1948 4106 1951 4107; x_wconf 71' lang='lat'><strong><em>&#39;</em></strong></span> <span class='ocrx_word' id='word_1_651' title='bbox 2024 4095 2102 4148; x_wconf 84' lang='lat' dir='ltr'><strong>An</strong></span> <span class='ocrx_word' id='word_1_652' title='bbox 2130 4104 2261 4148; x_wconf 87' lang='lat' dir='ltr'><strong>certe</strong></span> <span class='ocrx_word' id='word_1_653' title='bbox 2287 4092 2603 4163; x_wconf 82' lang='lat' dir='ltr'><strong>impossibile</strong></span> <span class='ocrx_word' id='word_1_654' title='bbox 2632 4103 2703 4148; x_wconf 87' lang='lat' dir='ltr'><strong>est</strong></span> <span class='ocrx_word' id='word_1_655' title='bbox 2752 4093 2824 4147; x_wconf 85' lang='lat' dir='ltr'><strong>sic</strong></span> <span class='ocrx_word' id='word_1_656' title='bbox 2868 4091 2989 4162; x_wconf 86' lang='lat' dir='ltr'><strong>poni</strong></span> <span class='ocrx_word' id='word_1_657' title='bbox 3028 4091 3301 4146; x_wconf 80' lang='lat' dir='ltr'><strong>necessarii</strong></span> <span class='ocrx_word' id='word_1_658' title='bbox 3339 4099 3544 4147; x_wconf 83' lang='lat' dir='ltr'><strong>contra-</strong></span> 
     </span>
    </p>
   </div>
   <div class='ocr_carea' id='block_1_88' title="bbox 1953 4184 3544 4257">
    <p class='ocr_par' dir='ltr' id='par_1_88' title="bbox 1953 4184 3544 4257">
     <span class='ocr_line' id='line_1_88' title="bbox 1953 4184 3544 4257; baseline 0.001 -18"><span class='ocrx_word' id='word_1_659' title='bbox 1953 4185 2220 4240; x_wconf 87' lang='lat' dir='ltr'><strong>dictiones.</strong></span> <span class='ocrx_word' id='word_1_660' title='bbox 2260 4184 2396 4239; x_wconf 80' lang='lat' dir='ltr'><strong>Nam</strong></span> <span class='ocrx_word' id='word_1_661' title='bbox 2417 4187 2554 4257; x_wconf 89' lang='lat' dir='ltr'><strong>quod</strong></span> <span class='ocrx_word' id='word_1_662' title='bbox 2584 4195 2658 4239; x_wconf 88' lang='lat' dir='ltr'><strong>est</strong></span> <span class='ocrx_word' id='word_1_663' title='bbox 2683 4186 3020 4240; x_wconf 84' lang='lat' dir='ltr'><strong>necessarium</strong></span> <span class='ocrx_word' id='word_1_664' title='bbox 3044 4200 3175 4250; x_wconf 83' lang='lat' dir='ltr'><strong>esse,</strong></span> <span class='ocrx_word' id='word_1_665' title='bbox 3202 4184 3441 4255; x_wconf 84' lang='lat' dir='ltr'><strong>possibile</strong></span> <span class='ocrx_word' id='word_1_666' title='bbox 3469 4193 3544 4241; x_wconf 80' lang='lat' dir='ltr'><strong>est</strong></span> 
     </span>
    </p>
   </div>
   <div class='ocr_carea' id='block_1_89' title="bbox 1952 4275 3545 4347">
    <p class='ocr_par' dir='ltr' id='par_1_89' title="bbox 1952 4275 3545 4347">
     <span class='ocr_line' id='line_1_89' title="bbox 1952 4275 3545 4347; baseline 0.001 -16"><span class='ocrx_word' id='word_1_667' title='bbox 1952 4293 2080 4332; x_wconf 84' lang='lat' dir='ltr'><strong>esse.</strong></span> <span class='ocrx_word' id='word_1_668' title='bbox 2113 4275 2252 4330; x_wconf 87' lang='lat' dir='ltr'><strong>Nam</strong></span> <span class='ocrx_word' id='word_1_669' title='bbox 2282 4279 2327 4331; x_wconf 88' lang='lat' dir='ltr'><strong>si</strong></span> <span class='ocrx_word' id='word_1_670' title='bbox 2352 4294 2473 4343; x_wconf 90' lang='lat' dir='ltr'><strong>non,</strong></span> <span class='ocrx_word' id='word_1_671' title='bbox 2518 4276 2721 4347; x_wconf 86' lang='lat' dir='ltr'><strong>negatio</strong></span> <span class='ocrx_word' id='word_1_672' title='bbox 2758 4286 3014 4344; x_wconf 84' lang='lat' dir='ltr'><strong>sequetur.</strong></span> <span class='ocrx_word' id='word_1_673' title='bbox 3065 4275 3285 4332; x_wconf 76' lang='lat' dir='ltr'><strong>Necesse</strong></span> <span class='ocrx_word' id='word_1_674' title='bbox 3312 4278 3442 4331; x_wconf 81' lang='lat' dir='ltr'><strong>enim</strong></span> <span class='ocrx_word' id='word_1_675' title='bbox 3471 4286 3545 4332; x_wconf 86' lang='lat' dir='ltr'><strong>est</strong></span> 
     </span>
    </p>
   </div>
   <div class='ocr_carea' id='block_1_90' title="bbox 1952 4367 3546 4439">
    <p class='ocr_par' dir='ltr' id='par_1_90' title="bbox 1952 4367 3546 4439">
     <span class='ocr_line' id='line_1_90' title="bbox 1952 4367 3546 4439; baseline 0.003 -20"><span class='ocrx_word' id='word_1_676' title='bbox 1952 4375 2041 4421; x_wconf 85' lang='lat' dir='ltr'><strong>aut</strong></span> <span class='ocrx_word' id='word_1_677' title='bbox 2093 4367 2345 4436; x_wconf 65' lang='lat' dir='ltr'><strong>amt-mare</strong></span> <span class='ocrx_word' id='word_1_678' title='bbox 2377 4376 2469 4420; x_wconf 88' lang='lat' dir='ltr'><strong>aut</strong></span> <span class='ocrx_word' id='word_1_679' title='bbox 2507 4382 2711 4439; x_wconf 86' lang='lat' dir='ltr'><strong>negare.</strong></span> <span class='ocrx_word' id='word_1_680' title='bbox 2756 4367 2930 4432; x_wconf 82' lang='lat' dir='ltr'><strong>Quare</strong></span> <span class='ocrx_word' id='word_1_681' title='bbox 2973 4367 3016 4422; x_wconf 84' lang='lat' dir='ltr'><strong>si</strong></span> <span class='ocrx_word' id='word_1_682' title='bbox 3044 4383 3145 4421; x_wconf 87' lang='lat' dir='ltr'><strong>non</strong></span> <span class='ocrx_word' id='word_1_683' title='bbox 3191 4367 3432 4437; x_wconf 84' lang='lat' dir='ltr'><strong>possibile</strong></span> <span class='ocrx_word' id='word_1_684' title='bbox 3472 4378 3546 4424; x_wconf 79' lang='lat' dir='ltr'><strong>est</strong></span> 
     </span>
    </p>
   </div>
   <div class='ocr_carea' id='block_1_91' title="bbox 1954 4455 3544 4530">
    <p class='ocr_par' dir='ltr' id='par_1_91' title="bbox 1954 4455 3544 4530">
     <span class='ocr_line' id='line_1_91' title="bbox 1954 4455 3544 4530; baseline 0.002 -20"><span class='ocrx_word' id='word_1_685' title='bbox 1954 4472 2079 4524; x_wconf 86' lang='lat' dir='ltr'><strong>esse,</strong></span> <span class='ocrx_word' id='word_1_686' title='bbox 2119 4457 2429 4524; x_wconf 71' lang='lat' dir='ltr'><strong>impossibile</strong></span> <span class='ocrx_word' id='word_1_687' title='bbox 2467 4466 2539 4512; x_wconf 85' lang='lat' dir='ltr'><strong>est</strong></span> <span class='ocrx_word' id='word_1_688' title='bbox 2579 4472 2709 4511; x_wconf 87' lang='grc' dir='ltr'>εεεε.</span> <span class='ocrx_word' id='word_1_689' title='bbox 2743 4455 2914 4530; x_wconf 85' lang='lat' dir='ltr'><strong>Igitur</strong></span> <span class='ocrx_word' id='word_1_690' title='bbox 2953 4456 3262 4524; x_wconf 83' lang='lat' dir='ltr'><strong>impossibile</strong></span> <span class='ocrx_word' id='word_1_691' title='bbox 3303 4467 3376 4513; x_wconf 87' lang='lat' dir='ltr'><strong>est</strong></span> <span class='ocrx_word' id='word_1_692' title='bbox 3415 4474 3544 4528; x_wconf 86' lang='lat' dir='ltr'><strong>esse,</strong></span> 
     </span>
    </p>
   </div>
   <div class='ocr_carea' id='block_1_92' title="bbox 1955 4546 3545 4620">
    <p class='ocr_par' dir='ltr' id='par_1_92' title="bbox 1955 4546 3545 4620">
     <span class='ocr_line' id='line_1_92' title="bbox 1955 4546 3545 4620; baseline 0.001 -19"><span class='ocrx_word' id='word_1_693' title='bbox 1955 4549 2091 4613; x_wconf 84' lang='lat' dir='ltr'><strong>quod</strong></span> <span class='ocrx_word' id='word_1_694' title='bbox 2128 4564 2327 4603; x_wconf 81' lang='lat' dir='ltr'><strong>necesse</strong></span> <span class='ocrx_word' id='word_1_695' title='bbox 2356 4558 2427 4602; x_wconf 87' lang='lat' dir='ltr'><strong>est</strong></span> <span class='ocrx_word' id='word_1_696' title='bbox 2456 4564 2595 4614; x_wconf 83' lang='lat' dir='ltr'><strong>esse,</strong></span> <span class='ocrx_word' id='word_1_697' title='bbox 2642 4548 2780 4620; x_wconf 88' lang='lat' dir='ltr'><strong>quod</strong></span> <span class='ocrx_word' id='word_1_698' title='bbox 2816 4557 2888 4601; x_wconf 90' lang='lat' dir='ltr'><strong>est</strong></span> <span class='ocrx_word' id='word_1_699' title='bbox 2929 4546 3303 4601; x_wconf 81' lang='lat' dir='ltr'><strong>inconveniens.</strong></span> <span class='ocrx_word' id='word_1_700' title='bbox 3338 4548 3401 4602; x_wconf 83' lang='lat' dir='ltr'><strong>At</strong></span> <span class='ocrx_word' id='word_1_701' title='bbox 3431 4564 3545 4603; x_wconf 78' lang='lat' dir='ltr'><strong>vero</strong></span> 
     </span>
    </p>
   </div>
   <div class='ocr_carea' id='block_1_93' title="bbox 264 4626 3547 4716">
    <p class='ocr_par' dir='ltr' id='par_1_93' title="bbox 264 4626 3547 4716">
     <span class='ocr_line' id='line_1_93' title="bbox 264 4626 3547 4716; baseline 0.001 -25"><span class='ocrx_word' id='word_1_702' title='bbox 264 4628 495 4681; x_wconf 69' lang='lat' dir='ltr'><strong>CUHd&#39;l&#39;&quot;</strong></span> <span class='ocrx_word' id='word_1_703' title='bbox 517 4640 661 4691; x_wconf 63' lang='lat' dir='ltr'><strong>esse.</strong></span> <span class='ocrx_word' id='word_1_704' title='bbox 698 4626 989 4680; x_wconf 65' lang='grc' dir='ltr'>εεοιιίιάυηὶ</span> <span class='ocrx_word' id='word_1_705' title='bbox 1018 4643 1123 4680; x_wconf 77' lang='grc' dir='ltr'><strong>ηυη</strong></span> <span class='ocrx_word' id='word_1_706' title='bbox 1164 4642 1286 4681; x_wconf 67' lang='lat'><strong>0533</strong></span> <span class='ocrx_word' id='word_1_707' title='bbox 1318 4627 1638 4691; x_wconf 47' lang='lat' dir='ltr'><strong>“Nam”.</strong></span> <span class='ocrx_word' id='word_1_708' title='bbox 1681 4644 1847 4698; x_wconf 72' lang='grc' dir='ltr'>(ιιιπο</span> <span class='ocrx_word' id='word_1_709' title='bbox 1875 4633 1928 4694; x_wconf 86' lang='lat' dir='ltr'><strong><em>D</em></strong></span> <span class='ocrx_word' id='word_1_710' title='bbox 1953 4640 2085 4695; x_wconf 83' lang='lat' dir='ltr'><strong>illud</strong></span> <span class='ocrx_word' id='word_1_711' title='bbox 2114 4642 2253 4716; x_wconf 80' lang='lat' dir='ltr'><strong>quod</strong></span> <span class='ocrx_word' id='word_1_712' title='bbox 2278 4650 2350 4695; x_wconf 85' lang='lat' dir='ltr'><strong>est</strong></span> <span class='ocrx_word' id='word_1_713' title='bbox 2380 4639 2621 4709; x_wconf 78' lang='lat' dir='ltr'><strong>possibile</strong></span> <span class='ocrx_word' id='word_1_714' title='bbox 2641 4655 2767 4706; x_wconf 85' lang='lat' dir='ltr'><strong>esse,</strong></span> <span class='ocrx_word' id='word_1_715' title='bbox 2796 4656 2896 4692; x_wconf 91' lang='lat' dir='ltr'><strong>non</strong></span> <span class='ocrx_word' id='word_1_716' title='bbox 2922 4639 3231 4709; x_wconf 83' lang='lat' dir='ltr'><strong>impossibile</strong></span> <span class='ocrx_word' id='word_1_717' title='bbox 3257 4655 3363 4695; x_wconf 80' lang='lat' dir='ltr'><strong>esse</strong></span> <span class='ocrx_word' id='word_1_718' title='bbox 3387 4644 3547 4711; x_wconf 51' lang='lat' dir='ltr'><strong>sequis</strong></span> 
     </span>
    </p>
   </div>
   <div class='ocr_carea' id='block_1_94' title="bbox 265 4716 1851 4787">
    <p class='ocr_par' dir='ltr' id='par_1_94' title="bbox 265 4716 1851 4787">
     <span class='ocr_line' id='line_1_94' title="bbox 265 4716 1851 4787; baseline 0.002 -15"><span class='ocrx_word' id='word_1_719' title='bbox 265 4716 466 4772; x_wconf 86' lang='lat' dir='ltr'><strong>idcirco</strong></span> <span class='ocrx_word' id='word_1_720' title='bbox 495 4722 671 4772; x_wconf 78' lang='lat' dir='ltr'><strong>evenit</strong></span> <span class='ocrx_word' id='word_1_721' title='bbox 703 4719 800 4772; x_wconf 84' lang='lat' dir='ltr'><strong>ista</strong></span> <span class='ocrx_word' id='word_1_722' title='bbox 850 4720 1120 4774; x_wconf 84' lang='lat' dir='ltr'><strong>contrario</strong></span> <span class='ocrx_word' id='word_1_723' title='bbox 1166 4720 1323 4774; x_wconf 88' lang='lat' dir='ltr'><strong>modo</strong></span> <span class='ocrx_word' id='word_1_724' title='bbox 1366 4719 1675 4787; x_wconf 84' lang='lat' dir='ltr'><strong>conversio,</strong></span> <span class='ocrx_word' id='word_1_725' title='bbox 1730 4736 1851 4775; x_wconf 86' lang='lat' dir='ltr'><strong>nam</strong></span> 
     </span>
    </p>
   </div>
   <div class='ocr_carea' id='block_1_95' title="bbox 265 4809 1848 4880">
    <p class='ocr_par' dir='ltr' id='par_1_95' title="bbox 265 4809 1848 4880">
     <span class='ocr_line' id='line_1_95' title="bbox 265 4809 1848 4880; baseline 0.003 -17"><span class='ocrx_word' id='word_1_726' title='bbox 265 4809 361 4863; x_wconf 88' lang='lat' dir='ltr'><strong>ubi</strong></span> <span class='ocrx_word' id='word_1_727' title='bbox 407 4820 488 4863; x_wconf 91' lang='lat' dir='ltr'><strong>est</strong></span> <span class='ocrx_word' id='word_1_728' title='bbox 532 4810 859 4875; x_wconf 86' lang='lat' dir='ltr'><strong>impossibile</strong></span> <span class='ocrx_word' id='word_1_729' title='bbox 894 4826 1032 4876; x_wconf 89' lang='lat' dir='ltr'><strong>esse,</strong></span> <span class='ocrx_word' id='word_1_730' title='bbox 1075 4811 1148 4865; x_wconf 87' lang='lat' dir='ltr'><strong>ibi</strong></span> <span class='ocrx_word' id='word_1_731' title='bbox 1196 4822 1279 4865; x_wconf 90' lang='lat' dir='ltr'><strong>est</strong></span> <span class='ocrx_word' id='word_1_732' title='bbox 1324 4827 1546 4868; x_wconf 79' lang='lat' dir='ltr'><strong>necesse</strong></span> <span class='ocrx_word' id='word_1_733' title='bbox 1576 4828 1681 4867; x_wconf 92' lang='lat' dir='ltr'><strong>non</strong></span> <span class='ocrx_word' id='word_1_734' title='bbox 1710 4830 1848 4880; x_wconf 78' lang='lat' dir='ltr'><strong>esse,</strong></span> 
     </span>
    </p>
   </div>
   <div class='ocr_carea' id='block_1_96' title="bbox 265 4900 1853 4972">
    <p class='ocr_par' dir='ltr' id='par_1_96' title="bbox 265 4900 1853 4972">
     <span class='ocr_line' id='line_1_96' title="bbox 265 4900 1853 4972; baseline 0.002 -16"><span class='ocrx_word' id='word_1_735' title='bbox 265 4902 361 4956; x_wconf 90' lang='lat' dir='ltr'><strong>sed</strong></span> <span class='ocrx_word' id='word_1_736' title='bbox 392 4900 722 4968; x_wconf 84' lang='lat' dir='ltr'><strong>impossibile</strong></span> <span class='ocrx_word' id='word_1_737' title='bbox 768 4916 889 4956; x_wconf 87' lang='lat' dir='ltr'><strong>esse</strong></span> <span class='ocrx_word' id='word_1_738' title='bbox 917 4911 971 4957; x_wconf 88' lang='lat' dir='ltr'><strong>et</strong></span> <span class='ocrx_word' id='word_1_739' title='bbox 1018 4917 1122 4956; x_wconf 93' lang='lat' dir='ltr'><strong>non</strong></span> <span class='ocrx_word' id='word_1_740' title='bbox 1156 4902 1408 4972; x_wconf 85' lang='lat' dir='ltr'><strong>possibile</strong></span> <span class='ocrx_word' id='word_1_741' title='bbox 1460 4919 1579 4959; x_wconf 79' lang='lat' dir='ltr'><strong>esse</strong></span> <span class='ocrx_word' id='word_1_742' title='bbox 1624 4920 1853 4961; x_wconf 86' lang='lat' dir='ltr'><strong>consen-</strong></span> 
     </span>
    </p>
   </div>
   <div class='ocr_carea' id='block_1_97' title="bbox 268 4993 1851 5062">
    <p class='ocr_par' dir='ltr' id='par_1_97' title="bbox 268 4993 1851 5062">
     <span class='ocr_line' id='line_1_97' title="bbox 268 4993 1851 5062; baseline 0.001 -14"><span class='ocrx_word' id='word_1_743' title='bbox 268 4993 429 5048; x_wconf 88' lang='lat' dir='ltr'><strong>tiunt.</strong></span> <span class='ocrx_word' id='word_1_744' title='bbox 474 4995 637 5061; x_wconf 81' lang='lat' dir='ltr'><strong>Igitur</strong></span> <span class='ocrx_word' id='word_1_745' title='bbox 664 5010 769 5047; x_wconf 93' lang='lat' dir='ltr'><strong>non</strong></span> <span class='ocrx_word' id='word_1_746' title='bbox 813 4994 1067 5062; x_wconf 61' lang='lat' dir='ltr'><strong>pOsSlblle</strong></span> <span class='ocrx_word' id='word_1_747' title='bbox 1094 5008 1215 5049; x_wconf 89' lang='lat' dir='ltr'><strong>esse</strong></span> <span class='ocrx_word' id='word_1_748' title='bbox 1242 5003 1298 5049; x_wconf 89' lang='lat' dir='ltr'><strong>et</strong></span> <span class='ocrx_word' id='word_1_749' title='bbox 1331 5010 1551 5050; x_wconf 65' lang='lat' dir='ltr'><strong>necesse</strong></span> <span class='ocrx_word' id='word_1_750' title='bbox 1580 5012 1684 5050; x_wconf 92' lang='lat' dir='ltr'><strong>non</strong></span> <span class='ocrx_word' id='word_1_751' title='bbox 1730 5010 1851 5051; x_wconf 89' lang='lat' dir='ltr'><strong>esse</strong></span> 
     </span>
    </p>
   </div>
   <div class='ocr_carea' id='block_1_98' title="bbox 264 5085 1845 5154">
    <p class='ocr_par' dir='ltr' id='par_1_98' title="bbox 264 5085 1845 5154">
     <span class='ocr_line' id='line_1_98' title="bbox 264 5085 1845 5154; baseline 0.001 -14"><span class='ocrx_word' id='word_1_752' title='bbox 264 5086 629 5140; x_wconf 85' lang='lat' dir='ltr'><strong>consentiunt.</strong></span> <span class='ocrx_word' id='word_1_753' title='bbox 678 5085 822 5139; x_wconf 77' lang='lat' dir='ltr'><strong>Nulli</strong></span> <span class='ocrx_word' id='word_1_754' title='bbox 867 5101 996 5154; x_wconf 78' lang='lat' dir='ltr'><strong>ergo</strong></span> <span class='ocrx_word' id='word_1_755' title='bbox 1026 5086 1244 5140; x_wconf 88' lang='lat' dir='ltr'><strong>dubium</strong></span> <span class='ocrx_word' id='word_1_756' title='bbox 1275 5094 1359 5141; x_wconf 88' lang='lat' dir='ltr'><strong>est</strong></span> <span class='ocrx_word' id='word_1_757' title='bbox 1397 5086 1596 5141; x_wconf 87' lang='lat' dir='ltr'><strong>ideirco</strong></span> <span class='ocrx_word' id='word_1_758' title='bbox 1627 5101 1845 5142; x_wconf 88' lang='lat' dir='ltr'><strong>necesse</strong></span> 
     </span>
    </p>
   </div>
   <div class='ocr_carea' id='block_1_99' title="bbox 264 5175 1847 5247">
    <p class='ocr_par' dir='ltr' id='par_1_99' title="bbox 264 5175 1847 5247">
     <span class='ocr_line' id='line_1_99' title="bbox 264 5175 1847 5247; baseline 0.003 -18"><span class='ocrx_word' id='word_1_759' title='bbox 264 5190 372 5229; x_wconf 90' lang='lat' dir='ltr'><strong>non</strong></span> <span class='ocrx_word' id='word_1_760' title='bbox 401 5190 520 5231; x_wconf 84' lang='lat' dir='ltr'><strong>esse</strong></span> <span class='ocrx_word' id='word_1_761' title='bbox 544 5178 692 5245; x_wconf 87' lang='lat' dir='ltr'><strong>sequi</strong></span> <span class='ocrx_word' id='word_1_762' title='bbox 742 5175 1016 5247; x_wconf 88' lang='lat' dir='ltr'><strong>possibilis</strong></span> <span class='ocrx_word' id='word_1_763' title='bbox 1065 5178 1419 5247; x_wconf 60' lang='lat' dir='ltr'><strong>negationem,</strong></span> <span class='ocrx_word' id='word_1_764' title='bbox 1466 5179 1718 5247; x_wconf 88' lang='lat' dir='ltr'><strong>quoniam</strong></span> <span class='ocrx_word' id='word_1_765' title='bbox 1748 5180 1847 5234; x_wconf 85' lang='lat' dir='ltr'><strong>im-</strong></span> 
     </span>
    </p>
   </div>
   <div class='ocr_carea' id='block_1_100' title="bbox 262 5270 1843 5340">
    <p class='ocr_par' dir='ltr' id='par_1_100' title="bbox 262 5270 1843 5340">
     <span class='ocr_line' id='line_1_100' title="bbox 262 5270 1843 5340; baseline 0.003 -18"><span class='ocrx_word' id='word_1_766' title='bbox 262 5270 593 5339; x_wconf 60' lang='lat' dir='ltr'><strong>possibilitas</strong></span> <span class='ocrx_word' id='word_1_767' title='bbox 619 5284 739 5340; x_wconf 65' lang='lat' dir='ltr'><strong>quae</strong></span> <span class='ocrx_word' id='word_1_768' title='bbox 763 5272 1023 5339; x_wconf 88' lang='lat' dir='ltr'><strong>sequitur,</strong></span> <span class='ocrx_word' id='word_1_769' title='bbox 1059 5271 1327 5339; x_wconf 85' lang='lat' dir='ltr'><strong>possibilis</strong></span> <span class='ocrx_word' id='word_1_770' title='bbox 1359 5270 1694 5339; x_wconf 81' lang='lat' dir='ltr'><strong>negationem</strong></span> <span class='ocrx_word' id='word_1_771' title='bbox 1718 5286 1843 5326; x_wconf 82' lang='lat' dir='ltr'><strong>con-</strong></span> 
     </span>
    </p>
   </div>
   <div class='ocr_carea' id='block_1_101' title="bbox 262 5361 1848 5432">
    <p class='ocr_par' dir='ltr' id='par_1_101' title="bbox 262 5361 1848 5432">
     <span class='ocr_line' id='line_1_101' title="bbox 262 5361 1848 5432; baseline 0.003 -14"><span class='ocrx_word' id='word_1_772' title='bbox 262 5362 431 5418; x_wconf 85' lang='lat' dir='ltr'><strong>sentit</strong></span> <span class='ocrx_word' id='word_1_773' title='bbox 454 5361 508 5417; x_wconf 90' lang='lat' dir='ltr'><strong>ei</strong></span> <span class='ocrx_word' id='word_1_774' title='bbox 530 5378 649 5432; x_wconf 78' lang='lat' dir='ltr'><strong>quae</strong></span> <span class='ocrx_word' id='word_1_775' title='bbox 677 5364 826 5432; x_wconf 90' lang='lat' dir='ltr'><strong>dicit,</strong></span> <span class='ocrx_word' id='word_1_776' title='bbox 857 5379 1075 5418; x_wconf 76' lang='lat' dir='ltr'><strong>necesse</strong></span> <span class='ocrx_word' id='word_1_777' title='bbox 1093 5381 1196 5420; x_wconf 91' lang='lat' dir='ltr'><strong>non</strong></span> <span class='ocrx_word' id='word_1_778' title='bbox 1225 5379 1367 5420; x_wconf 86' lang='lat' dir='ltr'><strong>esse.</strong></span> <span class='ocrx_word' id='word_1_779' title='bbox 1397 5365 1508 5419; x_wconf 91' lang='lat' dir='ltr'><strong>Iloc</strong></span> <span class='ocrx_word' id='word_1_780' title='bbox 1531 5373 1707 5419; x_wconf 89' lang='lat' dir='ltr'><strong>autem</strong></span> <span class='ocrx_word' id='word_1_781' title='bbox 1729 5367 1848 5422; x_wconf 90' lang='lat' dir='ltr'><strong>ideo</strong></span> 
     </span>
    </p>
   </div>
   <div class='ocr_carea' id='block_1_102' title="bbox 260 5456 1843 5531">
    <p class='ocr_par' dir='ltr' id='par_1_102' title="bbox 260 5456 1843 5531">
     <span class='ocr_line' id='line_1_102' title="bbox 260 5456 1843 5531; baseline 0.003 -21"><span class='ocrx_word' id='word_1_782' title='bbox 260 5457 387 5528; x_wconf 87' lang='lat' dir='ltr'><strong>quia</strong></span> <span class='ocrx_word' id='word_1_783' title='bbox 410 5456 811 5526; x_wconf 75' lang='lat' dir='ltr'><strong>impossibilitas</strong></span> <span class='ocrx_word' id='word_1_784' title='bbox 834 5467 887 5513; x_wconf 86' lang='lat' dir='ltr'><strong>et</strong></span> <span class='ocrx_word' id='word_1_785' title='bbox 907 5458 1202 5514; x_wconf 79' lang='lat' dir='ltr'><strong>necessitas</strong></span> <span class='ocrx_word' id='word_1_786' title='bbox 1234 5458 1373 5514; x_wconf 87' lang='lat' dir='ltr'><strong>idem</strong></span> <span class='ocrx_word' id='word_1_787' title='bbox 1398 5461 1577 5513; x_wconf 81' lang='lat' dir='ltr'><strong>valent</strong></span> <span class='ocrx_word' id='word_1_788' title='bbox 1611 5460 1690 5527; x_wconf 83' lang='lat' dir='ltr'><strong>(ut</strong></span> <span class='ocrx_word' id='word_1_789' title='bbox 1710 5460 1843 5531; x_wconf 79' lang='lat' dir='ltr'><strong>dixi)</strong></span> 
     </span>
    </p>
   </div>
   <div class='ocr_carea' id='block_1_103' title="bbox 260 5551 1849 5624">
    <p class='ocr_par' dir='ltr' id='par_1_103' title="bbox 260 5551 1849 5624">
     <span class='ocr_line' id='line_1_103' title="bbox 260 5551 1849 5624; baseline 0.004 -18"><span class='ocrx_word' id='word_1_790' title='bbox 260 5551 311 5606; x_wconf 86' lang='lat' dir='ltr'><strong>si</strong></span> <span class='ocrx_word' id='word_1_791' title='bbox 340 5555 622 5608; x_wconf 67' lang='lat' dir='ltr'><strong>contrariae</strong></span> <span class='ocrx_word' id='word_1_792' title='bbox 661 5563 1042 5624; x_wconf 88' lang='lat' dir='ltr'><strong>proponantur.</strong></span> <span class='ocrx_word' id='word_1_793' title='bbox 1096 5555 1272 5623; x_wconf 85' lang='lat' dir='ltr'><strong>Quare</strong></span> <span class='ocrx_word' id='word_1_794' title='bbox 1320 5555 1459 5624; x_wconf 92' lang='lat' dir='ltr'><strong>quod</strong></span> <span class='ocrx_word' id='word_1_795' title='bbox 1504 5552 1700 5609; x_wconf 76' lang='lat' dir='ltr'><strong>dicitur</strong></span> <span class='ocrx_word' id='word_1_796' title='bbox 1744 5554 1849 5612; x_wconf 88' lang='lat' dir='ltr'><strong>hoc</strong></span> 
     </span>
    </p>
   </div>
   <div class='ocr_carea' id='block_1_104' title="bbox 261 5643 1848 5718">
    <p class='ocr_par' dir='ltr' id='par_1_104' title="bbox 261 5643 1848 5718">
     <span class='ocr_line' id='line_1_104' title="bbox 261 5643 1848 5718; baseline 0.002 -19"><span class='ocrx_word' id='word_1_797' title='bbox 261 5643 425 5699; x_wconf 84' lang='lat' dir='ltr'><strong>modo</strong></span> <span class='ocrx_word' id='word_1_798' title='bbox 454 5655 554 5700; x_wconf 89' lang='lat' dir='ltr'><strong>est.</strong></span> <span class='ocrx_word' id='word_1_799' title='bbox 587 5646 755 5703; x_wconf 79' lang='lat' dir='ltr'><strong>Causa</strong></span> <span class='ocrx_word' id='word_1_800' title='bbox 791 5658 969 5703; x_wconf 89' lang='lat' dir='ltr'><strong>autem</strong></span> <span class='ocrx_word' id='word_1_801' title='bbox 1000 5655 1100 5711; x_wconf 88' lang='lat' dir='ltr'><strong>est,</strong></span> <span class='ocrx_word' id='word_1_802' title='bbox 1133 5646 1322 5717; x_wconf 91' lang='lat' dir='ltr'><strong>inquit,</strong></span> <span class='ocrx_word' id='word_1_803' title='bbox 1354 5661 1448 5701; x_wconf 83' lang='lat' dir='ltr'><strong>cur</strong></span> <span class='ocrx_word' id='word_1_804' title='bbox 1478 5662 1582 5701; x_wconf 89' lang='lat' dir='ltr'><strong>non</strong></span> <span class='ocrx_word' id='word_1_805' title='bbox 1614 5661 1848 5718; x_wconf 68' lang='lat' dir='ltr'><strong>sequano</strong></span> 
     </span>
    </p>
   </div>
   <div class='ocr_carea' id='block_1_105' title="bbox 266 5739 1847 5813">
    <p class='ocr_par' dir='ltr' id='par_1_105' title="bbox 266 5739 1847 5813">
     <span class='ocr_line' id='line_1_105' title="bbox 266 5739 1847 5813; baseline 0.004 -21"><span class='ocrx_word' id='word_1_806' title='bbox 266 5747 356 5792; x_wconf 87' lang='lat' dir='ltr'><strong>tur</strong></span> <span class='ocrx_word' id='word_1_807' title='bbox 382 5739 630 5797; x_wconf 86' lang='lat' dir='ltr'><strong>similiter</strong></span> <span class='ocrx_word' id='word_1_808' title='bbox 656 5743 885 5811; x_wconf 63' lang='lat' dir='ltr'><strong>caeteris,</strong></span> <span class='ocrx_word' id='word_1_809' title='bbox 919 5741 974 5797; x_wconf 91' lang='lat' dir='ltr'><strong>id</strong></span> <span class='ocrx_word' id='word_1_810' title='bbox 1008 5749 1090 5797; x_wconf 87' lang='lat' dir='ltr'><strong>est</strong></span> <span class='ocrx_word' id='word_1_811' title='bbox 1117 5756 1235 5812; x_wconf 75' lang='lat' dir='ltr'><strong>qua:</strong></span> <span class='ocrx_word' id='word_1_812' title='bbox 1262 5741 1553 5797; x_wconf 88' lang='lat' dir='ltr'><strong>secundum</strong></span> <span class='ocrx_word' id='word_1_813' title='bbox 1590 5744 1847 5813; x_wconf 79' lang='lat' dir='ltr'><strong>pussibila</strong></span> 
     </span>
    </p>
   </div>
   <div class='ocr_carea' id='block_1_106' title="bbox 267 5832 1850 5927">
    <p class='ocr_par' dir='ltr' id='par_1_106' title="bbox 267 5832 1850 5927">
     <span class='ocr_line' id='line_1_106' title="bbox 267 5832 1850 5927; baseline 0.007 -39"><span class='ocrx_word' id='word_1_814' title='bbox 267 5839 323 5889; x_wconf 87' lang='lat' dir='ltr'><strong>et</strong></span> <span class='ocrx_word' id='word_1_815' title='bbox 348 5832 681 5899; x_wconf 76' lang='lat' dir='ltr'><strong>impossibile</strong></span> <span class='ocrx_word' id='word_1_816' title='bbox 710 5839 862 5897; x_wconf 65' lang='lat' dir='ltr'><strong>laetae</strong></span> <span class='ocrx_word' id='word_1_817' title='bbox 880 5844 1025 5908; x_wconf 82' lang='lat' dir='ltr'><strong>sunt,</strong></span> <span class='ocrx_word' id='word_1_818' title='bbox 1056 5839 1306 5909; x_wconf 82' lang='lat' dir='ltr'><strong>quoniam</strong></span> <span class='ocrx_word' id='word_1_819' title='bbox 1339 5839 1620 5896; x_wconf 65' lang='lat' dir='ltr'><strong>contrarie</strong></span> <span class='ocrx_word' id='word_1_820' title='bbox 1647 5839 1850 5927; x_wconf 48' lang='lat' dir='ltr'><strong>imposf</strong></span> 
     </span>
    </p>
   </div>
   <div class='ocr_carea' id='block_1_107' title="bbox 1953 4730 3543 4800">
    <p class='ocr_par' dir='ltr' id='par_1_107' title="bbox 1953 4730 3543 4800">
     <span class='ocr_line' id='line_1_107' title="bbox 1953 4730 3543 4800; baseline 0 -14"><span class='ocrx_word' id='word_1_821' title='bbox 1953 4742 2055 4786; x_wconf 88' lang='lat' dir='ltr'><strong>tur.</strong></span> <span class='ocrx_word' id='word_1_822' title='bbox 2092 4730 2210 4786; x_wconf 84' lang='lat' dir='ltr'><strong>Hoc</strong></span> <span class='ocrx_word' id='word_1_823' title='bbox 2240 4749 2352 4785; x_wconf 85' lang='lat' dir='ltr'><strong>vero</strong></span> <span class='ocrx_word' id='word_1_824' title='bbox 2379 4731 2507 4785; x_wconf 85' lang='lat' dir='ltr'><strong>illud</strong></span> <span class='ocrx_word' id='word_1_825' title='bbox 2535 4731 2670 4800; x_wconf 87' lang='lat' dir='ltr'><strong>quod</strong></span> <span class='ocrx_word' id='word_1_826' title='bbox 2696 4739 2769 4784; x_wconf 84' lang='lat' dir='ltr'><strong>est</strong></span> <span class='ocrx_word' id='word_1_827' title='bbox 2804 4746 2903 4783; x_wconf 88' lang='lat' dir='ltr'><strong>non</strong></span> <span class='ocrx_word' id='word_1_828' title='bbox 2934 4730 3273 4785; x_wconf 82' lang='lat' dir='ltr'><strong>necessarium</strong></span> <span class='ocrx_word' id='word_1_829' title='bbox 3301 4739 3375 4785; x_wconf 81' lang='lat' dir='ltr'><strong>est</strong></span> <span class='ocrx_word' id='word_1_830' title='bbox 3416 4746 3543 4787; x_wconf 78' lang='lat' dir='ltr'><strong>esse.</strong></span> 
     </span>
    </p>
   </div>
   <div class='ocr_carea' id='block_1_108' title="bbox 1955 4821 3547 4893">
    <p class='ocr_par' dir='ltr' id='par_1_108' title="bbox 1955 4821 3547 4893">
     <span class='ocr_line' id='line_1_108' title="bbox 1955 4821 3547 4893; baseline -0.001 -17"><span class='ocrx_word' id='word_1_831' title='bbox 1955 4823 2125 4888; x_wconf 87' lang='lat' dir='ltr'><strong>Quare</strong></span> <span class='ocrx_word' id='word_1_832' title='bbox 2158 4823 2402 4893; x_wconf 80' lang='lat' dir='ltr'><strong>contingit</strong></span> <span class='ocrx_word' id='word_1_833' title='bbox 2446 4821 2582 4893; x_wconf 87' lang='lat' dir='ltr'><strong>quod</strong></span> <span class='ocrx_word' id='word_1_834' title='bbox 2613 4831 2684 4875; x_wconf 83' lang='lat' dir='ltr'><strong>est</strong></span> <span class='ocrx_word' id='word_1_835' title='bbox 2716 4821 3052 4875; x_wconf 81' lang='lat' dir='ltr'><strong>necessarium</strong></span> <span class='ocrx_word' id='word_1_836' title='bbox 3082 4838 3209 4887; x_wconf 86' lang='lat' dir='ltr'><strong>esse,</strong></span> <span class='ocrx_word' id='word_1_837' title='bbox 3241 4839 3340 4876; x_wconf 86' lang='lat' dir='ltr'><strong>non</strong></span> <span class='ocrx_word' id='word_1_838' title='bbox 3378 4837 3547 4876; x_wconf 84' lang='lat' dir='ltr'><strong>neces-</strong></span> 
     </span>
    </p>
   </div>
   <div class='ocr_carea' id='block_1_109' title="bbox 1951 4913 3549 4986">
    <p class='ocr_par' dir='ltr' id='par_1_109' title="bbox 1951 4913 3549 4986">
     <span class='ocr_line' id='line_1_109' title="bbox 1951 4913 3549 4986; baseline 0.001 -17"><span class='ocrx_word' id='word_1_839' title='bbox 1951 4914 2148 4969; x_wconf 82' lang='lat' dir='ltr'><strong>sarium</strong></span> <span class='ocrx_word' id='word_1_840' title='bbox 2178 4929 2310 4980; x_wconf 80' lang='lat' dir='ltr'><strong>esse,</strong></span> <span class='ocrx_word' id='word_1_841' title='bbox 2340 4913 2479 4985; x_wconf 84' lang='lat' dir='ltr'><strong>quod</strong></span> <span class='ocrx_word' id='word_1_842' title='bbox 2509 4931 2630 4968; x_wconf 85' lang='lat' dir='ltr'><strong>sane</strong></span> <span class='ocrx_word' id='word_1_843' title='bbox 2650 4923 2720 4969; x_wconf 88' lang='lat' dir='ltr'><strong>est</strong></span> <span class='ocrx_word' id='word_1_844' title='bbox 2750 4915 3126 4970; x_wconf 83' lang='lat' dir='ltr'><strong>inconveniens.</strong></span> <span class='ocrx_word' id='word_1_845' title='bbox 3154 4916 3218 4968; x_wconf 80' lang='lat' dir='ltr'><strong>At</strong></span> <span class='ocrx_word' id='word_1_846' title='bbox 3244 4931 3357 4971; x_wconf 85' lang='lat' dir='ltr'><strong>vero</strong></span> <span class='ocrx_word' id='word_1_847' title='bbox 3388 4931 3549 4986; x_wconf 75' lang='lat' dir='ltr'><strong>neque</strong></span> 
     </span>
    </p>
   </div>
   <div class='ocr_carea' id='block_1_110' title="bbox 1956 5005 3548 5078">
    <p class='ocr_par' dir='ltr' id='par_1_110' title="bbox 1956 5005 3548 5078">
     <span class='ocr_line' id='line_1_110' title="bbox 1956 5005 3548 5078; baseline 0.001 -19"><span class='ocrx_word' id='word_1_848' title='bbox 1956 5006 2301 5059; x_wconf 83' lang='lat' dir='ltr'><strong>necessarium</strong></span> <span class='ocrx_word' id='word_1_849' title='bbox 2338 5021 2447 5060; x_wconf 88' lang='lat' dir='ltr'><strong>esse</strong></span> <span class='ocrx_word' id='word_1_850' title='bbox 2474 5007 2705 5077; x_wconf 83' lang='lat' dir='ltr'><strong>sequitur</strong></span> <span class='ocrx_word' id='word_1_851' title='bbox 2734 5005 2801 5058; x_wconf 90' lang='lat' dir='ltr'><strong>ad</strong></span> <span class='ocrx_word' id='word_1_852' title='bbox 2843 5006 3081 5078; x_wconf 76' lang='lat' dir='ltr'><strong>possibile</strong></span> <span class='ocrx_word' id='word_1_853' title='bbox 3106 5022 3234 5072; x_wconf 86' lang='lat' dir='ltr'><strong>esse,</strong></span> <span class='ocrx_word' id='word_1_854' title='bbox 3274 5022 3430 5072; x_wconf 83' lang='lat' dir='ltr'><strong>neque</strong></span> <span class='ocrx_word' id='word_1_855' title='bbox 3459 5022 3548 5061; x_wconf 86' lang='lat' dir='ltr'><strong>ne-</strong></span> 
     </span>
    </p>
   </div>
   <div class='ocr_carea' id='block_1_111' title="bbox 1959 5098 3548 5174">
    <p class='ocr_par' dir='ltr' id='par_1_111' title="bbox 1959 5098 3548 5174">
     <span class='ocr_line' id='line_1_111' title="bbox 1959 5098 3548 5174; baseline 0 -19"><span class='ocrx_word' id='word_1_856' title='bbox 1959 5104 2236 5155; x_wconf 88' lang='lat' dir='ltr'><strong>cessarium</strong></span> <span class='ocrx_word' id='word_1_857' title='bbox 2264 5118 2365 5155; x_wconf 90' lang='lat' dir='ltr'><strong>non</strong></span> <span class='ocrx_word' id='word_1_858' title='bbox 2393 5118 2518 5155; x_wconf 83' lang='lat' dir='ltr'><strong>esse.</strong></span> <span class='ocrx_word' id='word_1_859' title='bbox 2550 5098 2642 5156; x_wconf 89' lang='lat' dir='ltr'><strong>Illi</strong></span> <span class='ocrx_word' id='word_1_860' title='bbox 2671 5103 2800 5156; x_wconf 88' lang='lat' dir='ltr'><strong>enim</strong></span> <span class='ocrx_word' id='word_1_861' title='bbox 2824 5111 3040 5174; x_wconf 87' lang='lat' dir='ltr'><strong>utraque</strong></span> <span class='ocrx_word' id='word_1_862' title='bbox 3069 5100 3314 5172; x_wconf 78' lang='lat' dir='ltr'><strong>contingit</strong></span> <span class='ocrx_word' id='word_1_863' title='bbox 3344 5100 3548 5155; x_wconf 81' lang='lat' dir='ltr'><strong>accide-</strong></span> 
     </span>
    </p>
   </div>
   <div class='ocr_carea' id='block_1_112' title="bbox 1957 5194 3548 5267">
    <p class='ocr_par' dir='ltr' id='par_1_112' title="bbox 1957 5194 3548 5267">
     <span class='ocr_line' id='line_1_112' title="bbox 1957 5194 3548 5267; baseline -0.001 -17"><span class='ocrx_word' id='word_1_864' title='bbox 1957 5206 2032 5262; x_wconf 83' lang='lat' dir='ltr'><strong>re,</strong></span> <span class='ocrx_word' id='word_1_865' title='bbox 2089 5195 2271 5249; x_wconf 82' lang='lat' dir='ltr'><strong>horum</strong></span> <span class='ocrx_word' id='word_1_866' title='bbox 2313 5205 2479 5252; x_wconf 83' lang='lat' dir='ltr'><strong>autem</strong></span> <span class='ocrx_word' id='word_1_867' title='bbox 2536 5196 2831 5250; x_wconf 88' lang='lat' dir='ltr'><strong>utrumlibet</strong></span> <span class='ocrx_word' id='word_1_868' title='bbox 2872 5211 3047 5251; x_wconf 74' lang='lat' dir='ltr'><strong>verum</strong></span> <span class='ocrx_word' id='word_1_869' title='bbox 3096 5195 3272 5267; x_wconf 78' lang='lat' dir='ltr'><strong>fuerit,</strong></span> <span class='ocrx_word' id='word_1_870' title='bbox 3319 5194 3548 5248; x_wconf 84' lang='lat' dir='ltr'><strong>nondum</strong></span> 
     </span>
    </p>
   </div>
   <div class='ocr_carea' id='block_1_113' title="bbox 1958 5287 3548 5358">
    <p class='ocr_par' dir='ltr' id='par_1_113' title="bbox 1958 5287 3548 5358">
     <span class='ocr_line' id='line_1_113' title="bbox 1958 5287 3548 5358; baseline 0.001 -16"><span class='ocrx_word' id='word_1_871' title='bbox 1958 5298 2105 5342; x_wconf 87' lang='lat' dir='ltr'><strong>erunt</strong></span> <span class='ocrx_word' id='word_1_872' title='bbox 2134 5288 2226 5342; x_wconf 88' lang='lat' dir='ltr'><strong>illa</strong></span> <span class='ocrx_word' id='word_1_873' title='bbox 2273 5305 2410 5343; x_wconf 80' lang='lat' dir='ltr'><strong>rem.</strong></span> <span class='ocrx_word' id='word_1_874' title='bbox 2462 5287 2631 5343; x_wconf 82' lang='lat' dir='ltr'><strong>Simul</strong></span> <span class='ocrx_word' id='word_1_875' title='bbox 2674 5290 2807 5343; x_wconf 88' lang='lat' dir='ltr'><strong>enim</strong></span> <span class='ocrx_word' id='word_1_876' title='bbox 2833 5287 3069 5358; x_wconf 77' lang='lat' dir='ltr'><strong>possibile</strong></span> <span class='ocrx_word' id='word_1_877' title='bbox 3094 5294 3168 5341; x_wconf 90' lang='grc' dir='ltr'><strong>εει</strong></span> <span class='ocrx_word' id='word_1_878' title='bbox 3196 5302 3329 5354; x_wconf 89' lang='lat' dir='ltr'><strong>esse,</strong></span> <span class='ocrx_word' id='word_1_879' title='bbox 3361 5298 3407 5341; x_wconf 89' lang='lat' dir='ltr'><strong>et</strong></span> <span class='ocrx_word' id='word_1_880' title='bbox 3444 5304 3548 5343; x_wconf 86' lang='lat' dir='ltr'><strong>non</strong></span> 
     </span>
    </p>
   </div>
   <div class='ocr_carea' id='block_1_114' title="bbox 1958 5378 3548 5451">
    <p class='ocr_par' dir='ltr' id='par_1_114' title="bbox 1958 5378 3548 5451">
     <span class='ocr_line' id='line_1_114' title="bbox 1958 5378 3548 5451; baseline 0.001 -17"><span class='ocrx_word' id='word_1_881' title='bbox 1958 5393 2085 5434; x_wconf 86' lang='lat' dir='ltr'><strong>esse.</strong></span> <span class='ocrx_word' id='word_1_882' title='bbox 2120 5378 2179 5434; x_wconf 88' lang='lat' dir='ltr'><strong>Si</strong></span> <span class='ocrx_word' id='word_1_883' title='bbox 2201 5395 2316 5433; x_wconf 81' lang='lat' dir='ltr'><strong>vero</strong></span> <span class='ocrx_word' id='word_1_884' title='bbox 2348 5396 2549 5434; x_wconf 85' lang='lat' dir='ltr'><strong>necesse</strong></span> <span class='ocrx_word' id='word_1_885' title='bbox 2576 5390 2646 5435; x_wconf 88' lang='lat' dir='ltr'><strong>cst</strong></span> <span class='ocrx_word' id='word_1_886' title='bbox 2669 5397 2797 5445; x_wconf 83' lang='lat' dir='ltr'><strong>esse,</strong></span> <span class='ocrx_word' id='word_1_887' title='bbox 2828 5380 2903 5434; x_wconf 85' lang='lat' dir='ltr'><strong>vel</strong></span> <span class='ocrx_word' id='word_1_888' title='bbox 2924 5396 3024 5433; x_wconf 85' lang='lat' dir='ltr'><strong>non</strong></span> <span class='ocrx_word' id='word_1_889' title='bbox 3050 5394 3177 5446; x_wconf 88' lang='lat' dir='ltr'><strong>esse,</strong></span> <span class='ocrx_word' id='word_1_890' title='bbox 3198 5394 3299 5435; x_wconf 89' lang='lat' dir='ltr'><strong>non</strong></span> <span class='ocrx_word' id='word_1_891' title='bbox 3323 5380 3417 5434; x_wconf 88' lang='lat' dir='ltr'><strong>erit</strong></span> <span class='ocrx_word' id='word_1_892' title='bbox 3440 5398 3548 5451; x_wconf 84' lang='lat' dir='ltr'><strong>pos-</strong></span> 
     </span>
    </p>
   </div>
   <div class='ocr_carea' id='block_1_115' title="bbox 1957 5469 3546 5547">
    <p class='ocr_par' dir='ltr' id='par_1_115' title="bbox 1957 5469 3546 5547">
     <span class='ocr_line' id='line_1_115' title="bbox 1957 5469 3546 5547; baseline 0.002 -21"><span class='ocrx_word' id='word_1_893' title='bbox 1957 5469 2105 5526; x_wconf 85' lang='lat' dir='ltr'><strong>sibile</strong></span> <span class='ocrx_word' id='word_1_894' title='bbox 2136 5483 2424 5540; x_wconf 85' lang='lat' dir='ltr'><strong>utrumque.</strong></span> <span class='ocrx_word' id='word_1_895' title='bbox 2455 5472 2779 5545; x_wconf 80' lang='lat' dir='ltr'><strong>Relinquitur</strong></span> <span class='ocrx_word' id='word_1_896' title='bbox 2808 5490 2925 5547; x_wconf 86' lang='lat' dir='ltr'><strong>ergo</strong></span> <span class='ocrx_word' id='word_1_897' title='bbox 2952 5490 3052 5527; x_wconf 86' lang='lat' dir='ltr'><strong>non</strong></span> <span class='ocrx_word' id='word_1_898' title='bbox 3076 5474 3416 5529; x_wconf 84' lang='lat' dir='ltr'><strong>necessarium</strong></span> <span class='ocrx_word' id='word_1_899' title='bbox 3445 5491 3546 5530; x_wconf 86' lang='lat' dir='ltr'><strong>non</strong></span> 
     </span>
    </p>
   </div>
   <div class='ocr_carea' id='block_1_116' title="bbox 1958 5564 3550 5637">
    <p class='ocr_par' dir='ltr' id='par_1_116' title="bbox 1958 5564 3550 5637">
     <span class='ocr_line' id='line_1_116' title="bbox 1958 5564 3550 5637; baseline 0.003 -19"><span class='ocrx_word' id='word_1_900' title='bbox 1958 5578 2087 5632; x_wconf 87' lang='lat' dir='ltr'><strong>esse,</strong></span> <span class='ocrx_word' id='word_1_901' title='bbox 2111 5566 2249 5630; x_wconf 86' lang='lat' dir='ltr'><strong>sequi</strong></span> <span class='ocrx_word' id='word_1_902' title='bbox 2279 5564 2349 5619; x_wconf 89' lang='lat' dir='ltr'><strong>ad</strong></span> <span class='ocrx_word' id='word_1_903' title='bbox 2373 5567 2611 5637; x_wconf 82' lang='lat' dir='ltr'><strong>possibile</strong></span> <span class='ocrx_word' id='word_1_904' title='bbox 2632 5584 2756 5621; x_wconf 84' lang='lat' dir='ltr'><strong>esse.</strong></span> <span class='ocrx_word' id='word_1_905' title='bbox 2792 5565 2843 5620; x_wconf 91' lang='lat' dir='ltr'><strong>II</strong></span> <span class='ocrx_word' id='word_1_906' title='bbox 2851 5582 2907 5619; x_wconf 90' lang='lat' dir='ltr'><strong>oc</strong></span> <span class='ocrx_word' id='word_1_907' title='bbox 2938 5566 3070 5618; x_wconf 80' lang='lat' dir='ltr'><strong>enim</strong></span> <span class='ocrx_word' id='word_1_908' title='bbox 3100 5583 3271 5621; x_wconf 76' lang='lat' dir='ltr'><strong>verum</strong></span> <span class='ocrx_word' id='word_1_909' title='bbox 3300 5577 3395 5633; x_wconf 81' lang='lat' dir='ltr'><strong>est,</strong></span> <span class='ocrx_word' id='word_1_910' title='bbox 3420 5578 3464 5623; x_wconf 88' lang='lat' dir='ltr'><strong>et</strong></span> <span class='ocrx_word' id='word_1_911' title='bbox 3486 5568 3550 5623; x_wconf 87' lang='lat' dir='ltr'><strong>de</strong></span> 
     </span>
    </p>
   </div>
   <div class='ocr_carea' id='block_1_117' title="bbox 1958 5662 3550 5736">
    <p class='ocr_par' dir='ltr' id='par_1_117' title="bbox 1958 5662 3550 5736">
     <span class='ocr_line' id='line_1_117' title="bbox 1958 5662 3550 5736; baseline 0.004 -21"><span class='ocrx_word' id='word_1_912' title='bbox 1958 5677 2159 5717; x_wconf 86' lang='lat' dir='ltr'><strong>necesse</strong></span> <span class='ocrx_word' id='word_1_913' title='bbox 2196 5679 2325 5731; x_wconf 86' lang='lat' dir='ltr'><strong>esse,</strong></span> <span class='ocrx_word' id='word_1_914' title='bbox 2359 5663 2467 5719; x_wconf 68' lang='lat' dir='ltr'><strong>lucc</strong></span> <span class='ocrx_word' id='word_1_915' title='bbox 2494 5667 2626 5718; x_wconf 89' lang='lat' dir='ltr'><strong>enim</strong></span> <span class='ocrx_word' id='word_1_916' title='bbox 2653 5665 2710 5733; x_wconf 81' lang='lat' dir='ltr'><strong>ﬁt</strong></span> <span class='ocrx_word' id='word_1_917' title='bbox 2738 5662 3071 5717; x_wconf 82' lang='lat' dir='ltr'><strong>contradictio</strong></span> <span class='ocrx_word' id='word_1_918' title='bbox 3100 5665 3210 5734; x_wconf 78' lang='lat' dir='ltr'><strong>eius</strong></span> <span class='ocrx_word' id='word_1_919' title='bbox 3239 5682 3353 5736; x_wconf 81' lang='lat' dir='ltr'><strong>qua:</strong></span> <span class='ocrx_word' id='word_1_920' title='bbox 3382 5667 3550 5735; x_wconf 79' lang='lat' dir='ltr'><strong>sequi-</strong></span> 
     </span>
    </p>
   </div>
   <div class='ocr_carea' id='block_1_118' title="bbox 1961 5753 3548 5829">
    <p class='ocr_par' dir='ltr' id='par_1_118' title="bbox 1961 5753 3548 5829">
     <span class='ocr_line' id='line_1_118' title="bbox 1961 5753 3548 5829; baseline 0.004 -21"><span class='ocrx_word' id='word_1_921' title='bbox 1961 5762 2044 5808; x_wconf 86' lang='lat' dir='ltr'><strong>tur</strong></span> <span class='ocrx_word' id='word_1_922' title='bbox 2063 5763 2129 5808; x_wconf 85' lang='lat' dir='ltr'><strong>ad</strong></span> <span class='ocrx_word' id='word_1_923' title='bbox 2157 5771 2259 5810; x_wconf 86' lang='lat' dir='ltr'><strong>non</strong></span> <span class='ocrx_word' id='word_1_924' title='bbox 2288 5756 2530 5828; x_wconf 85' lang='lat' dir='ltr'><strong>possibile</strong></span> <span class='ocrx_word' id='word_1_925' title='bbox 2551 5772 2676 5810; x_wconf 83' lang='lat' dir='ltr'><strong>esse.</strong></span> <span class='ocrx_word' id='word_1_926' title='bbox 2705 5753 2849 5809; x_wconf 87' lang='lat' dir='ltr'><strong>Illud</strong></span> <span class='ocrx_word' id='word_1_927' title='bbox 2876 5759 3006 5808; x_wconf 88' lang='lat' dir='ltr'><strong>enim</strong></span> <span class='ocrx_word' id='word_1_928' title='bbox 3030 5757 3258 5825; x_wconf 86' lang='lat' dir='ltr'><strong>sequitur</strong></span> <span class='ocrx_word' id='word_1_929' title='bbox 3282 5757 3375 5813; x_wconf 83' lang='lat' dir='ltr'><strong>hoc</strong></span> <span class='ocrx_word' id='word_1_930' title='bbox 3407 5758 3548 5829; x_wconf 86' lang='lat' dir='ltr'><strong>quod</strong></span> 
     </span>
    </p>
   </div>
   <div class='ocr_carea' id='block_1_119' title="bbox 1958 5846 3553 5937">
    <p class='ocr_par' dir='ltr' id='par_1_119' title="bbox 1958 5846 3553 5937">
     <span class='ocr_line' id='line_1_119' title="bbox 1958 5846 3553 5937; baseline 0 -30"><span class='ocrx_word' id='word_1_931' title='bbox 1958 5858 2053 5917; x_wconf 84' lang='lat' dir='ltr'><strong>est,</strong></span> <span class='ocrx_word' id='word_1_932' title='bbox 2085 5848 2395 5917; x_wconf 84' lang='lat' dir='ltr'><strong>impossibile</strong></span> <span class='ocrx_word' id='word_1_933' title='bbox 2418 5865 2545 5919; x_wconf 85' lang='lat' dir='ltr'><strong>esse,</strong></span> <span class='ocrx_word' id='word_1_934' title='bbox 2572 5856 2619 5904; x_wconf 87' lang='lat' dir='ltr'><strong>et</strong></span> <span class='ocrx_word' id='word_1_935' title='bbox 2648 5863 2846 5905; x_wconf 69' lang='lat' dir='ltr'><strong>iterem</strong></span> <span class='ocrx_word' id='word_1_936' title='bbox 2872 5864 2978 5909; x_wconf 80' lang='lat' dir='ltr'><strong>non</strong></span> <span class='ocrx_word' id='word_1_937' title='bbox 3000 5864 3130 5937; x_wconf 72' lang='lat' dir='ltr'><strong>esse.</strong></span> <span class='ocrx_word' id='word_1_938' title='bbox 3158 5846 3322 5925; x_wconf 55' lang='lat' dir='ltr'><strong>Citius</strong></span> <span class='ocrx_word' id='word_1_939' title='bbox 3343 5849 3553 5929; x_wconf 77' lang='lat' dir='ltr'><strong>negatio</strong></span> 
     </span>
    </p>
   </div>
  </div>
