4060 6330
501 374 602 430 607

1723 352 1831 409 AN.
1873 348 2081 406 MANL.
2123 347 2277 404 SEV.
2317 345 2537 401 BOETII

3677 332 3780 391 608

502 496 595 553 est,
627 500 730 539 non
759 493 956 535 necesse
979 492 1081 530 non
1112 490 1237 529 esse.
1269 471 1565 542 Sequuntur
1599 469 1755 539 igitur
1773 474 1820 519 et
1850 464 1929 518 lue
1958 479 2074 517 con-
2104 464 2155 522 Α
2182 460 2225 514 si
2255 458 2325 513 ita
2363 468 2466 522 est,
2497 456 2697 527 aliquid
2726 454 3060 521 impossibile
3096 453 3497 521 consequentiis
3530 452 3783 523 proposi-

506 579 831 632 tradictiones
859 571 1135 626 secundum
1167 567 1466 629 prtedictum
1496 563 1723 617 modum.
1749 561 1814 615 Et
1835 559 1962 614 nihil
1990 560 2084 612 im-

508 668 745 740 possibile
772 664 1102 734 contingitsic
1127 661 1325 731 positis.

580 780 835 851 Superius
866 778 1079 847 quidem
1106 775 1523 844 propositionum
1554 773 1688 827 facta
1715 772 1996 827 conversio
2017 772 2087 825 ita

508 884 611 939 εει,
657 882 712 925 ιιι
759 870 1066 940 possibilem
1100 868 1514 937 propositionem
1548 866 1836 920 necessarii
1879 865 2091 935 negatio

508 973 841 1034 sequeretur.
876 964 1051 1032 Atque
1080 962 1160 1016 his
1210 962 1278 1015 ita
1326 962 1511 1031 positis
1545 975 1647 1015 non
1678 960 1857 1015 evenit
1886 971 1939 1013 ut
1965 974 2094 1015 con-

513 1058 761 1112 tradictio
783 1056 1260 1111 contradictionem
1292 1063 1626 1122 sequeretur,
1662 1069 1760 1109 nec
1787 1066 1843 1108 ut
1869 1069 2094 1108 conver-

509 1165 570 1206 so
606 1150 763 1204 modo
804 1160 1119 1216 sequeretur
1162 1149 1304 1219 quod
1337 1150 1387 1203 in
1421 1149 1527 1203 illis
1555 1150 1760 1203 scilicet
1814 1148 2096 1202 eveniebat

514 1245 567 1298 in
594 1244 785 1313 quibus
817 1244 1148 1313 possibilium
1178 1252 1230 1297 et
1273 1242 1682 1311 impossiliilium
1712 1242 2093 1311 consequentia

512 1336 973 1400 considerabatur,
991 1336 1240 1406 quoniam
1258 1334 1609 1389 contradictio
1633 1333 1939 1397 necessarii,
1956 1334 2095 1403 quod

442 1452 448 1459 ·
512 1439 594 1483 εει
625 1429 829 1483 scilicet
852 1444 957 1484 non
990 1428 1352 1483 necessarium
1386 1442 1527 1488 esse,
1577 1426 1897 1495 sequebatur
1928 1426 2097 1494 possi-

514 1522 675 1577 bilem
696 1523 1140 1592 propositionem.
1174 1521 1450 1575 Possibilis
1469 1537 1594 1576 vero
1616 1529 1757 1574 conti
1772 1519 2094 1573 adit-tionem

516 1631 623 1670 non
654 1626 942 1670 consecuta
970 1625 1054 1670 est
1086 1615 1397 1676 necessitas,
1431 1614 1522 1668 sed
1557 1612 1883 1666 contrarium
1915 1625 2100 1665 neces-

517 1710 710 1763 sitatis.
747 1690 856 1763 Hoc
883 1718 1185 1778 permutare
1211 1709 1395 1762 volens
1423 1705 1648 1760 intendit
1670 1704 1739 1758 ita
1772 1705 2099 1758 constituch

518 1803 947 1871 consequentias,
982 1812 1039 1855 ut
1086 1801 1247 1856 simili
1300 1801 1457 1855 modo
1505 1799 1859 1852 contradictio
1884 1796 2097 1866 quidem

521 1895 929 1949 contradictioni
958 1895 1279 1957 consentiat,
1314 1893 1405 1946 sed
1428 1891 1748 1946 conversim.
1785 1890 1895 1943 lloc
1922 1897 2100 1942 autem

520 1985 620 2042 hac
646 1989 851 2043 ratione
871 1989 1123 2057 dispanit.
1160 1987 1294 2041 Dicit
1319 1987 1486 2053 enim,
1504 1985 1683 2041 erravi
1717 1984 1943 2037 fortasse
1962 1980 2103 2051 quod

522 2081 810 2136 necessarii
834 2092 886 2137 et
915 2081 1183 2151 possibilis
1207 2080 1642 2150 consequentiam
1669 2094 1735 2133 ex
1758 2077 1997 2147 possibili
2024 2076 2107 2129 in-

525 2173 734 2237 choavi,
769 2183 943 2228 etnon
972 2190 1037 2228 ex
1070 2176 1392 2238 necessario,
1420 2182 1473 2226 ut
1505 2172 1603 2227 hac
1623 2171 1739 2242 ejus
1754 2170 2108 2225 consensione

525 2266 863 2329 mentiretur,
913 2267 1087 2335 posuit
1130 2267 1272 2319 enim
1324 2264 1633 2334 prazcedens
1680 2263 1934 2333 possibile
1963 2277 2105 2328 esse,

515 2358 686 2425 eique
716 2359 814 2413 fuit
837 2359 1181 2413 consentiens
1210 2374 1313 2413 non
1349 2359 1707 2413 necessarium
1739 2372 1879 2412 esse.
1916 2358 1981 2410 Et
2011 2357 2111 2410 hoc

526 2450 742 2520 quidem
782 2453 1046 2520 superius.
1086 2451 1234 2505 Nunc
1260 2462 1436 2505 autem
1469 2452 1733 2506 convertit
1755 2460 1808 2506 ct
1835 2451 1962 2505 dicit
1991 2468 2003 2504 :
2032 2455 2108 2503 An

527 2543 777 2609 fortasse,
812 2543 1002 2613 inquit,
1036 2559 1221 2598 errore
1268 2544 1400 2613 lapsi
1444 2544 1514 2597 ita
1563 2545 1658 2598 has
1702 2544 2113 2613 con~equentias

529 2636 925 2701 constituimus,
974 2646 1029 2690 ut
1084 2637 1257 2707 primo
1298 2652 1617 2706 poneremus
1659 2637 1914 2706 p05sibile
1968 2651 2109 2702 esse,

532 2728 656 2781 huic
677 2737 852 2782 autem
886 2728 1297 2798 adjungeretuus
1330 2729 1470 2784 velut
1497 2744 1834 2798 consequens
1866 2736 2115 2783 neces‘sa-

532 2822 597 2877 rii
646 2823 983 2890 negationem
1023 2836 1141 2890 qua:
1190 2821 1396 2875 diceret
1437 2838 1540 2875 tton
1590 2836 1810 2876 necesse
1841 2823 1995 2876 esse?
2034 2822 2115 2874 An

533 2913 713 2982 potius
739 2913 863 2966 illud
898 2928 1080 2967 verum
1109 2923 1209 2981 est,
1241 2924 1297 2967 ut
1321 2915 1490 2982 posito
1522 2914 1667 2982 prius
1689 2916 1997 2968 necessario
2028 2928 2121 2967 ne-

534 3003 775 3059 ceSsitati
804 3003 1130 3071 possibilitas
1157 3005 1502 3059 consentiens
1534 3005 1929 3074 subsequatur?
1961 3004 2119 3059 Vide-

538 3109 626 3155 tur
651 3101 792 3154 enim
816 3115 1029 3153 omnem
1064 3103 1421 3155 necessariam
1456 3103 1875 3170 pr0positioncm
1897 3103 2124 3171 possibi-

539 3192 661 3247 litas
688 3194 961 3260 consequi.
997 3191 1147 3259 Quod
1180 3194 1223 3247 si
1274 3196 1394 3263 quis
1428 3204 1600 3264 negat,
1642 3196 1717 3249 illi
1761 3196 2121 3251 conﬁtendum

541 3294 642 3352 est,
671 3288 922 3355 quoniam
945 3289 1157 3358 negatio
1183 3287 1449 3357 possibilis
1470 3289 1712 3359 sequitur
1728 3292 2121 3346 necessitatem.

544 3378 600 3432 In
623 3376 872 3432 omnibus
901 3379 1043 3433 enim
1072 3388 1164 3433 aut
1194 3379 1477 3435 afﬁrmatio
1503 3391 1593 3434 aut
1625 3382 1834 3451 negatio
1863 3392 1962 3437 cst.
1991 3384 2129 3453 Ergo

543 3472 588 3526 si
620 3471 981 3527 necessariam
1030 3473 1451 3541 prapositionem
1497 3489 1601 3527 non
1632 3474 1873 3543 sequitur
1903 3475 2132 3543 possibi-

544 3565 683 3631 litas,
706 3567 1074 3636 possibilitatis
1095 3568 1307 3638 negatio
1336 3567 1701 3636 consequitur,
1724 3576 1779 3621 ut
1807 3569 1876 3622 ita
1899 3567 2125 3622 dicatur.

545 3662 686 3732 Ergo
718 3672 860 3716 recta
892 3661 1277 3731 consequentia
1328 3661 1399 3714 ita
1448 3661 1575 3725 dici,
1626 3660 1766 3731 quod
1799 3675 2019 3715 necesse
2050 3668 2133 3713 εει

546 3772 665 3814 εεεε
695 3772 799 3810 non
832 3754 1089 3824 possibile
1128 3763 1211 3809 est
1240 3768 1377 3808 esse.
1416 3754 1522 3809 Sed
1555 3753 1753 3809 dudum
1786 3753 1988 3807 dictum
2030 3763 2131 3817 est,

547 3850 689 3922 quod
729 3850 779 3904 ei
812 3848 1166 3917 propositioni
1211 3863 1330 3917 qua:
1376 3860 1698 3919 proponeret
1728 3865 1835 3903 non
1884 3850 2134 3917 possibile

550 3957 671 3999 esse
723 3939 1126 4008 impossibilitas
1174 3941 1520 3995 consentiret.
1570 3940 1677 3996 Sed
1728 3955 1833 3995 non
1885 3940 2137 4009 possibile

553 4048 673 4089 esse
702 4031 1048 4102 consequitur
1077 4032 1471 4097 necessitatem,
1505 4042 1558 4086 et
1598 4032 2000 4101 impossibilitas
2041 4035 2134 4103 igi-

552 4135 640 4181 tur
667 4134 1026 4196 consequetur
1053 4127 1452 4181 necessitatem.
1488 4126 1600 4179 ltlrit
1632 4127 1808 4196 itaque
1839 4139 1983 4181 recta
2017 4143 2140 4196 pro-

555 4221 876 4289 positionum
897 4223 1303 4291 consequentia,
1322 4221 1365 4275 si
1390 4235 1610 4275 necesse
1637 4231 1718 4275 est
1747 4236 1867 4276 esse
1890 4221 2137 4291 impossi-

556 4310 662 4368 bile
689 4321 935 4367 estesse.
970 4311 1073 4367 Sed
1102 4314 1203 4368 hoc
1233 4313 1344 4366 fieri
1374 4328 1477 4368 non
1519 4321 1711 4382 potest.
1745 4314 1802 4369 Si
1851 4315 2008 4384 igitur
2032 4316 2138 4369 im-

557 4388 887 4473 possibilitas
903 4418 1005 4457 non
1024 4404 1264 4473 sequitur
1282 4406 1677 4472 necessitatem,
1701 4408 1940 4476 sequitur
1960 4416 2136 4462 autem

558 4496 855 4566 propositio
884 4513 1000 4565 qua:
1030 4498 1227 4568 aliquid
1256 4514 1361 4553 nou
1394 4514 1549 4568 posse
1576 4516 1694 4556 esse
1722 4502 1999 4556 denuntiat
2038 4504 2138 4557 im-

2193 554 2396 606 tionum
2442 550 2851 621 permutandum
2882 558 2987 610 est,
3030 556 3086 601 ut
3126 547 3295 614 possit
3341 545 3454 614 ipsa
3500 544 3605 599 sibi
3650 554 3785 599 ratio

2193 645 2521 699 consentire.
2581 644 2686 695 Aut
2735 642 2894 709 igitur
2940 639 3069 694 illud
3121 640 3294 709 primo
3343 638 3786 693 inconvenienter

2192 734 2394 789 dictum
2431 743 2535 794 est.
2577 730 2718 800 quod
2764 731 3051 786 necessarii
3106 732 3317 800 negatio
3365 730 3785 784 afﬁrmationem

2195 823 2507 895 possibilem
2539 834 2873 891 sequeretur,
2924 832 2977 875 ut
3009 836 3069 875 ea
3119 836 3239 889 qua:
3279 830 3360 873 est
3404 836 3512 874 non
3567 834 3789 874 necesse

2193 929 2336 977 esse,
2369 924 2622 982 sequatur
2642 930 2759 968 eam
2787 930 2907 983 quae
2934 913 3061 967 dicit
3084 913 3335 981 possibile
3359 927 3504 979 esse,
3532 915 3616 966 vel
3645 924 3789 966 certe

2198 1010 2324 1063 illud
2350 1025 2454 1063 non
2479 1021 2625 1064 recte
2649 1010 2916 1063 sensimus
2939 1006 3247 1075 possibilem
3274 1005 3705 1075 propositionem
3727 1004 3787 1057 ad

2199 1099 2555 1155 necessariam
2584 1098 2912 1159 consentire,
2936 1098 3074 1166 quod
3101 1096 3226 1163 quia
3265 1094 3660 1163 perabsurdum
3691 1104 3788 1148 est.

2198 1194 2386 1248 Nullus
2434 1193 2575 1247 enim
2616 1191 2812 1245 dixerit
2855 1188 3157 1244 necessitati
3212 1186 3623 1255 possibilitatem
3676 1198 3793 1238 esse

2198 1284 2543 1345 contrariam,
2576 1292 2754 1336 evenit
2782 1280 2923 1334 enim
2954 1276 3097 1347 quod
3126 1289 3351 1331 necesse
3387 1285 3492 1339 est,
3538 1273 3645 1327 hoc
3680 1272 3792 1327 ﬁeri

2200 1390 2305 1428 non
2333 1388 2490 1443 posse
2522 1383 2775 1441 rectaque
2802 1380 2884 1425 est
2907 1370 3020 1422 hinc
3041 1367 3447 1436 consequentia.
3476 1365 3537 1419 Si
3568 1379 3793 1419 necesse

2200 1478 2283 1522 est
2309 1482 2448 1531 esse,
2480 1464 2729 1535 possibile
2761 1444 2846 1519 est
2890 1477 3030 1525 esse,
3056 1462 3195 1515 sicut
3235 1469 3408 1527 potius
3435 1457 3796 1513 contradictio

2203 1561 2493 1614 necessarii
2546 1557 2966 1627 prapositionem
3019 1554 3328 1625 possibilem
3374 1568 3483 1606 non
3512 1560 3792 1619 sequatur.

2202 1652 2307 1707 Sed
2329 1666 2447 1703 cum
2484 1652 2593 1703 haec
2622 1649 2896 1715 dicuntur,
2930 1647 3055 1701 illud
3078 1646 3294 1715 intelligi
3330 1645 3521 1715 placet,
3542 1643 3689 1714 quod
3710 1658 3796 1698 ηερ

2204 1745 2511 1801 cessitatem
2544 1742 2874 1812 possibilitas
2918 1750 3195 1810 sequatur,
3225 1748 3283 1793 ut
3311 1740 3363 1793 id
3404 1738 3555 1809 quod
3597 1750 3682 1794 est
3710 1753 3797 1793 ne-

2133 1867 2181 1926 Β
2207 1851 2383 1901 cesse,
2417 1838 2517 1889 hoc
2543 1834 2795 1903 possibile
2824 1848 2944 1889 esse
2970 1833 3197 1887 dicatur.
3228 1830 3374 1886 Istud
3400 1831 3564 1885 altius
3598 1832 3799 1900 perspio

2207 1928 2469 1983 cientibus
2500 1928 2829 1997 propositum
2862 1933 2965 1980 est.
3010 1923 3140 1977 Nam
3171 1923 3311 1977 aliud
3342 1932 3421 1977 est
3460 1937 3579 1976 rem
3622 1923 3800 1977 dicere

2208 2039 2328 2078 esse
2363 2037 2607 2087 necesse,
2649 2019 2791 2074 aliud
2821 2034 2941 2074 esse
2964 2017 3243 2088 possibile.
3275 2016 3407 2070 Illud
3439 2027 3623 2070 autem
3660 2015 3795 2084 quod

2210 2132 2307 2188 per
2334 2129 2392 2172 se
2422 2114 2678 2185 possibile
2706 2120 2810 2180 est,
2844 2127 2948 2166 non
2977 2109 3152 2164 modis
3192 2109 3440 2164 omnibus
3470 2107 3529 2161 ﬁt
3560 2120 3797 2161 necesse.

2214 2209 2350 2262 Nam
2379 2209 2422 2260 si
2457 2220 2678 2262 necesse
2700 2214 2806 2269 est,
2840 2203 2954 2257 ﬁeri
2978 2206 3082 2257 nOn
3112 2211 3289 2271 potest
3315 2212 3370 2253 ut
3397 2215 3507 2253 non
3529 2200 3622 2253 sit.
3654 2197 3801 2264 Quod

2213 2315 2338 2354 vero
2376 2298 2633 2369 possibile
2660 2306 2766 2364 εει,
2796 2304 2851 2351 ει
2902 2310 3010 2349 non
3043 2309 3166 2349 esse
3216 2301 3412 2363 potest,
3466 2290 3631 2362 igitur
3666 2291 3801 2362 quod

2213 2391 2475 2464 possibile
2506 2398 2587 2443 cst
2616 2406 2721 2444 non
2761 2391 2865 2443 erit
2907 2402 3143 2443 necesse.
3176 2387 3305 2441 Dico
3334 2392 3516 2439 autem
3548 2386 3674 2454 quia
3716 2399 3803 2439 ue-

2214 2498 2316 2553 que
2346 2498 2407 2537 ea
2433 2480 2731 2551 propositio
2760 2480 3000 2549 sequitur
3023 2477 3427 2549 possibilitatem
3466 2491 3593 2545 quae
3626 2489 3804 2530 neces-

2216 2577 2360 2632 sitati
2391 2576 2612 2630 omnino
2657 2573 2930 2627 contraria
2957 2581 3057 2627 est.
3096 2571 3191 2625 Est
3228 2585 3457 2639 namque
3488 2569 3805 2624 necessaria:

2218 2669 2573 2741 propositioni
2604 2668 2871 2722 contraria
2903 2680 2968 2721 ea
2996 2681 3114 2735 qua:
3139 2663 3292 2727 dicit,
3343 2676 3567 2725 necesse
3594 2671 3678 2716 est
3706 2675 3805 2715 non

2219 2780 2360 2818 csse.
2408 2762 2555 2815 Hanc
2587 2759 2922 2829 possibilitati
2969 2758 3271 2814 consentire
3320 2756 3499 2811 nullus
3544 2756 3806 2823 impellet.

2221 2856 2351 2910 Nam
2382 2852 2521 2923 quod
2554 2866 2773 2906 necesse
2800 2861 2882 2905 est
2914 2866 3017 2904 non
3040 2863 3183 2913 esse,
3216 2846 3344 2902 illud
3378 2862 3490 2901 non
3521 2854 3688 2914 potest
3710 2859 3805 2899 es-

2223 2963 2303 3003 se.
2332 2947 2483 3014 Quod
2526 2954 2704 2997 autem
2746 2942 2997 3011 possibile
3021 2950 3124 3005 est,
3158 2941 3286 2994 illud
3313 2954 3435 2995 esse
3462 2948 3519 2993 et
3557 2953 3665 2992 non
3692 2951 3812 2991 esse

2228 3046 2422 3106 potest.
2463 3033 2763 3090 Necessitas
2803 3047 2932 3099 ergo
2963 3031 3342 3102 propositionis
3370 3046 3491 3099 quae
3521 3026 3811 3084 secundum

2227 3150 2348 3188 esse
2378 3132 2719 3202 praedicatur,
2753 3129 2952 3185 idcirco
2975 3144 3080 3184 non
3109 3128 3348 3197 sequitur
3379 3125 3793 3195 possibiltatem

2151 3242 2198 3305 ρ
2229 3225 2369 3294 quod
2401 3224 2727 3293 possibilitas
2774 3222 2987 3291 quidem
3016 3230 3070 3276 et
3111 3234 3216 3273 non
3248 3233 3367 3273 esse
3393 3225 3600 3287 potest.
3630 3214 3815 3269 Neces-

2232 3320 2364 3371 sitas
2391 3331 2543 3381 vero,
2577 3330 2695 3385 qua:
2748 3313 3043 3368 secundum
3075 3325 3196 3366 esse
3226 3318 3328 3374 est,
3364 3324 3469 3362 non
3515 3316 3696 3377 potest
3720 3318 3817 3358 non

2231 3423 2369 3463 esse.
2408 3407 2610 3460 Rursus
2638 3406 2929 3460 necessitas
2956 3418 3075 3472 qua:
3096 3401 3385 3457 secundum
3410 3414 3517 3453 non
3548 3412 3675 3453 esse
3694 3410 3820 3465 prat-

2234 3493 2459 3569 dicatur,
2492 3520 2520 3556 a
2555 3501 2907 3572 possibilitate
2933 3499 3132 3564 differt,
3167 3509 3397 3565 eamque
3423 3509 3534 3548 non
3559 3493 3822 3562 sequitur,

2235 3597 2375 3667 quod
2410 3595 2707 3649 necessitas
2735 3609 2797 3647 ea
2828 3608 2948 3661 qua:
2988 3589 3280 3645 secundum
3330 3602 3437 3641 non
3475 3600 3601 3641 esse
3634 3584 3826 3640 dicitur

2235 3706 2341 3744 non
2374 3696 2549 3758 potest
2575 3701 2714 3741 esse.
2770 3683 3029 3739 Possibile
3073 3696 3206 3735 vero
3243 3689 3447 3735 etesse
3487 3686 3544 3732 et
3572 3691 3684 3730 non
3700 3688 3828 3751 esse

2237 3789 2435 3849 potest.
2468 3776 2619 3844 Quod
2655 3775 2813 3843 igitur
2836 3783 2892 3827 ut
2919 3788 3092 3841 neque
3121 3773 3365 3840 opposita
3396 3767 3615 3836 negatio
3648 3780 3830 3821 neces-

2238 3872 2363 3925 sarii
2396 3869 2803 3939 possibilitatem
2846 3874 3119 3934 sequatur,
3152 3878 3274 3933 qute
3312 3876 3417 3915 non
3461 3872 3693 3913 necesse
3715 3871 3832 3911 esse

2240 3962 2511 4033 proponit,
2561 3973 2662 4013 nec
2692 3959 2805 4028 ipsa
2860 3956 3150 4011 necessitas
3180 3952 3478 4008 afﬁrmandi
3535 3967 3660 4021 quae
3710 3949 3833 4004 dicit

2240 4065 2461 4107 necesse
2490 4064 2631 4113 esse,
2663 4064 2836 4117 neque
2867 4050 2991 4102 huic
3019 4045 3287 4101 contraria
3314 4060 3433 4113 quae
3454 4042 3587 4098 dicit
3615 4056 3833 4096 necesse

2242 4157 2361 4200 esse
2391 4158 2496 4197 non
2535 4156 2675 4197 esse.
2724 4141 2828 4195 Sed
2862 4141 2915 4193 in
2944 4140 3027 4193 bis
3072 4148 3300 4207 quatuor
3346 4137 3700 4201 videbuntur,
3755 4142 3834 4189 est

2242 4235 2384 4291 enim
2435 4232 3077 4289 necessariaval‘ﬁrmatio
3127 4247 3246 4301 quze
3294 4230 3446 4294 dicit,
3501 4242 3726 4284 necesse
3754 4236 3835 4282 est

2244 4344 2382 4395 esse,
2416 4329 2539 4384 huic
2572 4329 2817 4397 opposita
2856 4336 2937 4380 est
2973 4341 3035 4379 ea
3076 4341 3197 4395 quae
3229 4322 3555 4392 praedicatur
3589 4337 3700 4375 non
3739 4336 3832 4374 ne-

2244 4435 2396 4476 cesse
2421 4435 2560 4475 esse.
2592 4419 2796 4473 Rursus
2821 4418 3087 4471 contraria
3112 4415 3417 4470 necessitati
3450 4412 3741 4466 afﬁrmatio
3758 4421 3838 4466 est

2245 4529 2366 4585 qua:
2404 4512 2534 4567 dicit
2579 4525 2802 4565 necesse
2830 4519 2912 4565 est
2938 4525 3043 4564 non
3072 4524 3214 4564 esse.
3267 4507 3401 4562 lluic
3447 4506 3738 4575 opponitur
3774 4518 3835 4556 ea

558 4588 892 4687 POSSiPlPFW
924 4591 1367 4687 PPOPO§ilionems
1424 4593 1741 4645 necessaria:
1790 4593 2140 4662 PWPOSWOM
2176 4627 2225 4687 ι)
2248 4623 2366 4678 qua:
2388 4605 2639 4677 proponit
2668 4621 2773 4659 non
2800 4618 3019 4660 necesse
3048 4612 3133 4658 est
3155 4618 3260 4656 non
3298 4615 3441 4665 esse,
3487 4599 3629 4668 quod
3661 4597 3837 4666 subje-

560 4677 924 4746 possibilitatis
954 4678 1165 4747 negatio
1198 4693 1317 4749 quce
1358 4689 1440 4733 est
1470 4696 1574 4733 non
1605 4682 1855 4749 possibile
1887 4697 2008 4738 esse
2034 4699 2140 4738 non

562 4774 862 4836 consentit;
891 4771 1032 4841 quod
1072 4772 1116 4825 si
1149 4772 1262 4825 hazc
1293 4773 1611 4826 necessaria:
1638 4774 1989 4828 enuntiationi
2038 4790 2142 4829 non

563 4862 1182 4930 consentit,.consentiet
1226 4862 1528 4917 afﬁrmatio.
1572 4864 1956 4921 Necessitatem
1987 4865 2148 4937 igitur

566 4957 891 5028 possibilitas
935 4956 1301 5024 consequitur.
1333 4956 1448 5009 Erit
1480 4972 1608 5025 ergo
1639 4967 1781 5012 recta
1826 4958 2150 5027 propositio-

566 5064 694 5106 num
739 5052 1121 5121 consequentia
1166 5050 1267 5105 hoc
1297 5051 1456 5105 modo
1488 5069 1501 5103 :
1532 5050 1588 5104 Si
1632 5067 1851 5107 necesse
1896 5063 2147 5116 estesse,

562 5146 823 5216 possibile
848 5155 1088 5199 estesse.
1123 5142 1228 5199 Sed
1258 5159 1442 5200 rursus
1470 5145 1573 5199 alia
1602 5145 1754 5199 nobis
1776 5158 1841 5199 ex
1873 5143 1956 5198 bis
1987 5144 2155 5214 impe-

572 5237 806 5291 dimenta
838 5244 1146 5289 nascuntur.
1182 5234 1309 5289 Nam
1333 5236 1377 5290 si
1406 5240 1526 5307 quis
1548 5237 1853 5291 necessitati
1878 5234 2018 5291 dicat
2042 5250 2157 5306 pro-
2194 5254 2195 5257 η

572 5332 887 5399 positionem
921 5329 1225 5398 possibilem
1256 5333 1579 5397 consentire,
1612 5334 1862 5399 quoniam
1889 5331 2157 5402 possibili-

568 5430 661 5479 tati
694 5440 751 5479 ea
780 5424 1072 5495 propositio
1101 5443 1219 5496 quae
1242 5426 1392 5491 dicit,
1428 5443 1534 5480 non
1579 5426 1912 5495 impossibile
1939 5441 2081 5491 esse,
2105 5436 2160 5483 et

572 5532 755 5571 rursus
782 5531 844 5572 ea
873 5534 992 5589 qua:
1032 5519 1273 5573 enuntiat
1308 5533 1413 5571 non
1448 5500 1668 5572 necesse
1714 5533 1833 5572 esse
1865 5518 2158 5586 consentit,

574 5613 712 5680 qttod
735 5615 980 5680 superior
1004 5614 1137 5667 ordo
1159 5612 1471 5683 praedocuit,
1498 5611 1599 5664 erit
1621 5620 1675 5663 ut
1695 5611 2011 5665 necessaria:
2041 5626 2162 5680 pro-

574 5708 829 5777 positioni
852 5709 1149 5763 consentiat
1193 5723 1255 5761 ea
1285 5722 1401 5775 (ιιιίε
1432 5704 1580 5770 dicit,
1616 5720 1722 5759 tton
1758 5718 1978 5760 necesse
2022 5720 2163 5774 esse,

579 5796 678 5857 erit
702 5804 859 5871 igitur
882 5811 1025 5855 recta
1059 5800 1438 5871 consequentia
1453 5802 1496 5854 si
1526 5814 1744 5855 necesse
1775 5810 1858 5853 εει
1889 5812 2030 5861 εεεε,
2057 5815 2161 5854 non

580 5909 803 5953 necesse
819 5888 1062 5950 estesse.
1097 5894 1199 5947 Sed
1231 5893 1528 5948 hocrorsus
1551 5903 1628 5947 est
1654 5891 2001 5963 impossibi‘e,
2024 5890 2162 5960 quod

2254 4708 2337 4753 cta
2366 4698 2652 4765 descriptio
2677 4695 2832 4751 docet
2860 4713 2871 4747 ε

2289 4792 2518 4847 Νεεεεεε
2542 4799 2627 4845 εει
2646 4805 2784 4845 esse.
3004 4788 3120 4843 Νοιι
3147 4802 3368 4843 necesse
3404 4794 3488 4841 est
3511 4799 3658 4840 esse.

2291 4884 2522 4939 Necesse
2548 4891 2632 4937 est
2658 4897 2762 4937 non
2787 4896 2925 4937 esse.
3005 4881 3117 4935 Non
3151 4894 3372 4935 necesse
3400 4887 3484 4932 est
3511 4892 3619 4931 non
3649 4888 3794 4929 esse.

2329 4975 2387 5028 Si
2410 4973 2569 5045 igitur
2587 4989 2761 5043 neque
2780 4988 2844 5028 ea
2866 4989 2986 5042 qua:
3006 4972 3138 5027 dicit
3165 4984 3387 5026 necesse
3401 4976 3484 5023 est
3503 4982 3646 5027 esse,
3672 4979 3845 5033 neque

2262 5068 2384 5123 huic
2407 5068 2650 5136 Opposita
2671 5081 2792 5137 qua:
2816 5066 3067 5136 proponit
3093 5080 3198 5120 non
3222 5077 3445 5119 necesse
3474 5069 3558 5115 est
3577 5073 3718 5119 esse,
3750 5071 3847 5110 nec

2262 5161 2569 5215 necessitati
2614 5160 2903 5223 contraria,
2935 5158 3089 5227 cujus
3110 5158 3375 5213 sententia
3400 5163 3485 5211 est.
3523 5172 3535 5206 :
3585 5153 3847 5227 Quoniam

2266 5266 2485 5307 necesse
2514 5259 2601 5306 est
2627 5267 2732 5306 non
2764 5266 2883 5305 esse
2914 5249 3257 5316 possibilitati
3283 5248 3574 5313 consentit,
3604 5255 3771 5301 restat
3796 5254 3853 5298 ut

2266 5343 2313 5397 ei
2336 5342 2657 5407 consentiat,
2689 5350 2877 5411 quarta
2901 5356 3018 5406 qua:
3041 5341 3189 5402 dicit,
3216 5355 3323 5393 non
3352 5352 3577 5393 necesse
3599 5346 3683 5392 est
3708 5349 3851 5397 esse.

2268 5448 2388 5502 quas
2415 5434 2622 5489 scilicet
2652 5443 2838 5503 quarta
2867 5434 3199 5501 aliquatenus
3229 5432 3385 5486 etiam
3420 5431 3521 5499 ipsi
3543 5429 3860 5483 necessitati

2271 5527 2572 5593 consentit,
2601 5526 2895 5582 necessitas
2918 5539 3047 5579 vero
3093 5524 3191 5593 ipsi
3234 5521 3581 5589 possibilitati
3611 5520 3793 5575 minim
3811 5542 3856 5574 ι’.

2270 5617 2442 5672 Omne
2482 5618 2625 5672 enim
2670 5616 2812 5687 quod
2854 5631 3074 5672 necesse
3102 5625 3184 5671 est
3222 5630 3343 5670 esse
3381 5623 3435 5669 et
3467 5614 3726 5684 possibile
3781 5626 3855 5666 ert

2271 5724 2418 5775 esse,
2466 5718 2605 5765 etut
2633 5725 2740 5763 non
2779 5709 2849 5763 sit
2876 5725 2981 5763 non
3020 5720 3102 5763 cst
3137 5722 3379 5763 necesse.
3426 5706 3628 5762 Idcirco
3677 5716 3841 5759 auten

2274 5799 2391 5854 lucc
2423 5803 2713 5872 propositio
2735 5817 2852 5871 quae
2881 5800 3028 5867 dicit,
3065 5817 3169 5856 non
3201 5814 3421 5856 necesse
3449 5808 3534 5855 est
3564 5813 3668 5854 non
3703 5814 3855 5854 esse.

2278 5894 2586 5949 necessitati
2633 5894 2935 5960 consentit,
2971 5894 3096 5965 quia
3125 5892 3429 5949 necessitati
3470 5889 3687 5962 quidem
3733 5904 3859 5943 εωε-

3948 182 3949 219 l

3952 384 3953 479 ι

3952 482 3955 555 1

3958 690 3959 727 l

3962 894 3963 941 ι

3964 996 3965 1035 l
