4090 6342
322 312 426 373 609

1050 310 1115 365 IN
1154 309 1409 367 Lissum
1449 309 1537 364 ns
1580 266 2224 365 tursnpnsrsrtous
2264 312 2488 368 EDlTlO
2524 311 2859 371 SECUNDA.

3482 319 3591 378 610

320 429 488 484 irai-ia
521 434 606 482 est
634 440 698 480 ea
728 439 847 495 quae
873 424 1037 490 dicit,
1070 442 1291 482 necesse
1322 435 1404 481 est
1440 440 1545 480 non
1584 440 1705 479 esse
1730 464 1746 490 ,
1788 424 1913 478 huic
1935 427 1988 485 Α
2018 424 2269 491 quoniam
2291 440 2453 493 supra
2476 426 2609 479 dixit
2630 426 2868 494 possibili
2896 427 3243 496 propositioni
3276 434 3593 491 necessariae

320 538 456 574 vero
499 517 744 588 opposita
779 526 863 573 est
894 533 955 571 ea
996 533 1114 587 qure
1147 518 1395 587 proponit
1428 522 1532 569 non
1575 530 1794 570 necesse
1831 524 1913 568 est

320 630 428 669 non
455 628 595 668 esse.
622 614 797 678 Quare
822 611 1125 665 consentiet
1151 611 1200 664 ei
1246 609 1537 677 propositio
1558 624 1675 676 quae
1700 617 1911 662 contra-

319 704 549 759 dictoria
572 712 652 757 est
668 700 881 755 sibimet
901 701 1159 768 οριιυείιιε
1174 699 1540 753 aflirmaliotii.
1559 696 1711 763 Quod
1734 696 1776 748 si
1792 696 1911 765 quis

320 794 832 863 attentiusinspiclt,
848 793 975 848 etad
994 808 1151 862 supra
1173 794 1431 860 scriptum
1448 791 1669 844 omnino
1688 789 1911 845 reverti-

324 902 431 955 tur,
461 889 615 943 facile
633 887 925 957 cognoscit.
947 886 1001 941 Si
1021 887 1181 955 igitur
1201 885 1455 955 possibile
1470 900 1590 939 esse
1607 894 1686 957 (ut
1706 884 1907 938 dictutn

322 981 685 1051 est)sequitur
706 995 765 1034 ea
784 979 1074 1047 prepositio
1098 994 1215 1048 qttre
1252 978 1402 1041 dicit,
1437 992 1542 1030 non
1573 990 1797 1030 necesse
1828 984 1911 1030 est

323 1089 432 1128 non
456 1087 601 1136 esse,
633 1072 967 1141 negationem
1001 1071 1309 1140 possibilein
1333 1071 1574 1139 sequitur
1602 1069 1724 1123 huic
1746 1084 1910 1138 oppo-

324 1165 427 1219 sita
452 1181 571 1234 quce
596 1162 743 1229 dicit,
766 1178 985 1217 necesse
1007 1172 1210 1216 estnon
1233 1176 1373 1216 esse.
1395 1162 1507 1215 Erit
1532 1160 1710 1229 itaque
1728 1159 1911 1228 hujus-

326 1259 471 1313 modi
501 1258 904 1325 consequentia,
937 1256 981 1310 si
1010 1257 1262 1325 possibile
1282 1266 1526 1319 estesse,
1562 1268 1666 1307 non
1689 1267 1910 1329 necesse

323 1359 408 1403 est
433 1366 538 1403 non
563 1364 704 1403 esse.
724 1347 925 1402 Rursus
951 1348 994 1401 si
1019 1363 1120 1401 noi
1142 1346 1395 1414 possibile
1418 1357 1498 1399 est
1520 1360 1637 1400 esse
1655 1385 1667 1409 ,
1691 1358 1912 1398 necesse

322 1451 408 1495 est
439 1422 730 1494 noniesse.
785 1438 1019 1494 Reverso
1065 1448 1146 1493 est
1188 1441 1346 1507 igitur
1393 1438 1480 1492 illa
1528 1437 1912 1506 consequentia

324 1548 445 1603 quae
493 1532 925 1585 rontradietmiae
956 1532 1168 1600 quidem
1216 1530 1409 1595 ﬁebat,
1467 1531 1559 1584 sed
1609 1529 1910 1584 conversim

324 1624 465 1679 sicut
487 1639 647 1692 supra
674 1624 741 1678 de
768 1624 1187 1692 impossibilibus
1211 1624 1409 1677 dictum
1436 1633 1538 1688 est,
1571 1622 1657 1678 lii'c
1687 1636 1914 1691 namque

324 1717 741 1773 aflirmationem
793 1718 1100 1787 possibiletn
1147 1720 1358 1787 negatio
1389 1719 1628 1788 sequitur
1657 1734 1775 1787 qua:
1821 1732 1914 1770 ne-

2014 511 2387 568 aflirmationis
2419 523 2754 584 negationem
2782 519 3103 583 consentire,
3138 536 3278 576 nunc
3306 523 3373 577 de
3403 526 3591 582 eadem

2012 619 2071 658 re
2100 604 2484 660 dubitationem
2518 609 2721 677 profert
2763 610 2948 664 dicetis
2979 630 2991 664 :
3038 616 3105 667 At
3131 630 3258 668 vero
3285 616 3410 670 illud
3448 622 3591 687 quod

2013 698 2267 765 possibile
2308 709 2383 752 est
2432 713 2592 766 esse,
2648 718 2750 757 non
2794 702 3122 772 impossibile
3173 722 3291 762 esse
3325 712 3588 779 sequitur.

2012 786 2143 841 Nam
2176 788 2317 857 quod
2348 790 2599 857 possibiie
2626 802 2724 856 εει,
2762 793 2861 849 hoc
2884 811 2987 851 non
3019 807 3098 851 est
3121 799 3465 869 itnpOSsibile,
3498 806 3590 859 sed

2012 879 2154 945 quod
2187 894 2391 935 nonest
2423 881 2753 949 impossibile
2776 902 2915 953 esse,
2948 906 3053 944 non
3077 907 3299 949 necesse
3326 906 3405 949 est
3439 912 3588 961 esse;

2013 987 2142 1041 ergo
2182 973 2226 1027 si
2258 989 2362 1028 non
2393 975 2725 1048 impossibile
2752 989 3000 1047 estesse,
3045 987 3286 1055 sequitur
3331 991 3595 1056 possibili-

2015 1076 2199 1136 tatem,
2236 1084 2340 1123 non
2375 1070 2860 1139 impossibilitatem
2885 1086 3062 1131 autern
3087 1083 3327 1149 sequitur
3354 1084 3403 1137 id
3450 1074 3591 1154 quod

2013 1157 2209 1213 dii-itur
2268 1177 2374 1215 non
2411 1165 2769 1219 necessarium
2825 1184 2975 1234 esse,
3028 1176 3372 1245 sequiturque
3421 1181 3591 1247 possis

2014 1248 2175 1304 bilem
2226 1253 2647 1321 prepositionem
2698 1256 2747 1310 id
2806 1260 2945 1326 quod
2992 1262 3217 1319 dicimus
3256 1284 3361 1322 non
3409 1287 3593 1326 neces-

2016 1342 2213 1397 sarium
2263 1360 2427 1410 esse,
2484 1348 2614 1402 nulli
2668 1350 2889 1405 dubium
2946 1357 3070 1423 quin
3126 1358 3168 1411 si
3220 1364 3590 1420 necessitatem

2016 1435 2341 1501 possibilitas
2397 1441 2638 1507 sequitur
2670 1482 2684 1506 ,
2736 1455 2990 1510 sequatur
3032 1447 3441 1509 affirmationem
3500 1471 3593 1511 ne-

2018 1532 2303 1584 cessariam
2356 1536 2566 1603 negatio
2604 1538 2912 1592 necessarii.
2956 1540 3131 1607 Quare
3165 1548 3423 1617 contingit
3452 1552 3592 1620 quod

2018 1622 2383 1676 necessarium
2409 1637 2651 1693 estesse,
2683 1628 2912 1697 idipsum
2939 1648 3041 1687 non
3066 1641 3423 1695 necessarium
3452 1658 3593 1709 esse,

2019 1711 2158 1781 quod
2210 1722 2292 1767 est
2321 1714 2723 1773 inconveniens.
2755 1719 2977 1776 Constat
3005 1740 3132 1794 ergo
3164 1730 3411 1796 quoniam
3454 1734 3597 1787 affir-

324 1811 625 1864 cessaiium
654 1809 868 1879 quidem
901 1811 1157 1878 destruit,
1198 1811 1291 1866 sed
1319 1811 1370 1866 id
1397 1812 1539 1882 quod
1567 1812 1632 1865 ad
1658 1828 1760 1865 non
1792 1826 1914 1867 esse
1946 1818 1993 1877 Β
2021 1806 2309 1860 mationem
2344 1810 2649 1876 possibilem
2683 1828 2787 1865 non
2819 1817 3061 1885 sequitur
3110 1824 3352 1888 opposita
3387 1827 3599 1894 negatio

328 1902 545 1970 ponitur
594 1916 654 1954 ea
696 1902 900 1956 scilicet
927 1917 1046 1972 quae
1073 1902 1237 1970 dicit,
1286 1918 1389 1957 non
1423 1917 1643 1957 necesse
1683 1914 1767 1959 est
1807 1918 1913 1957 non

329 2006 477 2056 esse,
509 2008 695 2046 rursus
722 1995 1061 2062 negationem
1095 1994 1404 2061 possibilem
1429 1993 1711 2048 affirmatio
1739 1994 1915 2063 sequi-

329 2092 415 2136 tur
446 2086 751 2138 necessaria
784 2100 901 2153 qure
928 2085 1223 2139 secundum
1257 2101 1361 2140 non
1393 2102 1514 2141 esse
1554 2087 1784 2155 ponitur.
1822 2088 1917 2140 Est

330 2176 490 2246 igitur
523 2178 609 2231 iiic
641 2193 856 2247 quoque
886 2179 1074 2234 eadem
1100 2181 1422 2245 conversio,
1459 2189 1517 2233 ut
1564 2181 1915 2236 contradictio

329 2270 548 2339 quidem
578 2273 1057 2328 contradictionem
1084 2284 1357 2344 sequatur,
1392 2275 1486 2328 sed
1513 2278 1835 2339 conversim,
1859 2282 1918 2329 ut

330 2364 616 2417 affirmatio
656 2365 956 2433 negationi,
989 2367 1199 2436 negatio
1227 2382 1353 2420 vero
1398 2366 1736 2421 affirmationi
1782 2382 1916 2421 con-

330 2455 534 2507 veniat.
567 2455 757 2509 Melius
796 2471 924 2511 vero
954 2457 1053 2511 lioc
1097 2459 1142 2511 si
1172 2459 1271 2511 sub
1302 2458 1471 2512 oculis
1516 2459 1667 2513 cadet
1714 2460 1917 2528 liquere

327 2548 619 2612 credimus,
646 2558 808 2619 atque
838 2550 960 2603 ideo
984 2551 1321 2620 apertissime
1344 2553 1666 2606 sententiam
1694 2554 1768 2607 rei
1791 2553 1918 2607 sub-

330 2650 483 2717 iectae
512 2649 877 2719 dispositionis
914 2667 1009 2705 nos
1036 2652 1167 2705 ordo
1192 2662 1552 2707 commoneat.

362 2750 626 2806 Possibile
650 2763 731 2807 est
772 2768 908 2807 isse.
1202 2755 1316 2809 Non
1350 2757 1602 2824 possibile
1633 2766 1714 2812 est
1739 2773 1879 2815 esse.

364 2844 479 2898 Non
505 2859 729 2901 necesse
749 2856 833 2901 est
860 2862 962 2900 non
986 2862 1126 2902 esse.
1203 2847 1436 2902 Necesse
1475 2857 1558 2904 est
1588 2866 1694 2904 non
1738 2865 1878 2906 esse.

405 2943 592 3000 Omnis
643 2945 859 3015 quidem
909 2949 1174 3002 sententia
1228 2948 1346 3001 talis
1390 2957 1490 3003 cst.
1545 2949 1689 3003 Ordo
1737 2958 1916 3006 autem

333 3052 640 3091 sermonum
680 3039 985 3107 huiusmodi
1023 3048 1106 3093 est
1135 3058 1146 3092 :
1180 3040 1467 3109 Postquam
1490 3040 1711 3096 dixitde
1747 3043 1920 3110 possi-

331 3129 515 3184 bilium
547 3139 602 3185 et
634 3132 1044 3200 impossibilium
1075 3134 1487 3201 consequentia,
1515 3136 1659 3205 quod
1699 3146 1918 3191 contra-

329 3220 599 3277 dictiones
626 3224 842 3293 quidem
874 3225 1385 3281 contradictionibus
1412 3231 1791 3297 convenirent,
1822 3230 1916 3285 sed
1944 3199 1991 3261 Ο

329 3317 661 3383 conversim,
708 3318 758 3371 id
783 3329 864 3372 est
894 3319 1034 3386 quod
1065 3318 1348 3375 afﬁrmatio
1378 3323 1679 3389 negationi,
1711 3324 1925 3393 negatio

331 3421 458 3461 vero
489 3411 824 3464 consentiret
876 3410 1242 3467 affirmationi.
1292 3412 1415 3467 Haec
1456 3414 1675 3478 eadem,
1726 3415 1921 3485 inquit,

332 3510 714 3578 consequentia
759 3511 1209 3580 quemadmodum
1240 3515 1293 3567 in
1322 3516 1645 3569 necessariis
1681 3517 1922 3593 eveniat.

333 3602 627 3655 videndum
678 3612 780 3655 est.
825 3603 1139 3671 Speculatus
1188 3605 1348 3673 igitur
1395 3615 1449 3661 et
1491 3606 1559 3660 de
1602 3610 1924 3664 necessariis

336 3694 479 3749 idem
505 3710 612 3748 non
643 3695 865 3763 reperit,
898 3711 1019 3750 nam
1052 3713 1169 3751 cum
1194 3697 1418 3751 dixisset
1450 3700 1739 3753 necessarii
1765 3715 1924 3770 nega-

336 3785 538 3840 tionem
573 3786 911 3854 possibilitati
944 3789 1271 3854 consentire,
1305 3788 1591 3844 aflirmatio
1621 3793 1924 3846 necessaria

337 3878 611 3946 negationi
666 3878 1031 3947 possibilitatis
1074 3895 1180 3934 non
1210 3883 1497 3936 consentit.
1547 3882 1795 3952 Ejusdem
1847 3886 1924 3940 rei

332 3966 570 4022 reddens
635 3983 824 4023 causas
883 3969 1008 4023 illud
1064 3971 1265 4040 arguit,
1326 3972 1467 4042 quod
1520 3972 1927 4039 impossibilitas

333 4059 650 4113 necessitati
702 4060 842 4115 idem
893 4062 1097 4118 valeret
1149 4066 1433 4119 contrariae
1483 4067 1708 4121 reddita.
1756 4070 1925 4135 Quam

342 4163 460 4201 rem
513 4151 794 4207 emendare
822 4153 1005 4207 volens
1052 4155 1121 4208 ita
1168 4155 1344 4211 dixit:
1376 4160 1454 4209 An
1486 4168 1631 4213 certe
1657 4201 1671 4224 ,
1722 4160 1924 4230 inquit,

334 4241 671 4309 impossibile
694 4253 774 4297 est
802 4243 878 4298 sic
904 4246 1025 4314 poni
1051 4248 1340 4302 necessarii
1366 4249 1842 4317 contradictionez,
1871 4262 1928 4305 ut

334 4334 679 4403 negationem
704 4338 911 4392 scilicet
934 4341 1223 4394 necessarii
1249 4343 1587 4410 possibilitati
1617 4346 1927 4401 consentire

335 4420 660 4478 diceremus.
697 4427 916 4481 Addidit
946 4439 1124 4483 autem
1175 4431 1561 4489 dubitationem
1605 4436 1923 4505 quamdam,

336 4530 452 4584 qute
484 4517 554 4570 ita
588 4534 707 4589 sese
741 4521 918 4575 liabet.
958 4523 1087 4576 Nam
1117 4525 1255 4593 quod
1289 4536 1393 4592 est,
1442 4527 1643 4598 inquit,
1674 4545 1925 4586 necessao

337 4609 470 4660 rium
502 4622 645 4672 esse,
681 4611 806 4665 illud
835 4613 952 4668 sine
979 4614 1141 4671 dubio
1168 4619 1421 4685 possibile
1448 4629 1532 4675 est
1558 4637 1694 4677 esse.
1722 4622 1852 4677 Nam
1877 4624 1920 4677 si

335 4712 439 4751 non
468 4740 480 4761 ,
514 4698 564 4751 id
607 4711 688 4754 est
726 4701 770 4755 si
811 4705 950 4772 quod
985 4710 1344 4762 necessarium
1386 4721 1497 4777 est,
1530 4714 1785 4783 possibile
1814 4729 1920 4770 non

335 4798 436 4853 est,
477 4792 693 4859 negatio
726 4796 1098 4859 possibilitatis
1129 4805 1493 4869 consequitur.
1521 4804 1751 4861 Necesse
1778 4809 1921 4863 enim

337 4882 387 4936 in
421 4886 672 4939 omnibus
700 4888 861 4941 rebus
910 4899 1003 4943 aut
1038 4893 1251 4959 dicere,
1300 4895 1350 4949 id
1379 4906 1460 4950 est
1487 4899 1788 4965 al'ﬁiinare,
1834 4911 1925 4957 aut

337 4986 482 5029 certe
533 4993 730 5046 negare
751 5020 765 5043 ,
796 4980 847 5034 iu
881 4983 1128 5037 omnibus
1167 5002 1395 5056 namque
1426 4991 1586 5045 rebus
1608 5032 1621 5057 ,
1659 5004 1750 5048 aut
1780 4996 1926 5048 affir-

337 5069 504 5121 matio
531 5084 656 5123 vera
703 5082 820 5139 cst,
849 5085 941 5127 aut
965 5077 1192 5147 negatio,
1236 5094 1406 5148 quare
1447 5083 1490 5134 si
1533 5098 1635 5137 non
1670 5087 1926 5153 possibile

336 5169 418 5212 est
444 5175 584 5225 esse,
616 5162 666 5217 id
707 5175 820 5233 est,
857 5168 897 5221 si
934 5167 1033 5223 boc
1058 5178 1271 5225 estnon
1311 5175 1560 5240 possibile
1588 5192 1735 5242 esse,
1784 5179 1924 5248 quod

336 5251 668 5318 impossibile
718 5266 838 5324 est,
881 5257 970 5313 fiet
1000 5260 1050 5314 id
1079 5263 1220 5330 quod
1255 5268 1617 5319 necessarium
1659 5278 1742 5322 est
1781 5286 1922 5325 esse.

337 5337 589 5408 Sequitur
618 5353 794 5400 autem
828 5350 1246 5417 propositionem
1280 5370 1398 5423 ιμιιυ
1432 5355 1583 5421 dicit,
1617 5372 1719 5410 non
1750 5362 1926 5427 possi-

337 5430 443 5486 bile
466 5442 551 5487 est
579 5451 700 5490 esse
728 5437 816 5490 illa
850 5456 969 5507 qua:
1003 5446 1267 5512 proponit,
1307 5446 1640 5515 impossibile
1671 5461 1745 5503 cst
1781 5467 1921 5522 esse,

339 5531 392 5577 et
418 5526 476 5577 lit
503 5525 701 5596 aliquid
730 5529 1063 5600 impossibile
1094 5547 1150 5588 ut
1178 5536 1416 5602 dicatur,
1471 5539 1630 5607 igitur
1679 5540 1927 5611 impossi-

341 5612 445 5667 b‘le
476 5625 557 5670 est
586 5634 738 5683 esse,
776 5622 823 5675 id
856 5626 994 5692 quod
1035 5642 1254 5682 necesse
1285 5642 1363 5683 εει
1398 5645 1532 5684 esse.
1566 5632 1668 5687 Sed
1705 5635 1803 5690 lioc
1839 5637 1922 5691 iti-

342 5712 668 5765 conveniens
714 5725 828 5780 cst,
874 5733 1001 5788 ergo
1048 5720 1095 5771 id
1138 5721 1317 5775 docuit
1371 5726 1509 5792 quod
1552 5730 1921 5785 necessitatem

343 5801 665 5857 possibilitas
706 5820 1036 5864 sequeretur.
1090 5810 1237 5866 Nunc
1294 5823 1470 5869 autem
1536 5819 1667 5872 iliud
1725 5820 1872 5876 addit
1909 5862 1925 5882 .

2022 1900 2344 1955 necessaiim
2372 1902 2741 1970 aiﬁrmationi,
2772 1907 2972 1963 ideirco
2994 1913 3135 1980 quod
3166 1915 3293 1969 illud
3322 1932 3600 1974 removen-

2020 1993 2145 2045 dum
2178 2005 2292 2055 est,
2327 2004 2383 2047 ut
2409 2009 2569 2063 supra
2601 1995 2864 2063 diximus,
2898 2016 2964 2055 ne
2991 2013 3245 2072 sequatur
3291 2009 3599 2075 possibilem

2019 2083 2429 2140 afﬁrmationem
2456 2090 2698 2158 ‘negatio
2728 2094 3071 2149 ,necessarize
3095 2136 3109 2161 ,
3139 2105 3195 2150 ut
3225 2104 3599 2157 necessitatem

2021 2177 2351 2245 possibilitas
2403 2190 2673 2250 sequatur.
2727 2184 2877 2249 Quod
2910 2185 3030 2254 quia
3076 2188 3190 2243 fieri
3238 2192 3384 2247 nulo
3441 2197 3603 2252 modo

2022 2279 2217 2339 potest,
2248 2272 2373 2326 illud
2406 2282 2489 2327 est
2518 2277 2899 2331 removendum
2922 2322 2937 2346 ,
2971 2296 3036 2336 ne
3064 2285 3473 2351 possibilitatem
3507 2308 3603 2349 nec

2020 2363 2257 2416 cessitati
2286 2365 2531 2433 opposita
2561 2368 2776 2437 negatio
2802 2372 3180 2442 subsequatur.
3214 2378 3376 2449 Igitur
3401 2398 3462 2437 ea
3487 2400 3603 2452 quae

2021 2454 2172 2520 dicit,
2208 2471 2314 2510 non
2349 2472 2570 2513 necesse
2598 2469 2844 2529 estesse,
2880 2480 2983 2520 non
3009 2471 3252 2539 sequitur
3284 2477 3602 2541 possibilita—

2023 2553 2151 2601 tem.
2186 2547 2255 2601 Et
2297 2548 2421 2618 quia
2467 2553 2581 2606 lizec
2610 2554 2789 2608 omnia
2823 2556 2874 2609 in
2921 2560 3099 2615 medio
3146 2572 3411 2633 tacuerat,
3444 2584 3602 2640 supra

2022 2639 2181 2695 dictis
2231 2641 2435 2695 addist
2500 2661 2513 2697 :
2572 2644 2643 2698 At
2691 2662 2819 2700 vero
2874 2665 3048 2719 neque
3105 2660 3467 2714 necessarium
3514 2639 3603 2719 se-

2022 2733 2204 2800 quitur
2237 2735 2493 2801 possibile
2524 2751 2644 2792 esse
2665 2780 2679 2805 ,
2730 2738 2829 2793 hoc
2860 2742 3067 2798 scilicet
3110 2752 3390 2804 sententiae
3437 2754 3605 2809 inclu-

2022 2823 2158 2878 dens
2185 2826 2525 2893 possibilitati
2558 2844 2662 2883 non
2704 2836 3012 2889 consentire
3052 2842 3438 2896 necessarium.
3496 2846 3603 2901 Nec

2024 2916 2126 2971 hoc
2175 2919 2369 2985 solum,
2414 2921 2505 2975 sed
2549 2937 2721 2991 neque
2753 2925 2882 2978 illud
2920 2930 3061 2996 quod
3098 2931 3325 2987 dicimus
3356 2948 3603 2993 necessaé-

2024 3010 2161 3063 rium
2213 3028 2316 3065 non
2362 3027 2500 3077 esse,
2546 3013 2646 3068 lioc
2691 3023 2746 3068 ut
2786 3025 3067 3075 tractatum
3110 3023 3179 3077 sit
3227 3026 3343 3093 ipse
3394 3030 3603 3097 planius

2024 3112 2304 3157 monstrat.
2338 3103 2417 3157 llli
2438 3106 2605 3169 euitn,
2634 3106 2685 3160 id
2715 3119 2797 3162 est
2823 3112 3061 3178 possibili
3095 3125 3321 3186 utraque
3347 3125 3607 3193 contingit

2023 3192 2269 3246 accidere
2297 3201 2350 3247 et
2382 3209 2501 3248 esse
2522 3196 2759 3263 scilicet,
2784 3209 2963 3254 etnon
2995 3216 3131 3257 esse.
3169 3204 3369 3261 Horum
3402 3192 3606 3277 autem,

2028 3285 2081 3340 id
2103 3294 2183 3341 est
2205 3289 2806 3345 necessariisecundum
2836 3308 2977 3360 esse,
3010 3307 3061 3350 et
3092 3305 3382 3357 necessarii
3416 3322 3608 3360 secun-

2028 3381 2153 3435 dum
2186 3396 2291 3435 non
2320 3396 2462 3448 esse,
2492 3383 2536 3437 si
2566 3386 2876 3441 utrumlibet
2904 3404 3083 3443 verum
3112 3392 3285 3462 fuerit,
3317 3414 3421 3452 non
3455 3411 3610 3455 erunt

2027 3474 2115 3528 illa
2147 3490 2291 3539 vera,
2327 3485 2380 3530 et
2408 3476 2508 3530 lioc
2536 3477 2646 3544 ipse
2664 3480 2902 3546 exponit,
2935 3481 3001 3535 de
3033 3486 3272 3551 possibili
3294 3490 3437 3543 enim
3464 3502 3611 3547 utrov

2027 3583 2131 3634 que
2162 3569 2234 3621 ita
2268 3568 2416 3621 dicit.
2463 3568 2631 3624 Simul
2661 3571 2801 3624 enim
2830 3584 2909 3625 est
2930 3577 3183 3641 possibile
3208 3589 3401 3635 etesse
3424 3594 3606 3639 etnon

2027 3675 2179 3725 esse,
2222 3661 2323 3713 hoc
2362 3671 2443 3715 est
2474 3678 2599 3731 ergo
2628 3664 2767 3732 qUod
2797 3666 2890 3720 ait.
2926 3667 3004 3719 Illi
3037 3670 3178 3724 enim
3213 3683 3436 3743 utraque
3470 3692 3603 3730 eon-

2030 3754 2466 3822 tingitacciilere.
2505 3755 2597 3808 Siti
2634 3770 2791 3821 vero,
2827 3758 3024 3828 inquit,
3059 3777 3279 3819 necesse
3307 3777 3524 3824 estesse
3555 3781 3608 3824 et

2030 3860 2134 3899 non
2162 3858 2282 3899 esse
2303 3846 2317 3909 ,‘
2349 3846 2397 3897 id
2430 3857 2513 3900 est
2534 3886 2549 3910 ,
2582 3848 2625 3901 si
2654 3864 2756 3901 non
2794 3861 2964 3917 potest
2992 3870 3095 3908 non
3126 3871 3265 3925 esse,
3292 3870 3344 3913 et
3377 3877 3479 3915 non
3513 3879 3609 3931 po-

2030 3937 2155 3991 terit
2184 3951 2337 4004 esse,
2371 3953 2474 3992 non
2518 3940 2616 3993 erit
2650 3940 2899 4007 possibile
2950 3954 3251 4018 utrumque,
3305 3959 3359 4004 ut
3405 3952 3450 4006 si
3492 3969 3612 4009 esse

2032 4044 2254 4086 necesse
2297 4041 2416 4097 est,
2450 4049 2554 4087 non
2601 4037 2793 4101 poterit
2832 4053 2935 4091 non
2969 4055 3106 4104 esse,
3135 4043 3217 4095 vel
3250 4043 3293 4097 si
3346 4061 3448 4100 non
3491 4064 3611 4104 esse

2031 4138 2253 4177 necesse
2294 4126 2393 4190 sit,
2424 4142 2527 4179 non
2559 4129 2752 4196 poterit
2781 4145 2935 4196 esse;
2971 4142 3077 4186 tres
3109 4134 3265 4203 igitur
3294 4142 3610 4209 prapositio-

2033 4228 2146 4279 nes,
2172 4230 2274 4268 non
2302 4231 2520 4271 necesse
2542 4232 2681 4281 8558,
2702 4235 2919 4275 11888538
2948 4239 3087 4287 8588,
3120 4241 3340 4283 necesse
3361 4245 3480 4285 esse
3503 4249 3607 4287 non

2031 4321 2172 4374 esse,
2195 4309 2603 4375 possibilitatem
2640 4326 2741 4364 non
2776 4325 3091 4381 sequuntur.
3120 4316 3459 4389 Relinquitur
3484 4340 3611 4393 ergo

2034 4396 2154 4463 boc,
2194 4400 2241 4451 id
2273 4411 2351 4453 est
2384 4408 2440 4454 ut
2478 4412 2663 4470 quarta
2702 4405 2997 4472 propositio
3026 4423 3147 4476 qua:
3185 4414 3471 4479 opponitur
3519 4431 3613 4470 ne-

2032 4491 2277 4545 cessaria:
2303 4494 2594 4547 secundum
2628 4510 2729 4549 non
2754 4511 2873 4550 esse
2895 4497 3256 4568 afliriuationi,
3291 4506 3611 4573 possibilita-

2036 4594 2139 4639 tem
2172 4599 2451 4655 sequatur,
2484 4588 2533 4641 id
2559 4600 2639 4643 est
2672 4606 2777 4642 non
2805 4592 3165 4649 necessarium
3193 4611 3296 4649 non
3320 4614 3438 4654 esse
3462 4602 3613 4671 sequi

2030 4678 2284 4748 possibile
2310 4695 2462 4745 esse;
2504 4681 2600 4735 sed
2635 4683 2756 4751 quia
2792 4685 3045 4751 possibile
3069 4692 3333 4745 consentit
3367 4708 3616 4749 necessa-

2032 4770 2143 4836 rio,
2173 4771 2286 4826 haec
2317 4787 2530 4843 quoque
2560 4778 2822 4831 consentit
2873 4783 3199 4837 necessario.
3231 4784 3468 4857 Namque
3512 4790 3616 4844 boc

2032 4872 2114 4917 est
2134 4865 2273 4934 quod
2297 4865 2459 4931 dixit,
2496 4867 2607 4923 lloc
2630 4869 2769 4923 enim
2796 4887 2981 4930 verum
3012 4886 3092 4929 est
3119 4886 3173 4931 et
3205 4878 3269 4933 de
3295 4881 3615 4937 necessitate

2032 4980 2172 5033 esse.
2197 4962 2327 5021 Nam
2355 4970 2493 5037 quod
2537 4986 2759 5027 necesse
2787 4983 2868 5029 est
2898 4991 3038 5055 esse,
3065 4994 3168 5033 non
3195 4995 3417 5036 necesse
3445 4991 3528 5037 est
3557 4993 3615 5038 ut

2031 5072 2137 5111 non
2167 5059 2263 5124 sit;
2299 5060 2411 5115 Iitec
2442 5062 2601 5132 igitur
2630 5068 2922 5137 propositio
2944 5086 3062 5138 qua:
3090 5071 3239 5137 dicit,
3269 5089 3370 5128 non
3395 5091 3617 5132 necesse

2029 5162 2113 5207 est
2142 5171 2245 5208 non
2278 5171 2419 5220 esse,
2462 5159 2813 5214 contradictio
2840 5164 2955 5229 ejus
2983 5165 3354 5220 aitirmationis
3396 5179 3475 5221 est
3498 5185 3616 5235 qua:

2031 5248 2269 5315 sequitur
2293 5248 2633 5318 negationem
2663 5253 3033 5321 possibilitatis
3059 5296 3072 5317 ,
3110 5272 3227 5311 eam
3258 5257 3461 5312 scilicet
3495 5274 3615 5329 qua:

2030 5339 2160 5395 dicit
2181 5357 2283 5397 non
2317 5330 2573 5413 possibile
2602 5362 2738 5401 esse.
2765 5347 2894 5401 Nam
2916 5362 3035 5402 cum
3056 5349 3466 5405 aflirrnationem
3491 5366 3609 5407 eam

2033 5451 2150 5504 qure
2191 5445 2274 5490 est
2323 5426 2530 5493 scilicet
2578 5442 2826 5509 possibile
2857 5457 2977 5498 esse
3017 5434 3274 5513 sequetur
3326 5445 3615 5502 necessarii

2035 5537 2327 5593 secundum
2355 5555 2460 5595 non
2488 5555 2608 5597 esse
2627 5543 2838 5613 negatio
2865 5558 2927 5597 ea
2953 5559 3071 5613 quae
3093 5542 3349 5614 proponit
3378 5561 3482 5601 non
3523 5563 3615 5603 ηε-

2036 5646 2187 5687 cosse
2217 5620 2296 5687 est
2333 5650 2435 5689 non
2468 5651 2610 5693 esse.
2646 5638 2989 5707 Negatioiiem
3021 5641 3347 5708 possibiletn,
3371 5656 3486 5697 eam
3516 5644 3618 5697 sci-

2039 5725 2159 5781 licet
2184 5745 2300 5797 quae
2333 5732 2577 5800 prepoiiit
2611 5750 2713 5785 nwn
2749 5734 2997 5801 possibile
3024 5749 3179 5804 esse,
3209 5740 3445 5806 sequitur
3474 5738 3619 5793 allir-

2038 5831 2144 5873 tnat
2167 5835 2198 5873 ο
2230 5824 2526 5877 necessaria
2556 5826 2849 5880 secundum
2875 5842 2977 5881 non
3011 5844 3131 5886 esse
3155 5874 3167 5896 ,
3198 5846 3315 5900 quas
3344 5830 3496 5900 dicit,
3522 5846 3617 5888 ne-
