4090 6342
467 302 564 375 eti
1706 314 1818 373 AN.
1858 312 2069 373 MANL.
2107 311 2261 371 sev.
2302 310 2525 370 nomn
3645 306 3749 363 σεε).

469 452 621 492 cesso
647 446 854 490 estnon
884 446 1019 497 esse,
1053 445 1209 502 quam
1237 427 1482 485 eamdem
1510 444 1631 501 quae
1657 431 1910 501 proponit
1942 446 2049 485 non
2082 435 2128 494 Α
2156 429 2381 486 sibilitas
2420 429 2665 500 sequitur
2711 426 3115 493 necessitatem;
3166 424 3305 496 quod
3342 427 3386 481 si
3416 429 3619 497 possibi
3652 442 3748 482 itas

473 533 723 600 possibile
753 541 832 585 est
860 544 1002 593 esse,
1031 544 1148 598 quat:
1176 536 1257 581 est
1284 524 1488 580 scilicet
1525 528 1740 595 negatio
1774 524 2051 594 possibili-

472 627 624 687 tatis,
668 622 1008 691 llllthsSlblliS
1055 619 1340 674 afﬁrmatio
1370 620 1615 689 sequitur
1645 634 1762 688 qua:
1800 615 2052 687 proponit

472 717 799 787 impossibile
819 727 1069 780 estesse;
1096 715 1194 767 hoc
1224 721 1306 768 est
1326 727 1455 783 ergo
1478 712 1617 782 quod
1642 712 1738 779 ait,
1767 710 1889 765 ΙΙ.Εο
1908 711 2052 764 enim

470 811 533 864 sit
582 807 931 862 contradictio
981 808 1096 873 ejus
1125 822 1243 875 (ιιιιε
1276 805 1519 873 sequitur
1548 803 1601 857 id
1649 802 1793 873 quod
1825 811 1906 856 est
1945 816 2053 856 non

472 901 720 971 pttSsibile
745 916 887 955 esse.
928 897 1058 952 Nam
1108 914 1227 952 cum
1282 897 1590 965 possibilem
1644 894 2054 949 altirmationem

471 1004 719 1062 sequatur
744 1005 1061 1046 necessaria)
1087 989 1378 1045 secundum
1413 1006 1517 1043 non
1549 1002 1670 1043 esse
1698 988 1915 1058 negatio
1935 1001 2056 1057 qua:

471 1084 616 1153 dieit,
648 1100 751 1138 non
785 1098 1004 1138 necesse
1033 1091 1114 1137 est
1143 1096 1246 1134 non
1278 1096 1396 1136 esse
1422 1122 1435 1147 ,
1477 1080 1593 1135 haec
1624 1082 1929 1135 necessaria
1963 1094 2059 1135 seu

472 1180 699 1233 cundum
750 1195 855 1234 non
883 1193 1003 1233 esse
1042 1178 1249 1248 negatio
1290 1174 1646 1230 contradictio
1693 1182 1773 1227 est
1800 1172 1917 1243 ejus
1934 1187 2054 1243 qua:

471 1273 710 1342 sequitur
735 1273 1076 1342 negationem
1108 1270 1498 1340 possibilitatis.
1526 1266 1659 1322 Illud
1681 1268 1823 1321 enim
1849 1308 1864 1332 ,
1898 1264 1950 1319 id
1974 1276 2057 1321 est

472 1370 804 1435 negationem
830 1362 1219 1433 possibditatis,
1248 1362 1488 1431 sequitur
1510 1358 1560 1414 id
1584 1358 1724 1430 quod
1747 1367 1830 1412 est
1852 1356 2056 1426 impos-

472 1457 646 1517 sibile.
694 1455 824 1511 Nam
869 1470 991 1509 cum
1037 1453 1253 1525 negatio
1285 1453 1653 1523 possibilitatis
1683 1450 1754 1505 sit
1781 1464 1900 1520 quae
1928 1448 2059 1503 dicit

471 1564 577 1603 non
600 1547 851 1619 possibile
872 1561 991 1601 esse
1010 1587 1023 1613 ,
1058 1546 1446 1614 bancsequitur
1467 1559 1526 1600 ea
1551 1559 1669 1614 qua:
1698 1542 1826 1596 dicit
1850 1540 2053 1610 impos—

472 1642 625 1698 sibile
653 1652 916 1708 estesse,
967 1640 1051 1695 cui
1100 1639 1369 1695 censentit
1397 1654 1459 1694 ea
1504 1652 1624 1709 qua:
1655 1635 1787 1690 dicit
1836 1647 2058 1689 necesse

474 1748 590 1791 esse
618 1750 723 1789 non
750 1749 891 1789 esse.
924 1735 1177 1803 Sequitur
1199 1733 1359 1804 igitur
1380 1731 1650 1802 possibilis
1676 1727 2058 1799 propositionis

2160 525 2538 579 necessitatem
2594 538 2701 578 non
2761 525 3043 597 sequitur,
3104 523 3313 592 nt'gatiu
3375 524 3750 593 possiliiiitatis

2158 616 2398 686 sequitur
2427 630 2489 669 ea
2530 615 2737 669 scilicet
2759 629 2879 684 quin
2906 623 2988 667 est
3019 630 3125 668 non
3153 614 3409 684 possibile
3438 631 3590 683 esse,
3624 633 3749 670 evo-

2158 705 2484 777 nientqueea
2501 720 2686 760 rursus
2714 706 3076 767 incommoda.
3102 721 3224 777 quae
3252 706 3453 761 dudum
3485 725 3605 762 cunt
3624 725 3745 763 eum

2160 797 2340 853 locum
2375 809 2730 855 tractaremus
2752 799 3153 869 expressimus;
3185 803 3326 871 quod
3358 802 3402 855 si
3431 804 3555 873 quis
3578 808 3750 872 possi-

2160 890 2379 947 bilitatis
2432 906 2537 947 non
2595 894 2722 949 velit
2774 908 2896 949 esse
2944 896 3278 964 negationem
3309 912 3426 951 eam
3475 913 3594 966 quae
3624 898 3752 952 dicit

2160 1000 2267 1038 non
2300 986 2556 1055 possibile
2582 1002 2722 1052 esse,
2772 988 2865 1042 sed
2898 989 3070 1057 potius
3100 1004 3219 1042 eam
3268 1005 3388 1059 quae
3420 989 3555 1044 dicit
3583 992 3751 1059 possi-

2164 1077 2273 1134 bile
2310 1094 2431 1134 esse
2458 1095 2561 1135 non
2590 1095 2726 1135 esse.
2760 1081 3072 1150 Quanquam
3105 1082 3197 1137 ille
3228 1098 3332 1137 non
3366 1094 3513 1138 recto
3557 1087 3751 1139 ordine

2162 1174 2503 1229 atﬁrmatiooi
2537 1176 2872 1246 negationem
2909 1175 3299 1243 accommodet,
3347 1176 3547 1232 dictum
3589 1194 3749 1249 supra

2162 1266 2221 1321 ﬁt
2250 1268 2458 1336 quoties
2504 1284 2626 1324 cum
2655 1268 2814 1324 modo
2848 1268 3239 1340 propositiones
3262 1272 3514 1326 dicuntur
3534 1273 3603 1327 ad
3639 1290 3753 1330 mo-

2161 1357 2260 1414 dos
2299 1360 2446 1429 ipsos
2477 1367 2648 1430 potius
2677 1364 3013 1432 negationem
3049 1364 3169 1431 poni
3203 1375 3453 1434 oportere
3496 1382 3657 1437 quam
3686 1366 3751 1422 ad

2160 1455 2350 1524 verba,
2383 1458 2571 1512 dandae
2598 1466 2775 1512 tamen
2804 1474 2993 1513 manus
3023 1468 3168 1524 sunt,
3202 1469 3261 1513 ut
3290 1475 3409 1514 cum
3439 1476 3505 1515 eo
3534 1476 3749 1531 quoque

2162 1562 2421 1603 concesso
2454 1550 2594 1620 quod
2624 1551 2689 1603 ad
2708 1550 3078 1607 defensionem
3109 1552 3233 1606 utile
3265 1553 3536 1623 aliquibus
3577 1554 3752 1609 videri

2165 1642 2370 1709 possit,
2401 1643 2875 1711 argumentationis
2919 1642 3105 1699 falsam
3161 1656 3485 1701 sententiam
3523 1646 3753 1717 fregeri-

2164 1748 2315 1798 mus,
2360 1734 2570 1804 penitus
2598 1744 2758 1805 atque
2790 1735 2951 1791 altius
2985 1735 3054 1790 sit
3083 1737 3279 1791 veritas
3325 1740 3642 1795 constituta.
3677 1738 3755 1797 Sit

474 1830 807 1900 negationem
838 1844 900 1882 ea
930 1845 1049 1898 qua:
1076 1829 1205 1883 dicit
1225 1841 1447 1883 necesse
1468 1840 1590 1881 esse
1614 1841 1717 1879 non
1741 1838 1881 1890 esse,
1905 1821 2060 1892 cujus
2090 1831 2137 1892 Β
2166 1840 2293 1896 ergo
2341 1827 2553 1896 negatio
2584 1827 2953 1896 possibilitatis
2982 1843 3140 1898 quam
3189 1829 3288 1898 ipsi
3323 1829 3543 1896 volunt,
3593 1831 3646 1885 id
3677 1842 3756 1889 est

475 1933 553 1978 est
574 1922 918 1977 contradictio
937 1938 996 1976 ea
1023 1936 1141 1990 quae
1156 1921 1283 1975 dicit
1306 1937 1409 1974 non
1436 1934 1659 1974 necesse
1682 1927 1765 1972 est
1786 1931 1891 1971 non
1913 1930 2054 1969 esse.

476 1998 561 2069 Fit
587 2028 714 2082 ergo
752 2013 803 2067 id
848 2027 1059 2082 quoque
1093 2020 1151 2066 ut
1195 2011 1553 2066 contradictio
1582 2008 2059 2063 contradictionem

476 2117 750 2174 sequatur,
781 2104 875 2160 sed
895 2105 1217 2160 conversim.
1235 2104 1384 2172 Quod
1403 2104 1477 2157 ait
1505 2118 1598 2173 per
1626 2104 1727 2157 hoc
1753 2117 1875 2157 cum
1897 2101 2059 2167 dixit,

476 2197 780 2268 Sequuntur
823 2199 982 2269 igitur
1028 2207 1081 2252 et
1136 2197 1216 2251 liae
1266 2195 1721 2251 contradictiones
1768 2192 2061 2249 secundum

475 2294 786 2366 praedictum
820 2295 1056 2361 modum,
1094 2310 1216 2349 eum
1246 2297 1472 2359 scilicet,
1500 2305 1555 2349 ut
1595 2292 1881 2347 afﬁrmatio
1904 2306 2064 2361 nega-

477 2388 696 2455 tionem,
720 2390 929 2460 negatio
962 2405 1086 2443 Veto
1110 2396 1363 2459 sequatur
1388 2389 1830 2453 afﬁrmationem,
1848 2396 1901 2441 et
1930 2384 2062 2441 nihil

476 2480 691 2551 quidem
730 2487 835 2536 erit
867 2480 946 2534 vel
976 2480 1375 2535 inconveniens.
1399 2478 1481 2534 vel
1510 2477 1840 2549 impossibile
1865 2477 1935 2530 ita
1969 2492 2064 2546 po-

477 2571 594 2628 sitis
623 2573 1023 2643 consequentiis
1047 2613 1061 2639 ,
1094 2581 1151 2626 ut
1186 2571 1598 2625 aiﬁrmationem
1647 2570 1861 2639 quidem
1891 2570 2065 2640 possi-

477 2669 639 2725 bilem
670 2671 879 2742 negatio
909 2672 1198 2726 necessarii
1231 2671 1526 2726 secundum
1575 2685 1682 2725 non
1711 2684 1832 2725 esse
1873 2684 2066 2741 sequa-

477 2769 563 2819 tur
585 2802 600 2831 ,
649 2765 916 2835 negationi
948 2779 1077 2820 vero
1108 2764 1377 2835 possibilis
1423 2764 1714 2819 afﬁrmatio
1757 2762 2064 2820 necessaria

475 2856 765 2927 secundum
792 2873 895 2912 non
913 2872 1034 2913 esse
1057 2858 1384 2924 consentiat;
1417 2858 1610 2927 quibus
1633 2856 1913 2926 explicatis
1930 2856 2068 2912 alias

475 2960 658 3005 rursus
675 2948 856 3019 adjicit
868 2949 1243 3005 dubitationes.

546 3044 811 3099 Dubitabit
840 3055 1007 3099 autem
1033 3043 1222 3115 aliquis
1243 3044 1285 3097 si
1314 3042 1381 3096 ad
1403 3043 1536 3097 illud
1566 3043 1703 3114 quod
1732 3051 1806 3100 est
1832 3058 2065 3098 necessa-

477 3138 607 3192 rium
632 3154 761 3202 esse,
778 3137 1017 3209 possibile
1037 3154 1144 3192 esse
1168 3147 1427 3208 sequatur.
1455 3137 1595 3191 Nam
1625 3139 1669 3192 si
1688 3155 1790 3192 non
1813 3138 2063 3208 sequitur,

2164 1932 2228 1971 ea
2250 1931 2370 1987 qua:
2390 1916 2524 1971 dicit
2546 1918 2801 1987 possibile
2828 1934 2948 1973 esse
2964 1936 3070 1973 non
3098 1934 3246 1987 esse;
3272 1921 3364 1975 sed
3395 1925 3510 1977 bazc
3536 1938 3751 1993 quoque

2171 2010 2483 2063 necessitati
2513 2027 2623 2064 non
2647 2013 2916 2066 convenit.
2952 2014 3006 2068 Si
3027 2014 3145 2083 quis
3165 2016 3309 2071 enim
3332 2016 3476 2071 dicat
3497 2019 3756 2087 quoniam

2165 2102 2424 2170 possibile
2454 2118 2574 2156 esse
2623 2106 2982 2159 necessarium
3037 2121 3142 2161 non
3192 2108 3472 2176 sequitur,
3516 2110 3761 2180 sequitur

2165 2210 2287 2250 mox
2345 2196 2616 2266 possibilis
2667 2197 3022 2252 contradictio
3072 2201 3482 2268 necessitatem;
3522 2205 3673 2272 quod
3714 2205 3759 2261 si

2166 2287 2287 2359 quis
2317 2287 2792 2343 contradictionem
2821 2289 3090 2359 poSsibilis
3130 2304 3294 2362 ponat
3316 2309 3435 2349 eam
3470 2311 3595 2365 qua:
3629 2296 3759 2356 dicit

2169 2384 2423 2453 possibile
2471 2400 2575 2438 non
2625 2400 2779 2451 esse,
2814 2399 3039 2456 eamque
3089 2388 3400 2444 necessitati
3451 2391 3759 2452 consentire

2169 2486 2338 2547 putat,
2389 2478 2492 2531 erit
2533 2478 2830 2533 secundum
2878 2495 3001 2533 eum
3047 2490 3192 2535 recta
3242 2485 3678 2556 consequentia,
3710 2486 3759 2542 si

2169 2584 2391 2624 necesse
2421 2579 2504 2624 est
2528 2584 2671 2636 esse,
2706 2571 2964 2639 possibile
2984 2581 3068 2627 est
3097 2588 3201 2627 non
3226 2589 3369 2640 esse,
3392 2575 3487 2629 sed
3520 2575 3625 2631 hoc
3643 2577 3760 2635 ﬁeri

2168 2678 2274 2718 non
2328 2673 2522 2733 potest.
2571 2665 2721 2733 Quod
2756 2667 2896 2720 enim
2944 2682 3166 2723 necesse
3192 2679 3276 2724 est
3299 2685 3422 2726 esse
3450 2686 3554 2726 non
3582 2680 3759 2742 potest

2172 2772 2275 2811 non
2300 2771 2457 2822 esse;
2488 2758 2534 2811 si
2568 2757 2727 2827 igitur
2752 2759 3081 2827 possibilitas
3109 2776 3213 2815 non
3245 2763 3489 2832 sequitur
3512 2765 3755 2820 necessi-

2171 2861 2357 2919 tatem,
2386 2853 2487 2907 erit
2506 2851 2648 2906 enim
2679 2851 2821 2921 quod
2852 2867 3076 2908 necesse
3097 2862 3181 2909 est
3209 2858 3542 2925 contingens.
3575 2856 3754 2913 Possi-

2169 2946 2278 3003 bile
2322 2960 2550 3015 namque
2580 2956 2633 3000 et
2673 2947 2990 3017 contingens
3033 2947 3172 3002 idem
3205 2949 3409 3016 valent,
3444 2952 3758 3021 negationes

2170 3041 2568 3111 possibilitatis,
2615 3042 2729 3096 sive
2768 3056 2836 3097 ea
2866 3055 2986 3110 quae
3016 3041 3145 3095 dicit
3172 3057 3277 3096 non
3312 3042 3567 3112 possibile
3611 3058 3756 3110 esse,

2169 3135 2283 3189 sive
2326 3150 2384 3188 ea
2439 3133 2591 3204 cujus
2644 3134 2916 3188 sententia
2945 3143 3028 3189 est
3059 3134 3311 3204 possibile
3352 3143 3568 3190 estnon
3599 3151 3757 3205 esse,

478 3228 811 3282 contradictio
832 3237 1085 3298 sequetur,
1110 3244 1210 3281 non
1240 3229 1479 3299 possibile
1500 3246 1625 3299 esse,
1650 3241 1698 3285 et
1727 3231 1901 3301 siquis
1930 3232 2065 3286 dicat
2094 3217 2140 3281 C
2174 3229 2479 3284 necessitati
2502 3230 2850 3294 convenient;
2874 3229 2967 3284 sed
2992 3238 3275 3301 utrumque
3303 3230 3639 3301 impossibile
3658 3241 3759 3287 est.

476 3332 579 3373 non
624 3318 755 3373 hanc
779 3335 888 3374 esse
931 3321 1411 3386 contradictionem,
1446 3340 1643 3379 necesse
1673 3334 1746 3379 est
1784 3324 1955 3395 ipsum
1985 3326 2065 3379 di-

479 3426 589 3467 cere
632 3412 869 3482 possibile
896 3428 997 3467 non
1026 3429 1160 3482 esse,
1204 3415 1294 3471 sed
1321 3424 1544 3487 utra’que
1572 3418 1718 3484 {alsw
1742 3426 1859 3471 sunt
1887 3417 1950 3471 de
1977 3435 2065 3473 ue-

478 3521 613 3562 cesse
642 3523 768 3563 esse.
814 3509 878 3563 At
907 3525 1024 3564 vero
1053 3526 1231 3565 rursus
1262 3512 1396 3567 idem
1436 3512 1633 3567 videtur
1675 3529 1779 3568 esse
1824 3513 2065 3585 possibile

475 3601 665 3667 incidi,
697 3612 857 3658 etnon
881 3604 1061 3669 incidi,
1088 3616 1133 3659 et
1179 3622 1317 3672 esse,
1364 3615 1409 3660 et
1460 3624 1557 3660 nou
1590 3623 1713 3661 esse.
1767 3607 1936 3674 Quare
1966 3607 2063 3661 erit

476 3709 675 3750 necesse
704 3713 829 3761 esse,
849 3699 1141 3768 contingens
1165 3715 1261 3751 non
1283 3715 1406 3759 esse.
1432 3700 1525 3751 hoc
1555 3709 1723 3753 autem
1748 3699 1939 3768 falsum
1968 3708 2059 3757 est.

551 3787 723 3858 Supra
773 3791 1183 3857 consequentias
1226 3790 1297 3843 ita
1328 3790 1621 3859 disposuit,
1654 3802 1711 3846 ut
1753 3792 2062 3861 praecedens

478 3880 837 3934 necessarium
880 3880 1203 3948 possibilitas
1234 3893 1566 3950 sequeretur,
1608 3898 1749 3937 nunc
1777 3884 1845 3938 de
1874 3884 2063 3939 eodem

476 3971 593 4042 ipse
622 3971 861 4041 ambigit.
895 3973 1015 4027 Sive
1050 3973 1190 4026 enim
1216 3972 1463 4040 disponat
1482 3975 1788 4031 consentire
1810 3992 2061 4033 necessa-

475 4065 557 4121 rio
588 4064 844 4135 possibile
864 4108 878 4132 ,
923 4067 1036 4122 sive
1065 4067 1184 4136 quis
1218 4076 1393 4136 neget,
1427 4077 1710 4138 utrumque
1733 4070 1950 4127 videtur
1981 4074 2062 4127 in-

476 4174 790 4230 congruum.
824 4160 956 4216 Nam
984 4161 1027 4216 si
1056 4162 1174 4233 quis
1220 4170 1383 4232 neget
1431 4164 1839 4234 possibilitatem
1870 4182 2059 4223 neces-

475 4252 614 4307 sitati
637 4267 953 4324 congruere,
985 4252 1034 4308 id
1057 4252 1185 4308 dicit
1215 4254 1468 4323 quoniam
1504 4239 1870 4324 possibilitatis
1896 4274 2058 4330 nega-

475 4345 551 4401 tio
578 4350 892 4403 necessariae
927 4348 1280 4417 propositioni
1313 4350 1619 4406 conveniet.
1664 4353 1719 4408 Si
1764 4355 1883 4423 quis
1912 4357 2063 4409 enim

475 4437 671 4494 abnuat
718 4439 1065 4510 propositioni
1114 4456 1234 4512 qua:
1263 4440 1393 4496 dicit
1419 4442 1618 4512 aiiquid
1667 4459 1889 4499 necesse
1932 4458 2062 4500 esse

476 4530 777 4587 consentire
805 4548 922 4588 eam
954 4549 1069 4603 quae
1102 4535 1350 4602 proponit
1383 4534 1638 4604 possibile
1678 4549 1817 4601 esse,
1850 4535 1893 4591 is
1925 4536 2054 4590 illud

475 4625 709 4682 abnuere
740 4642 843 4683 non
878 4636 1052 4695 potest
1086 4629 1209 4697 quin
1237 4629 1449 4699 negatio
1475 4629 1845 4699 possibilitatis
1871 4645 2060 4686 neces-
2089 4606 2143 4667 Ῑ)
2174 4630 2403 4686 termisit
2450 4630 2592 4700 quod
2624 4606 2691 4683 ex
2732 4628 2815 4683 his
2851 4637 2998 4683 e~set
3035 4626 3390 4698 impossibile.
3441 4625 3555 4703 Hoc
3584 4634 3759 4681 autem
3802 4659 3813 4662 ο

476 4715 617 4770 sitati
646 4717 960 4785 consentiat,
991 4719 1198 4787 eritque
1246 4720 1449 4790 integra
1498 4721 1907 4791 consequentia,
1941 4736 2058 4790 quin

476 4806 600 4863 dicit
626 4809 668 4863 si
699 4825 915 4865 necesse
942 4821 1021 4866 est
1047 4826 1167 4868 esse
1197 4828 1301 4866 non
1334 4812 1587 4881 possibile
1609 4821 1695 4867 est
1717 4828 1862 4879 esse,
1893 4828 2062 4879 quan-

477 4901 760 4972 doquidem
812 4903 901 4958 illa
947 4903 1072 4959 falsa
1119 4914 1204 4961 est
1243 4907 1628 4976 consequentia
1675 4922 1796 4977 quae
1839 4907 1987 4973 dicit,
2019 4906 2065 4962 si

476 5010 698 5051 necesse
748 5005 829 5051 εει
877 5011 1034 5062 esse,
1090 4998 1344 5069 possibile
1374 5009 1630 5055 estesse.
1680 4998 1835 5067 Quod
1871 4998 1915 5052 si
1961 4997 2063 5053 hoc

477 5087 595 5143 ﬁeri
636 5103 738 5143 non
787 5097 979 5159 potest,
1008 5097 1062 5143 ut
1087 5090 1454 5158 possibilitatis
1486 5092 1697 5162 negatio
1739 5090 2062 5146 necessaria:

476 5180 773 5236 consentiat
817 5180 1183 5253 afﬁrmationi,
1218 5182 1345 5239 illud
1378 5198 1566 5238 verum
1618 5192 1702 5238 est
1746 5183 2062 5239 afﬁrmatio-

474 5288 595 5329 nem
630 5273 933 5343 possibilem
979 5276 1297 5332 necessariae
1336 5278 1647 5333 convenire.
1692 5276 1798 5332 Sed
1855 5277 1905 5330 in
1953 5277 2054 5331 boc

475 5380 685 5436 quoque
712 5367 879 5436 major
905 5366 1062 5422 inerit
1099 5366 1405 5422 difficultas.
1436 5365 1609 5424 Omne
1651 5381 1882 5437 namque
1910 5365 2053 5437 quod

476 5470 725 5541 possibile
755 5482 835 5527 est
866 5488 983 5529 esse
1011 5513 1024 5538 ,
1074 5472 1324 5543 possibile
1351 5478 1435 5525 est
1460 5478 1513 5525 et
1558 5485 1661 5525 non
1699 5484 1839 5524 esse.
1871 5469 1976 5527 Sed
2007 5469 2056 5525 si

474 5562 798 5630 possibilitas
830 5565 1200 5619 necessitatem
1248 5562 1521 5632 sequitur,
1569 5564 1673 5617 erit
1700 5562 1751 5616 id
1781 5563 1921 5633 quod
1963 5578 2057 5618 uc-

474 5669 620 5708 cesse
653 5665 756 5720 cst,
787 5670 836 5711 ιιι
867 5660 1167 5727 possitcsse
1198 5664 1250 5711 et
1282 5658 1447 5724 possit
1474 5671 1578 5710 non
1610 5671 1731 5712 esse
1758 5655 2050 5711 secundum

474 5762 715 5807 naturam
770 5754 974 5807 scilicet
1024 5750 1430 5818 possibilitatis,
1482 5767 1599 5821 qua:
1648 5750 1745 5822 ipsi
1800 5750 2053 5807 convenit

472 5845 809 5903 necessitati;
838 5845 929 5902 sed
960 5846 1060 5900 lioc
1091 5844 1421 5907 impossibile
1447 5854 1546 5902 est.
1580 5844 1695 5903 Non
1722 5845 1886 5910 igitur
1925 5861 2053 5908 nos-

2169 3321 2321 3389 Quod
2364 3321 2410 3375 si
2454 3320 2569 3375 ba-c
2599 3336 2704 3375 non
2754 3330 3053 3392 sequuntur
3079 3367 3091 3389 ,
3139 3324 3382 3392 sequitur
3423 3339 3484 3378 ea
3518 3338 3640 3394 qua:
3681 3330 3758 3384 est

2168 3430 2348 3470 earum
2372 3414 2657 3469 afﬁrmatio
2677 3456 2690 3479 ,
2719 3415 2770 3469 id
2799 3424 2883 3471 est
2919 3416 3328 3486 possibilitatis;
3361 3416 3455 3471 sed
3489 3416 3592 3471 hoc
3622 3432 3758 3487 quo-

2167 3522 2271 3577 que
2304 3508 2418 3562 ﬁeri
2451 3521 2554 3562 non
2580 3517 2799 3579 potest,
2832 3516 2890 3563 ut
2917 3510 3114 3579 saepius
3137 3524 3296 3577 snpra
3320 3510 3756 3569 monstravimus.

2168 3598 2293 3655 Ηίεε
2317 3614 2445 3671 ergo
2489 3599 2795 3670 hujusmodi
2846 3602 3071 3670 quaestio
3099 3603 3151 3656 in
3185 3603 3429 3672 sequenti
3461 3602 3651 3659 ordine
3692 3602 3759 3660 ab

2166 3694 2282 3763 ipso
2338 3695 2644 3749 resolvitur.
2704 3694 2853 3749 Nunc
2908 3707 3085 3749 autem
3136 3697 3387 3765 quoniam
3445 3697 3756 3765 quaestionis

2165 3802 2326 3858 supra
2370 3789 2525 3842 dicta:
2556 3789 2675 3844 talis
2706 3802 2898 3844 sensus
2927 3797 3029 3855 est,
3066 3787 3227 3843 verba
3264 3789 3373 3858 ipsa
3423 3802 3757 3843 sermonum-

2165 3896 2269 3951 que
2308 3880 2441 3935 ozdo
2490 3880 2753 3935 videatur.
2802 3882 2891 3935 Ait
2919 3895 3185 3951 namque:
3224 3880 3498 3935 Dubitabit
3534 3892 3707 3936 autem
3746 3907 3751 3923 ε

2164 3975 2365 4045 inquit,
2400 3974 2596 4042 aliquis
2651 3974 2696 4027 si
2745 3973 2875 4027 illud
2904 3975 3045 4043 quod
3074 3981 3158 4029 est
3199 3973 3566 4029 necessarium
3594 3988 3712 4028 esse
3733 4015 3749 4043 ,

2166 4065 2425 4136 possibile
2448 4080 2571 4119 esse
2596 4067 2861 4135 sequitur,
2892 4065 2943 4120 id
2974 4074 3059 4121 est
3083 4067 3128 4120 si
3172 4065 3482 4121 necessitati
3528 4064 3752 4135 possibi-

2168 4160 2289 4215 litas
2319 4160 2611 4215 consentit.
2643 4158 2775 4213 Nam
2805 4161 2849 4214 si
2890 4175 2993 4214 non
3022 4160 3296 4231 sequitur,
3346 4158 3394 4214 id
3421 4170 3503 4214 est
3526 4159 3572 4214 si
3608 4167 3758 4231 negat

2166 4254 2361 4324 aliquis
2390 4263 2448 4307 ut
2476 4252 2803 4324 possibilitas
2832 4256 3210 4309 necessitatem
3237 4262 3512 4324 sequatur,
3548 4265 3757 4309 contra-

2167 4345 2329 4401 dictio
2359 4347 2709 4417 consequitur
2737 4346 3129 4418 possibilitatis.
3182 4346 3314 4403 Nam
3358 4346 3500 4419 quod
3532 4348 3760 4418 possibi-

2169 4441 2294 4495 litas
2325 4457 2429 4496 non
2476 4445 2720 4511 sequitur
2740 4482 2753 4507 ,
2787 4442 3141 4497 contradictio
3171 4442 3549 4511 possibilitatis
3580 4442 3757 4513 sequi-

2169 4546 2276 4605 tur,
2309 4552 2373 4592 ea
2400 4538 2607 4592 scilicet
2633 4553 2751 4608 qure
2784 4537 2908 4592 dicit
2942 4551 3046 4591 non
3080 4535 3334 4607 possibile
3363 4551 3513 4603 esse,
3542 4544 3599 4590 et
3626 4550 3760 4603 prato

2169 4734 2252 4781 est
2284 4733 2339 4778 ut
2366 4724 2411 4779 si
2452 4726 2831 4779 necessitatem
2875 4723 3201 4793 possibilitas
3240 4739 3344 4777 non
3385 4732 3672 4792 sequatur,
3710 4725 3761 4779 et

2170 4816 2523 4873 contradictio
2554 4817 2922 4888 possibilitatis
2948 4816 3266 4881 consentiat,
3300 4814 3370 4868 sit
3407 4823 3550 4869 recta
3574 4827 3760 4869 Conse-

2171 4910 2388 4983 quentia
2432 4910 2475 4965 si
2522 4913 2882 4967 necessarium
2935 4920 3165 4966 estesse
3190 4954 3204 4979 ,
3257 4925 3362 4963 non
3395 4907 3651 4978 possibile
3680 4912 3761 4963 est

2174 5018 2325 5071 esse,
2376 5005 2518 5074 quod
2548 5014 2629 5059 est
2672 5003 3083 5069 inconveniens;
3122 5002 3246 5059 etsi
3299 5001 3416 5072 quis
3462 5015 3572 5056 non
3626 4999 3762 5055 hanc

2169 5097 2312 5153 dicat
2343 5111 2464 5152 esse
2487 5097 2989 5163 contradictionem,
3022 5095 3073 5151 id
3102 5103 3185 5151 est
3214 5094 3259 5148 si
3290 5094 3412 5165 quis
3446 5103 3605 5163 neget
3633 5108 3760 5163 pos-

2171 5190 2440 5245 sibilitatis
2469 5188 2946 5244 contradictionem
2987 5202 3108 5244 esse
3128 5202 3246 5257 quae
3281 5185 3411 5241 dicit
3441 5200 3548 5239 non
3582 5186 3757 5256 possi-

2168 5283 2276 5339 bile
2305 5298 2453 5355 esse,
2490 5283 2618 5338 illud
2649 5292 2795 5338 certe
2826 5297 3048 5338 necesse
3080 5291 3161 5337 est
3190 5281 3238 5336 ei
3262 5279 3442 5336 dicere
3469 5279 3615 5350 quod
3642 5294 3764 5350 pos-

2169 5377 2441 5433 sibilitatis
2470 5375 2827 5432 contradictio
2855 5390 2917 5431 ea
2949 5375 3017 5429 sit
3043 5390 3160 5446 qua:
3190 5372 3320 5428 dicit
3350 5371 3611 5443 possibile
3644 5385 3765 5429 esse

2169 5488 2277 5527 non
2305 5487 2425 5529 esse
2451 5513 2465 5537 ,
2518 5471 2611 5527 sed
2656 5478 2897 5540 utrmque
2944 5469 3095 5523 falsa:
3118 5478 3240 5524 sunt
3268 5466 3338 5523 de
3365 5481 3590 5523 necesse
3621 5479 3758 5522 esse.

2166 5566 2296 5622 Nam
2325 5566 2465 5638 quod
2496 5578 2719 5621 necesse
2742 5573 2843 5631 est,
2874 5562 2988 5618 ﬁeri
3012 5577 3119 5617 non
3148 5569 3324 5629 potest
3354 5568 3412 5615 ut
3440 5575 3551 5616 non
3584 5559 3760 5629 possi-

2165 5663 2271 5720 bile
2302 5663 2396 5718 sit.
2433 5663 2499 5717 lit
2540 5673 2726 5716 rursus
2752 5657 2894 5730 quod
2918 5672 3139 5714 necesse
3160 5665 3263 5721 est,
3300 5655 3416 5711 ﬁeri
3445 5671 3555 5711 non
3584 5659 3760 5726 potest

2163 5768 2221 5813 ut
2264 5754 2521 5826 possibile
2566 5754 2643 5808 sit
2671 5767 2780 5807 non
2810 5766 2951 5807 esse.
2992 5750 3201 5808 Rursus
3230 5748 3442 5804 videtur
3469 5749 3611 5803 idem
3643 5760 3759 5800 esse

2164 5849 2419 5909 oossibile
2441 5846 2603 5905 incidi
2632 5852 2688 5903 et
2716 5860 2825 5903 non
2850 5842 3035 5903 incidi.
3066 5842 3407 5901 Possibilitas
3439 5842 3584 5901 eniri
3608 5840 3759 5896 attlr‘
