4090 6342
311 317 418 388 at:

1047 317 1115 392 tu
1153 319 1415 391 LIBRUM
1453 333 1543 391 DE
1581 313 2229 390 tNTERPRt-JTATIONE
2269 326 2496 386 EDITIO
2531 325 2870 390 saeuum.

3480 325 3584 384 ειι

311 452 536 506 mationi
567 451 942 522 negationique
968 449 1268 507 communis
1297 459 1378 506 est
1397 491 1412 515 ,
1431 463 1674 522 namque
1697 456 1749 502 et
1769 459 1892 502 esse
1919 445 1968 504 A
1997 459 2154 500 unam
2184 459 2297 501 rem
2331 453 2534 500 tantum
2559 453 2752 514 potest,
2785 458 2904 514 quze
2926 439 3340 497 affirmationem
3373 451 3580 496 tantum

311 556 499 599 etnon
540 557 662 599 esse
708 551 884 613 potest
912 541 1052 612 quod
1085 541 1344 611 possibile
1387 555 1509 596 esse
1545 541 1761 595 dicitur.
1791 537 1902 592 Hoc

311 650 492 695 autem
529 638 721 694 falsum
759 646 843 693 est
867 637 937 693 de
969 638 1278 694 necessario
1308 637 1608 707 prxdicari.
1648 635 1902 692 Necessa-

313 733 450 786 rium
497 745 727 800 namque
775 734 821 784 si
861 738 963 796 est,
1017 745 1122 784 non
1162 745 1284 786 esse
1314 745 1420 785 non
1455 730 1684 798 pote-rit;
1717 727 1763 783 si
1793 742 1901 783 non

313 835 417 891 est,
451 823 594 879 nulla
627 824 837 879 ratione
863 822 1158 894 contingit;
1190 823 1332 894 quod
1363 824 1407 878 si
1437 823 1555 893 quis
1587 821 1729 878 dicat
1773 835 1906 891 quo-

312 919 455 974 niam
493 917 823 987 possibilitas
852 917 1228 972 necessitatem
1257 917 1520 986 sequitur,
1547 913 1739 971 eadem
1777 927 1905 984 pos-

311 1010 546 1066 sibilitas
573 1010 845 1065 consentit
892 1009 1259 1080 contingenti,
1306 1016 1360 1063 et
1405 1009 1508 1064 erit
1539 1021 1757 1064 necesse
1783 1021 1905 1062 esse

309 1105 630 1173 contingens
673 1117 776 1156 non
815 1114 959 1166 esse,
1000 1100 1051 1156 id
1081 1110 1163 1155 est
1190 1101 1294 1156 erit
1321 1101 1640 1171 contingens
1669 1099 1724 1155 id
1755 1097 1901 1170 quod

313 1213 540 1252 necesse
568 1211 690 1251 esse
736 1194 1075 1264 praedicatur.
1116 1194 1248 1248 Nam
1277 1193 1324 1250 si
1351 1193 1499 1264 quod
1536 1193 1793 1263 possibile
1819 1200 1904 1248 est

311 1307 454 1354 esse,
487 1298 664 1360 potest
692 1304 796 1345 non
827 1303 949 1344 esse
970 1328 984 1354 ,
1019 1286 1161 1357 quod
1189 1297 1368 1342 autem
1413 1295 1590 1357 potest
1620 1299 1729 1340 non
1756 1298 1902 1351 esse,

313 1381 575 1450 contingit
620 1392 806 1436 utnon
836 1378 937 1444 sit,
972 1395 1078 1434 non
1109 1378 1329 1433 dubium
1371 1388 1453 1434 est
1479 1378 1603 1448 quin
1643 1377 1690 1433 si
1717 1391 1906 1433 neces-

313 1476 527 1528 sitatem
554 1473 875 1542 possibilitas
901 1474 1164 1543 sequitur,
1185 1488 1311 1529 eam
1335 1480 1594 1544 sequatur
1617 1486 1831 1542 quoque
1851 1479 1906 1526 et

257 1628 274 1638 _
314 1568 718 1638 contingentia;
769 1567 864 1622 sed
915 1568 1235 1637 contingens
1289 1579 1576 1636 possumus
1621 1565 1801 1622 dicere
1851 1564 1904 1619 in

271 1649 278 1660 ’
316 1662 599 1733 negatione
620 1703 635 1726 ,
669 1671 724 1716 ιιι
754 1661 964 1718 dicatur
1003 1662 1263 1732 contingit
1301 1675 1412 1720 non
1445 1675 1599 1724 esse;
1631 1671 1714 1715 est
1745 1659 1905 1730 igitur

315 1753 459 1822 quod
511 1767 733 1808 necesse
778 1763 862 1809 est
905 1769 1056 1820 esse,
1092 1754 1408 1823 contingens
1461 1769 1566 1806 non
1615 1766 1755 1808 esse.
1792 1751 1902 1806 Hoc

2003 537 2118 606 dat,
2151 540 2488 608 negationem
2533 553 2666 593 vero
2693 537 2956 606 repudiat.
2990 535 3044 592 Si
3075 535 3194 606 quis
3241 536 3382 589 enim
3427 546 3584 604 ponat

2003 630 2418 702 possibilitatem
2444 631 2752 686 necessitati
2775 629 3101 694 consentire,
3127 643 3230 681 non
3252 627 3454 682 idcirco
3471 628 3582 693 jam

2005 738 2229 780 necesse
2271 731 2356 780 est
2403 725 2576 793 ipsam
2633 724 3012 780 necessitatem
3062 723 3114 778 in
3169 722 3580 792 contingentium

2005 815 2166 886 verti,
2197 817 2284 872 cui
2313 819 2644 888 contingenti
2689 817 2896 873 scilicet
2941 817 3268 888 possibilitas
3292 820 3584 872 consentit.

2003 909 2121 966 Non
2145 911 2311 979 enim,
2360 912 2562 983 inquit,
2595 926 2759 968 omne
2786 911 3038 982 possibile
3071 923 3355 982 utrumque
3387 921 3584 980 potest,

2007 1003 2058 1059 id
2081 1013 2240 1060 estet
2267 1019 2427 1076 posse
2454 1019 2574 1061 esse
2594 1015 2649 1060 et
2669 1019 2829 1075 posse
2852 1019 2955 1059 non
2977 1019 3122 1060 esse.
3141 1006 3316 1074 Atque
3339 1003 3459 1060 ideo
3480 1018 3584 1061 non

2005 1111 2168 1152 omne
2195 1096 2448 1167 possibile
2476 1097 2863 1168 contingentitn
2891 1097 3181 1162 consentit,
3224 1098 3378 1152 docet
3405 1107 3581 1152 autem

2008 1187 2113 1244 hoc
2139 1189 2221 1245 bis
2249 1189 2420 1245 modis
2451 1206 2465 1243 :
2499 1190 2551 1244 in
2601 1189 2685 1244 bis
2713 1230 2729 1257 ,
2776 1189 2967 1260 inquit,
3000 1205 3118 1260 qua:
3159 1204 3266 1245 non
3295 1190 3585 1246 secundum

2007 1281 2269 1335 rationem
2302 1289 2545 1352 possunt,
2576 1282 2904 1351 possibilitas
2932 1297 3053 1351 quae
3086 1296 3206 1336 esse
3233 1281 3447 1348 dicitur,
3477 1281 3586 1340 non

2005 1377 2150 1432 valet
2176 1377 2442 1448 opposita,
2476 1386 2536 1432 ut
2561 1377 2737 1448 ignem
2767 1376 3067 1432 calefacere
3099 1376 3580 1432 irrationabileest.

2003 1468 2161 1524 Nulla
2189 1472 2332 1525 enim
2364 1473 2502 1524 ratio
2545 1479 2629 1524 est
2675 1485 2772 1524 cur
2802 1469 2940 1538 ignis
2991 1466 3286 1522 calefaciat.
3335 1467 3585 1524 Omnium

2011 1576 2241 1633 namque
2285 1578 2406 1634 qua:
2435 1563 2751 1616 naturaliter
2798 1561 2932 1615 fiunt
2979 1559 3120 1614 nulla
3153 1561 3291 1614 ratio
3315 1569 3414 1614 est.
3447 1561 3586 1630 Ergo

2011 1654 2126 1710 haec
2151 1670 2378 1724 quorum
2425 1664 2664 1725 potestas
2702 1652 3087 1709 irrationabilis
3117 1660 3199 1708 est
3229 1667 3334 1706 non
3367 1657 3586 1721 possunt

2003 1747 2276 1816 opposita,
2309 1754 2369 1800 ut
2395 1748 2528 1817 ignis
2558 1761 2663 1802 non
2708 1755 2886 1816 potest
2912 1744 3211 1802 calefacere
3234 1753 3288 1800 et
3314 1760 3417 1798 non
3444 1744 3584 1800 cale-

315 1855 494 1899 autem
521 1844 713 1898 falsum
739 1854 841 1911 est,
869 1854 1032 1914 atque
1060 1843 1148 1900 hic
1167 1845 1384 1915 quidem
1415 1843 1550 1900 ordo
1589 1857 1899 1900 sermonum
1929 1831 1977 1892 B
2007 1837 2279 1895 facere.Si
2307 1839 2451 1894 enim
2466 1850 2749 1910 utrumque
2789 1848 3041 1919 possunt,
3071 1840 3315 1908 Opposita
3338 1844 3584 1908 possunt.

315 1949 414 2000 est,
441 1947 501 1993 ut
527 1938 580 1992 in
607 1939 724 1994 aliis
749 1939 860 1994 fere
885 1938 1133 1995 omnibus
1169 1940 1458 2010 perplexas
1479 1947 1638 2008 atque
1673 1938 1908 1993 constri-

314 2044 458 2098 ctus,
495 2031 629 2085 alias
659 2032 803 2087 enim
835 2031 1128 2086 similitudo
1159 2031 1584 2086 enuntiationum
1608 2069 1624 2094 ,
1670 2029 1805 2085 alias
1848 2027 1903 2084 id

315 2122 455 2191 quod
503 2122 659 2177 deest
705 2123 1018 2193 implicitam
1064 2123 1239 2178 reddit
1266 2123 1657 2193 obscuramque
1689 2129 1908 2176 senten-

319 2215 480 2278 tiam;
515 2213 656 2284 quod
689 2213 733 2268 si
767 2215 886 2284 quis
916 2214 1234 2270 Aristoteles
1264 2217 1442 2272 verbis
1481 2216 1677 2271 seriem
1709 2222 1908 2270 nostrai

316 2306 676 2376 expositionis
722 2316 973 2363 aunectat
997 2353 1010 2377 ,
1043 2317 1095 2364 et
1120 2309 1263 2380 quod
1295 2309 1405 2364 illic
1439 2318 1658 2380 propter
1705 2308 1900 2365 simili-

319 2399 556 2454 tudinem
586 2399 870 2454 confusnm
899 2410 1004 2470 est,
1034 2416 1130 2470 per
1157 2403 1508 2471 expositionis
1566 2411 1765 2458 nostrte
1791 2401 1906 2456 dis-

318 2494 633 2548 tinctionem
664 2503 726 2548 ac‘
753 2496 1148 2564 separationem
1189 2497 1487 2567 disgregct;
1521 2496 1662 2567 quod
1694 2511 1823 2552 vero
1851 2495 1907 2552 in

317 2585 620 2642 Aristotelis
664 2587 1002 2643 sermonibus
1031 2589 1214 2643 minus
1251 2599 1366 2655 est,
1403 2589 1528 2644 hinc
1553 2599 1866 2659 compensat
1889 2630 1907 2658 ,

319 2678 603 2734 sententiae
631 2681 767 2734 ratio
818 2683 982 2737 totius
1028 2683 1279 2738 elucebit.
1323 2683 1475 2738 Nunc
1501 2699 1631 2754 ergo
1657 2683 1908 2755 quoniam

321 2774 600 2842 prepositit
631 2775 1004 2842 quaestionem,
1056 2790 1175 2830 eam
1220 2776 1558 2831 continenter
1602 2774 1908 2846 exsequitur

323 2862 404 2918 his
431 2863 611 2918 verbis
641 2882 656 2918 :

396 2953 730 3027 Manifestum
761 2965 836 3010 est
878 2967 1045 3012 autem
1086 2959 1331 3028 quoniam
1373 2975 1476 3014 non
1498 2974 1644 3014 omne
1663 2959 1914 3032 possibile

327 3049 404 3102 ref
433 3065 537 3102 esse
556 3049 635 3103 vel
661 3049 948 3116 ambulare,
973 3059 1020 3103 et
1043 3053 1280 3121 opposita
1310 3051 1460 3108 volet.
1492 3051 1599 3106 Sed
1619 3059 1695 3106 est
1720 3053 1773 3106 in
1801 3052 1916 3122 qui-

322 3141 413 3193 bus
443 3157 542 3194 non
585 3140 648 3194 sit
672 3156 864 3194 verum.
901 3141 974 3193 Ac
1005 3141 1223 3211 primunt
1251 3142 1456 3214 quidem
1483 3142 1536 3196 in
1567 3143 1645 3196 Itis
1671 3157 1784 3213 quia
1811 3159 1913 3198 non

2009 1929 2314 1986 Calefacere
2337 1931 2478 1986 enim
2502 1939 2559 1986 et
2585 1945 2689 1986 non
2721 1929 3014 1986 calefacere
3031 1932 3273 2000 Opposita
3289 1939 3434 1984 sunt.
3456 1927 3586 1984 Cum

2005 2037 2138 2093 ergo
2183 2022 2577 2079 irrationabiles
2615 2033 2905 2091 potestates
2945 2025 3186 2092 opposita
3214 2035 3317 2076 non
3358 2020 3590 2075 habeant

2009 2112 2203 2183 agendi
2237 2113 2566 2178 facultatem,
2591 2113 2675 2166 illa
2698 2129 2816 2183 qua:
2839 2113 3134 2169 secundum
3166 2114 3427 2166 rationem
3459 2110 3591 2170 fiunt

2009 2205 2076 2258 ad
2105 2199 2469 2274 oppositurum
2493 2213 2670 2260 actum
2703 2215 2953 2274 poterunt
2981 2205 3224 2271 retineri,
3256 2217 3310 2260 ut
3334 2203 3590 2274 quidquid

2011 2311 2077 2353 ex
2111 2297 2389 2352 voluntate
2417 2307 2470 2354 et
2493 2298 2703 2354 ratioiie
2732 2307 3051 2368 conceptum
3076 2307 3180 2362 est,
3205 2299 3273 2352 ad
3305 2307 3592 2368 utrumque

2011 2391 2212 2446 valeat.
2258 2391 2570 2446 Medicinam
2601 2408 2831 2462 namque
2865 2394 2994 2448 mihi
3024 2409 3278 2450 exercere
3319 2403 3374 2450 et
3422 2395 3592 2464 possi-

2012 2483 2118 2541 bile
2137 2495 2238 2552 est,
2263 2493 2318 2540 et
2347 2486 2600 2555 possibile
2623 2501 2728 2542 non
2761 2497 2862 2542 est.
2892 2487 2986 2542 Vel
3017 2503 3205 2544 rursus
3233 2487 3509 2544 ambulare
3537 2495 3593 2546 et

2013 2594 2120 2634 non
2142 2579 2439 2635 ambulare.
2471 2579 2624 2647 Quod
2656 2579 2797 2634 enim
2822 2578 3064 2650 quisquis
3087 2579 3249 2634 animi
3281 2580 3494 2634 ratione
3511 2579 3595 2637 vel

2014 2671 2318 2740 appetentia
2343 2670 2479 2737 vult,
2508 2670 2611 2725 hoc
2640 2686 2706 2724 ex
2745 2671 2957 2726 ratione
2991 2671 3174 2727 venire
3199 2670 3417 2748 dicitur.
3443 2671 3515 2724 Et
3541 2669 3594 2730 in

2015 2764 2099 2819 bis
2127 2765 2375 2821 omnibus
2404 2765 2494 2819 illa
2535 2773 2772 2836 potestas
2799 2774 2880 2821 est
2925 2781 3046 2836 qua:
3073 2764 3144 2820 ad
3179 2775 3464 2835 utrumque
3502 2778 3595 2820 va-

2014 2857 2142 2923 leat,
2176 2856 2228 2912 id
2257 2867 2339 2912 est
2363 2857 2430 2912 ad
2460 2855 2871 2912 affirmationem
2911 2867 2967 2911 et
3004 2855 3344 2925 negationem
3365 2895 3382 2922 ,
3421 2864 3482 2911 ut
3519 2854 3593 2911 sit

2015 2952 2225 3007 scilicet
2249 2959 2304 3005 et
2343 2966 2456 3005 non
2485 2951 2578 3006 sit.
2607 2949 2660 3004 lu
2693 2949 2777 3004 bis
2803 2959 2979 3005 autem
3005 2963 3122 3019 qua:
3149 2957 3272 3004 sunt
3297 2948 3594 3004 irrationa-

2017 3045 2162 3111 bilia,
2197 3045 2322 3100 licet
2353 3043 2404 3098 in
2437 3045 2568 3099 solis
2597 3044 2779 3099 venire
2817 3045 3004 3113 possit,
3037 3052 3178 3098 utea
3213 3051 3450 3112 potestas
3477 3057 3595 3114 qua

2017 3139 2230 3202 dicitur,
2261 3153 2367 3193 non
2393 3138 2556 3192 etiam
2579 3137 2745 3208 possit
2773 3137 3042 3206 opposita,
3073 3146 3250 3190 tamen
3279 3150 3390 3190 non
3419 3135 3597 3192 omnis

322 3236 602 3286 secundum
631 3233 883 3286 rationem
919 3242 1152 3302 possunt,
1181 3243 1235 3288 ut
1269 3234 1402 3305 ignis
1433 3233 1784 3304 calefactibilis
1813 3241 1908 3297 est,
1933 3220 1989 3288 ε
2018 3229 2398 3285 irrationabilis
2421 3237 2653 3298 potestas
2675 3228 2918 3298 opposita
2943 3243 3049 3282 non
3080 3233 3278 3296 potest,
3304 3234 3362 3281 ut
3384 3240 3519 3295 aqua
3540 3232 3597 3282 et

322 3335 365 3378 et
392 3324 544 3379 habet
573 3326 675 3378 vim
702 3325 1124 3380 irrationabilem.
1161 3323 1301 3398 Ergo
1338 3327 1622 3379 secundum
1655 3326 1907 3379 rationem

324 3426 590 3484 potestates
614 3416 800 3470 eadem
828 3416 1171 3488 plurimorum
1194 3417 1349 3470 etiam
1363 3418 1740 3471 contrariorum
1765 3424 1906 3470 sunt.

325 3505 722 3562 Irrutionabiles
752 3523 866 3562 vero
895 3525 997 3562 non
1026 3523 1218 3572 omnes,
1250 3509 1340 3563 sed
1365 3507 1797 3575 quemadmodum
1823 3505 1908 3559 di-

326 3610 454 3652 ctum
481 3609 579 3662 est,
614 3601 782 3671 ignem
812 3616 912 3654 non
937 3609 1006 3654 est
1033 3599 1275 3672 possibile
1313 3599 1593 3668 calefacere
1611 3607 1660 3655 et
1682 3615 1786 3654 non
1818 3613 1908 3652 ca-

327 3692 562 3762 lefacere,
596 3709 756 3763 neque
775 3709 1084 3764 qtta'cunqtte
1099 3692 1205 3745 alia
1228 3708 1424 3762 semper
1449 3700 1628 3762 agunt.
1654 3689 1773 3744 Alia
1799 3704 1912 3744 vero

327 3793 534 3852 possunt
581 3793 626 3838 et
671 3784 948 3839 secundum
1005 3782 1387 3838 irrationabiles
1437 3790 1710 3852 potestates
1758 3780 1916 3834 simul

328 3879 563 3947 apposita
585 3877 867 3948 sust-ipere,
890 3875 979 3930 sed
1009 3874 1104 3930 hoc
1133 3875 1326 3930 idcirco
1347 3875 1540 3928 dictum
1557 3882 1651 3939 est,
1672 3871 1916 3943 quoniam

327 3983 429 4020 non
457 3967 624 4021 ontnis
653 3975 880 4035 potestas
908 3967 1261 4036 oppositorum
1289 3977 1384 4034 est,
1425 3981 1584 4036 neque
1602 3978 1918 4035 quwcunque

331 4062 607 4116 tecttndum
635 4062 868 4115 eamdem
897 4060 1115 4130 speciem
1141 4061 1405 4116 dicuntur.

406 4155 540 4210 Cum
573 4157 634 4211 de
663 4155 935 4226 pOSsibilis
963 4165 1017 4210 et
1049 4154 1340 4212 necessarii
1385 4154 1770 4225 consequentia
1819 4153 1919 4209 du-

332 4248 580 4314 bitasset,
610 4263 841 4319 cumque
877 4247 923 4303 si
968 4247 1296 4318 possibilitas
1327 4246 1648 4303 necessitate
1693 4260 1922 4302 consen-

334 4344 482 4405 tiret,
515 4339 655 4410 quod
684 4349 800 4395 erat
820 4339 1241 4408 incommodum,
1265 4339 1349 4395 vel
1377 4340 1423 4395 si
1454 4338 1780 4410 possibilitas
1805 4355 1923 4394 rur-

336 4446 423 4487 sus
455 4433 831 4487 necessitatem
859 4441 1190 4503 sequeretur,
1227 4431 1520 4488 necessitas
1550 4431 1663 4499 ipsa
1686 4431 1770 4486 cui
1797 4447 1923 4501 pos-

337 4527 564 4582 sibilitas
579 4527 911 4583 consentiret
933 4529 982 4582 in
997 4542 1055 4582 se
1067 4537 1120 4582 et
1137 4541 1255 4582 esse
1270 4537 1446 4582 etnon
1464 4539 1584 4582 esse
1606 4525 1922 4595 susciperet,

2013 3322 2202 3392 frigida
2231 3335 2285 3378 et
2311 3322 2527 3376 humida
2559 3329 2662 3376 est.
2689 3322 2838 3391 Ergo
2867 3331 2923 3375 et
2970 3320 3262 3391 frigescere
3311 3328 3488 3390 potest
3519 3317 3596 3374 fa-

2012 3416 2116 3471 cile
2145 3424 2200 3470 ει
2228 3415 2550 3480 ltumectari,
2589 3414 2684 3470 sed
2733 3413 2919 3469 eadem
2948 3423 3250 3484 permutata
3287 3414 3340 3468 in
3367 3412 3596 3471 calidam

2013 3517 2191 3579 potest
2219 3507 2542 3578 frigescendi
2571 3507 2675 3561 vim
2710 3521 2814 3561 non
2863 3505 3087 3571 habere,
3131 3521 3252 3561 cum
3284 3521 3390 3560 non
3427 3506 3600 3574 possit

2022 3599 2367 3655 liumectandi
2417 3601 2668 3653 amittere
2723 3605 3077 3666 potestatem,
3131 3595 3258 3650 dum
3317 3612 3452 3666 aqua
3503 3599 3596 3653 sit.

2017 3693 2280 3762 Quocirca
2306 3709 2411 3746 non
2435 3693 2609 3748 omnis
2633 3701 2866 3761 potestas
2890 3694 3031 3744 vatet
3055 3690 3318 3759 opposita,
3342 3689 3435 3744 sed
3458 3695 3600 3746 valet

2017 3784 2233 3856 quidem
2276 3785 2518 3854 opposita
2551 3794 2810 3853 potestas,
2851 3797 2913 3838 ea
2943 3797 3062 3852 quae
3091 3781 3384 3837 secundum
3431 3782 3599 3837 ratio-

2020 3875 2224 3932 nabiles
2247 3885 2426 3932 motus
2449 3876 2637 3931 valuit.
2664 3875 2750 3930 Illa
2785 3890 2911 3930 vero
2948 3883 3183 3944 potestas
3205 3889 3325 3944 qua:
3355 3874 3598 3943 opposita

2021 3989 2127 4030 non
2153 3975 2336 4040 valet,
2369 3974 2424 4028 in
2453 3972 2583 4028 solis
2635 3969 3091 4026 irrationabilibus
3141 3969 3431 4032 invenitur,
3477 3965 3603 4026 licet

2022 4083 2128 4124 non
2155 4067 2208 4124 in
2235 4066 2504 4122 omnibus.
2539 4065 2678 4122 Sunt
2701 4067 2843 4120 enim
2874 4062 3270 4118 irrationabiles
3305 4070 3600 4130 potestates

2023 4185 2142 4240 qua:
2171 4178 2458 4238 utrumque
2509 4175 2758 4235 possunt,
2804 4173 2862 4218 ut
2902 4162 2956 4217 id
2999 4159 3142 4232 quod
3182 4159 3380 4214 dictum
3409 4168 3492 4216 est
3535 4158 3603 4216 de

2025 4276 2176 4331 aqua:
2205 4259 2419 4331 frigore.
2456 4259 2522 4311 Et
2549 4266 2657 4311 tota
2688 4255 2902 4325 quidem
2931 4254 3212 4308 sententiae
3240 4253 3319 4305 vis
3343 4251 3464 4305 talis
3491 4259 3598 4306 est.

2029 4357 2177 4412 Nune
2201 4354 2319 4426 quis
2341 4354 2413 4408 sit
2433 4365 2738 4408 sermonum
2762 4348 2896 4403 ordo
2917 4348 3234 4418 explicetur.
3267 4343 3605 4400 Manifestum

2029 4458 2142 4514 est,
2173 4448 2374 4517 inquit,
2407 4445 2657 4515 quoniam
2705 4458 2809 4498 non
2839 4456 2997 4496 omne
3041 4439 3294 4509 possibile
3342 4439 3423 4494 vel
3449 4452 3604 4509 esse,
3667 4459 3670 4464 λ

2032 4543 2119 4599 vel
2159 4541 2466 4606 ambulare,
2500 4547 2744 4608 opposita
2783 4534 2945 4589 valet.
2978 4532 3131 4600 Quod
3163 4534 3232 4586 ita
3258 4531 3457 4587 dictum
3487 4545 3608 4588 esse

339 4633 480 4675 nunc
515 4619 955 4687 incongruentem
995 4617 1394 4687 ambiguitatem
1435 4615 1736 4672 rationabili
1769 4630 1927 4685 argn-
1950 4609 2007 4672 Ι)
2031 4634 2369 4691 manifesth
2407 4640 2510 4696 εει,
2541 4646 2646 4685 non
2684 4636 2740 4682 υι
2772 4635 3084 4697 pum-emus
3113 4623 3258 4696 quod
3287 4639 3446 4679 omne
3467 4620 3610 4693 quod

341 4711 674 4764 mentatione
702 4710 950 4765 dissolvit
979 4709 1165 4765 dicens
1189 4728 1200 4761 :
1234 4709 1349 4764 Non
1380 4723 1508 4764 vere
1537 4707 1662 4762 illud
1711 4707 1924 4774 metuit,

341 4815 408 4856 ne
435 4801 762 4872 possibilitas
789 4801 1162 4856 necessitatem
1207 4815 1545 4870 consequens
1571 4800 1738 4870 ipsam
1769 4808 1925 4854 natu-

341 4918 455 4959 ram
489 4901 829 4959 necessitatis
861 4911 1022 4971 atque
1044 4902 1274 4972 rigorem
1299 4901 1590 4972 frangeret,
1621 4909 1679 4955 nt
1705 4899 1756 4954 id
1786 4897 1927 4970 quod

343 5013 567 5054 necesse
598 5007 763 5062 esset,
786 4997 836 5051 in
859 4982 1278 5066 contingentium
1304 5002 1717 5066 permutaretur.
1743 4993 1928 5063 Neque

341 5098 510 5164 enim,
540 5099 731 5170 inquit,
765 5114 926 5154 omne
951 5099 1094 5168 quod
1126 5098 1379 5168 possibile
1400 5108 1482 5152 est
1507 5113 1652 5164 esse,
1677 5108 1730 5152 et
1754 5097 1930 5169 possi-

346 5200 453 5257 bile
475 5212 684 5256 estnon
711 5215 849 5257 esse.
869 5200 1002 5256 Sunt
1032 5199 1174 5256 enim
1200 5201 1351 5269 plura
1382 5215 1500 5269 qua:
1526 5215 1684 5254 unam
1718 5189 1928 5256 tantum

343 5305 452 5358 vim
486 5305 798 5370 continent,
833 5311 888 5357 et
932 5302 997 5356 ad
1046 5301 1382 5372 negationem
1414 5301 1560 5355 nullo
1601 5300 1764 5356 modo
1807 5311 1932 5357 sunt

346 5413 504 5473 apta,
536 5411 594 5456 ut
644 5403 695 5456 in
743 5401 827 5456 liis
882 5401 1321 5471 possibilitatibus
1365 5416 1497 5471 quas
1545 5401 1933 5456 irrationabilis

350 5509 502 5553 actus
524 5497 708 5553 efficit.
733 5497 862 5552 Nam
883 5510 1004 5552 cum
1030 5495 1101 5549 sit
1125 5495 1383 5564 possibile
1409 5495 1582 5562 ignem
1616 5495 1931 5562 calefacere,

352 5606 460 5648 non
492 5599 576 5646 est
623 5587 877 5660 possibile
904 5597 962 5642 ut
1003 5601 1108 5642 non
1138 5587 1432 5642 calefaciat.
1482 5587 1660 5654 Quare
1693 5586 1806 5641 litec
1845 5603 1942 5657 po-

353 5693 521 5739 testas
569 5697 675 5737 non
726 5691 903 5751 potest
955 5681 1223 5752 opposita.
1277 5680 1332 5735 Si
1384 5695 1484 5750 qua
1533 5681 1672 5734 enim
1706 5689 1942 5749 potestas

357 5776 602 5848 opposita
631 5781 842 5846 potest,
877 5772 964 5828 illa
996 5781 1052 5828 et
1093 5787 1198 5827 non
1243 5785 1362 5826 esse
1409 5780 1584 5841 potest
1627 5781 1678 5848 et
1707 5786 1855 5838 esse,
1890 5782 1945 5827 et

359 5874 541 5929 facere
569 5875 624 5927 et
651 5881 757 5926 non
789 5865 991 5936 facere,
1020 5877 1143 5937 qua:
1173 5875 1299 5922 vero
1329 5879 1438 5922 non
1471 5874 1644 5936 ιοιεει
1675 5864 1942 5934 opposita,

2031 4728 2268 4784 ambulat
2295 4733 2494 4799 potest,
2526 4723 2608 4778 vel
2641 4719 2785 4792 quod
2807 4735 2926 4776 esse
2958 4726 3156 4790 potest,
3188 4733 3292 4774 non
3319 4717 3486 4788 possit
3509 4730 3609 4785 op-

2034 4833 2230 4904 posita,
2257 4831 2308 4885 id
2340 4840 2422 4884 est
2453 4842 2556 4882 non
2603 4825 2772 4896 possit
2793 4840 2899 4879 non
2925 4837 3065 4879 esse.
3099 4821 3210 4878 Hoc
3231 4820 3374 4876 enim
3403 4820 3612 4875 videtur

2033 4935 2211 4982 textus
2249 4923 2536 4978 ostendere
2559 4962 2572 4986 ,
2603 4921 2696 4976 sed
2728 4933 2886 4974 nemo
2914 4919 2983 4973 ita
3017 4916 3298 4986 intelligat,
3332 4924 3613 4989 potiusque

2033 5021 2112 5074 sic
2158 5017 2358 5073 dictum
2403 5015 2672 5070 videatur.
2721 5010 3059 5068 Manifestum
3086 5019 3168 5064 est
3219 5009 3466 5078 quoniam
3510 5019 3614 5064 non

2038 5130 2199 5171 omne
2242 5113 2496 5185 possibile
2545 5110 2856 5182 frequenter
2908 5109 3141 5162 solemus
3170 5117 3450 5170 usurpare,
3492 5115 3615 5160 cum

2040 5210 2265 5264 t'licimus
2309 5205 2564 5276 possibile
2615 5217 2736 5260 esse
2789 5201 3099 5265 ambulare,
3155 5195 3396 5265 opposita
3455 5202 3615 5250 vatet.

2042 5304 2222 5372 Neque
2249 5301 2390 5355 enim
2413 5298 2588 5353 omnis
2617 5305 2855 5367 potestas
2878 5288 3217 5346 affirmationi
3242 5286 3618 5356 negatioaique

2042 5395 2312 5452 convenit.
2345 5391 2449 5447 Sed
2497 5400 2617 5444 sunt
2643 5389 2884 5459 quaedam
2912 5399 3029 5454 quae
3058 5397 3220 5437 unum
3258 5389 3464 5434 tantum
3498 5396 3617 5450 pora

2046 5500 2196 5555 sunt,
2223 5499 2279 5542 ut
2310 5499 2468 5556 supra
2504 5483 2612 5554 jam
2647 5481 2902 5545 diximus,
2933 5488 3090 5546 atque
3133 5478 3231 5530 I:oe
3257 5473 3496 5545 apertius
3535 5473 3617 5528 iu-

2048 5582 2304 5652 telligitur
2333 5581 2375 5634 si
2413 5579 2484 5634 ita
2517 5577 2756 5631 dicamus
2784 5591 2796 5628 :
2827 5571 3160 5626 Manifestum
3191 5583 3274 5623 es:
3301 5567 3443 5623 enim
3483 5582 3618 5638 quo-

2047 5678 2188 5732 niam
2219 5689 2326 5729 non
2363 5685 2524 5727 omne
2557 5667 2808 5738 possibile
2834 5673 2887 5719 ct
2911 5673 3154 5730 opposita
3186 5662 3343 5719 vaiet,
3371 5661 3619 5730 quoniam

2047 5773 2254 5826 setlicet
2276 5764 2530 5835 pnasiliile
2563 5761 2865 5829 frequenter
2885 5754 3024 5810 etde
3046 5769 3166 5808 esse
3191 5765 3244 5808 et
3264 5756 3330 5807 tle
3348 5753 3620 5812 ambulare

2041 5861 2433 5930 pradicamus,
2463 5856 2563 5910 hoc
2591 5855 2660 5909 ita
2713 5852 2956 5920 cogitans
2983 5847 3188 5905 facilius
3215 5846 3335 5917 quis
3362 5861 3619 5917 agnoscit.
