4060 6330
527 325 633 380 615

1769 323 1881 379 AN.
1923 321 2132 380 MAN]...
2173 320 2326 380 SEV.
2370 325 2593 382 BOETII

3708 319 3812 374 616

526 438 654 508 quid
687 437 855 508 ipsius
884 445 1060 492 textus
1091 435 1249 491 verba
1280 433 1630 498 dentttttient,
1657 449 1778 490 cum
1811 440 1991 490 ettam'
2018 435 2114 489 ad-
2143 437 2194 496 A
2223 438 2414 493 nabilia
2445 447 2583 501 sunt,
2617 452 2717 491 una
2749 438 2817 492 sit
2842 437 3070 506 species,
3108 445 3282 492 tamen
3311 451 3380 492 ne
3405 436 3459 491 in
3485 436 3569 490 nis
3595 436 3807 506 quidem

530 533 833 587 ininiculari
881 529 1002 600 quis
1033 528 1224 583 debeat
1268 527 1513 582 obscuris
1551 530 1804 582 sensibus
1860 529 2114 596 patientia

529 632 690 693 atque
715 635 999 684 consensu,
1040 618 1180 687 quod
1205 618 1272 672 ad
1305 619 1630 674 sententiam
1677 619 1854 688 petitis
1883 618 2117 672 dicentis

531 722 776 784 spectet,
825 712 928 767 etsi
970 725 1279 765 sermonum
1324 709 1462 764 ratio
1492 711 1559 763 ita
1607 724 1713 764 non
1760 709 1971 764 habeat.
2008 708 2118 763 Hoc

528 822 659 876 ergo
683 807 752 860 ita
793 804 1087 860 constituto
1115 804 1456 858 manifestutn
1487 812 1589 868 est,
1619 802 1826 856 scilicet
1850 817 1955 856 non
2001 815 2118 854 om-

530 915 626 955 nes
650 909 942 970 peteSIates
963 898 1206 968 opposita
1247 899 1446 964 valere,
1481 897 1576 952 sed
1620 912 1740 951 csse
1772 896 2030 965 quasdam
2062 894 2118 948 in

531 994 724 1064 quibus
751 1007 858 1048 non
895 992 964 1046 sit
1008 1005 1194 1045 verum
1225 991 1406 1044 dicere
1451 989 1703 1059 quoniam
1751 988 1992 1057 opposita
2020 1002 2116 1038 va-

531 1086 661 1145 lent.
693 1094 746 1137 et
780 1081 938 1138 datur
967 1084 1273 1150 exemplum
1307 1083 1361 1134 in
1392 1081 1475 1134 his
1493 1081 1708 1150 quidem
1739 1096 1858 1149 qua:
1901 1077 2117 1133 irratio-

527 1181 775 1235 nabiliter
797 1188 1041 1247 possunt,
1076 1176 1132 1230 id
1176 1187 1260 1231 est
1305 1190 1408 1228 nun
1439 1176 1738 1229 secundum
1763 1174 1994 1243 aliquam
2033 1187 2116 1226 ra-

527 1261 752 1334 tionem,
779 1284 1006 1340 quarum
1052 1267 1262 1323 scilicet
1304 1275 1626 1334 potestatum
1656 1264 1808 1319 reddi
1839 1262 1980 1316 ratio
2011 1276 2117 1315 non

528 1373 737 1436 potest,
769 1363 911 1434 quod
961 1363 1192 1431 ipsarum
1241 1358 1311 1413 sit
1340 1370 1560 1424 natura,
1599 1366 1656 1410 ut
1684 1356 1935 1426 quoniam
1981 1354 2117 1422 ignis

528 1457 900 1514 calefactibilis
920 1465 1022 1519 est,
1049 1454 1248 1508 idcirco
1269 1453 1335 1506 de
1360 1466 1426 1506 eo
1453 1452 1590 1506 ratio
1609 1449 1757 1504 reddi
1785 1463 1892 1502 non
1919 1455 2113 1515 potest.

531 1552 643 1607 Hoc
688 1565 916 1619 namque
962 1547 1038 1601 illi
1089 1544 1402 1600 naturaliter
1427 1543 1600 1608 adest,
1649 1551 1705 1594 tit
1754 1541 1868 1594 haec
1899 1538 2114 1607 quidem

529 1643 669 1714 ignis
699 1651 939 1712 potestas
966 1653 1070 1693 non
1103 1637 1277 1692 valeat
1308 1634 1573 1704 opposita,
1626 1633 1753 1686 licet
1780 1631 1851 1686 sit
1898 1625 2114 1684 ll'l'allu-

533 1737 746 1791 nabilis.
778 1735 908 1800 Quae
939 1746 1065 1786 vero
1092 1727 1438 1783 rationabiles
1459 1733 1604 1789 sunt,
1634 1731 1690 1778 ct
1720 1722 2012 1778 secundum
2041 1735 2119 1773 ra-

2220 529 2443 582 invcniri
2480 538 2653 598 potest
2679 539 2735 582 ttt
2762 530 2814 582 in
2837 530 3083 582 omnibus
3105 530 3291 582 eadem
3324 529 3394 582 sit
3416 532 3806 582 contrariorum

2221 631 2475 690 potestas,
2507 633 2563 675 ut
2585 624 2653 677 de
2685 624 2803 692 igne
2832 624 2970 692 quod
2996 637 3156 690 supra
3184 623 3382 676 dictum
3411 633 3513 675 est.
3541 621 3674 675 Nam
3695 637 3807 676 eum

2219 714 2337 784 ejus
2369 715 2749 768 irrationabilis
2787 717 2854 768 sit
2903 723 3168 783 potestas,
3205 729 3310 767 non
3367 725 3545 766 tamen
3583 715 3702 766 talis
3729 723 3812 767 est

2220 816 2278 860 ttt
2299 807 2363 860 ad
2395 809 2660 861 contraria
2689 809 3060 862 transferatur.
3093 808 3256 861 Recte
3288 807 3451 874 igitur
3482 808 3683 860 dictum
3707 817 3804 873 est,

2220 899 2472 966 quoniam
2505 914 2678 966 neque
2707 913 2823 968 qua:
2849 899 2947 952 sub
2975 898 3161 952 eadem
3194 900 3372 966 specie
3402 911 3528 951 sunt
3561 908 3808 968 poterunt

2219 988 2398 1043 omnia
2450 991 2840 1042 contrariorum
2873 1005 2992 1044 esse
3032 991 3290 1059 potentia.
3325 991 3458 1043 Nam
3503 1005 3628 1043 cum
3678 991 3809 1060 ignis

2221 1089 2459 1149 potestas
2496 1095 2616 1134 cum
2650 1082 2768 1134 aliis
2794 1083 3041 1134 omnibus
3071 1081 3424 1150 potestatibus
3465 1081 3810 1135 irrationabi«

2222 1175 2365 1229 libus
2391 1176 2489 1229 sub
2511 1191 2572 1228 ea
2596 1175 2665 1229 sit
2691 1176 2868 1242 Specie
2890 1191 3009 1244 qua.-
3039 1175 3416 1228 irrationabilis
3439 1185 3522 1228 est
3553 1185 3807 1242 potestas,

2221 1276 2398 1322 tamen
2451 1285 2556 1321 non
2590 1268 2733 1321 valet
2776 1269 3038 1337 opposita.
3071 1272 3243 1336 Atque
3289 1267 3390 1321 hoc
3421 1267 3637 1337 quidem
3672 1267 3808 1337 qund

2219 1370 2483 1414 attentare
2513 1363 2681 1429 possit
2703 1372 2867 1413 totam
2896 1361 3247 1429 quaestionem
3270 1401 3284 1424 ,
3312 1375 3420 1413 non
3460 1372 3642 1412 tamen
3681 1359 3810 1412 vali-

2219 1453 2444 1507 dissime
2489 1453 2789 1506 dissolvere
2838 1453 3208 1521 praediximus.
3237 1452 3388 1518 Quod
3422 1465 3551 1504 vero
3582 1452 3809 1504 maxime

2218 1543 2413 1612 dirigat
2432 1544 2816 1598 dubitationem
2840 1544 3345 1607 autbiauitatemque
3366 1541 3682 1607 constituat,
3705 1542 3809 1602 ipse

2221 1637 2531 1690 cominuata
2563 1646 2804 1690 oratione
2837 1617 3038 1688 addidit
3067 1636 3253 1688 dicens
3287 1652 3299 1686 :

2293 1733 2543 1796 Quaedam
2589 1749 2703 1786 vero
2747 1742 3015 1801 potestates
3057 1732 3328 1799 wquivoca:
3364 1736 3502 1781 sunt.
3560 1724 3808 1778 Pouibtle

531 1828 838 1883 tionabiletn
896 1830 1213 1893 poteStatetn
1269 1819 1474 1875 caedem
1533 1817 1884 1887 plurimorum
1950 1815 2113 1867 etiam

2224 1825 2354 1877 enim
2385 1841 2484 1877 non
2513 1824 2812 1894 simpliciter
2841 1824 3056 1888 dicitur,
3101 1822 3190 1874 sed
3219 1823 3311 1873 hoc
3339 1820 3542 1887 quidem
3571 1817 3806 1885 quoniam

529 1921 918 1979 contrariorum
951 1925 1094 1972 sunt.
1137 1911 1269 1969 Nam
1298 1913 1491 1983 quibus
1523 1912 1658 1965 ratio
1689 1909 2015 1972 dominatur,
2048 1905 2115 1960 ad

529 2023 756 2084 utraque
781 2013 1026 2081 opposita
1057 2018 1244 2063 natura
1274 2007 1509 2076 ipsorum
1542 2015 1663 2072 apta
1692 2011 1794 2065 est,
1826 2010 1879 2055 ut
1909 2001 2114 2054 eaedem

528 2113 821 2177 potestates
850 2105 957 2158 sint
985 2101 1338 2172 plurimorum
1364 2113 1482 2166 qua:
1513 2107 1637 2150 sunt
1666 2093 1957 2160 contraria,
1992 2092 2114 2145 utsi

528 2219 613 2260 est
639 2203 770 2259 mihi
797 2201 1049 2272 possibile
1069 2197 1366 2262 ambulare,
1398 2194 1651 2265 quoniam
1683 2192 1784 2246 hoc
1810 2206 1876 2245 ex
1910 2190 2116 2243 ratione

531 2306 588 2355 et
614 2297 890 2352 voluntate
934 2291 1026 2357 lit,
1061 2292 1130 2345 sit
1159 2287 1413 2358 possibile
1461 2301 1566 2340 non
1600 2284 1875 2338 ambulare
1897 2327 1911 2350 ,
1942 2292 1995 2334 et
2036 2291 2118 2334 est

531 2391 634 2446 hoc
657 2385 935 2458 potestatis
965 2399 1073 2438 non
1096 2381 1273 2448 unius,
1303 2379 1396 2433 sed
1425 2378 1800 2446 plurimorum,
1822 2388 2118 2442 eorumque

528 2481 919 2539 contrariorum
948 2496 961 2533 :
993 2478 1118 2533 licet
1169 2475 1313 2530 enim
1360 2469 1648 2527 aflirtnatio
1693 2479 1748 2525 et
1795 2469 2008 2538 negatio
2048 2469 2118 2521 sit

527 2572 923 2647 quodammodo
951 2568 1228 2624 ambulare
1248 2576 1302 2622 et
1325 2580 1429 2620 non
1449 2564 1745 2628 ambulare,
1773 2573 1950 2616 tamen
1977 2576 2117 2614 nunc.

527 2673 597 2726 ab
648 2666 939 2731 Aristotele
980 2665 1040 2720 in
1085 2661 1342 2719 contrarii
1387 2662 1505 2713 vice
1549 2657 1872 2726 diSponitur,
1917 2665 1971 2708 et
2017 2653 2120 2708 hoc

528 2764 744 2836 quidem
776 2763 828 2815 in
856 2757 1106 2814 omnibus
1157 2751 1570 2809 rationabilibus
1600 2748 1959 2819 potestatibus
2007 2745 2119 2812 pla-

529 2869 658 2911 num
686 2861 789 2916 est,
817 2865 907 2906 eas
935 2848 1284 2918 plurimorum
1317 2857 1437 2898 esse
1462 2840 1855 2896 contrariorum
1881 2849 2121 2908 eleppo-

527 2948 630 3003 sita
658 2947 858 3000 valere.
889 2941 1019 3008 Qua:
1050 2953 1178 2992 vero
1208 2935 1504 2992 secundum
1530 2934 1795 2988 rationem
1825 2947 1933 2986 non
1967 2939 2117 2996 sunt,

531 3040 661 3094 licet
687 3038 798 3093 sint
821 3031 1066 3103 quaedam
1093 3043 1212 3099 qua:
1251 3027 1496 3096 opposita
1524 3025 1768 3092 valeant,
1800 3039 1908 3078 non
1940 3033 2116 3076 tamen

529 3130 731 3186 omnia.
768 3125 898 3180 Nam
933 3136 1054 3178 cum
1085 3133 1220 3188 aqua
1251 3117 1616 3188 frigefaciendi
1643 3117 1838 3171 habeat
1878 3124 2118 3184 potesta-

2219 1933 2391 1969 cmtm
2417 1927 2487 1970 est
2518 1927 2571 1970 ut
2594 1918 2647 1969 in
2677 1925 2815 1978 actu,
2841 1925 2892 1968 ut
2923 1915 3162 1985 possibile
3185 1924 3257 1968 est
3281 1913 3546 1966 ambulare
3573 1910 3806 1977 quoniam

2220 2011 2476 2073 ambulat,
2520 2021 2566 2063 et
2599 2011 2808 2062 omnino
2836 2008 3073 2078 possibile
3113 2018 3185 2062 est
3219 2024 3325 2062 esse
3350 2006 3596 2076 quoniam
3613 2009 3804 2075 jamest

2219 2111 2335 2154 actu
2359 2102 2496 2171 quod
2522 2101 2707 2154 dicitur
2736 2099 2990 2170 passibile.
3024 2097 3167 2152 Illud
3195 2114 3309 2152 vero
3330 2101 3570 2168 quoniam
3599 2098 3804 2165 forsitan

2219 2203 2351 2264 aget,
2382 2203 2434 2245 ut
2464 2192 2703 2264 possibile
2730 2203 2802 2246 est
2829 2192 3090 2246 ambulare
3111 2193 3347 2261 quoniam
3372 2192 3550 2260 forsan
3581 2189 3804 2243 ambula-

2223 2286 2311 2350 bit,
2342 2298 2388 2339 ει
2421 2290 2526 2339 [nec
2555 2286 2758 2355 quidem
2795 2286 2845 2338 in
2880 2284 3146 2338 mobilibus
3177 2284 3297 2337 solis
3328 2291 3399 2335 est
3434 2292 3689 2353 potestas,
3721 2280 3804 2336 illa

2221 2395 2372 2447 vero,
2399 2389 2446 2432 et
2476 2380 2529 2432 in
2559 2380 2919 2432 immobilibus.
2962 2378 3027 2430 In
3070 2377 3297 2447 utrisque
3334 2387 3500 2429 autem
3541 2391 3711 2449 rerum
3738 2387 3805 2428 est

2222 2471 2388 2523 dicere
2414 2487 2514 2523 non
2546 2471 2855 2539 impossibile
2884 2486 2990 2524 esse
3015 2469 3296 2532 ambulare,
3327 2469 3403 2522 vel
3435 2485 3567 2533 esse,
3601 2478 3648 2518 et
3678 2468 3804 2534 quod

2222 2564 2563 2632 ambulantin,
2589 2574 2635 2617 et
2664 2567 2767 2634 agit
2791 2574 2836 2617 et
2859 2560 3168 2616 ambulabile
3197 2571 3291 2615 est.
3319 2561 3407 2615 Sic
3432 2576 3550 2630 ergo
3573 2558 3802 2628 possibile

2223 2677 2324 2714 non
2350 2673 2420 2714 est
2449 2677 2622 2713 verum
2647 2662 2712 2712 de
2741 2661 3024 2713 necessario
3049 2659 3346 2726 simpliciter
3369 2655 3556 2720 dicere,
3592 2658 3802 2707 alterum

2221 2765 2389 2809 autem
2413 2755 2579 2807 dicere
2601 2769 2772 2807 verum
2794 2761 2890 2806 est.
2927 2753 3096 2819 Quare
3124 2750 3362 2820 quoniam
3389 2757 3583 2816 partem
3605 2748 3801 2800 univer-

2221 2849 2328 2900 sale
2371 2846 2616 2915 sequitur,
2667 2844 2798 2897 illud
2840 2845 2972 2913 quod
3014 2860 3078 2898 ex
3117 2844 3412 2896 necessitate
3455 2849 3545 2906 est,
3585 2841 3804 2897 sequitur

2221 2955 2367 3009 posse
2398 2955 2524 3000 esse,
2551 2939 2640 2992 sed
2672 2954 2770 2991 non
2801 2939 3026 2990 omnino.

2297 3033 2431 3097 Quid
2475 3032 2588 3086 hazc
2618 3031 2885 3085 sententia
2916 3032 3215 3084 Contineret
3244 3044 3401 3098 quam
3432 3043 3575 3082 nunc
3607 3027 3799 3080 Aristo~

2226 3124 2362 3180 teles
2395 3124 2710 3194 proposuit,
2751 3125 2937 3193 quinto
2981 3122 3196 3191 quidem
3232 3122 3364 3176 libro
3399 3122 3684 3190 diligenter
3710 3132 3776 3173 ει

533 3232 642 3277 tem
673 3218 816 3290 quod
847 3212 1216 3270 irralionahile
1245 3221 1357 3277 εει.
1387 3220 1440 3266 οι
1467 3211 1514 3265 ei
1543 3225 1728 3264 ιύτευε
1750 3209 1856 3262 alia
1886 3217 2123 3277 POlCSlas
2149 3203 2200 3270 C
2230 3220 2524 3288 pressimus
2553 3227 2607 3272 et
2635 3232 2777 3271 nunc
2805 3232 2922 3270 eam
2962 3216 3194 3270 breviter
3222 3229 3602 3283 essequatnur.
3640 3215 3800 3280 Expo~

532 3310 908 3378 calefaciendi,
936 3323 1056 3364 cum
1091 3306 1206 3378 ipsa
1237 3307 1307 3361 sit
1349 3305 1634 3369 calefacta,
1659 3301 1754 3357 sed
1783 3316 1889 3355 non
1923 3302 1976 3354 in
2005 3315 2120 3354 om-

533 3410 695 3466 nibus
727 3404 1086 3476 potestatibus
1129 3399 1584 3456 irrationabilibus
1618 3398 1719 3450 hoc
1749 3393 1979 3448 inveniri
2025 3407 2113 3462 po-

531 3514 660 3562 test.
699 3500 838 3573 lgnis
879 3498 1023 3556 enim
1064 3499 1156 3567 (ut
1186 3494 1388 3549 dictum
1425 3491 1547 3559 est)
1577 3503 1736 3543 unam
1768 3485 2120 3542 calefaciendi

531 3603 736 3650 tantum
791 3591 1002 3646 videtur
1041 3587 1240 3642 habere
1295 3589 1652 3652 potestatem,
1687 3579 1788 3634 huc
1845 3578 1985 3632 enim
2037 3585 2122 3631 est

531 3683 674 3756 quod
702 3683 776 3738 ait
803 3700 816 3735 :
851 3678 1250 3736 lrrationabiles
1280 3688 1410 3728 vero
1439 3688 1542 3726 non
1573 3686 1781 3736 omnes,
1817 3669 1868 3724 id
1898 3679 1981 3724 est
2023 3684 2120 3738 0p-

529 3779 701 3849 posita
733 3774 933 3837 valent,
963 3770 1057 3825 sed
1101 3765 1551 3838 quemadmodum
1583 3764 1782 3818 dictum
1815 3764 2119 3829 est,.ignetn

529 3884 639 3926 non
670 3876 754 3924 est
777 3864 1032 3934 possibile
1058 3859 1353 3915 calefacere
1381 3866 1435 3912 ct
1454 3873 1561 3911 non
1585 3857 1898 3917 calefacere,
1931 3855 2118 3908 datur-

532 3978 638 4034 que
667 3961 722 4016 in
763 3957 1011 4012 omnibus
1041 3953 1221 4022 regula
1253 3967 1372 4020 que
1407 3966 1511 4004 non
1543 3949 1649 4003 sint
1688 3947 1961 4018 possibilia
1993 3962 2122 4001 cen-

531 4059 842 4120 trariorum,
875 4067 936 4108 ea
984 4049 1190 4106 scilicet
1239 4061 1359 4116 quae
1411 4059 1623 4114 semper
1651 4061 1808 4100 unam
1843 4059 1955 4100 rem
1998 4053 2119 4098 actu

531 4148 844 4212 continent,
883 4153 940 4197 ttt
991 4141 1128 4210 ignis
1166 4153 1384 4208 semper
1428 4140 1603 4201 calet,
1639 4139 1716 4194 sol
1754 4153 1966 4207 semper
2009 4152 2121 4192 mo-

532 4248 687 4295 vetur
707 4278 722 4301 ,
748 4247 803 4292 et
829 4244 1020 4290 etetera
1067 4231 1368 4302 ltujustnodi
1391 4273 1405 4296 ,
1438 4231 1576 4300 quod
1613 4247 1706 4301 per
1737 4231 1837 4286 hoc
1863 4231 1937 4284 ait
1978 4231 2121 4299 quod

531 4335 667 4390 dixit
689 4349 703 4385 :
728 4330 906 4399 Neque
933 4342 1263 4397 quaicunque
1286 4327 1389 4380 alia
1412 4340 1627 4396 semper
1652 4335 1836 4394 agunt,
1862 4324 1963 4378 alia
1991 4340 2119 4380 vero

535 4433 758 4497 possunt
787 4423 1028 4493 quaedam
1060 4422 1328 4490 opposita,
1373 4420 1536 4475 etiam
1570 4419 1861 4474 secundum
1905 4420 2121 4474 irratio-

532 4515 740 4572 nabiles
784 4521 1096 4580 pmestates,
1130 4521 1189 4566 ut
1237 4511 1434 4566 dictum
1482 4519 1565 4564 est
1595 4510 1662 4564 de
1693 4527 1849 4580 aqua.
1883 4511 1986 4565 Sed
2021 4510 2122 4566 ltoc

534 4615 734 4669 idcirco
765 4610 964 4664 dictum
1002 4625 1121 4664 esse
1153 4616 1398 4672 testatur,
1428 4621 1480 4661 ut
1510 4622 1958 4676 cognosceremus
1986 4608 2134 4663 nihil’

534 4706 751 4762 evenire
779 4702 1169 4759 contrariorum
1189 4742 1202 4766 ,
1235 4701 1280 4754 si
1327 4700 1447 4770 quis
1473 4699 1678 4754 diceret
1710 4700 2116 4768 possibilitatem

534 4795 837 4854 necessario
866 4793 1189 4849 consentire.
1219 4792 1350 4846 Cum
1384 4791 1524 4846 enim
1551 4806 1654 4844 non
1680 4792 1856 4845 omnis
1888 4790 2121 4860 possibi-

535 4890 657 4944 litas
686 4885 951 4942 contraria
985 4881 1206 4948 valeret,
1239 4897 1300 4935 ea
1331 4883 1531 4936 scilicet
1555 4883 1858 4936 necessitati
1890 4898 2120 4936 consen-

537 4984 620 5049 tit,
653 4995 772 5051 quae
800 4977 1069 5034 contraria
1100 4990 1204 5029 non
1234 4974 1393 5038 valet,
1423 4974 1514 5027 sed
1561 4990 1718 5028 unam
1768 4990 1879 5028 rem
1911 4990 2125 5044 semper

533 5076 662 5146 agit,
698 5073 800 5127 hoc
825 5081 906 5126 est
927 5068 1070 5124 enim
1102 5067 1242 5136 quod
1271 5066 1347 5120 ait
1373 5084 1387 5122 :
1409 5067 1517 5122 Sed
1544 5067 1642 5122 huc
1675 5069 1891 5138 quidem
1923 5069 2120 5124 idcirco

534 5167 737 5223 dictum
757 5174 858 5231 est,
891 5164 1139 5232 quoniam
1169 5175 1273 5214 non
1299 5161 1474 5215 omnis
1495 5171 1728 5231 potestas
1754 5165 2120 5232 oppositurum

508 5269 638 5326 est,
668 5271 768 5313 nec
793 5270 1125 5326 quaecunque
1156 5254 1448 5309 secundum
1494 5256 1736 5310 eamdem
1776 5254 2011 5324 speciem
2043 5256 2126 5309 di-

535 5362 728 5405 cuntur
748 5350 888 5418 quod
914 5348 987 5402 ait
1009 5366 1023 5401 :
1048 5346 1158 5402 Nec
1184 5361 1517 5417 quaecunque
1545 5349 1837 5403 secundum
1869 5347 2118 5403 eamdem

535 5442 771 5510 speciem
798 5440 1049 5494 dicuntur
1080 5440 1185 5494 tale
1209 5448 1312 5494 est.
1341 5439 1456 5493 Non
1489 5439 1648 5493 modo
1678 5453 1838 5495 omne
1867 5441 2006 5512 quod
2040 5441 2122 5496 di-

535 5537 675 5591 citur
727 5533 983 5603 possibile
1037 5533 1430 5590 contrariorum
1469 5548 1590 5589 esse
1637 5548 1743 5588 non
1796 5545 1992 5603 potest,
2027 5537 2122 5592 sed

533 5627 698 5682 etiam
724 5640 784 5681 ea
815 5641 932 5697 qua:
961 5628 1062 5682 sub
1089 5626 1273 5682 eadem
1308 5627 1489 5696 specie
1532 5637 1680 5694 sunt,
1714 5630 1958 5700 quaedam
1984 5647 2117 5686 con-

535 5719 699 5772 traria
731 5733 836 5772 non
861 5729 1102 5787 possunt,
1137 5731 1273 5776 utea
1314 5738 1431 5791 qua:
1475 5736 1602 5777 sunt
1648 5723 2117 5783 irrationabiliutn.

535 5807 671 5868 Nam
693 5823 815 5868 cum
840 5813 1078 5868 omnium
1104 5814 1548 5872 irrationabiliutn
1576 5816 1632 5873 in
1654 5830 1720 5874 eo
1740 5817 1884 5885 quod
1906 5820 2120 5878 irratio-

2227 3309 2436 3364 sitionis
2460 3308 2600 3363 enim
2630 3323 2790 3377 causa
2817 3307 3180 3376 doctrinaeque
3223 3307 3362 3360 hunc
3395 3305 3691 3359 secundum
3719 3319 3806 3360 nos

2224 3403 2572 3473 expositionis
2592 3403 2852 3456 sumimus
2869 3401 3126 3464 laborem,
3148 3416 3251 3453 non
3265 3400 3490 3469 augt-udi
3517 3398 3809 3467 prolixitatu

2224 3498 2444 3552 fastidii.
2475 3497 2618 3550 Talis
2649 3511 2778 3566 ergo
2808 3505 2888 3550 est
2919 3496 3187 3549 sententia
3221 3503 3346 3548 tota.
3382 3493 3647 3547 Possnbile
3676 3489 3810 3561 quod

2224 3591 2531 3660 frequenter
2574 3588 2625 3641 in
2660 3589 2816 3642 rebus
2843 3587 3070 3642 dicimus
3110 3603 3215 3640 non
3255 3585 3570 3654 simpliciter
3601 3583 3806 3636 dicitur.

2225 3686 2400 3751 Atque
2433 3681 2554 3736 ideo
2588 3680 2840 3750 quoniatn
2875 3679 3128 3748 possibile
3157 3692 3184 3730 a
3224 3684 3487 3746 potestate
3519 3677 3813 3730 traductum

2226 3791 2325 3838 cst,
2352 3787 2408 3830 ttt
2433 3777 2539 3845 ipsi
2566 3791 2774 3844 quoque
2801 3784 3034 3843 poteStas
3064 3773 3392 3843 (eq-livucum
3424 3779 3526 3825 est.
3559 3770 3672 3822 lloe
3699 3770 3814 3821 hinc

2225 3868 2566 3923 manifestum
2597 3878 2698 3933 est,
2731 3867 2871 3936 quod
2900 3867 3143 3935 quzedatn
3185 3865 3564 3934 possibilitates
3622 3862 3688 3916 ad
3721 3861 3815 3916 hoc

2226 3963 2472 4016 dicuntur
2495 3978 2600 4015 non
2624 3964 2872 4030 quoniam
2895 3969 3142 4030 aguntur,
3169 3959 3262 4014 sed
3293 3957 3544 4027 quoniam
3577 3967 3637 4009 ut
3657 3970 3814 4024 agan-

2227 4066 2312 4110 tur
2343 4055 2471 4109 nihil
2504 4055 2746 4123 impedit,
2780 4065 2834 4107 ut
2862 4056 2904 4106 si
2937 4052 3004 4108 de
3032 4053 3212 4121 aliquo
3261 4065 3392 4105 sano
3421 4065 3651 4118 corpore
3704 4063 3813 4102 om~

2228 4148 2488 4218 nibusque
2509 4147 2625 4200 aliis
2647 4163 2764 4217 quae
2796 4145 3052 4214 impedire
3067 4155 3310 4215 poterant
3334 4144 3553 4198 remotis
3572 4143 3812 4205 sedente,

2227 4240 2434 4294 dicatur
2474 4240 2724 4308 possibile
2754 4254 2873 4292 esse
2901 4237 3175 4292 ambulare
3205 4254 3349 4300 eum,
3408 4252 3512 4289 non
3564 4235 3812 4306 quoniam

2228 4335 2483 4400 ambulat,
2508 4334 2602 4389 sed
2631 4334 2880 4404 quoniam
2914 4344 2970 4386 ttt
2996 4333 3230 4386 ambulet
3263 4331 3388 4384 nihil
3441 4330 3665 4383 omnino
3693 4343 3812 4395 pru-

2231 4428 2395 4482 ltibet.
2427 4426 2683 4491 Qumdam
2712 4440 2839 4480 vero
2863 4423 3244 4494 possibilitates
3273 4423 3340 4474 ita
3385 4421 3638 4474 dicuntur
3682 4433 3811 4487 quo-

2231 4523 2371 4576 niam
2399 4521 2509 4590 jatn
2548 4531 2670 4574 actu
2702 4529 3009 4586 suntatque
3035 4528 3283 4587 aguntur,
3314 4525 3369 4570 ut
3396 4517 3438 4569 si
3467 4517 3586 4582 quis
3613 4514 3680 4567 de
3707 4527 3810 4564 am-

2232 4615 2442 4669 bulante
2470 4613 2684 4667 homine
2714 4612 2874 4674 dicat,
2910 4610 3161 4678 poSsibile
3189 4622 3309 4662 esse
3337 4623 3454 4660 cum
3511 4605 3810 4664 ambulare,

2230 4715 2387 4775 atque
2413 4704 2534 4758 ideo
2565 4719 2622 4757 ca
2654 4703 2974 4772 possibilitas
3002 4717 3120 4770 qua:
3155 4717 3257 4752 nun
3298 4697 3589 4752 secundum
3642 4707 3810 4748 aetum

2232 4797 2460 4866 aliquem
2491 4797 2707 4861 dicitur,
2735 4795 2826 4850 sed
2861 4795 3148 4849 secundum
3181 4793 3230 4846 id
3260 4793 3396 4860 quod
3423 4799 3604 4859 posset
3633 4801 3810 4858 agere,

2233 4890 2426 4944 dicitur
2453 4904 2518 4944 eo
2547 4890 2688 4959 quod
2723 4903 2882 4955 agere
2939 4903 3042 4941 non
3104 4886 3418 4955 prohibetur
3468 4897 3496 4935 a
3557 4893 3812 4951 potestate

2199 4982 2558 5052 possibilitas
2624 4981 2944 5036 nominatur.
2994 4979 3118 5034 lltrc
3191 4993 3319 5031 vero
3371 4991 3489 5046 quae
3539 4974 3651 5045 jam
3711 4973 3813 5040 agit

2229 5086 2387 5146 atque
2434 5075 2486 5129 in
2543 5085 2664 5129 actu
2729 5084 2858 5138 est,
2922 5082 3074 5127 actus
3131 5072 3244 5140 ipse
3313 5068 3650 5138 possibilitas
3727 5080 3814 5132 ap-

2233 5168 2476 5237 pellatur.
2536 5167 2662 5220 Duae
2711 5181 2836 5219 vero
2890 5163 3454 5231 suntsignilicationes
3497 5157 3814 5227 possibilita-

2235 5263 2321 5329 tis,
2351 5277 2451 5314 ttna
2479 5276 2742 5329 quteeatn
2776 5258 3185 5328 possibilitatem
3240 5258 3506 5326 designat,
3561 5268 3685 5323 qua:
3737 5260 3814 5307 est

2233 5367 2516 5430 potestate,
2550 5371 2669 5426 qua:
2695 5354 2988 5410 secundum
3017 5362 3192 5407 actum
3221 5369 3323 5406 non
3368 5354 3456 5406 sit.
3494 5351 3674 5405 Altera
3698 5361 3816 5419 qua!

2199 5519 2202 5524 ι
2235 5455 2352 5505 eam
2384 5448 2782 5518 possibilitatem
2811 5445 3076 5514 significat
3101 5460 3222 5514 qnte
3249 5453 3365 5497 actu
3413 5444 3502 5497 sit.
3556 5441 3680 5494 Haec
3727 5453 3816 5491 au-

2238 5555 2341 5599 tem
2373 5542 2696 5614 possibilitas
2717 5555 2835 5610 qua:
2861 5539 2970 5609 jatn
2996 5549 3116 5592 actu
3141 5547 3241 5603 cst,
3269 5544 3358 5590 aut
3378 5550 3442 5589 ex
3472 5541 3732 5604 potestate
3753 5528 3814 5583 ad

2236 5649 2409 5694 actum
2445 5637 2653 5705 transit,
2686 5645 2770 5689 aut
2805 5649 3019 5704 semper
3075 5633 3126 5686 in
3181 5641 3300 5684 actu
3329 5629 3644 5684 naturaliter
3700 5625 3812 5686 fuit.

2237 5742 2294 5788 ut
2315 5747 2434 5787 cum
2467 5732 2624 5784 homo
2654 5745 2718 5783 ex
2749 5744 2813 5784 eo
2841 5727 2981 5797 quod
3009 5727 3168 5792 sedet
3215 5742 3316 5780 non
3359 5722 3616 5784 ambulat,
3649 5725 3816 5788 pulL‘Si

2237 5824 2532 5887 ambulare,
2565 5833 2722 5888 atque
2750 5821 2871 5877 ideo
2897 5835 2960 5876 ex
2990 5829 3256 5888 potestate
3285 5820 3334 5873 itt
3367 5828 3542 5873 actum
3573 5814 3815 5871 tertitar.
