4090 6342
320 314 429 376 617

1051 316 1120 375 ῙΝ
1156 315 1415 378 LIBRUM
1454 318 1544 377 DE
1582 314 2235 381 INTERPRETATIONE
2277 320 2506 385 EDITIO
2542 326 2881 389 SECUNDA.

3500 330 3610 400 618

321 434 416 491 Sol
442 446 572 490 vero
600 444 723 490 cum
776 440 1042 501 movetur,
1095 450 1368 507 nunquam
1423 452 1488 493 ex
1542 440 1803 508 potestate
1855 439 1910 494 in
1939 440 1992 501 Α
2018 454 2081 495 eo
2112 442 2251 511 quod
2283 442 2348 498 ad
2373 454 2547 501 actum
2578 462 2641 502 ex
2671 455 2935 518 potestate
2961 462 3066 505 non
3113 448 3337 508 venerit.
3389 454 3612 525 Species

320 539 500 583 actum
528 527 775 583 vertitur.
801 526 995 598 Neque
1013 529 1155 584 enim
1184 530 1470 602 aliquando
1524 532 1662 588 hunc
1712 544 1916 591 motum

319 635 429 676 non
459 620 587 690 egit.
617 621 799 692 Neque
823 621 959 693 ignis
984 632 1042 677 ut
1066 639 1205 680 nunc
1229 640 1335 680 non
1377 626 1599 694 caleret,
1629 626 1918 698 aliquando

322 731 429 771 non
452 716 635 773 caluit.
662 717 803 788 Ergo
831 733 895 775 ea
921 728 1109 776 rursus
1134 721 1460 791 possibilitas
1484 739 1602 794 quae
1623 725 1918 781 secundum

320 820 497 867 actum
525 812 757 879 aliquem
781 812 977 869 dicitur
1002 813 1137 870 duas
1167 816 1306 871 intra
1354 830 1412 871 se
1465 817 1677 887 species
1736 818 1912 874 conti-

321 911 432 971 net,
469 918 627 958 unam
654 918 772 972 quae
801 903 958 961 talem
988 913 1166 960 actum
1218 907 1586 976 possibilitatis
1642 908 1911 981 designet,

322 1012 592 1069 quemque
617 1013 724 1054 non
755 1012 876 1055 esse
906 1014 1012 1055 non
1035 1000 1211 1069 liceat,
1240 1008 1294 1057 et
1318 1002 1433 1057 haec
1478 1002 1677 1060 dicitur
1722 1018 1913 1060 neces-

322 1091 461 1146 saria
500 1106 619 1162 quae
644 1108 912 1163 nunquam
943 1109 1008 1149 ex
1049 1104 1312 1164 potestate
1365 1097 1418 1152 in
1448 1106 1625 1154 actum
1662 1103 1913 1167 vertitur,

323 1170 417 1238 sed
444 1184 497 1239 in
520 1193 641 1240 actu
669 1186 982 1243 naturaliter
1034 1192 1258 1256 mansit;
1320 1192 1540 1249 alteram
1584 1208 1715 1250 vero
1754 1211 1916 1267 quam

324 1275 481 1330 liceat
508 1285 563 1331 et
590 1291 695 1332 non
719 1291 859 1344 esse,
889 1294 1008 1348 quae
1037 1281 1242 1337 scilicet
1267 1297 1334 1339 ex
1365 1287 1709 1355 potestatein
1735 1296 1916 1346 actum

325 1368 592 1438 migravit,
616 1379 669 1425 et
698 1369 800 1425 hoc
829 1386 935 1428 non
963 1376 1324 1432 necessarium
1375 1392 1496 1434 cum
1547 1380 1617 1436 sit
1664 1390 1808 1450 actu,
1863 1393 1919 1440 et

326 1461 441 1518 inec
466 1462 585 1517 talis
618 1464 940 1534 possibilitas
964 1481 1083 1536 qua:
1109 1481 1175 1524 ex
1208 1477 1475 1539 potestate
1501 1472 1555 1528 in
1588 1484 1767 1530 actum
1796 1491 1918 1532 ver-

327 1554 472 1623 titur,
508 1556 561 1611 in
592 1557 723 1612 solis
777 1558 1062 1615 mobilibus
1120 1570 1224 1629 est,
1257 1563 1361 1620 hoc
1408 1574 1491 1623 est
1546 1584 1666 1640 quae
1712 1571 1918 1626 moveri

326 1656 576 1716 possunt,
610 1649 724 1705 hare
774 1661 949 1709 autem
1009 1663 1134 1710 sunt
1188 1658 1515 1727 corporalia;
1562 1660 1918 1733 incorporalia

326 1752 456 1795 vero
482 1756 589 1796 non
616 1745 841 1811 moveri,
874 1747 1064 1816 quibus
1102 1751 1401 1809 rationibus
1458 1763 1729 1813 astruatur
1758 1758 1918 1827 paulo

2022 535 2185 604 igitur
2206 538 2448 605 quaedam
2503 541 2603 594 erit
2662 543 2955 597 necessitas
3003 544 3405 613 possibilitatis,
3446 548 3613 619 siqui-

2022 627 2144 682 dem
2172 628 2282 684 illic
2312 631 2524 699 ponitur
2555 633 2641 688 ubi
2694 645 2777 690 est
2825 650 2886 690 ea
2942 635 3267 706 possibilitas
3325 655 3441 710 qua:
3488 650 3613 698 actu

2022 732 2236 789 semper
2264 731 2367 777 est.
2405 722 2558 787 Quod
2589 725 2635 778 si
2665 726 2899 794 speciem
2932 730 3172 798 sequitur
3199 745 3397 800 genus,
3428 741 3483 788 et
3518 734 3616 789 ubi

2020 822 2105 868 est
2135 814 2361 885 species,
2386 831 2553 888 genus
2585 818 2772 875 deesse
2799 836 2904 876 non
2956 832 3151 892 potest,
3203 826 3443 896 sequitur
3491 841 3618 897 spe.

2022 907 2160 961 ciem
2188 921 2364 975 suam,
2398 909 2451 963 id
2480 919 2560 965 est
2586 913 2960 969 necessitatem
3013 932 3179 984 genus
3230 920 3527 988 preprium,
3558 921 3616 977 itl

2021 1006 2105 1052 est
2135 999 2482 1070 possibilitas,
2509 1003 2603 1058 sed
2633 1019 2739 1059 non
2772 1020 2951 1062 omne.
2984 1007 3060 1062 Ea
3098 1023 3227 1064 vero
3286 1013 3616 1082 possibilitas

2023 1092 2397 1148 necessitatem
2431 1111 2537 1151 non
2565 1098 2809 1168 sequitur
2829 1114 2948 1170 quae
2981 1111 3249 1170 potestate
3279 1113 3483 1161 tantum
3509 1117 3615 1175 est,

2025 1199 2131 1240 non
2162 1190 2322 1242 etiam
2350 1199 2492 1257 actu,
2528 1206 2703 1262 neque
2733 1208 2793 1248 ca
2822 1209 2942 1263 quae
2981 1209 3102 1249 cum
3160 1198 3229 1252 sit
3281 1207 3403 1254 actu
3456 1201 3617 1255 relin-

2024 1292 2189 1348 quere
2218 1281 2514 1351 subjectum
2550 1296 2747 1356 potest,
2804 1287 2897 1342 sed
2942 1292 3001 1345 ea
3059 1299 3260 1346 tantum
3320 1310 3437 1363 quae
3493 1308 3615 1349 cum

2024 1387 2148 1431 actu
2174 1379 2241 1433 sit
2267 1395 2538 1450 nunquam
2570 1382 2767 1452 poterit
2815 1398 2843 1437 a
2901 1384 3145 1455 subjecto
3189 1385 3484 1443 discedere.
3519 1389 3618 1444 Se-

2024 1471 2206 1541 quitur
2233 1487 2362 1543 ergo
2392 1475 2721 1543 possibilitas
2768 1481 3167 1548 necessitatem,
3224 1480 3458 1551 nihilque
3488 1497 3618 1538 eve-

2026 1566 2102 1620 nit
2134 1566 2488 1636 impossibile,
2520 1570 2614 1625 sed
2638 1586 2723 1636 ea,
2757 1583 2814 1627 ut
2844 1571 3045 1627 dictum
3077 1583 3177 1641 est,
3235 1589 3352 1642 quae
3410 1574 3461 1629 in
3493 1584 3618 1631 actu

2023 1656 2112 1724 sit,
2149 1667 2203 1713 et
2232 1675 2501 1730 nunquam
2549 1664 2601 1716 in
2659 1663 2901 1732 subjecto
2955 1673 3143 1719 natura
3200 1679 3321 1720 esse
3371 1665 3615 1722 desistat.

2026 1747 2193 1804 Totus
2223 1750 2438 1820 quidem
2466 1766 2659 1807 sensus
2685 1753 2985 1823 lmjusmodi
3013 1766 3115 1822 est,
3150 1757 3289 1813 ratio
3314 1771 3441 1812 vero
3495 1773 3618 1813 ver-

326 1838 450 1901 post
473 1831 732 1891 dicemus.
764 1835 874 1892 Illa:
898 1853 1028 1894 vero
1056 1856 1176 1911 qua:
1200 1857 1415 1914 semper
1441 1847 1492 1901 in
1518 1856 1643 1903 actu
1690 1824 1922 1921 propriae

2029 1840 2217 1895 borum
2251 1842 2321 1895 ita
2350 1844 2637 1900 constabit.
2672 1846 2925 1914 Quadam
2969 1863 3118 1913 vero,
3171 1849 3362 1920 inquit,
3394 1860 3618 1921 potesta-

327 1936 534 1981 naturte
558 1927 817 1999 qualitate
841 1944 1177 2001 manserunt,
1219 1944 1274 1991 et
1322 1938 1375 1992 in
1430 1940 1718 1997 mobilibus
1770 1942 1922 2000 inve-

329 2017 572 2085 niuntur,
604 2028 661 2074 ut
689 2021 795 2091 igni
825 2022 974 2079 calor
1001 2024 1092 2096 qui
1122 2041 1333 2097 semper
1373 2038 1495 2086 actu
1540 2040 1595 2087 et
1650 2022 1931 2105 nunquam

335 2108 500 2166 fuerit
525 2120 812 2182 potestate,
840 2125 893 2171 et
921 2116 974 2172 in
1008 2116 1094 2173 bis
1123 2134 1242 2189 qua:
1270 2130 1394 2177 sunt
1437 2123 1753 2194 immobilia,
1806 2126 1925 2186 haec

329 2211 506 2275 aptem
537 2213 663 2260 sunt
689 2207 1043 2279 incorporalia
1071 2221 1127 2267 et
1167 2213 1366 2269 divina.
1424 2217 1599 2285 Quare
1655 2221 1925 2292 possibili-

331 2302 415 2351 tas
440 2311 501 2351 ea
531 2313 650 2368 quae
680 2313 742 2355 cx
771 2309 1035 2370 potestate
1062 2304 1114 2359 in
1143 2315 1321 2362 actum
1352 2309 1630 2381 migravit,
1682 2313 1923 2370 solorum

330 2397 415 2443 est
435 2391 856 2460 corruptibilium
882 2402 937 2449 et
956 2398 1336 2468 corporalium.
1368 2400 1441 2456 Ea
1468 2418 1595 2459 vero
1623 2420 1743 2475 quas
1778 2420 1925 2461 sem-

332 2493 429 2558 per
446 2491 566 2537 actu
596 2483 713 2548 fuit,
747 2484 942 2541 divinis
974 2491 1447 2563 corporalibusquc
1470 2497 1769 2552 communis
1800 2486 1934 2565 est;‘

333 2580 392 2626 ut
416 2572 577 2642 igitur
603 2582 712 2631 tom
743 2579 877 2634 ratio
909 2578 1143 2638 breviter
1174 2583 1486 2657 attingatur,
1520 2590 1591 2644 ita
1635 2591 1924 2647 dicendum

238 2720 247 2727 _
332 2674 416 2720 est
445 2684 461 2721 :
496 2669 822 2737 possibilitas
846 2677 1114 2744 aequivoca
1148 2686 1229 2733 est
1284 2689 1338 2735 et
1392 2682 1553 2737 multa
1588 2684 1920 2754 significans.

334 2755 428 2810 Est
452 2758 596 2813 enim
622 2774 724 2815 una
751 2763 1097 2835 possibilitas,
1131 2783 1249 2838 qua:
1278 2769 1391 2839 ipsa
1421 2772 1633 2841 quidem
1664 2790 1784 2830 cum
1816 2793 1923 2833 non

332 2846 401 2902 sit
428 2847 484 2903 in
515 2858 636 2906 actu
665 2866 785 2909 esse
813 2856 1001 2925 possit.
1034 2859 1209 2929 Atque
1236 2861 1358 2916 ideo
1383 2860 1452 2918 de
1480 2878 1544 2919 ea
1595 2865 1929 2935 possibilitas

332 2936 674 3006 praedicatur.
700 2941 795 2996 Est
821 2954 996 3000 autem
1028 2947 1132 3002 alia
1161 2965 1281 3019 quae
1328 2951 1438 3022 jam
1469 2963 1551 3009 est
1605 2963 1745 3022 actu,
1811 2957 1929 3014 bmc

332 3036 517 3083 autem
543 3046 660 3101 quae
682 3029 795 3101 jam
821 3043 948 3089 actu
977 3045 1079 3101 est,
1115 3053 1220 3094 non
1248 3043 1518 3111 :equivoca
1548 3056 1651 3113 est,
1682 3047 1776 3102 sed
1831 3064 1928 3119 ge-

332 3137 455 3177 nus.
488 3122 659 3179 Habet
686 3127 828 3181 enim
867 3128 967 3203 sub
995 3144 1053 3185 se
1082 3134 1287 3201 species
1340 3150 1457 3191 eam
1510 3139 1921 3208 possibilitatem

2031 1941 2111 1989 tes
2135 1935 2426 2004 aequivocm
2450 1949 2599 2004 sunt,
2633 1938 2728 1994 sed
2756 1939 2859 1995 hoc
2887 1941 3085 1995 idcirco
3126 1941 3326 1998 dictum
3358 1952 3441 1999 est
3489 1960 3619 2013 quo-

2029 2029 2169 2081 niam
2200 2043 2304 2083 non
2331 2031 2508 2085 omnis
2531 2041 2766 2101 potestas
2798 2034 3071 2104 aequivoca
3095 2046 3196 2092 est.
3236 2038 3326 2092 Est
3354 2038 3495 2093 enim
3528 2053 3621 2107 pos

2029 2126 2194 2175 testas
2221 2138 2340 2192 quae
2368 2132 2426 2179 ut
2451 2139 2619 2195 genus
2646 2127 2733 2193 sit,
2790 2142 2853 2182 ea
2903 2127 3109 2183 scilicet
3156 2145 3277 2199 qua:
3328 2130 3623 2187 secundum

2028 2221 2208 2269 actum
2238 2216 2577 2285 praedicatur.
2630 2218 3091 2286 Quemadmodum
3147 2230 3323 2278 autem
3375 2222 3624 2292 quaedam

2028 2317 2321 2377 potestates
2350 2312 2636 2381 aequivocze
2664 2312 2771 2367 sint
2797 2313 3107 2384 exsequitur
3128 2314 3331 2371 dicens.
3360 2314 3625 2371 Possibile

2028 2401 2173 2455 enim
2204 2416 2312 2456 non
2339 2403 2652 2472 simpliciter
2673 2392 2894 2472 dieitur,
2926 2413 2982 2460 et
3008 2405 3109 2461 hoc
3138 2407 3497 2477 partitor,sed
3518 2408 3623 2464 hoc

2029 2494 2248 2565 quidem
2278 2497 2529 2566 quoniam
2564 2513 2747 2552 verum
2779 2508 2947 2553 estut
2975 2499 3028 2553 in
3060 2509 3204 2567 actu,
3261 2510 3319 2555 ut
3370 2501 3625 2571 possibile

2030 2595 2114 2643 est
2142 2589 2440 2657 ambulare,
2466 2589 2716 2659 quoniam
2741 2588 2852 2659 jam
2885 2590 3146 2658 ambulat,
3180 2601 3233 2646 et
3258 2593 3477 2655 omnino
3506 2606 3625 2661 pos-

2006 2680 2186 2736 'sibile
2212 2692 2293 2737 est
2319 2697 2462 2748 esse,
2496 2682 2747 2752 quoniam
2776 2683 2888 2753 jam
2911 2691 2997 2739 est
3050 2692 3173 2738 actu
3231 2684 3373 2754 quod
3424 2684 3623 2739 dicitur

2032 2774 2305 2842 possibile.
2340 2774 2453 2829 Hoc
2500 2775 2710 2844 planius
2766 2774 2899 2829 nihil
2959 2775 3188 2844 potuerit
3243 2774 3622 2845 demonstrari,

2032 2879 2192 2933 quam
2238 2866 2281 2919 si
2338 2865 2467 2921 illud
2527 2866 2781 2935 possibile
2808 2866 3052 2933 dicatur,
3085 2867 3223 2937 quod
3252 2867 3365 2937 jam
3420 2868 3621 2938 agitur.

2032 2954 2184 3025 Quod
2212 2955 2255 3009 si
2283 2955 2399 3025 quis
2431 2957 2685 3025 possibile
2710 2972 2831 3012 esse
2859 2967 3038 3030 neget,
3065 2961 3167 3014 hoc
3195 2958 3270 3014 ait
3294 2968 3350 3015 et
3380 2958 3497 3015 fieri
3542 2967 3625 3015 at-

2032 3063 2137 3119 que
2166 3063 2286 3105 esse
2315 3050 2444 3105 dicit
2475 3052 2614 3121 quod
2643 3051 2977 3122 impossibile
3014 3062 3113 3113 est,
3146 3053 3243 3109 sed
3272 3053 3375 3109 hoc
3404 3069 3625 3111 omnem

2035 3142 2253 3217 modum
2284 3144 2716 3199 rationabilitatis
2745 3145 2978 3200 excedit.
3009 3146 3180 3200 Aliam
3230 3161 3357 3201 vero
3415 3156 3626 3217 partem

330 3228 451 3283 quae
479 3224 604 3269 actu
630 3215 843 3285 quidem
866 3228 969 3287 est,
999 3223 1094 3277 sed
1120 3238 1185 3278 ex
1214 3235 1480 3293 potestate
1502 3231 1771 3300 migravit.
1801 3233 1923 3291 Alia
1950 3214 2000 3282 (Ξ
2028 3214 2435 3305 significationis
2490 3236 2855 3309 possibilitatis
2912 3237 3052 3293 lianc
3100 3237 3250 3294 dicit.
3300 3214 3434 3294 Illud
3494 3255 3625 3298 vero

331 3319 461 3361 vero
512 3322 632 3377 qua:
661 3319 780 3365 actu
818 3321 921 3381 est,
954 3314 1049 3370 sed
1076 3330 1140 3371 ex
1195 3327 1459 3386 potestate
1511 3338 1618 3377 non
1651 3320 1938 3395 migravit.

331 3398 401 3454 Et
425 3400 515 3455 illa
540 3402 755 3471 quidem
786 3419 907 3475 qua:
943 3422 1009 3461 ex
1040 3419 1300 3478 potestate
1355 3428 1461 3468 non
1510 3415 1776 3486 migravit,
1810 3414 1941 3487 ipsa»

331 3491 532 3549 dicitur
552 3498 880 3567 necessaria,
908 3515 1026 3569 quae
1043 3517 1314 3573 nunquam
1334 3506 1586 3578 relinquit
1601 3512 1941 3579 subjectum.‘

332 3584 423 3642 Illa
451 3603 582 3645 vero
605 3606 727 3661 qua:
754 3607 820 3648 ex
877 3606 1140 3665 potestate
1195 3600 1261 3654 ad
1312 3611 1491 3657 actum
1547 3608 1755 3673 transit,
1810 3610 1929 3666 sine

332 3680 439 3736 ulla
467 3681 803 3741 dubitatione
832 3686 1024 3743 (ﬁcitur
1054 3707 1159 3745 non
1188 3707 1513 3752 necessaria.
1549 3698 1755 3756 idcirco
1784 3703 1930 3772 quod

332 3779 526 3848 poterit
549 3781 857 3853 relinquere
882 3785 1170 3856 aliquando
1198 3791 1523 3861 subjectum,
1572 3796 1667 3850 sed
1721 3796 1788 3852 de
1844 3798 1927 3854 his

333 3873 594 3944 utrisque,
639 3877 848 3932 scilicet
898 3894 1016 3949 qua:
1071 3882 1155 3937 vel
1187 3882 1238 3938 in
1265 3894 1531 3955 potestate
1581 3889 1665 3943 vel
1703 3890 1756 3945 in
1806 3901 1927 3947 actu

334 3964 715 4032 possibilitates
740 3968 1011 4039 dicuntur,
1042 3979 1341 4033 communis
1370 3994 1490 4035 esse
1542 3983 1735 4050 poterit
1785 3982 1945 4051 ιπεεἸ

333 4055 557 4125 dicatio,
584 4061 628 4115 si
658 4060 897 4119 dicamus
927 4075 1180 4138 utrasque
1212 4085 1330 4126 esse
1382 4088 1486 4127 non
1542 4074 1923 4143 impossibiles.

335 4147 473 4204 Nam
502 4160 556 4205 et
576 4154 661 4222 qui
690 4164 865 4225 potest
894 4159 1167 4217 ambulare
1196 4179 1317 4219 cum
1345 4181 1450 4221 non
1474 4169 1729 4235 ambulet,
1756 4179 1810 4226 et
1835 4174 1927 4243 qui

335 4240 448 4314 jam
478 4247 731 4317 ambulat,
768 4267 955 4307 verum
979 4265 1057 4309 est
1088 4256 1260 4313 dehis
1304 4259 1484 4316 dicere
1514 4264 1762 4332 quoniam
1818 4282 1925 4321 non

338 4346 421 4391 est
450 4337 778 4407 impossibile
804 4359 897 4400 eos
926 4346 980 4402 id
1008 4362 1167 4418 agere
1194 4352 1332 4421 quod
1363 4364 1586 4424 possunt
1633 4370 1790 4426 agere
1840 4359 1928 4414 vel

340 4439 526 4497 agunt.
559 4431 691 4489 Cum
721 4451 849 4493 vero
878 4439 978 4494 sub
1007 4442 1395 4511 significatione
1422 4448 1794 4516 possibilitatis
1822 4450 1929 4506 duo

338 4522 465 4590 sint,
497 4540 596 4580 una
621 4529 942 4597 possibilitas
971 4548 1088 4603 quae
1114 4545 1235 4592 actu
1268 4552 1372 4592 non
1400 4550 1504 4606 est,
1532 4540 1635 4595 alia
1661 4555 1786 4599 vero
1806 4556 1927 4612 quae

2030 3331 2173 3401 quod
2207 3331 2430 3386 forsitan
2458 3340 2599 3400 aget,
2628 3340 2682 3385 et
2713 3331 2804 3385 dat
2832 3331 2992 3401 hujus
3027 3334 3329 3403 exemplum
3363 3343 3421 3389 ut
3452 3336 3629 3405 possi-

2030 3423 2143 3480 bile
2198 3434 2278 3479 est
2305 3425 2601 3491 ambulare,
2650 3425 2900 3493 quoniam
2954 3425 3267 3482 ambulabit;
3328 3426 3442 3482 Non
3495 3443 3625 3499 ergo

2031 3503 2171 3588 quod
2193 3519 2303 3589 jam
2335 3520 2463 3588 agit,
2492 3519 2589 3574 sed
2619 3519 2760 3589 quod
2793 3518 3017 3575 forsitan
3047 3532 3185 3591 aget,
3238 3523 3290 3577 id
3342 3533 3425 3578 est
3480 3522 3625 3595 quod

2033 3621 2092 3668 ut
2121 3622 2240 3682 agat
2274 3610 2502 3665 fortasse
2549 3596 2981 3679 niltirprohibet.
3017 3612 3081 3665 Et
3110 3611 3210 3666 hoc
3263 3613 3503 3682 quidem,
3535 3613 3623 3668 in-

2033 3706 2170 3775 quit,
2197 3705 2247 3759 in
2293 3704 2579 3759 mobilibus
2628 3703 2759 3758 solis
2814 3713 2897 3759 est
2950 3714 3204 3774 potestas,
3251 3705 3368 3761 lure
3416 3708 3624 3762 scilicet

2034 3806 2271 3868 potestas
2300 3812 2419 3866 quae
2448 3804 2712 3866 polcsmle
2739 3795 2932 3851 dicitur
2961 3812 3065 3851 non
3098 3797 3392 3853 secundum
3421 3807 3623 3854 actum.

2035 3892 2248 3949 Mobilia
2278 3908 2429 3961 vero,
2462 3902 2521 3946 ut
2551 3891 2750 3946 dictum
2777 3898 2880 3955 est,
2907 3890 3017 3945 sola
3044 3905 3271 3962 corpora
3327 3891 3476 3947 dicit.
3531 3891 3624 3948 Illa

2034 4002 2185 4050 vero,
2220 3984 2270 4039 id
2294 3996 2395 4049 est,
2425 4001 2544 4055 quae
2573 3994 2693 4041 actu
2720 3994 2825 4051 est,
2856 3992 2911 4040 et
2934 3984 2985 4038 in
3028 3984 3411 4050 immobilibus,
3462 3993 3625 4055 atque

2034 4079 2160 4133 ideo
2190 4078 2391 4133 addidit
2418 4077 2520 4135 hoc
2541 4092 2660 4133 cum
2703 4079 2851 4141 dicit,
2910 4086 2962 4133 et
3019 4076 3074 4132 in
3128 4076 3512 4143 immobilibus,
3564 4084 3627 4132 ut

2034 4187 2141 4226 non
2172 4174 2508 4242 suSpicemur
2534 4172 2587 4226 in
2624 4169 2752 4225 solis
2779 4185 2901 4225 esse
2923 4168 3118 4223 divinis
3156 4177 3308 4225 actus
3354 4169 3625 4237 possibili-

2035 4271 2223 4328 tatem,
2257 4263 2351 4318 sed
2377 4263 2536 4318 etiam
2564 4262 2618 4315 in
2661 4261 2976 4317 mortalibus
3029 4269 3189 4332 atque
3237 4264 3531 4331 corporeis.
3562 4261 3626 4317 In

2037 4356 2275 4425 utrisque
2306 4368 2433 4409 vero
2487 4368 2673 4408 verum
2726 4361 2807 4407 est
2862 4351 3062 4417 dicere,
3121 4367 3229 4408 non
3289 4350 3637 4423 impossibile

2034 4463 2155 4503 eSse
2180 4448 2479 4513 ambulare,
2506 4446 2591 4502 vel
2620 4462 2740 4502 esse
2769 4448 2909 4515 quod
2939 4446 3178 4501 ambulat
3217 4448 3328 4516 jatn
3378 4457 3432 4503 et
3478 4447 3623 4518 quod

2034 4542 2143 4613 agit
2170 4550 2223 4596 et
2252 4540 2593 4596 ambulabile.
2630 4540 2685 4594 In
2718 4539 2978 4609 utrisque,
3010 4539 3201 4610 inquit,
3225 4540 3624 4609 significationi-

337 4627 460 4673 aetu
490 4628 593 4686 est,
622 4621 709 4675 illa
736 4624 1059 4692 passibiiitas
1090 4644 1206 4699 qua:
1256 4632 1551 4687 secundum
1603 4609 1922 4703 potestatem
1950 4609 2007 4672 Ῑ)
2037 4609 2137 4695 bus
2152 4654 2256 4695 una
2285 4638 2591 4709 praedicatio
2609 4640 2807 4707 poterit
2827 4635 3139 4704 convenire,
3169 4646 3226 4692 ut
3251 4637 3489 4693 dicamus
3513 4652 3625 4692 non

339 4709 535 4767 dicitur
547 4718 863 4774 necessariae
875 4734 979 4775 non
994 4724 1624 4799 accommodaturmequc
1637 4728 1922 4800 aliquando

337 4807 640 4862 necessitati
670 4811 865 4879 poterit
889 4816 1211 4871 consentire.
1242 4817 1429 4873 Restat
1458 4821 1616 4891 igitur
1649 4829 1707 4875 ut
1731 4823 1831 4879 sub
1859 4838 1922 4879 ea
1948 4818 1949 4821 “

338 4895 647 4967 pluralitate
671 4904 967 4962 necessitas
999 4916 1227 4976 ponatur
1255 4926 1376 4981 qua:
1401 4921 1523 4968 actu
1553 4923 1655 4981 est,
1705 4915 1798 4971 sed
1857 4930 1922 4972 ea
1948 4902 1951 4909 ’

337 5005 552 5062 quoque
582 4994 739 5051 habet
769 5012 926 5053 unam
954 5001 1185 5070 speciem
1223 5019 1319 5074 per
1350 5020 1509 5075 quam
1546 5023 1610 5062 ex
1659 5016 1922 5077 potestate

336 5083 391 5138 in
419 5094 596 5141 actum
627 5088 839 5159 migrat,
855 5106 975 5162 qua:
1003 5102 1087 5149 est
1131 5110 1238 5151 non
1275 5100 1594 5154 necessaria.
1652 5100 1827 5168 Quare
1855 5117 1926 5159 ne
1952 5092 1955 5107 ’

336 5172 393 5230 in
425 5175 525 5232 hac
551 5178 763 5248 quidem
792 5183 918 5252 poni
948 5194 1123 5255 potest
1154 5189 1466 5245 necessitas.
1517 5190 1704 5247 Restat
1762 5193 1927 5264 igitur

336 5277 399 5323 ut
426 5273 678 5340 quoniam
708 5275 763 5331 id
789 5278 930 5347 quod
961 5295 1183 5339 necesse
1211 5294 1293 5339 est
1346 5300 1487 5354 esse,
1542 5287 1717 5344 nullus
1766 5299 1927 5361 negat

337 5364 460 5418 es‘se
489 5367 762 5434 possibile.
791 5370 903 5428 Sub
929 5376 1167 5443 possibili
1196 5388 1376 5434 autem
1405 5390 1487 5436 est
1516 5390 1570 5437 et
1597 5397 1657 5437 ea
1681 5399 1799 5453 qua:
1827 5401 1927 5455 po-
1958 5386 1959 5391 “

335 5461 532 5512 testate
555 5472 677 5515 esse
704 5461 921 5524 dicitur.
949 5466 1056 5524 Sed
1079 5472 1373 5529 necessitas
1400 5490 1507 5529 non
1559 5475 1795 5545 ponitur,
1826 5493 1919 5534 ne-

334 5562 441 5618 que
466 5552 568 5605 sub
598 5568 659 5607 ea
688 5564 950 5624 potestate
973 5577 1091 5631 qua:
1120 5572 1243 5619 actu
1274 5575 1358 5621 est
1384 5575 1437 5623 et
1473 5568 1768 5637 subjectum
1822 5585 1921 5640 po-

330 5641 462 5710 terit
492 5645 816 5720 relinquere,
839 5653 932 5708 sed
965 5666 1195 5725 ponatur
1229 5658 1329 5715 sub
1378 5675 1444 5717 eo
1470 5672 1592 5717 actu
1620 5666 1707 5734 qui
1739 5664 1919 5732 subje-

333 5740 482 5789 ctum
505 5738 809 5811 relinquere
839 5762 942 5801 non
972 5758 1165 5818 potest,
1200 5762 1255 5808 ut
1285 5752 1355 5808 sit
1398 5757 1689 5811 necessitas
1744 5762 1920 5829 possi-

236 5874 251 5885 .
333 5824 512 5889 bilitas
539 5849 660 5907 qua
688 5851 864 5898 actum
892 5856 942 5899 et
970 5847 1265 5917 subjectum
1299 5864 1567 5923 nunquam
1622 5824 1915 5928 relinquat,

772 5947 1046 6014 Panos.
1083 5952 1304 6027 LXIV.

2034 4751 2157 4792 esse
2187 4732 2517 4803 impossibile
2545 4731 2629 4787 vel
2656 4729 2930 4787 ambulare
2953 4732 3094 4802 quod
3115 4732 3227 4802 jam
3252 4734 3509 4799 ambulat,
3534 4738 3624 4794 vel

2035 4827 2309 4883 ambulare
2334 4825 2474 4895 quod
2526 4832 2703 4894 potest
2758 4824 3036 4879 ambulare
3091 4834 3144 4879 et
3198 4842 3304 4881 non
3361 4828 3621 4895 ambulat,

2035 4919 2177 4991 quod
2208 4934 2302 4988 per
2330 4919 2431 4973 hoc
2458 4917 2529 4972 ait
2560 4916 2702 4987 quod
2730 4917 2961 4971 diximus
2988 4916 3332 4974 ambulaliile.
3366 4921 3625 4975 Ambula-

2037 5011 2145 5067 bile
2177 5012 2318 5067 enim
2355 5020 2434 5065 est
2499 5010 2639 5079 quod
2696 5025 2803 5064 non
2856 5009 3075 5079 quidem
3122 5011 3399 5078 ambulat,
3456 5013 3626 5082 possit

2038 5116 2215 5161 tamen
2245 5103 2539 5158 ambulare.
2561 5102 2658 5157 His
2686 5101 2831 5156 addit
2864 5119 2877 5155 :
2907 5101 2997 5157 Sic
3027 5103 3187 5174 igitur
3211 5103 3467 5174 possibile
3511 5120 3649 5167 non,

2034 5211 2117 5255 est
2144 5214 2328 5254 verum
2361 5197 2427 5253 de
2456 5196 2761 5273 necessario
2790 5196 3103 5267 simpliciter
3148 5197 3352 5265 dicere,
3407 5197 3461 5254 id
3514 5205 3622 5271 est,

2034 5294 2114 5350 sic
2151 5292 2410 5364 possibile
2457 5290 2911 5361 quemadmodum
2968 5290 3243 5361 tequivoce
3294 5289 3625 5362 possibilitas

2034 5386 2380 5459 praedicatur,
2412 5399 2520 5440 non
2545 5392 2628 5439 est
2654 5398 2839 5439 verum
2872 5382 2941 5437 de
2971 5384 3277 5439 necessario
3306 5383 3623 5453 simpliciter

2034 5477 2486 5537 etuniversaliter
2526 5485 2685 5547 atque
2734 5475 2955 5531 omnino
3009 5473 3323 5544 praedicare,
3379 5476 3481 5531 hoc
3536 5483 3624 5533 est

2034 5590 2141 5632 non
2167 5588 2328 5630 omne
2363 5570 2619 5643 possibile
2669 5568 2974 5625 necessario
3031 5568 3317 5623 consentit.
3373 5570 3617 5625 Alterum

2034 5677 2239 5736 autem,
2272 5667 2325 5722 id
2348 5675 2428 5721 cst
2461 5663 2717 5736 possibile
2743 5676 2927 5717 verum
2952 5668 3053 5727 est,
3082 5660 3186 5716 hoc
3217 5660 3388 5717 estde
3431 5676 3621 5718 neces-

2034 5766 2177 5820 sario
2208 5761 2523 5830 praedicare.
2560 5757 2689 5813 lllud
2724 5756 2929 5811 scilicet
2958 5752 3101 5824 quod
3122 5754 3414 5810 secundum
3437 5764 3618 5809 actum

2034 5859 2231 5917 dicitur
2281 5852 2632 5913 immutabile.
2685 5851 2860 5918 Quare
2892 5848 3137 5921 quoniam
3181 5858 3389 5919 partem
3443 5861 3618 5915 suam,

3103 5943 3183 6005 20
