4090 6342
443 266 555 330 619
1681 249 1792 306 AN.
1836 246 2043 305 MANL.
2081 242 2236 303 sev.
2279 242 2499 302 socru
3617 251 3731 314 σεο

446 394 499 448 id
531 397 616 447 est
634 382 889 461 speciem,
921 380 973 439 id
999 384 1085 437 est
1111 377 1163 435 io
1189 373 1331 449 quod
1360 382 1444 431 est
1492 373 1810 439 universale,
1859 370 1907 426 id
1948 377 2031 425 est

2147 393 2283 451 sunt,
2314 397 2545 440 necesse
2566 394 2647 440 est
2672 392 2727 440 ut
2756 384 2807 440 Id
2837 386 2976 457 quod
3009 388 3371 445 necessarium
3400 398 3483 445 est
3509 393 3733 449 caeteris

447 499 616 556 genus
638 480 876 550 sequitur
904 473 1031 531 illud
1061 470 1203 543 quod
1254 485 1322 525 ex
1377 467 1695 524 necessitate
1738 473 1843 531 est,
1888 461 2029 532 quod

447 582 654 640 scilicet
701 574 909 647 species
928 581 1009 627 est
1035 564 1423 641 possibilitatis,
1446 565 1684 635 sequitur
1708 578 1863 633 posse
1883 576 2028 625 esse,

446 678 500 732 id
531 682 612 728 est
636 666 974 740 possibilitas,
1034 660 1129 718 sed
1161 675 1285 722 non,
1331 656 1522 725 inquit,
1554 668 1734 708 omne.
1784 652 1915 715 Nam
1940 652 2031 705 illa

444 765 770 842 possibilitas
792 774 909 830 qua:
934 758 984 812 in
1012 764 1132 810 actu
1158 749 1478 823 praedicatur
1498 758 1551 802 et
1583 746 1883 813 relinquere
1911 742 2033 797 sub-

443 836 641 931 iectum
663 862 853 925 potest,
892 866 995 905 non
1018 849 1259 918 sequitur
1283 842 1675 919 necessitatem,
1704 836 1796 940 sed
1829 852 1890 890 ea
1916 844 2034 890 tan-

444 963 559 1009 tum
582 964 700 1022 qua:
730 961 848 1003 cum
872 946 923 998 in
954 952 1074 996 actu
1105 940 1172 993 sit
1204 951 1373 1006 neque
1396 949 1458 988 ex
1490 940 1750 1002 potestate
1779 937 1832 983 in
1854 937 2029 983 actum

443 1049 693 1109 vertitur,
727 1057 898 1113 neque
920 1036 1117 1109 poterit
1144 1032 1440 1100 subjectum
1483 1027 1803 1096 relinquere.
1853 1026 2031 1093 Atque

443 1140 563 1198 hiBC
590 1137 806 1208 quidem
845 1146 962 1203 quae
985 1127 1305 1184 Aristoteles
1354 1122 1489 1176 dixit
1538 1116 1839 1216 huiusmodi
1886 1125 2030 1216 sunt.

447 1236 577 1302 Quae
600 1244 726 1284 vero
756 1242 854 1281 nos
893 1222 1217 1280 distulimus,
1270 1224 1326 1269 ut
1378 1214 1693 1268 duceremus
1743 1208 2034 1302 immobilia

448 1298 567 1382 esse
587 1322 787 1377 divina.
830 1314 1041 1371 Mobilia
1074 1326 1199 1365 vero
1222 1307 1334 1362 sola
1357 1319 1582 1373 corpora
1618 1303 1793 1356 vocari
1826 1298 2034 1355 brevis-

448 1423 584 1477 sime
623 1409 1099 1473 demonstrandum
1125 1414 1226 1460 est.
1276 1405 1381 1458 Sex
1429 1404 1605 1453 motus
1654 1394 1864 1465 species
1913 1406 2035 1447 esse

448 1511 793 1570 manifestum
852 1513 960 1567 est,
1018 1499 1153 1554 sicut
1193 1501 1243 1551 in
1307 1491 1852 1547 Prazdicamentornm
1899 1484 2035 1539 libro

450 1601 765 1661 Aristoteles
794 1594 1031 1665 digessit,
1058 1602 1361 1660 quanquam
1402 1584 1503 1639 hoc
1532 1584 1584 1637 in
1638 1580 1879 1652 Physicis
1916 1592 2036 1646 per-

450 1694 755 1758 inutaverit,
786 1667 1049 1744 sed'nunc
1079 1685 1149 1737 ita
1183 1693 1438 1751 ponamus
1466 1684 1715 1743 tanquam
1744 1674 1786 1726 si
1814 1669 2035 1726 omnino

2138 475 2385 530 omnibus
2415 477 2562 545 prius
2597 491 2719 531 esse
2745 477 3018 545 videatur;
3050 495 3178 551 ergo
3208 484 3610 551 consequentiae
3635 500 3736 539 eo-

2138 566 2260 622 dem
2289 566 2448 622 modo
2472 567 2728 623 facienda:
2760 578 2919 636 sunt,
2951 581 3007 624 ut
3036 573 3262 640 primum
3289 573 3506 642 quidem
3538 590 3736 631 neces-

2138 660 2303 725 sitas,
2335 671 2455 730 post
2499 677 2628 716 vero
2670 662 2998 731 possibilitas
3028 671 3083 718 et
3112 678 3306 720 etetera
3336 682 3734 737 proponantur,

2139 749 2354 820 sintque
2384 754 2751 821 consqnentiae
2783 753 2883 809 hoc
2913 754 3073 809 modo
3106 773 3118 808 :
3494 777 3503 783 ν

2210 841 2442 898 Necesse
2470 856 2611 899 esse.
2989 845 3102 900 Non
3136 863 3356 903 necesse
3382 866 3522 905 esse.

2211 931 2326 987 Non
2360 932 2616 1003 possibile
2643 948 2749 989 non
2779 949 2918 991 esse.
3000 938 3259 993 i’ossibile
3288 955 3393 993 non
3423 955 3566 997 esse.

2139 1023 2372 1081 Videsne
2415 1026 2575 1097 igitur
2603 1035 2662 1082 ut
2693 1028 2867 1098 primo
2897 1029 3113 1100 quidem
3146 1046 3367 1087 necesse
3392 1047 3514 1088 esse
3538 1041 3593 1087 et
3625 1046 3739 1087 non

2138 1131 2360 1172 necesse
2388 1130 2508 1172 esse
2534 1118 2867 1189 propositum
2902 1120 3009 1174 sit?
3038 1123 3275 1177 secundo
3318 1139 3444 1178 vero
3496 1125 3616 1179 loco
3663 1124 3741 1179 ad

2139 1208 2479 1264 necessitatis
2503 1218 2697 1265 caetera
2722 1226 3041 1265 consensum
3073 1219 3621 1285 consequentiamque
3646 1231 3741 1269 re-

2139 1297 2249 1353 lata
2278 1300 2403 1355 sint.
2429 1299 2543 1355 Hoc
2563 1310 2646 1356 est
2672 1316 2801 1371 ergo
2826 1303 2968 1372 quod
2992 1304 3126 1357 dixit
3154 1305 3379 1361 lortasse
3412 1308 3739 1376 principium

2140 1390 2408 1460 quoddam
2430 1405 2553 1446 esse
2574 1393 2810 1446 omnium
2834 1394 2916 1447 vel
2938 1408 3061 1449 esse
3083 1396 3169 1450 vel
3197 1412 3303 1450 non
3330 1412 3450 1452 esse
3467 1438 3482 1463 ,
3512 1398 3562 1451 id
3589 1397 3740 1468 quod

2142 1491 2288 1538 esset
2333 1483 2726 1551 necessarium,
2756 1493 2816 1539 ut
2855 1500 2885 1536 a
2930 1487 3235 1541 necessario
3280 1490 3737 1558 speculandarum

2142 1579 2567 1647 propositionum
2598 1584 2914 1653 principium
2948 1596 3270 1650 sumeretur,
3294 1587 3434 1657 quod
3459 1596 3578 1643 esse
3606 1589 3675 1642 ali
3694 1610 3741 1637 ι-

2140 1680 2261 1721 rum
2306 1673 2733 1741 propositionum
2778 1677 2859 1731 vel
2907 1692 3014 1732 non
3045 1694 3167 1736 esse
3206 1681 3500 1736 secundum
3542 1698 3741 1739 conse-

451 1804 547 1843 sex
583 1786 712 1841 sint.
736 1782 793 1839 Si
818 1779 1107 1836 secundum
1133 1775 1328 1830 nullam
1361 1779 1537 1826 motus
1559 1768 1795 1838 speciem
1829 1762 2035 1819 moveri

2147 1760 2416 1826 quentiam
2445 1777 2771 1820 consensum
2802 1766 3189 1835 constitueret;
3218 1780 3273 1825 et
3300 1772 3553 1841 quoniam
3583 1773 3742 1842 prius

452 1883 633 1937 divina
656 1888 814 1948 atque
842 1871 1190 1943 incorporalia
1230 1868 1365 1923 ratio
1418 1861 1792 1925 declaraverit,
1852 1858 2041 1913 ordine

451 1970 787 2031 convincitur
815 1983 920 2023 non
943 1964 1144 2019 moveri
1167 1961 1365 2016 divina.
1402 1956 1542 2027 Ergo
1567 1969 1686 2024 qua:
1730 1965 1903 2021 neque
1946 1962 2040 2019 ge—

450 2073 728 2129 nerantur,
784 2074 955 2131 neque
1009 2052 1919 2123 corrumpuntur,nequecrescunt,
1949 2056 2041 2095 ne-

452 2175 557 2232 que
587 2159 917 2220 minuuntur,
952 2166 1124 2220 neque
1175 2148 1242 2203 de
1283 2146 1402 2201 loco
1458 2142 1513 2197 in
1541 2143 1714 2196 locum
1739 2142 2039 2202 transeunt,

452 2251 648 2324 quippe
664 2261 786 2319 qua:
810 2243 1138 2318 plenitudine
1170 2250 1372 2295 natura;
1398 2252 1508 2291 suae
1541 2236 1732 2305 ubique
1760 2240 1863 2287 tota
1892 2238 2037 2324 sunt,

454 2323 554 2402 nec
582 2343 649 2398 de
674 2343 781 2397 Deo
806 2336 1005 2409 aliquid
1024 2334 1243 2403 intelligi
1270 2331 1347 2385 fas
1376 2341 1477 2392 est,
1509 2343 1607 2383 nec
1648 2339 1831 2381 rursus
1854 2323 2041 2393 aliqui-

453 2437 554 2495 bus
579 2434 915 2507 passionibus
947 2435 1334 2500 permutantur.
1360 2422 1511 2491 Quod
1534 2422 1579 2476 si
1605 2419 1895 2475 secundum
1924 2415 2043 2470 nul-

453 2530 784 2588 lumborum
811 2535 1047 2581 motuum
1072 2521 1393 2576 divinarum
1442 2532 1618 2572 rerum
1674 2510 2043 2586 permutabilis

452 2636 539 2685 est
569 2621 778 2689 natura,
812 2618 1149 2675 manifestum
1172 2622 1336 2671 estea
1378 2612 1597 2665 omnino
1628 2624 1733 2663 non
1781 2621 1902 2662 esse
1930 2620 2043 2659 mo-

453 2720 580 2776 bilia
605 2727 767 2788 atque
794 2730 890 2770 sex
917 2721 1095 2768 motus
1124 2712 1221 2764 hos
1263 2708 1391 2763 solis
1439 2704 1754 2774 corporibus
1802 2701 2040 2757 evenire.

454 2817 629 2884 Atque
655 2811 772 2865 haec
801 2805 1015 2879 quidem
1044 2803 1112 2858 de
1142 2800 1384 2872 plurimis
1408 2814 1523 2868 qua?
1551 2796 1618 2850 de
1640 2810 1703 2850 ea
1737 2810 1795 2848 re
1822 2798 2046 2863 possunt

456 2902 560 2959 dici
578 2900 874 2958 rationibus
890 2906 1047 2966 atque
1063 2893 1391 2965 argumentis
1410 2890 1603 2945 libasse
1625 2886 1870 2941 suilieiat.
1896 2886 2047 2938 Nune

457 2995 708 3066 quoniam
726 2989 1040 3045 Aristoteles
1063 2986 1369 3041 consentire
1391 2980 1698 3037 necessario
1719 2978 2044 3048 possibilita-

457 3099 566 3142 tem
587 3101 691 3141 non
710 3097 924 3138 onmem
943 3078 1147 3145 docuit,
1168 3084 1223 3132 et
1233 3092 1348 3145 quae
1363 3076 1409 3129 ei
1426 3074 1738 3129 conveniret
1753 3070 2039 3139 expressit,

465 3193 649 3234 rursus
692 3175 757 3229 de
804 3174 1041 3242 ipsorum
1098 3166 1478 3236 consequentia
1517 3176 1571 3220 et
1598 3164 1722 3235 quid
1771 3162 1945 3232 primo
1986 3171 2043 3217 et

458 3268 586 3336 quid
606 3264 871 3336 posterius
890 3260 1013 3331 poni
1031 3258 1245 3326 debeat,
1269 3256 1575 3312 memoriter
1590 3255 1799 3326 subjieit
1824 3254 2006 3308 dicens
2028 3270 2041 3306 :

534 3358 597 3412 Et
621 3366 692 3411 est
719 3354 919 3426 quidem
952 3358 1168 3427 fortasse
1196 3350 1503 3423 principium
1544 3348 1681 3419 quod
1710 3348 2045 3401 necessarium

459 3461 563 3519 est,
595 3460 639 3505 et
671 3450 809 3521 quod
840 3465 939 3501 non
991 3444 1333 3500 necessarium
1378 3452 1449 3496 est
1473 3484 1486 3508 ,
1522 3442 1783 3505 omnium,
1830 3439 1907 3493 vel
1932 3456 2048 3493 esse

458 3550 535 3602 re!
563 3563 663 3600 non
697 3560 823 3600 esse.
861 3542 924 3595 Et
947 3542 1050 3595 alia
1086 3550 1140 3593 ut
1186 3539 1365 3592 horum
1410 3552 1694 3601 consequen
1720 3536 1770 3588 ia
1809 3534 2045 3588 conside-

458 3656 575 3693 rare
604 3648 818 3711 Oportet.
871 3632 1203 3711 Manifestum
1244 3641 1318 3685 est
1342 3639 1511 3685 autem
1553 3645 1614 3685 ea:
1651 3630 1729 3683 Itis
1748 3644 1861 3700 qua:
1908 3627 2047 3680 dicta

459 3708 900 3801 suntpquoniam
960 3708 1096 3797 ᾳιῗῗιά
1154 3742 1216 3779 ευ
1273 3728 1568 3779 necessitate
1612 3733 1718 3788 est,
1768 3723 2045 3776 secundum

420 3824 425 3827 ⁷
462 3832 638 3876 actum
681 3832 774 3875 est.
831 3819 997 3885 Quare
1039 3820 1079 3867 ai
1119 3817 1291 3887 priom
1330 3826 1448 3871 sunt
1479 3817 1811 3885 sempittrna,
1853 3823 1898 3867 et
1934 3830 2048 3883 qua:

458 3924 573 3968 actu
604 3920 718 3964 sunt
739 3950 753 3975 ,
789 3917 1032 3978 potestate
1057 3911 1228 3972 priora
1268 3915 1414 3971 sunt,
1446 3918 1491 3960 et
1531 3907 1640 3960 Ita'c
1669 3924 1785 3976 qum
1814 3907 1924 3961 sine
1954 3923 2046 3974 po-

460 4012 640 4058 testate
684 4011 827 4065 stmt,
879 4010 995 4053 actu
1042 4006 1197 4064 sunt,
1247 3998 1300 4050 ut
1352 3999 1530 4067 prima:
1578 3999 1894 4052 substantiw.
1929 3999 2047 4051 Alia

458 4110 573 4149 vero
605 4102 721 4146 sunt
763 4102 877 4145 actu
917 4106 1031 4144 cum
1073 4084 1435 4158 possibilitate,
1468 4106 1583 4160 qua:
1625 4099 1811 4143 natura
1842 4091 2045 4160 quidem

459 4187 635 4256 priora
673 4196 791 4238 sunt
813 4226 827 4250 ,
869 4194 1090 4251 tempore
1131 4197 1244 4235 tero
1272 4184 1573 4251 posteriora.
1618 4183 1733 4237 Alia
1764 4200 1879 4238 vero
1909 4202 1954 4237 η,
1982 4203 2046 4239 n—

458 4296 612 4350 quam
642 4292 755 4331 sunt
788 4290 944 4343 actu,
970 4279 1055 4329 se!
1090 4286 1330 4345 potestate
1357 4278 1542 4329 solum.

532 4372 819 4439 Postquam
868 4369 932 4424 de
978 4368 1245 4438 possibitis
1294 4378 1348 4423 et
1388 4372 1670 4424 necessmii
1713 4387 2050 4443 consequen-

458 4464 530 4519 tia
564 4463 688 4533 quid
738 4463 1008 4514 videretur
1037 4460 1315 4528 exposuit,
1363 4462 1477 4515 haac
1504 4462 1566 4514 ad
1612 4463 2046 4520 emendationem
2081 4514 2105 4533 Δ

2138 1850 2381 1919 positum
2414 1862 2497 1908 est
2527 1871 2747 1913 necesse
2778 1872 2929 1925 esse,
2974 1860 3096 1917 huic
3121 1864 3390 1918 consentit
3415 1878 3479 1920 ea
3505 1880 3627 1935 quae
3653 1866 3743 1921 di-

2145 1947 2251 2013 cit,
2285 1962 2391 2003 non
2441 1952 2698 2019 possibile
2741 1968 2845 2008 non
2890 1970 3025 2011 esse.
3064 1956 3222 2012 Istius
3247 1973 3375 2030 ergo
3414 1960 3743 2030 propositio-

2145 2040 2231 2095 nis
2278 2056 2394 2111 quae
2440 2041 2601 2112 dicit,
2634 2060 2744 2100 non
2787 2060 2905 2104 esse
2959 2049 3214 2118 possibile
3255 2060 3313 2105 ut
3351 2064 3459 2106 non
3489 2051 3591 2120 sit,
3618 2067 3743 2122 qua

2145 2131 2350 2189 scilicet
2398 2150 2503 2189 non
2552 2150 2671 2192 esse
2751 2137 3027 2193 denuntiat
3075 2140 3240 2210 (tollit
3291 2142 3435 2196 enim
3482 2142 3745 2213 possibile

2146 2224 2287 2295 quod
2351 2226 2587 2282 nondum
2638 2236 2753 2299 est)
2796 2230 3118 2301 principium
3163 2240 3247 2287 est
3284 2235 3603 2303 necessitas,
3653 2236 3742 2290 cui

2146 2318 2267 2374 sine
2314 2321 2417 2374 ulla
2464 2322 2799 2381 dubitatione
2847 2328 3146 2395 consentit;
3176 2338 3232 2384 et
3259 2344 3448 2386 rursus
3486 2334 3742 2405 quoniam

2148 2415 2197 2468 ei
2243 2431 2359 2484 quae
2389 2415 2551 2483 dicit,
2597 2434 2703 2474 non
2748 2434 2972 2477 necesse
3020 2436 3175 2490 esse,
3218 2426 3492 2480 consentit
3526 2440 3589 2480 ea
3618 2441 3745 2497 qua

2148 2504 2309 2572 dicit,
2356 2509 2608 2577 possibile
2635 2526 2755 2567 esse
2802 2528 2909 2569 non
2958 2528 3108 2583 esse,
3151 2515 3309 2586 hujus
3358 2520 3745 2588 propositionis

2149 2612 2269 2667 quae
2300 2599 2499 2670 aliquid
2538 2616 2659 2659 esse
2683 2606 2993 2674 constituit,
3026 2608 3079 2662 id
3109 2618 3192 2664 est
3218 2609 3476 2678 possibile
3498 2650 3515 2676 ,
3542 2613 3745 2681 princi-

2149 2691 2297 2761 pium
2328 2702 2410 2748 est
2438 2709 2497 2749 ea
2531 2698 2823 2767 propositio
2851 2714 2969 2769 quae
2996 2700 3158 2769 dicit,
3192 2716 3298 2757 non
3339 2717 3557 2759 necesse
3596 2718 3741 2761 esse.

2152 2782 2293 2856 Ergo
2318 2786 2433 2843 sive
2462 2788 2787 2847 aftirmative
2818 2795 3113 2850 necessitas
3146 2806 3472 2867 proponatur
3498 2799 3610 2853 sive
3641 2814 3735 2854 ne-

2151 2878 2325 2947 gative
2345 2920 2361 2947 ,
2392 2881 2607 2937 videtur
2628 2882 2895 2953 quoddam
2922 2887 3237 2957 principium
3262 2902 3387 2944 esse
3406 2899 3745 2954 cancrorum,

2150 2980 2207 3025 et
2244 2981 2437 3027 caetera
2479 2974 2627 3030 velut
2656 2976 2772 3045 his,
2807 2976 2861 3031 id
2888 2986 2975 3033 est
3003 2980 3326 3035 necessariis
3352 2980 3744 3037 consentientis

2149 3060 2383 3134 iudicari
2406 3076 2679 3135 oportere.
2708 3067 2775 3122 Et
2799 3068 2901 3125 hoc
2923 3079 3007 3125 est
3030 3070 3172 3157 quod
3197 3072 3273 3126 ait
3302 3088 3316 3125 :
3342 3072 3409 3127 Et
3432 3072 3535 3127 alia
3564 3085 3622 3126 ut
3648 3072 3745 3127 bo-

2073 3138 2121 3202 (ἶ
2152 3171 2270 3212 rum
2293 3160 2675 3230 consequentia
2695 3138 3303 3234 considerare—oportet.
3333 3165 3439 3221 Cur
3471 3176 3651 3221 autem
3684 3166 3745 3219 ιι-

2152 3246 2241 3303 lud
2270 3250 2511 3317 eveniat,
2542 3264 2934 3323 consequenter
2958 3256 3188 3311 ostendit
3221 3256 3405 3312 dicens
3439 3275 3452 3311 ε
3487 3258 3746 3324 QnOuiam

2152 3357 2216 3398 ea
2239 3358 2356 3413 quae
2379 3345 2679 3400 necessaria
2704 3358 2827 3400 sunt
2852 3357 2975 3402 aetu
2997 3357 3152 3415 sunt,
3174 3358 3233 3404 ut
3254 3349 3565 3420 frequenter
3586 3364 3747 3419 supra

2154 3442 2507 3491 monstratum
2532 3446 2649 3505 est,
2673 3452 2736 3494 ea
2758 3453 2887 3493 vero
2909 3455 3027 3509 qua:
3050 3443 3352 3497 necessaria
3374 3454 3518 3507 sunt.
3548 3446 3748 3513 sempi-

2152 3536 2303 3584 terna
2329 3541 2483 3598 sunt,
2508 3547 2625 3601 qua:
2646 3547 2774 3587 vero
2796 3536 3122 3604 sempiterna
3149 3547 3298 3604 sunt,
3317 3538 3492 3607 priora
3517 3548 3642 3592 sunt
3666 3538 3750 3593 bis

2154 3636 2378 3691 quorum
2396 3636 2517 3679 sunt
2540 3625 2840 3697 huiusmodi
2863 3635 3152 3697 potestates
3166 3645 3280 3696 qua:
3300 3632 3352 3684 in
3370 3641 3490 3685 actu
3508 3631 3746 3685 nondum

2155 3726 2302 3782 sunt;
2327 3718 2668 3774 manifestum
2696 3732 2777 3775 est
2804 3721 3053 3790 quoniam
3076 3733 3130 3777 et
3151 3737 3267 3792 qua:
3288 3732 3409 3778 actu
3434 3736 3578 3789 sunt,
3606 3734 3661 3778 et
3679 3740 3748 3779 ex

2152 3814 2497 3879 potestatead
2520 3824 2695 3868 actum
2720 3828 2823 3867 non
2846 3812 3082 3879 veniunt,
3104 3817 3279 3883 priora
3302 3826 3448 3873 sunt.
3473 3816 3579 3871 Sed
3599 3816 3665 3871 de
3682 3820 3748 3871 eo

2154 3912 2274 3956 actu
2309 3905 2572 3974 loquimur
2598 3907 2686 3975 qui
2719 3921 2783 3960 ex
2816 3916 3078 3975 potestate
3108 3910 3172 3960 ad
3202 3916 3378 3962 actum
3422 3923 3529 3962 non
3558 3909 3741 3972 venit,

2154 3995 2248 4048 sed
2291 4012 2505 4065 semper
2544 4007 2664 4051 actu
2698 4000 2923 4068 propriae
2955 4008 3158 4054 naturae
3200 4001 3586 4055 constitutione
3620 4015 3743 4069 per-

2157 4097 2382 4157 mansit,
2411 4101 2462 4141 ut
2487 4104 2607 4143 cum
2639 4092 2774 4160 ignis
2803 4092 2941 4146 calet
2972 4094 3052 4145 vel
3088 4094 3164 4147 :OI
3199 4102 3443 4147 movetur
3468 4104 3523 4147 et
3550 4105 3745 4148 caetera

2158 4181 2496 4252 hujnsmodi,
2530 4184 2598 4237 ita
2632 4195 2757 4239 sunt
2796 4195 2850 4239 ut
2880 4196 3055 4240 actum
3090 4202 3361 4256 nunquam
3394 4189 3744 4256 reliquerint,

2159 4290 2329 4345 neque
2360 4278 2426 4329 ab
2459 4276 2541 4329 his
2573 4288 2719 4330 aetus
2750 4276 2977 4332 abfuerit
3005 4279 3052 4330 al
3080 4279 3324 4345 quando,
3359 4295 3535 4347 neque
3562 4296 3624 4334 ex
3660 4296 3748 4347 ρος

2161 4378 2351 4422 tesutte
2374 4370 2438 4421 ad
2464 4371 2603 4423 hunc
2628 4370 2870 4425 venerint
2892 4380 3092 4424 actum.
3119 4370 3381 4439 Quoniam
3407 4387 3534 4441 ergo
3559 4371 3746 4442 hujus-

2160 4462 2303 4515 modi
2336 4465 2548 4516 luerunt
2579 4474 2631 4514 ut
2669 4479 2881 4532 semper
2915 4476 3133 4530 essent,
3167 4481 3285 4533 qua:
3312 4474 3492 4519 autem
3526 4481 3744 4535 semper

456 4528 854 4627 quodammodo
879 4552 1170 4621 superioris
1202 4553 1406 4606 ordinis
1435 4554 1673 4621 apponit.
1704 4557 1766 4607 lit
1790 4557 2045 4624 quoniam
2081 4528 2137 4592 Ῑ)
2161 4564 2314 4617 ευιιι,
2342 4570 2402 4607 ea
2436 4555 2684 4607 omnibus
2714 4566 2834 4609 sunt
2868 4559 3075 4629 priora,
3108 4566 3265 4611 erunt
3289 4559 3448 4613 etiam
3480 4566 3748 4625 potestate

440 4648 703 4719 snperius
743 4663 771 4701 a
814 4644 1059 4716 possibili
1109 4646 1396 4710 inchoatis,
1431 4655 1653 4700 eteteras
1696 4662 1882 4701 omnes
1918 4666 2045 4715 pro-

458 4742 753 4810 positiones
801 4738 865 4791 ad
899 4736 1151 4806 possibile
1198 4745 1251 4790 et
1281 4736 1629 4805 contingens,
1663 4746 1717 4792 et
1760 4740 1824 4792 ad
1858 4755 2044 4795 eorum

455 4848 776 4895 consensum
808 4830 1047 4895 reduxit,
1097 4844 1237 4883 nunc
1278 4830 1379 4883 hoc
1419 4829 1807 4885 rationabiliter
1840 4843 2042 4895 mutat,

456 4932 517 4983 ut
556 4942 661 4981 non
708 4926 881 4995 potius
912 4938 940 4978 a
977 4921 1326 4992 possibilitate
1354 4919 1715 4976 inchoandum
1755 4924 1857 4991 sit,
1892 4924 1983 4977 sed
2013 4939 2045 4978 a

456 5024 796 5073 necessrtate.
851 5014 979 5068 Nam
1024 5014 1067 5067 si
1099 5014 1215 5082 quis
1256 5012 1498 5067 advertat
1539 5012 1850 5084 diligentius
1886 5030 2046 5084 supe-

455 5111 652 5165 riorem
684 5105 1128 5176 descriptionem,
1183 5096 1352 5173 primo
1402 5106 1630 5173 positum
1674 5114 1757 5161 est
1788 5109 2043 5176 possibile

456 5213 511 5257 et
536 5202 884 5271 contingens,
911 5207 964 5251 ct
990 5197 1053 5251 ad
1091 5197 1333 5251 eamdem
1365 5207 1679 5252 cunctorum
1722 5214 1912 5253 sensus
1960 5216 2045 5254 re-

456 5299 595 5351 latus
639 5306 741 5350 est.
791 5294 941 5349 Nune
994 5291 1097 5347 hoc
1148 5292 1558 5362 permutandutn
1609 5293 1841 5348 videtur.
1904 5293 2045 5348 Dicit

453 5391 597 5448 enim
626 5389 852 5444 fortasse
882 5388 981 5442 hoc
1016 5401 1134 5441 esse
1178 5386 1374 5439 rectius
1421 5393 1477 5438 ut
1510 5385 1678 5455 magis
1719 5380 2042 5457 propositio-

360 5466 369 5481 ;
455 5500 584 5543 num
614 5481 991 5552 consequentia
1014 5493 1045 5533 a
1068 5477 1389 5533 necessariis
1413 5478 1709 5533 inclinetur.
1737 5480 1827 5533 Est
1859 5494 2038 5534 autem

456 5587 601 5631 tatus
629 5588 817 5632 sensus
846 5572 1167 5641 bnjusmodi.
1196 5571 1482 5637 Quoniam,
1517 5572 1706 5640 inquit,
1736 5572 2040 5626 necessaria

456 5670 780 5737 sempiterna
812 5676 962 5728 sunt,
996 5680 1113 5735 quae
1143 5674 1321 5718 autem
1362 5665 1684 5732 sempiterna
1725 5675 1879 5730 sunt,
1915 5681 2033 5720 om-

457 5761 602 5818 nium
633 5763 853 5816 aliorum
886 5776 1005 5831 quae
1056 5757 1376 5828 sempiterna
1408 5774 1511 5814 non
1541 5769 1663 5813 sunt
1713 5761 2032 5835 principium

2160 4647 2451 4701 secundum
2481 4650 2745 4716 propriam
2775 4661 3017 4703 naturam
3046 4651 3260 4717 priora;
3291 4652 3383 4706 sed
3414 4668 3533 4722 qua:
3566 4652 3745 4721 priora

2159 4747 2315 4801 sunt,
2346 4752 2558 4802 semper
2584 4739 2908 4807 sempiterna
2940 4749 3091 4806 sunt,
3120 4753 3174 4796 et
3205 4758 3389 4797 rursus
3416 4743 3603 4799 eadem
3646 4759 3740 4799 nec
3762 4722 3775 4734 ⁶

2158 4830 2392 4883 cessaria
2442 4842 2564 4884 sunt
2610 4841 2761 4899 actu,
2811 4846 2863 4887 et
2911 4848 3133 4890 necesse
3179 4846 3260 4891 est
3300 4846 3442 4892 utea
3471 4854 3590 4908 quae
3618 4848 3742 4895 actu

2159 4931 2283 4975 sunt
2315 4923 2394 4976 bis
2425 4940 2541 4992 qua:
2571 4936 2695 4979 sunt
2726 4936 2984 4995 potestate
3018 4929 3193 4997 priora
3224 4930 3353 4985 sint.
3385 4930 3512 4987 Post
3541 4934 3654 4989 haec
3680 4932 3743 4987 ﬁt

2153 5038 2333 5077 rerqu
2365 5024 2555 5080 divisio
2582 5028 2649 5081 ab
2686 5029 2966 5085 Aristotele
3001 5033 3098 5086 hoc
3128 5033 3287 5087 modo
3334 5051 3348 5087 :
3395 5034 3590 5090 Rerum
3620 5035 3740 5091 alia:

2154 5124 2279 5168 sunt
2307 5126 2425 5170 actu
2456 5132 2668 5187 semper
2697 5136 2816 5190 qua:
2843 5137 2907 5175 ex
2949 5131 3213 5191 potestate
3252 5140 3357 5180 non
3385 5104 3652 5194 venerint,
3682 5138 3743 5183 et

2154 5205 2272 5259 ista;
2302 5215 2422 5261 sunt
2453 5223 2676 5278 quarum
2708 5211 2867 5266 nulla:
2896 5224 3015 5266 sunt
3048 5223 3335 5283 potestates
3358 5256 3373 5282 ,
3400 5218 3496 5272 sed
3525 5234 3742 5289 semper

2151 5306 2207 5360 in
2237 5318 2354 5362 actu
2385 5320 2527 5365 sunt.
2571 5312 2702 5367 Aliae
2730 5327 2860 5367 vero
2901 5330 3019 5383 qua:
3060 5331 3123 5371 ex
3168 5327 3429 5386 potestate
3480 5322 3528 5373 in
3560 5329 3740 5375 aetum

2157 5400 2543 5471 retnigrarunt,
2578 5421 2802 5473 quarum
2831 5408 3044 5475 quidem
3073 5410 3366 5466 substantia
3398 5422 3451 5466 et
3477 5422 3627 5468 actus
3648 5426 3741 5469 se-

2155 5496 2384 5550 cundum
2432 5512 2633 5567 tempus
2660 5502 2923 5569 posterior
2950 5511 3031 5555 est
3063 5512 3356 5570 potestate,
3390 5514 3577 5559 natura
3608 5521 3741 5561 vero

2157 5587 2321 5654 prior.
2358 5587 2413 5641 In
2444 5590 2691 5644 omnibus
2722 5592 2863 5646 enim
2899 5592 3025 5647 illud
3053 5594 3193 5663 quod
3223 5606 3307 5651 est
3333 5607 3452 5651 actu
3486 5599 3635 5666 prius
3655 5606 3742 5653 est
3776 5643 3787 5651 .

2153 5691 2208 5736 et
2262 5682 2490 5737 nobilius
2529 5699 2687 5753 quam
2721 5685 2770 5737 id
2803 5686 2944 5753 quod
2990 5698 3253 5755 potestate
3294 5699 3395 5745 t-st.
3430 5689 3561 5744 Illud
3592 5691 3738 5745 enim

2102 5772 2107 5777 ’
2152 5772 2292 5842 quod
2324 5781 2585 5842 potestate
2616 5783 2699 5831 est
2740 5776 2915 5832 adhuc
2942 5776 3009 5833 ad
3036 5788 3212 5834 actum
3247 5780 3494 5847 iestinat,
3524 5790 3578 5835 et
3608 5780 3736 5838 ideo
