4090 6342
325 346 422 401 (ἱέι

1044 345 1108 401 [Ν
1146 343 1401 401 LIBRUM
1440 344 1529 401 DE
1570 338 2219 400 lNTERPllETATlUNE
2260 339 2489 400 EDl'l‘IO
2527 345 2861 405 δεϐυΝῡΑο

3497 338 3603 401 62!

325 483 587 552 pert-cem
631 481 876 553 quaedam
920 491 1068 538 actus
1118 495 1230 551 est;
1283 494 1517 554 poles,”
1568 497 1700 538 vero
1731 480 1908 537 adhuc
1934 457 2857 530 Aponit,outnishomojustuscst,
2892 461 3169 533 perimitur
3192 471 3296 519 eta
3320 464 3606 533 negatione

323 576 578 645 quiddam
606 586 687 629 est
717 574 1115 643 imperfectum,
1158 576 1298 645 quod
1328 586 1452 630 tunc
1485 572 1757 643 perﬁcitur
1787 588 1909 628 cum

321 671 391 725 ad
432 684 606 725 actum
654 670 941 739 aliquando
971 670 1294 739 pervenitur.
1338 669 1493 737 Quod
1524 680 1700 726 autem
1733 669 1911 738 perfe-

320 773 467 819 ctum
488 772 655 819 esteo
676 763 816 833 quod
837 773 919 818 est
943 762 1308 833 imperfectum
1349 765 1661 831 generosius
1685 775 1739 819 et
1763 764 1913 834 prius

321 870 443 911 esse
472 855 809 910 manifestum
841 864 942 910 est.
975 854 1105 912 Nam
1137 857 1179 909 si
1208 871 1293 909 res
1314 872 1431 926 quae
1458 856 1525 911 ad
1552 866 1726 911 actum
1754 871 1909 912 suum

321 964 387 1000 ex
425 955 688 1015 potestate
716 954 1006 1014 venerunt,
1041 948 1186 1014 prius
1212 945 1425 1002 fuerunt
1466 956 1759 1017 potestate,
1790 956 1912 1018 post

322 1055 451 1093 vero
474 1049 595 1092 actu
613 1078 630 1105 ,
657 1052 787 1108 ergo
815 1049 966 1093 actus
994 1054 1177 1093 earum
1202 1054 1382 1095 rerum
1416 1040 1681 1109 posterior
1708 1048 1793 1095 est
1814 1055 1906 1109 po-

323 1141 519 1186 testate
561 1131 606 1186 si
651 1130 718 1185 ad
764 1142 970 1201 tempus
1010 1131 1339 1197 referamus,
1386 1133 1528 1200 prior
1557 1147 1684 1187 vero
1713 1132 1899 1187 eadem

322 1233 585 1293 potestate
610 1224 653 1277 si
678 1224 743 1277 ad
767 1232 1031 1288 naturam,
1055 1234 1109 1278 et
1130 1223 1231 1279 hoc
1250 1232 1332 1279 est
1352 1225 1492 1294 quod
1511 1225 1586 1279 ait
1609 1243 1622 1277 :
1645 1225 1791 1280 Alias
1816 1239 1906 1279 res

321 1333 444 1371 csse
491 1332 604 1386 qun
650 1331 771 1397 cum
822 1317 1173 1387 possibilitate
1215 1326 1339 1371 sunt
1380 1326 1430 1373 et
1464 1327 1584 1371 actu
1611 1326 1766 1381 sunt,
1809 1318 1905 1372 sed

322 1420 501 1463 actum
550 1418 812 1478 potestate
862 1418 1101 1478 tempore
1147 1408 1361 1477 quidem
1410 1409 1761 1477 posteriorem
1790 1408 1908 1484 _ha-

324 1502 482 1566 bent,
514 1511 703 1555 natura
733 1516 859 1556 vero
881 1504 1143 1570 priorem;
1174 1501 1431 1570 quasdam
1465 1510 1643 1557 autem
1674 1517 1760 1557 res
1786 1516 1907 1558 esse

322 1600 377 1648 in
421 1594 614 1663 quibus
654 1594 765 1647 sola
799 1602 1036 1660 potestas
1066 1595 1170 1660 sit,
1209 1609 1478 1666 nunquam
1510 1603 1689 1659 actus,
1720 1603 1779 1649 ut
1804 1611 1905 1649 nu-

322 1701 503 1740 merus
524 1686 760 1739 inﬁnitus
807 1684 1060 1740 Crescere
1081 1686 1221 1739 enim
1248 1700 1501 1740 numerus
1520 1696 1694 1755 potest
1718 1686 1769 1739 in
1795 1687 1909 1740 inli-

321 1784 453 1835 uita.
487 1781 801 1849 Quicunque
824 1794 949 1834 vero
978 1794 1232 1834 numerus
1260 1780 1435 1834 dictus
1461 1780 1529 1833 sit
1550 1781 1635 1835 vel
1663 1789 1904 1848 centum,

2020 553 2234 623 propria
2264 557 2685 629 universaliquze
2716 560 2866 627 dicit,
2899 560 3073 617 nullus
3105 569 3264 616 nomo
3301 559 3474 630 justus
3494 567 3604 626 est,

2017 653 2071 700 et
2109 645 2177 701 ab
2216 647 2573 703 affirmatione
2608 653 2895 719 privatoria
2935 669 3055 722 quae
3106 653 3372 722 proponit,
3426 652 3605 706 omnis

2018 738 2180 794 homo
2204 728 2558 809 injustus'est.
2584 742 2714 797 Cum
2741 745 2897 815 igitur
2919 745 2987 798 ab
3016 746 3274 814 utrisque‘
3289 746 3604 814 perimatur,

2014 847 2134 902 qua:
2175 842 2351 886 autem
2385 835 2686 901 perimitur,
2736 837 2784 889 ei
2838 852 2955 906 quae
2979 853 3095 891 eam
3130 837 3345 906 perimit
3390 838 3605 892 videtur

2014 941 2135 981 esse
2162 927 2430 982 contraiia
2453 931 2862 999 ;quoniamque,
2897 928 3170 983 utdctum
3203 938 3305 995 est,
3340 944 3366 981 a
3399 928 3607 987 duabus

2013 1020 2319 1089 perimitur,
2363 1030 2416 1074 et
2437 1021 2556 1076 dua:
2583 1022 2741 1076 unius
2771 1025 3052 1078 contraria:
3080 1039 3200 1080 esse
3228 1040 3333 1080 non
3359 1036 3585 1094 possunt

2012 1129 2131 1182 qua:
2161 1113 2388 1169 duarum
2432 1116 2859 1185 propositionum
2912 1132 3044 1185 quas
3084 1132 3240 1186 supra
3285 1118 3608 1174 memoravi-

2013 1224 2156 1273 mus,
2194 1209 2244 1263 id
2276 1217 2358 1263 est
2386 1210 2685 1279 negationis
2718 1211 3034 1264 uniwrsalis
3054 1220 3107 1264 et
3134 1212 3440 1280 privatoriae
3456 1211 3607 1281 afﬁr-

2012 1302 2249 1368 mativa,
2281 1307 2549 1358 contraria
2569 1303 2639 1356 sit
2672 1303 2957 1357 universali
2991 1303 3333 1358 afﬁrmationi
3356 1304 3605 1376 superius

2012 1394 2414 1462 tompreliensae
2458 1393 2803 1463 quaerendum
2865 1404 2964 1449 est.
3013 1396 3066 1447 In
3107 1410 3212 1463 qua
3240 1410 3297 1450 re
3328 1412 3485 1466 quam
3533 1395 3606 1451 sit

2012 1484 2156 1538 utilis
2177 1486 2402 1554 quaestio
2454 1484 2630 1539 nullus
2663 1483 2888 1555 ignorat,
2925 1484 3016 1555 qui
3066 1486 3285 1556 cogitat,
3329 1489 3451 1558 quia
3501 1488 3602 1542 nisi

2010 1577 2115 1633 hoc
2139 1577 2206 1632 ab
2224 1579 2511 1633 Aristotele
2555 1582 2835 1651 quaesitum
2864 1580 3260 1652 enodatumque
3293 1594 3457 1645 esset,
3491 1599 3603 1638 ma-

2008 1683 2110 1738 gna
2146 1670 2282 1724 foret
2303 1670 2567 1725 dubitatio
2595 1686 2660 1725 an
2692 1671 2825 1726 illud
2862 1673 3214 1741 reciperetur,
3240 1682 3293 1726 ut
3317 1672 3422 1727 duo
3444 1676 3601 1729 unius

2012 1772 2235 1831 possent
2275 1777 2393 1817 esse
2428 1766 2719 1827 contraria,
2751 1765 2893 1834 quod
2927 1765 3206 1821 manifeste
3238 1765 3350 1820 ﬁeri
3377 1780 3480 1820 non
3512 1781 3602 1835 p0~

322 1875 404 1927 vel
436 1875 606 1938 mille,
637 1873 719 1928 vel
744 1873 926 1927 decem
972 1873 1167 1938 millia,
1214 1882 1269 1928 et
1311 1875 1515 1941 ceteri,
1559 1872 1740 1928 ﬁnitus
1786 1849 1986 1929 esseB
2018 1863 2141 1908 ίθθῑ·
2174 1855 2305 1908 Nam
2353 1869 2472 1909 cum
2510 1856 2617 1911 duo
2646 1872 2807 1911 “nam
2840 1872 2953 1911 rem
2983 1857 3269 1927 Ρθτίηῖθοίν
3302 1859 3421 1927 “is
3462 1866 3605 1913 ⁸⁵⁸⁸⁸

322 1980 542 2021 necesse
570 1977 681 2034 est,
715 1981 844 2035 ergo
877 1974 996 2020 actu
1026 1981 1281 2021 inunerus
1311 1981 1579 2037 nunquam
1613 1975 1697 2021 est
1732 1966 1908 2020 inﬁni-

322 2068 428 2112 tus.
473 2058 733 2124 Quoniam
780 2073 909 2113 vero
956 2070 1130 2127 potest
1178 2062 1229 2113 in
1270 2060 1476 2114 inﬁnita
1520 2074 1906 2127 concrescere,

320 2153 405 2205 ide
428 2166 521 2206 reo
553 2153 726 2206 solum
767 2162 1028 2219 putestate
1055 2165 1136 2207 est
1166 2152 1427 2207 inﬁnitus.
1458 2152 1663 2207 Eodem
1694 2168 1907 2223 quoque

276 2274 283 2281 ι
319 2243 480 2297 modo
501 2254 554 2297 et
576 2254 807 2313 tempus.
841 2244 1319 2315 Quantumcunque
1344 2247 1487 2300 enim
1517 2256 1725 2315 tempus
1754 2245 1910 2300 dixe-

319 2344 393 2397 ris
443 2343 649 2398 ﬁnitum
706 2355 818 2409 est,
871 2346 965 2401 sed
995 2349 1245 2415 quoniam
1276 2357 1485 2418 tempus
1515 2358 1689 2418 potest
1718 2349 1768 2403 in
1825 2349 1911 2404 iu-

320 2435 470 2487 tiniia
516 2450 894 2505 concrescere,
928 2438 1129 2493 idcirco
1168 2438 1395 2494 dicimus
1437 2451 1649 2511 tempus
1678 2456 1798 2497 esse
1828 2441 1913 2496 in-

318 2535 551 2606 ﬁnitum,
583 2537 723 2607 quod
757 2548 1014 2607 potestate
1047 2545 1118 2595 sit
1140 2540 1428 2611 inﬁnitum,
1458 2559 1561 2597 non
1591 2552 1735 2599 actu.
1767 2542 1907 2599 Nihii

318 2631 461 2684 enim
493 2640 615 2685 actu
646 2633 842 2700 poterit
869 2648 989 2689 esse
1016 2635 1304 2692 inﬁnitum.
1348 2638 1500 2705 Quod
1531 2651 1709 2694 autem
1748 2654 1909 2711 supra

320 2726 554 2782 diximus
596 2744 715 2797 quae
762 2745 976 2800 semper
1020 2742 1140 2787 actu
1182 2745 1365 2791 essent
1405 2736 1604 2807 primas
1636 2752 1756 2793 esse
1785 2738 1910 2792 sub-

320 2820 567 2888 stantias,
597 2835 702 2875 non
726 2822 799 2875 ita
825 2823 1115 2891 putandum
1142 2836 1245 2897 est,
1275 2828 1472 2896 primas
1499 2844 1621 2884 eum
1650 2829 1902 2885 substan-

322 2912 423 2966 tias
452 2911 633 2968 dicere
661 2917 1115 2983 quemadmodum
1150 2920 1201 2974 in
1246 2920 1546 2992 Categoriis
1591 2923 1679 2978 ubi
1710 2923 1911 2993 primas

321 3004 652 3061 subStantias
692 3007 988 3063 individuas
1019 3010 1180 3064 dicit:
1214 3012 1300 3066 hic
1338 3023 1515 3068 autem
1547 3017 1745 3084 primas
1779 3014 1911 3069 sub-

322 3098 551 3152 stantias
575 3100 690 3170 qua:
718 3114 932 3174 semper
951 3114 1070 3159 actu
1095 3116 1237 3172 sunt,
1265 3106 1463 3162 idcirco
1489 3110 1732 3163 nominat
1750 3109 1872 3179 quia
1893 3152 1909 3177 ,

325 3199 383 3244 ut
432 3189 634 3244 dictum
696 3201 807 3261 est,
860 3209 975 3264 quae
1043 3211 1255 3268 semper
1300 3207 1420 3253 actu
1481 3208 1608 3255 sunt
1656 3201 1917 3268 principia
1946 3202 1995 3269 C

319 3291 634 3336 ceterarum
657 3298 833 3339 rerum
861 3296 1009 3357 sunt,
1033 3298 1191 3360 atque
1218 3290 1337 3347 ideo
1360 3294 1557 3362 primas
1582 3293 1907 3350 substantias

322 3386 411 3429 eas
439 3387 562 3431 8858
593 3391 810 3432 necesse
836 3388 935 3434 est.

322 3480 433 3529 005
464 3481 617 3523 ΙΑῡιε
662 3484 813 3524 ΑΡΤΒ
843 3488 1258 3531 ENUNTIATIONES
1284 3492 1591 3534 εοΝτιιΑιιιΑς
1619 3495 1901 3539 DICANTUR.

396 3558 581 3613 Utrum
623 3572 793 3615 autem
841 3567 1099 3621 contraria
1120 3568 1184 3621 sit
1215 3570 1496 3640 afﬁrmatio
1528 3576 1807 3645 negationi,
1841 3591 1908 3629 an

320 3654 601 3735 afﬁrmatio
630 3657 989 3728 afﬁrmationi,
1021 3670 1067 3714 et
1086 3664 1249 3716 oratio
1278 3663 1520 3727 orationi,
1541 3673 1596 3717 ut
1618 3682 1730 3733 quae
1756 3667 1903 3734 dicit,

322 3750 561 3814 quoniam
610 3753 773 3806 omnis
821 3755 970 3807 homo
1002 3757 1178 3827 justus
1224 3766 1318 3823 εει,
1363 3758 1410 3811 ei
1448 3774 1562 3827 qua:
1602 3770 1696 3827 est,
1735 3760 1909 3815 nullus

321 3836 470 3895 homo
487 3845 662 3913 justus
687 3854 778 3909 est,
808 3861 877 3898 an
906 3849 1070 3901 omnis
1097 3848 1249 3901 homo
1270 3851 1448 3920 justus
1472 3862 1569 3916 est,
1593 3852 1640 3904 ei
1667 3868 1782 3923 qua:
1808 3862 1905 3920 est,

321 3934 487 3987 omnis
509 3933 658 3990 homo
688 3937 909 4009 injustus
940 3950 1033 4006 est,
1065 3952 1119 3994 ut
1150 3940 1342 3996 Callias
1361 3948 1537 4017 justus
1584 3956 1677 4012 εει,
1713 3946 1908 4002 Callias

321 4023 489 4094 justus
536 4042 638 4080 non
686 4038 778 4097 εει,
824 4028 1016 4086 Callias
1065 4033 1285 4105 injustas
1317 4046 1409 4104 est,
1452 4054 1687 4107 quaenam
1725 4038 1908 4094 harum

319 4120 583 4171 Contraria
610 4124 723 4175 est?
1470 4115 1475 4123 ’

399 4207 966 4282 Postpropositionum
1010 4221 1420 4289 consequentias
1470 4206 1817 4292 pertractatas
1853 4236 1910 4283 et

320 4315 415 4354 eas
437 4302 616 4358 subtili
659 4305 1001 4377 inquisitione
1040 4311 1350 4381 dispositas,
1392 4315 1521 4370 illud
1561 4319 1801 4373 exoritur
1826 4321 1906 4373 in-

323 4396 667 4464 quirendum,
702 4402 843 4469 quod
885 4418 1129 4474 magnam
1171 4405 1448 4463 utilitatem
1488 4411 1556 4463 ita
1593 4413 1824 4478 praefert,
1853 4422 1910 4467 ut

323 4497 581 4554 quantum
610 4491 661 4545 in
691 4508 756 4549 eo
782 4496 1020 4551 utilitatis
1040 4501 1131 4567 sit,
1167 4498 1335 4568 prima
1376 4517 1586 4573 quoque
1616 4504 1790 4562 fronte
1827 4507 1908 4562 le-

320 4578 557 4646 gentium
588 4583 856 4640 mentibus
880 4588 1169 4656 iugeratur.
1198 4589 1330 4644 Nam
1351 4595 1909 4652 cumsitmanil‘estum
1937 4590 1997 4653 D

320 4670 574 4738 quoniam
604 4673 1014 4733 afﬁrmationem
1045 4683 1287 4751 opposita
1321 4688 1530 4756 negatio
1560 4704 1773 4758 semper
1803 4706 1907 4761 op-

321 4774 545 4832 pugnet,
573 4769 910 4840 maximeque
934 4774 1162 4841 perimat
1202 4778 1563 4854 universalem
1595 4781 1907 4838 affirmatio-
1954 4790 1957 4791 ⁷

322 4869 446 4908 netu
480 4858 795 4915 universalis
825 4864 1060 4932 negatio,
1094 4869 1453 4939 quoniamque
1494 4888 1601 4926 non
1632 4874 1906 4943 ignoratur

318 4949 464 5019 quod
500 4952 785 5009 afﬁrmatio
826 4957 1110 5025 privatoria
1154 4978 1272 5031 quae
1309 4967 1634 5021 contrarium
1676 4968 1908 5027 afﬁrmat

320 5043 493 5111 ipsius
508 5059 718 5116 quoque
729 5051 981 5105 contrarii
998 5053 1225 5121 perimat
1256 5059 1693 5130 propositionem,
1712 5066 1908 5132 quieri-

320 5143 408 5188 tur
440 5150 560 5205 quae
600 5139 767 5208 magis
800 5142 1023 5210 perimat
1054 5146 1334 5216 magisque
1370 5163 1639 5221 oppugnet
1674 5154 1913 5210 afﬁrma-

320 5230 508 5294 tivam,
539 5243 787 5290 utrumne
817 5252 878 5290 ea
907 5254 1026 5307 quae
1058 5242 1377 5298 universalis
1400 5247 1610 5315 negatio
1625 5256 1816 5314 est,an
1848 5263 1913 5304 ea

322 5336 444 5390 qua:
499 5328 776 5393 contrarii,
824 5331 904 5386 vel
947 5335 1262 5401 privatiouis
1312 5337 1616 5394 afﬁrmatio.
1650 5342 1730 5396 Sit
1767 5343 1911 5399 enim

323 5413 556 5481 positum
583 5418 717 5474 hanc
739 5436 857 5477 esse
887 5425 1319 5495 al’ﬁrmationem,
1350 5446 1468 5501 qua:
1496 5434 1774 5503 proponit:
1796 5451 1912 5491 omo

323 5509 404 5563 nis
429 5508 593 5566 homo
612 5515 786 5582 justus
815 5528 914 5572 est.
956 5521 1099 5576 lianc
1122 5539 1249 5593 ergo
1292 5523 1409 5580 dua:
1434 5527 1699 5596 perimunt
1723 5545 1920 5599 propo-

322 5603 568 5671 sitiones,
594 5618 649 5663 et
679 5612 890 5667 univers
908 5616 989 5669 itis
1012 5617 1216 5674 scilicet
1238 5622 1447 5691 negatio
1465 5638 1583 5693 qua:
1607 5623 1754 5689 dicit,
1784 5641 1919 5692 quo.

322 5697 464 5752 uiam
496 5704 673 5756 nullus
699 5706 856 5760 homo
885 5708 1055 5778 iustus
1086 5722 1186 5775 est,
1223 5723 1278 5768 et
1306 5729 1368 5769 ea
1399 5731 1519 5779 quae
1560 5716 1916 5784 privationem

315 5786 543 5856 justitia:
584 5797 837 5864 prwdicat
865 5802 1204 5872 affirmando,
1249 5823 1310 5861 ea
1354 5809 1555 5863 scilicet
1594 5826 1713 5881 qum
1757 5811 1916 5868 dicit:

320 5887 499 5943 omnis
522 5892 679 5948 homo
703 5895 933 5965 iniustus
959 5909 1060 5957 est.
1095 5901 1393 5961 Atﬁrmatio
1433 5905 1592 5975 igitur
1630 5922 1750 5977 quae
1779 5919 1919 5979 pro:

2012 1948 2105 2019 qui
2128 1949 2397 2004 dubitaret
2422 1959 2513 2004 aut
2542 1967 2701 2005 unam
2717 1966 2829 2006 rem
2856 1950 3064 2006 duabus
3095 1950 3312 2021 opponi,
3332 1959 3446 2017 aut,
3468 1952 3603 2006 dua-

2014 2044 2114 2098 bus
2128 2059 2283 2096 unam
2300 2058 2410 2097 rem
2428 2044 2837 2112 perimentibus,
2856 2044 3021 2113 quzrri
3036 2053 3285 2113 oportere
3303 2060 3420 2114 quae
3434 2043 3605 2113 magis

2015 2150 2201 2190 earum
2219 2135 2495 2189 videretur
2516 2135 2811 2190 contraria?
2827 2134 3135 2188 Contrarias
3153 2143 3329 2190 autem
3348 2135 3601 2203 dicimus,
3620 2118 3629 2133 ί

2016 2244 2124 2283 non
2140 2229 2431 2284 secundum
2446 2245 2567 2283 eum
2584 2229 2800 2282 modum
2820 2244 2978 2299 quem
2995 2229 3309 2290 Aristoteles
3334 2231 3382 2283 in
3399 2230 3605 2284 Praedi-

2016 2324 2277 2377 camentis
2303 2322 2582 2399 explicuit,
2620 2323 2713 2377 sed
2748 2332 2950 2376 tantum
2982 2323 3049 2375 ad
3082 2321 3133 2376 id
3185 2321 3326 2391 quod
3376 2335 3462 2377 res
3491 2338 3604 2377 retu

2017 2416 2101 2468 vel
2134 2414 2427 2483 propositio
2472 2414 2687 2482 perimit
2734 2414 3177 2483 propositionem,
3223 2425 3279 2468 ut
3310 2416 3457 2485 quasi
3506 2415 3607 2469 hoc

2019 2507 2183 2560 modo
2229 2513 2524 2576 quaeratur.
2600 2506 2893 2560 Afﬁrmatio
2938 2506 3259 2561 universalis
3311 2508 3607 2563 secundum

2018 2612 2177 2667 quam
2206 2598 2373 2668 magis
2397 2598 2698 2667 perimitur,
2733 2606 2983 2652 utrumne
3013 2597 3309 2652 secundum
3342 2614 3459 2653 eam
3489 2616 3609 2670 qua:

2018 2688 2345 2745 universalis
2382 2698 2465 2744 est
2504 2690 2737 2759 negatio,
2783 2700 2873 2742 aut
2901 2687 3191 2743 secundum
3225 2703 3341 2743 eam
3372 2692 3608 2761 quaa'vel

2020 2781 2376 2848 privationem
2411 2780 2667 2849 praedicat
2708 2779 2795 2834 vel
2823 2778 3100 2849 quodlibet
3150 2779 3316 2849 aliud,
3361 2781 3501 2851 quod
3541 2798 3609 2839 ex

2022 2872 2137 2941 ipsa
2182 2872 2520 2941 oppositione
2576 2872 2684 2926 vim
2756 2870 3010 2926 contrarii
3036 2872 3609 2942 reprmsentet?Unde

2017 2967 2181 3022 etiam
2197 2966 2322 3020 illud
2338 2967 2502 3021 latere
2525 2980 2633 3021 non
2655 2974 2891 3035 oportet,
2920 2964 3223 3022 universale
3241 2981 3360 3022 esse
3388 2962 3610 3024 dubium

2019 3056 2161 3112 inter
2217 3057 2581 3113 universalem
2644 3057 3056 3114 afﬁrmationem
3124 3059 3500 3130 privatoriam,
3556 3069 3613 3118 et

2022 3148 2381 3205 universalem
2412 3148 2773 3218 negationem,
2804 3164 2922 3218 qua:
2949 3158 3094 3205 esset
3131 3149 3374 3220 opposita
3405 3160 3613 3209 contra-

2024 3243 2139 3297 riae.
2173 3242 2345 3311 Supra
2397 3244 2541 3317 enim
2597 3242 2702 3315 iam
2747 3242 2949 3298 dictum
2997 3251 3079 3299 est
3121 3242 3459 3301 afﬁrmationi
3491 3246 3614 3302 uni-

2016 3336 2213 3391 versali
2244 3337 2585 3406 negationem
2610 3334 2961 3390 universalem
2987 3348 3108 3391 esse
3128 3339 3473 3392 contrariam.
3503 3337 3613 3394 Sed

2015 3430 2124 3497 hic,
2157 3438 2216 3486 ut
2243 3428 2442 3484 dictum
2470 3437 2575 3496 est,
2608 3443 2715 3484 non
2744 3431 2846 3483 hoc
2870 3428 3084 3494 dicitur,
3118 3428 3212 3484 sed
3258 3429 3387 3485 illud
3431 3432 3610 3501 potius

2015 3539 2138 3593 quae
2160 3523 2329 3593 magis
2359 3523 2583 3592 perimat
2613 3537 2749 3576 rem.
2781 3520 2914 3575 Nam
2942 3535 3061 3589 qua:
3087 3521 3258 3592 magis
3298 3523 3517 3592 perimit
3547 3539 3611 3580 ea

2016 3614 2403 3683 propemodum
2443 3614 2705 3667 videbitur
2734 3626 2857 3670 esse
2892 3611 3062 3681 magis
3098 3614 3388 3669 contraria.
3434 3616 3612 3685 Atque

2017 3706 2142 3759 ideo
2179 3721 2281 3758 non
2322 3706 2493 3757 solum
2525 3705 2590 3757 de
2636 3702 3026 3757 universalibus
3080 3704 3375 3773 proposuit,
3414 3704 3509 3759 sed
3542 3720 3612 3761 ne

2017 3797 2382 3867 suSpicai-etur
2424 3796 2541 3865 quis
2572 3796 2710 3864 quod
2757 3795 2902 3849 illam
2937 3799 3371 3852 contrarietatem
3405 3797 3612 3853 diceret

2019 3906 2178 3961 quam
2211 3890 2292 3944 vel
2326 3891 2377 3944 in
2427 3888 2860 3945 Prmdicamentis
2902 3886 3111 3944 loeutus
3154 3897 3257 3953 est,
3298 3890 3384 3945 vel
3424 3905 3612 3946 rursus

2017 3998 2182 4053 supra
2233 3998 2354 4038 cum
2424 3982 2493 4037 de
2561 3981 2850 4037 universali
2914 3979 3275 4035 afﬁrmatione
3341 3992 3395 4036 et
3446 3997 3609 4052 nega-

2017 4080 2168 4133 tione
2225 4078 2561 4148 loqueretur,
2621 4075 2690 4131 de
2748 4074 3155 4144 particularibus
3217 4072 3439 4143 adjecit,
3495 4076 3612 4144 qui-

2018 4172 2122 4225 bus
2194 4184 2301 4223 non
2369 4177 2525 4223 erant
2602 4168 2888 4221 contrariae
2953 4165 3241 4220 affirmatio
3307 4176 3363 4221 et
3446 4182 3581 4238 nega

2016 4262 2116 4314 tio.
2175 4261 2305 4313 Nam
2344 4260 2388 4314 si
2427 4269 2575 4314 recte
2620 4258 2871 4327 superius
2916 4259 3313 4326 comprehensa
3359 4262 3611 4317 memini-

2018 4367 2165 4415 mus,
2182 4351 2463 4405 afﬁrmatio
2489 4349 2809 4405 universalis
2836 4357 2890 4404 et
2917 4349 3128 4418 negatio
3145 4351 3465 4406 universalis
3482 4368 3612 4408 con-

2018 4444 2204 4497 traria:
2232 4457 2351 4498 esse
2379 4442 2713 4501 dicebantur.
2742 4439 3035 4495 Necsolum
3054 4440 3177 4507 hoc,
3210 4442 3302 4498 sed
3326 4445 3485 4498 etiam
3518 4460 3603 4500 se-

2017 4535 2252 4591 cundum
2281 4534 2480 4605 justum
2521 4544 2575 4588 et
2610 4534 2868 4603 injustum
2908 4532 3183 4587 constituit
3224 4535 3604 4604 quaestionem,

2018 4626 2160 4696 quod
2190 4627 2398 4680 habitus
2419 4637 2472 4680 et
2494 4626 2721 4695 privatio
2749 4625 2924 4693 potius
2963 4632 3046 4679 est
3067 4639 3225 4695 quam
3258 4626 3363 4681 ulla
3394 4638 3609 4683 contra-

2016 4720 2206 4775 rietas.
2256 4719 2458 4785 Quare,
2504 4728 2561 4772 ut
2596 4718 2867 4784 diximus,
2917 4716 3322 4787 intelligendum
3370 4729 3453 4775 est
3491 4736 3613 4777 esse

2018 4825 2163 4865 nunc
2190 4811 2242 4864 in
2273 4810 2586 4878 quzestione,
2621 4823 2739 4877 qua:
2770 4808 3064 4878 propositio
3095 4825 3253 4879 quam
3288 4812 3609 4881 propositio-

2020 4918 2146 4958 nem
2178 4903 2421 4972 proxime
2449 4901 2821 4970 efficaciusque
2850 4900 3090 4956 destruat
3120 4916 3182 4956 ac
3213 4902 3470 4971 perimat;
3512 4904 3610 4957 bu-

2017 4994 2109 5063 jus
2136 4994 2465 5063 inquirenda:
2496 4994 2571 5047 rei
2602 4993 2740 5047 ratio
2765 4994 2960 5048 existet
2989 4993 3090 5049 hoc
3120 4996 3297 5050 modo.

2097 5086 2236 5141 Nam
2265 5088 2307 5140 si
2332 5103 2391 5141 ea
2417 5102 2530 5157 qua:
2568 5095 2689 5140 sunt
2715 5087 2768 5139 in
2804 5102 2921 5139 voce
2950 5099 3229 5157 sequuntur
3260 5104 3320 5142 ea
3354 5104 3466 5157 quos
3492 5100 3611 5143 sunt

2019 5180 2076 5234 in
2107 5182 2298 5245 anima,
2328 5178 2438 5233 illic
2467 5191 2637 5232 autem
2675 5182 2935 5236 cantraria
2963 5192 3032 5234 est
3061 5182 3234 5252 Opinio
3263 5182 3527 5249 contrarii,
3560 5194 3613 5237 ut

2026 5275 2190 5329 omnis
2218 5275 2368 5327 homo
2387 5275 2558 5344 justus
2583 5283 2677 5339 est,
2711 5275 2755 5326 ei
2778 5290 2891 5342 qua:
2905 5284 2995 5335 est,
3015 5275 3177 5328 omnis
3196 5275 3344 5327 homo
3366 5276 3610 5344 injustas,

2023 5369 2175 5421 etiam
2200 5368 2253 5419 in
2283 5366 2361 5419 his
2382 5381 2496 5436 quae
2529 5375 2646 5419 sunt
2685 5367 2736 5418 in
2777 5381 2894 5419 voce
2920 5366 3371 5434 afﬁrmationibus,
3415 5383 3615 5421 necesse

2022 5468 2095 5511 est
2115 5456 2349 5511 similiter
2397 5470 2508 5509 sese
2536 5457 2735 5509 habere.
2785 5456 2935 5522 Quod
2964 5457 3008 5509 si
3052 5472 3210 5525 neque
3240 5457 3344 5509 illic
3371 5459 3615 5511 contrarii

2024 5548 2256 5616 opinatio
2295 5547 2551 5601 contraria
2586 5556 2677 5613 est,
2705 5561 2795 5599 nec
2821 5547 3102 5616 afﬁrmatio
3130 5547 3467 5615 affirmationi
3492 5564 3616 5600 con-

2026 5640 2192 5693 traria
2214 5640 2329 5703 erit,
2360 5641 2448 5693 sed
2470 5654 2529 5691 ea
2555 5654 2668 5707 qua:
2691 5646 2763 5691 εει
2780 5639 2915 5690 dicta
2938 5637 3156 5706 negatio.
3188 5638 3357 5703 Quare
3386 5638 3615 5690 conside-

2026 5730 2246 5783 randum
2274 5739 2345 5782 est
2387 5746 2498 5797 (μιαν
2543 5728 2770 5797 opinatio
2822 5741 2967 5789 nam,
3019 5727 3163 5796 falsw
3191 5729 3616 5795 apiitationicon-

2028 5821 2191 5874 traria
2220 5822 2307 5884 sit,
2332 5834 2497 5874 utrum
2525 5819 2831 5887 negationis,
2858 5834 2922 5869 an
2946 5826 3080 5870 certe
3105 5835 3161 5872 ενι
3192 5834 3305 5888 quw
3333 5819 3617 5871 contrario-

2031 5928 2148 5967 rum
2176 5930 2282 5969 esse
2308 5913 2562 5973 opinatur.
2600 5910 2724 5966 Dico
2753 5920 2921 5965 autem
2951 5910 3047 5965 hoc
3072 5913 3255 5970 modo:
3281 5911 3368 5967 Est
3383 5914 3615 5979 quaedam
