4060 6330
566 443 796 513 Optantio
819 458 937 498 vera
963 441 1100 507 boni,
1128 432 1365 511 quanidm
1386 434 1570 497 bonum
1592 451 1696 508 est;
1718 444 1822 499 alia
1851 462 1965 501 vero
1990 446 2147 517 falsa,

565 537 811 607 quoniam
830 535 1012 588 bonum
1037 549 1137 587 non
1159 543 1265 597 est;
1288 532 1392 587 alia
1413 536 1545 600 quod
1574 536 1766 590 malum
1793 549 1866 593 est
1884 528 2152 609 .‘quwnam

540 604 685 698 ergo
713 629 897 681 harum
918 627 1174 681 contraria
1202 637 1275 682 est
1311 644 1440 683 certe
1463 629 1487 682 ?
1514 626 1581 682 Et
1623 632 1668 685 si
1692 642 1763 687 est
1798 648 1903 687 una
1966 651 2152 690 secun-

565 718 688 771 dum
714 734 867 788 quant
893 718 1194 773 contraria?

542 788 545 793 ’
637 807 761 862 Haec
790 818 873 863 est
896 807 1281 879 investigatio?
1319 825 1439 880 quae
1466 811 1635 883 magis
1666 813 1737 869 sit
1756 814 2047 871 universali
2075 815 2156 871 ai-

535 898 854 969 .ﬁrmationi
896 901 1184 968 contraria,
1234 911 1484 962 utrumne
1523 907 1811 976 privatoria
1835 909 2153 967 universalis

562 991 883 1060 afﬁrmatio,
950 1009 1019 1050 an
1100 996 1417 1052 universalis
1484 999 1720 1070 negatio.
1796 1000 1932 1057 Hinc
1982 1002 2151 1059 sumi-

536 1091 649 1149 ,tur
689 1085 830 1154 quod
869 1088 1046 1143 omnis
1094 1089 1203 1145 fere
1252 1091 1571 1168 proprietas,
1615 1107 1775 1163 quam
1828 1094 1882 1149 in
1933 1095 2155 1155 vocibus

560 1190 786 1233 necesse
806 1179 1022 1236 evenire
1044 1190 1144 1249 est,
1176 1168 1246 1237 es
1278 1183 1618 1251 opinionibus
1641 1186 1793 1242 venit
1829 1202 1961 1257 quas
1992 1202 2153 1246 voces

539 1266 693 1341 _ips:e
722 1268 1044 1338 signiﬁcant.
1076 1271 1233 1339 Quod
1282 1272 1440 1343 igitur
1468 1276 1818 1345 quzerendum
1847 1279 1900 1333 in
1931 1281 2154 1338 vocibus

558 1369 665 1429 est,
708 1360 810 1416 hoc
863 1362 1016 1432 prius
1068 1374 1149 1419 est
1188 1364 1241 1419 in
1292 1364 1633 1433 opinionibus
1697 1371 2149 1441 perspiciendum.

542 1432 745 1521 Neque
805 1452 951 1510 enim
1011 1454 1126 1510 ﬁeri
1195 1432 1374 1525 potest
1427 1465 1484 1513 ut
1554 1432 1933 1517 cum-vocum
1988 1463 2155 1535 signi-

562 1544 838 1601 ﬁcationes
894 1561 959 1603 ex
1024 1548 1368 1619 Opinionibus
1435 1552 1673 1622 veniant,
1742 1570 1875 1624 quas
1947 1557 2157 1614 scilicet

562 1651 724 1693 voces
752 1640 882 1709 ipsae
908 1639 1229 1710 signiﬁcant,
1263 1656 1368 1697 non
1400 1642 1550 1713 prius
1578 1646 1938 1716 proprietates
1960 1662 2152 1704 vocum

562 1728 619 1785 in
641 1729 982 1798 opinionibus
1024 1732 1382 1823 reperiantur.
1432 1733 1832 1805 Requirendum
1884 1736 2045 1807 igitur
2072 1749 2157 1795 est

546 1822 1010 1901 quemadmodum
1033 1839 1092 1881 se
1122 1825 1221 1881 ista
1243 1822 1297 1881 in
1327 1827 1672 1897 opinionibus
1702 1830 1873 1900 posita
1916 1831 2152 1889 liabean-
2186 1862 2237 1926 Β

563 1924 670 1979 tur,
695 1914 834 1984 quod
861 1914 916 1970 in
942 1915 1028 1970 his
1055 1916 1215 1972 fuerit
1241 1927 1535 1989 repertum,
1565 1921 1632 1976 ad
1659 1936 1820 1980 voces
1863 1925 2156 1981 rationabi-

488 2072 489 2075 η
548 2005 689 2081 (liter
717 2005 1087 2063 transferatur.
1112 2008 1399 2075 Quaeratur
1423 2009 1585 2080 igitur
1615 2012 1767 2082 prius
1797 2013 1849 2068 in
1885 2016 2158 2085 opinioni-

563 2101 668 2158 bus
696 2101 798 2157 hoc
827 2101 988 2158 modo
1022 2121 1033 2155 :
1069 2101 1125 2158 Si
1172 2103 1355 2173 opinio
1401 2104 1689 2173 privatoria
1730 2107 2051 2163 universalis
2083 2112 2162 2166 af-

554 2195 884 2263 ,ﬁrmationis
925 2196 1094 2266 magis
1149 2205 1232 2251 est
1282 2198 1551 2251 contraria
1603 2197 1843 2268 opinioni
1897 2201 2161 2271 simplicis

565 2289 888 2345 universalis
958 2288 1333 2345 afﬁrmationis
1394 2304 1553 2360 quam
1605 2290 1789 2361 opinio
1840 2295 2161 2357 universalis

552 2358 884 2451 negationis,
920 2380 1264 2437 manifestum
1289 2390 1374 2437 est
1412 2385 1668 2446 quoniam
1716 2385 2007 2453 privatoria
2040 2390 2163 2444 uni-

567 2471 790 2529 versalis
838 2471 1125 2527 afﬁrmatio
1160 2474 1327 2543 magis
1377 2473 1596 2544 perimit
1625 2476 1987 2532 universalem
2032 2479 2163 2534 sim-

568 2563 763 2634 plicem
826 2562 1257 2631 afﬁrmationem,
1312 2580 1473 2635 quam
1543 2566 1864 2623 universalis
1919 2570 2159 2641 negatio.

572 2652 727 2722 Quod
756 2656 800 2710 si
827 2653 955 2711 illud
983 2656 1151 2727 magis
1174 2672 1279 2713 non
1305 2659 1597 2727 repererit,
1643 2659 1737 2714 sed
1786 2661 1932 2731 quod
1974 2663 2162 2732 opinio

552 2736 891 2802 universalis
911 2747 1210 2817 negationis
1239 2748 1546 2819 opinionem
1575 2750 1895 2808 universalis
1923 2754 2164 2811 afﬁrma-

568 2837 731 2897 lionis
770 2839 940 2909 magis
976 2838 1204 2909 perimat
1226 2840 1404 2910 potius
1442 2856 1601 2913 quam
1641 2842 1821 2913 opinio
1860 2846 2163 2913 privatorire

570 2930 961 2996 allirmationis,
989 2940 1201 2988 constat
1227 2934 1370 3003 quod
1400 2936 1723 2992 universalis
1748 2941 1962 3009 negatio
1994 2942 2164 3011 magis

571 3023 839 3078 contraria
863 3034 945 3077 e5t
969 3024 1257 3078 universali
1284 3026 1622 3082 afﬁrmationi
1654 3030 1831 3096 potius
1861 3047 2020 3102 quam
2052 3034 2165 3102 pri-

548 3100 780 3170 'vatoria
802 3114 1105 3172 afﬁrmatio.
1134 3118 1246 3174 [loc
1277 3130 1456 3174 autem
1485 3128 1542 3174 ut
1589 3121 1910 3189 inveniatur,
1962 3127 2035 3179 ita
2082 3127 2162 3182 in-

1793 328 1903 386 AN.
1948 322 2159 386 MANL.
2197 320 2347 386 SEV.
2389 321 2611 386 ΒθΕΤιι

3748 324 3859 394 εει

2259 442 2327 497 tis
2357 443 2571 499 animus
2603 441 2886 513 suspicari.
2921 441 3054 500 Cum
3082 456 3214 499 vero
3241 442 3444 499 malum
3472 441 3717 515 ponitur,
3742 455 3850 504 tota

2260 536 2527 590 audientis
2557 535 2849 605 suSpicatio
2878 535 2930 589 in
2957 535 3287 591 contrarium
3319 533 3521 606 rejecta
3552 546 3659 593 est.
3683 541 3853 609 Atque

2258 625 2382 681 ideo
2410 641 2518 684 non
2551 625 2695 681 idem
2718 625 3046 698 signiﬁcant,
3076 627 3170 682 sed
3200 628 3324 698 quia
3363 642 3510 697 saepe
3542 631 3626 702 (ut
3654 630 3853 687 dictum

2257 718 2363 789 est)
2409 718 2640 789 privatio
2684 708 2795 775 vel
2821 719 3173 776 contrarietas
3239 722 3513 792 negationi
3559 725 3852 795 consentit,

2257 810 2474 880 quoties
2506 810 2640 866 tales
2664 813 2913 882 quaedam
2961 813 3358 893 propositiones
3405 816 3773 886 reperiuntur,
3805 820 3858 875 in

2257 901 2454 972 quibus
2476 901 2610 957 nihil
2654 904 2945 973 negatione
2981 903 3251 975 discrepet
3290 906 3583 977 privatoria
3623 910 3859 965 afﬁrma-

2230 1032 2234 1037 η
2259 993 2359 1060 tio,
2390 994 2737 1065 quaerendum
2760 1004 2865 1065 est,
2893 1002 2951 1052 ut
2978 995 3255 1053 Aristoteli
3296 997 3531 1069 videtur,
3562 1003 3857 1059 secundum

2260 1099 2424 1156 quam
2466 1086 2647 1157 potius
2676 1087 3032 1158 prolationem
3075 1088 3158 1146 vel
3185 1090 3497 1160 Opinionem
3528 1108 3673 1149 vera:
3716 1095 3858 1150 amr.

2257 1176 2484 1234 mationi
2505 1179 2591 1234 vel
2625 1181 2870 1251 opinioni
2897 1181 3167 1238 contraria
3214 1184 3513 1255 propositio
3560 1187 3645 1243 vel
3677 1190 3861 1259 opinio

2258 1270 2371 1327 ﬁat.
2402 1271 2718 1345 Quanquam
2745 1276 2889 1331 enim
2919 1275 3188 1333 interdum
3222 1278 3362 1341 idem
3393 1280 3730 1352 signiﬁcent,
3759 1284 3863 1340 alio

2258 1372 2441 1421 tamen
2462 1366 2625 1423 modo
2647 1369 2778 1439 ipsis
2818 1371 3277 1441 propositionibus
3323 1374 3549 1430 utimur.
3590 1375 3729 1432 Nam
3774 1377 3862 1447 qui

2260 1460 2601 1531 negationem
2636 1465 2805 1533 ponit,
2834 1464 2885 1520 id
2913 1448 3056 1536 quod
3085 1475 3169 1523 est
3220 1467 3351 1523 dicit
3400 1483 3558 1535 esse;
3591 1471 3687 1541 qui
3739 1486 3864 1529 vero

2260 1550 2636 1620 privationem,
2664 1553 2718 1608 id
2748 1555 2892 1626 quod
2922 1571 3029 1613 non
3055 1567 3139 1614 est
3165 1557 3298 1615 dicit
3324 1573 3467 1617 esse.
3516 1559 3657 1617 Cum
3702 1562 3861 1633 igitur

2260 1641 2533 1699 diversum
2566 1644 2777 1701 initium
2827 1656 2884 1703 et
2925 1648 3136 1705 diversa
3184 1650 3416 1708 intentio
3460 1655 3860 1725 quodammodo

2260 1733 2331 1788 sit
2378 1736 2804 1805 propositionum
2827 1738 2931 1794 sub
2956 1741 3144 1797 eadem
3173 1743 3591 1815 signiﬁcatione,
3640 1758 3700 1806 et
3749 1765 3860 1821 qua

2262 1840 2449 1883 earum
2478 1829 2647 1900 magis
2686 1846 2827 1886 veras
2857 1834 3209 1904 propositioni
3235 1838 3504 1894 contraria
3549 1841 3642 1907 sit,
3692 1851 3749 1898 et
3773 1858 3856 1900 se-

2265 1919 2498 1976 cundum
2549 1938 2707 1993 quem
2749 1933 2952 1981 motum
2992 1928 3161 1983 animi
3190 1932 3364 2001 magis
3396 1946 3525 1989 vera
3567 1938 3856 2007 propositio

2265 2009 2585 2077 perimatur,
2613 2015 2963 2085 qumrendum
3010 2028 3113 2073 est.
3143 2019 3256 2076 lloc
3284 2030 3370 2077 est
3395 2025 3538 2080 enim
3578 2029 3724 2097 quod
3751 2029 3854 2086 ait:

2265 2097 2399 2154 Etsi
2424 2109 2507 2155 est
2549 2117 2673 2171 una,
2699 2104 2995 2161 secundum
3032 2111 3522 2179 quamfcontraria?
3564 2116 3684 2175 Non
3722 2123 3852 2178 enim

2266 2189 2399 2246 dicit
2427 2193 2567 2263 quod
2597 2196 2817 2251 omnino
2870 2200 3083 2269 negatio
3128 2210 3185 2257 et
3238 2205 3469 2274 privatio
3519 2222 3690 2265 unum
3723 2228 3848 2273 ευιιι,

2267 2285 2364 2341 sed
2394 2286 2447 2341 in
2479 2287 2565 2343 bis
2596 2288 2649 2343 in
2675 2291 2867 2359 quibus
2894 2291 3035 2349 idem
3065 2305 3209 2363 sunt,
3246 2296 3347 2353 boc
3376 2308 3459 2355 est
3503 2301 3555 2356 in
3581 2301 3849 2362 immedia‘

2269 2378 2337 2435 tis
2365 2382 2686 2449 contrariis;
2710 2392 2765 2439 et
2796 2386 3011 2455 quando
3041 2387 3185 2444 idem
3230 2390 3560 2462 signiﬁcant,
3607 2406 3845 2467 quoniam

2269 2491 2377 2530 non
2400 2477 2693 2534 secundum
2741 2496 2906 2537 unum
2954 2491 3161 2539 motum
3207 2486 3370 2543 animi
3397 2505 3557 2546 unam
3588 2490 3846 2562 εἰεηιιιωο

2270 2565 2471 2623 tionem
2497 2568 2699 2637 dicunt,
2749 2572 2840 2641 qui
2885 2575 3211 2630 contrarium
3255 2578 3341 2634 vel
3371 2581 3725 2648 privationem
3763 2606 3844 2646 po-

2268 2668 2426 2726 nunt,
2456 2668 2511 2715 et
2533 2660 2625 2732 qui
2679 2666 3019 2733 negationem
3048 2668 3342 2723 secundum
3385 2686 3544 2741 quam
3593 2684 3844 2729 contraria

2268 2753 2441 2823 magis
2466 2764 2547 2809 est
2590 2757 2907 2826 propositio,
2958 2770 3210 2817 utrumne
3256 2763 3552 2820 secundum
3580 2780 3700 2824 eam
3741 2786 3847 2839 quae

2267 2844 2620 2912 privationem
2662 2849 2842 2917 ponit,
2872 2864 2942 2903 an
2981 2851 3275 2908 secundum
3302 2869 3423 2909 eam
3470 2870 3585 2927 qua:
3616 2864 3849 2930 negatur

2268 2948 2413 2989 nem.
2442 2933 2572 2992 Post
2614 2937 2727 2993 llaec
2757 2939 3211 3009 quemadmodum
3242 2944 3312 3000 sit
3341 2948 3735 3006 contrarietatis
3762 2963 3849 3006 na-

2271 3035 2389 3081 tura
2419 3026 2685 3099 designat.

2343 3119 2485 3174 Nam
2535 3123 2775 3178 arbitrari
2819 3127 3101 3183 contrarias
3148 3128 3409 3201 opiniones
3450 3133 3661 3201 deﬁniri
3703 3137 3756 3191 in
3795 3154 3847 3192 eo

548 3208 822 3281 (ciendum
855 3218 939 3264 est
971 3226 986 3265 :
1019 3220 1249 3279 ponatur
1288 3212 1473 3281 opinio
1511 3214 1756 3283 quaedam
1788 3232 1944 3283 vera;
1977 3229 2159 3275 contra
2189 3257 2235 3319 Ο
2268 3215 2407 3284 quod
2422 3218 2796 3272 contrariorum
2814 3228 2949 3287 sunt,
2977 3221 3166 3292 falsum
3188 3233 3280 3279 est.
3300 3222 3435 3279 Boni
3455 3227 3593 3280 enim
3620 3231 3851 3297 quoniam

572 3314 695 3357 eam
723 3300 843 3356 duae
860 3300 1030 3368 falsae,
1056 3318 1277 3372 quarum
1301 3318 1405 3358 una
1435 3304 1719 3360 afﬁrmatio
1750 3308 1820 3363 sit
1844 3310 2158 3378 privatoria,

554 3374 745 3469 ialtera
780 3393 1106 3467 universalis
1155 3398 1385 3465 negatio.
1434 3396 1508 3452 De
1549 3398 1757 3455 duabus
1807 3402 1967 3471 igitur
2014 3402 2165 3459 falsis

575 3501 732 3557 quam
764 3486 1156 3545 mendaciorem
1196 3490 1333 3547 ratio
1360 3490 1584 3560 invenit,
1622 3507 1739 3548 eam
1767 3493 1992 3550 dicimus
2024 3511 2165 3553 vera:

574 3578 811 3647 Opinioni
839 3579 1006 3650 magis
1032 3595 1155 3637 esse
1188 3582 1541 3638 contrariam.
1576 3583 1697 3639 Sint
1723 3585 1885 3657 igitur
1916 3596 2027 3644 tres
2048 3590 2166 3659 Opi-

572 3668 783 3736 niones,
817 3686 921 3725 una
943 3687 1090 3740 vera,
1116 3672 1232 3727 dua:
1257 3672 1441 3730 falsas:
1472 3685 1526 3732 et
1546 3676 1616 3731 sit
1644 3677 1862 3747 quidem
1886 3695 2010 3735 vera
2045 3682 2162 3738 haec

578 3774 700 3833 qua:
730 3761 782 3816 id
814 3764 955 3832 quod
992 3760 1190 3820 bonum
1220 3777 1323 3832 est,
1354 3768 1549 3825 bonum
1599 3785 1719 3826 esse
1748 3774 2059 3837 arbitratur,
2100 3793 2162 3832 ea

572 3853 785 3907 scilicet
809 3867 968 3922 quam
1010 3854 1142 3910 dicit
1182 3860 1501 3916 Aristoteles
1550 3845 1855 3931 opinionem
1888 3882 2006 3923 esse
2037 3869 2163 3924 boni

571 3946 825 4016 quoniam
871 3948 1067 4002 bonum
1098 3959 1208 4013 est;
1252 3951 1379 4006 falsa
1418 3968 1549 4009 vero
1595 3971 1702 4011 una
1749 3973 1870 4028 qum
1899 3958 2039 4029 quod
2068 3963 2163 4016 bo-

573 4052 701 4093 num
745 4047 847 4103 est,
884 4037 1080 4093 bonum
1124 4057 1228 4094 non
1270 4056 1391 4097 esse
1427 4043 1576 4112 dicit,
1610 4063 1672 4102 ea
1712 4059 1796 4104 est
1835 4066 1996 4119 quam
2030 4052 2162 4108 dicit

576 4130 889 4186 Aristoteles
914 4131 1042 4187 falsa
1075 4133 1219 4202 boni,
1244 4138 1493 4204 quoniam
1525 4152 1631 4193 non
1674 4140 1893 4196 bonum.
1938 4143 2160 4214 Reliqua

575 4238 694 4293 quze
722 4223 772 4277 td
801 4223 943 4292 quod
974 4225 1170 4281 bonum
1202 4237 1306 4293 est,
1344 4229 1539 4285 malum
1590 4247 1709 4287 esse
1748 4233 2060 4301 atbitratur,
2096 4251 2159 4291 ca

575 4326 655 4369 εει
687 4320 803 4384 quae
834 4318 897 4371 1b
920 4316 1204 4373 Aristotele
1240 4318 1378 4373 dicta
1412 4330 1493 4374 est
1536 4322 1718 4391 opinio
1754 4323 1878 4379 boni
1908 4327 2158 4394 quoniam

576 4405 773 4459 malum
807 4416 901 4460 est.
952 4407 1027 4461 Ex
1061 4409 1143 4462 bis
1184 4410 1340 4479 igitur
1386 4411 1579 4479 tribus,
1626 4430 1728 4469 una
1760 4430 1906 4482 vera,
1950 4417 2159 4473 duabus

574 4497 745 4561 falsis,
770 4502 1117 4567 (intuendum
1147 4511 1229 4556 est
1251 4518 1369 4572 qua:
1400 4506 1569 4574 magis
1596 4507 1666 4560 sit
1693 4510 1962 4563 contraria
1994 4526 2155 4577 verae;

2272 3310 2457 3362 bonum
2482 3318 2575 3373 est,
2604 3319 2647 3362 et
2678 3310 2801 3364 ntali
2828 3312 3068 3381 quoniam
3107 3316 3299 3369 malum
3328 3326 3421 3381 est,
3448 3318 3634 3373 eadem
3655 3332 3730 3375 est
3749 3326 3851 3392 for-

2270 3414 2406 3456 tasse
2429 3402 2603 3471 opinio
2634 3411 2678 3456 et
2710 3420 2849 3472 vera,
2879 3408 2981 3459 sive
3010 3406 3205 3477 plures,
3236 3409 3339 3462 site
3363 3425 3467 3463 una
3493 3411 3581 3465 sit.
3609 3411 3747 3467 Sunt
3766 3430 3854 3467 os-

2271 3504 2370 3549 tem
2418 3498 2678 3549 contraria
2709 3498 2828 3564 ista,
2870 3500 2962 3552 sed
3000 3515 3103 3552 non
3139 3502 3192 3555 in
3229 3518 3286 3554 eo
3315 3504 3452 3569 quod
3490 3506 3856 3561 contrariorum

2267 3599 2387 3643 sunt
2419 3592 2698 3656 contraria,
2723 3593 2812 3646 sed
2840 3594 3000 3663 magis
3028 3597 3081 3647 in
3112 3610 3169 3649 eo
3197 3596 3335 3664 quod
3360 3600 3642 3653 contrarie.

2344 3682 2547 3739 Sensus
2568 3683 2783 3753 quidem
2807 3684 3042 3740 breviter
3074 3686 3385 3755 expeditus,
3417 3689 3512 3744 sed
3538 3704 3749 3746 summa
3783 3709 3859 3747 ra-

2271 3775 2440 3831 tionis
2471 3780 2699 3830 veritate
2726 3785 3006 3833 contextus
3035 3786 3137 3833 est.
3161 3778 3295 3833 Cum
3326 3780 3469 3835 enim
3493 3780 3561 3836 de
3585 3785 3861 3841 contrariis

2268 3866 2530 3936 disputat,
2585 3867 3037 3936 quemadmodum
3089 3871 3373 3926 contrariae
3417 3872 3704 3941 opiniones
3748 3891 3861 3931 esse

2267 3961 2475 4029 possint
2523 3962 2693 4030 prima
2742 3962 2919 4017 fronte
2966 3962 3226 4031 disponit.
3271 3964 3689 4025 Arbitrabantur
3719 3971 3856 4025 enim

2265 4052 2482 4123 quidam
2514 4053 2812 4109 contrarias
2841 4068 2959 4109 esse
2990 4056 3294 4125 opiniones,
3324 4075 3445 4129 quae
3473 4061 3544 4117 de
3570 4064 3856 4118 contrariis

2266 4144 2469 4212 aliquid
2495 4145 2908 4213 arbitrarentur,
2950 4148 3045 4204 srd
3076 4149 3177 4204 hoc
3204 4149 3396 4205 falsum
3426 4166 3549 4208 esse
3581 4155 3858 4211 convinci-

2232 4312 2237 4315 ν
2266 4247 2373 4292 tur.
2398 4237 2580 4308 Neque
2610 4241 2751 4294 enim
2776 4242 2819 4295 si
2846 4242 3043 4297 bonum
3082 4253 3135 4298 et
3161 4245 3357 4300 malum
3386 4249 3725 4304 contrarium
3764 4259 3859 4315 est,

2266 4337 2323 4385 et
2344 4329 2546 4400 aliquid
2575 4332 2641 4387 de
2667 4334 2807 4387 bono
2835 4344 2889 4388 et
2911 4336 3050 4391 malo
3079 4338 3350 4407 opinetur,
3380 4354 3504 4394 mox
3530 4356 3752 4397 necesse
3786 4350 3860 4397 est

2261 4435 2324 4477 nt
2366 4428 2719 4481 contrarietas
2764 4427 3148 4498 subsequatur.
3194 4432 3306 4501 Age
3354 4434 3496 4486 enim
3529 4434 3759 4503 quilibet
3797 4434 3859 4488 de

2264 4517 2410 4572 bono
2438 4520 2688 4590 opinetur
2732 4523 2991 4601 quoniam
3022 4524 3222 4579 bonum
3267 4534 3375 4590 cst,
3406 4541 3595 4581 rursus
3622 4527 3689 4581 de
3725 4526 3859 4581 malo

572 4589 667 4643 sed
699 4588 821 4658 quia
850 4592 1107 4661 contingit
1148 4607 1291 4662 saepe
1332 4603 1391 4650 et
1435 4598 1773 4667 negationem
1804 4610 1859 4654 et
1906 4604 2160 4670 privatio-
2186 4644 2241 4703 υ
2267 4588 2515 4677 opinetur
2559 4588 2811 4681 quoniam
2871 4595 3071 4671 malum
3100 4627 3199 4672 est.
3252 4618 3384 4671 Cum
3416 4617 3580 4687 igitur
3629 4618 3773 4673 idem
3800 4618 3861 4674 de

575 4696 695 4735 nem
728 4696 887 4735 unum
918 4683 1221 4751 significare
1264 4686 1315 4740 in
1349 4685 1432 4742 his
1466 4693 1763 4757 praesertim
1796 4695 2078 4750 contrariis
2106 4696 2157 4751 in

567 4762 767 4841 quibus
813 4773 956 4827 nulla
988 4775 1247 4829 medietas
1293 4777 1586 4845 invenitur,
1644 4782 1791 4838 addit
1831 4801 1843 4837 :
1880 4786 1945 4839 Et
1990 4788 2034 4841 si
2077 4797 2162 4843 est

576 4878 704 4928 una,
733 4863 1025 4919 secundum
1080 4880 1237 4936 quam
1268 4872 1706 4927 contrariallloc
1752 4887 1931 4931 autem
1974 4878 2160 4948 hujus-

571 4954 716 5011 modi
745 4964 827 5010 est
859 4972 871 5008 :
907 4953 960 5009 in
991 4954 1077 5009 his
1105 4959 1389 5014 contrariis
1419 4960 1474 5014 in
1501 4962 1695 5031 quibus
1723 4965 1866 5021 nulla
1897 4971 2156 5026 medietas

569 5044 671 5115 est,
702 5046 840 5101 idem
871 5048 1081 5117 negatio
1110 5049 1250 5105 valet
1287 5052 1428 5121 quod
1478 5055 1635 5110 etiam
1668 5058 1915 5127 privatio.
1969 5063 2025 5118 ln
2072 5065 2156 5122 bis

567 5153 697 5195 vero
726 5140 780 5195 in
810 5139 1002 5210 quibus
1029 5150 1112 5197 est
1137 5144 1379 5212 quaedam
1412 5146 1691 5217 medietas,
1720 5150 2008 5210 afﬁrmatio
2054 5159 2157 5225 prio

555 5226 772 5289 ‘vatoria
801 5242 855 5289 et
884 5234 1095 5305 negatio
1146 5252 1252 5292 non
1298 5238 1541 5308 ejusdem
1578 5244 1984 5314 signiﬁcationis
2006 5259 2148 5304 sunt.

565 5328 681 5400 Age
706 5328 852 5383 enim
878 5329 984 5384 sint
1010 5328 1313 5399 bujusmodi
1343 5336 1613 5391 contraria
1642 5354 1761 5409 quas
1811 5341 1920 5397 sint
1963 5343 2153 5400 imme-

565 5418 732 5489 diata,
755 5423 994 5493 genitum
1026 5438 1144 5480 esse
1173 5433 1227 5480 ct
1254 5425 1546 5497 ingenitum
1586 5445 1727 5488 esse.
1768 5432 1827 5489 in
1866 5438 2152 5494 contrariis

564 5512 730 5583 igitur
766 5514 1102 5572 immedietas
1144 5517 1283 5573 idem
1344 5520 1961 5589 privatoriaoafﬁrmatio
2008 5529 2151 5599 quod

567 5608 783 5677 negatio
812 5607 974 5664 valet.
1010 5608 1066 5665 In
1098 5608 1182 5665 his
1210 5618 1389 5667 autem
1427 5628 1545 5683 qua:
1575 5616 1917 5674 medietatem
1955 5620 2154 5678 habent

565 5716 675 5757 non
699 5701 864 5759 idem.
896 5702 1079 5773 Neque
1108 5706 1250 5759 enim
1279 5717 1490 5774 :equum
1520 5717 1603 5763 est
1637 5710 1818 5767 dicere
1858 5714 2153 5783 quemlibet

566 5791 712 5847 illum
745 5808 864 5849 esse
917 5782 1136 5861 malum,
1168 5806 1221 5852 et
1251 5813 1439 5861 rursus
1481 5816 1587 5855 non
1616 5818 1736 5858 esse
1763 5803 1982 5862 bonum.
2015 5807 2151 5866 Nam

566 5894 687 5939 eum
734 5882 933 5943 bonum
956 5894 1198 5952 negatur.
1235 5898 1412 5951 potest
1436 5892 1639 5958 aliquid
1669 5896 1900 5956 medium
1930 5899 2157 5959 audien-

2267 4702 2411 4758 bono
2456 4712 2510 4760 et
2550 4706 2691 4759 malo
2731 4708 2999 4776 opinetur,
3044 4710 3171 4764 illud
3212 4712 3464 4780 quoniam
3514 4712 3713 4766 bonum
3752 4722 3851 4779 est,

2267 4795 2369 4851 hoc
2396 4800 2644 4867 quoniam
2678 4800 2900 4866 malum,
2931 4810 3110 4857 tamen
3140 4804 3422 4859 contraria:
3446 4804 3727 4872 opiniones
3755 4819 3856 4858 non

2268 4898 2413 4944 sunt.
2463 4891 2647 4961 Neque
2692 4894 2837 4947 enim
2869 4896 3198 4950 contrarium
3243 4906 3327 4951 est
3365 4897 3573 4966 Opinari
3622 4899 3673 4952 id
3720 4897 3857 4969 quod

2264 4980 2462 5036 bonum
2491 4994 2596 5049 est,
2628 4984 2824 5039 bonum
2853 5000 2992 5053 esse,
3025 4996 3079 5043 ct
3118 4989 3167 5043 id
3198 4989 3339 5058 quod
3371 4990 3570 5045 malum
3610 4997 3714 5059 est,
3749 5008 3857 5046 πιθα

2264 5071 2375 5129 lum
2405 5087 2522 5131 esse
2552 5094 2565 5141 ;
2601 5087 2841 5147 utrmque
2870 5081 3013 5135 enim
3061 5096 3201 5137 verae
3232 5091 3376 5137 sunt.
3409 5083 3733 5153 Opinionum
3761 5102 3855 5140 au-

2266 5170 2374 5217 tem
2411 5168 2765 5223 contrarietas
2785 5173 3011 5231 veritate
3034 5182 3086 5227 ct
3119 5173 3352 5230 falsitate
3380 5177 3713 5245 agnoscitur.
3748 5177 3855 5232 lloc

2263 5268 2442 5313 autem
2500 5261 2660 5315 modo
2710 5264 3012 5333 bujusmodi
3062 5266 3343 5336 opiniones
3399 5272 3688 5324 contrarim
3739 5286 3855 5325 esse

2262 5360 2510 5422 possunt,
2536 5368 2655 5423 qua:
2682 5355 2748 5410 de
2777 5357 2966 5411 eadem
3001 5358 3398 5427 quodammodo
3431 5358 3715 5416 affectione
3745 5359 3855 5414 ani~

2262 5443 2336 5497 mi
2380 5443 2811 5516 proﬁciscuntur,
2835 5448 2885 5502 id
2910 5449 3695 5520 estopinionescognoscentes
3710 5451 3856 5522 quid-

2260 5550 2420 5606 quam
2451 5537 2593 5607 quod
2624 5553 2808 5596 verum
2839 5552 2942 5597 Cet.
2994 5542 3109 5599 Non
3155 5545 3315 5614 igitur
3339 5546 3383 5599 si
3413 5546 3533 5615 quis
3562 5546 3853 5601 contrario-

2257 5640 2378 5683 rum
2398 5626 2629 5700 aliquam
2657 5632 2964 5701 opinionem
2994 5634 3210 5704 liabeat,
3234 5645 3289 5691 et
3314 5635 3603 5707 quidquam
3632 5637 3699 5693 de
3725 5652 3852 5692 con-

2260 5719 2441 5775 trariis
2470 5722 2785 5785 arbitretur,
2816 5727 2995 5779 statim
3028 5741 3251 5781 necesse
3271 5735 3356 5781 est
3382 5729 3635 5797 subsequi
3664 5728 3713 5782 in
3741 5729 3853 5796 opi-

2258 5813 2509 5869 nionibus
2556 5820 3020 5875 contrarietatem.
3058 5821 3199 5892 Ergo
3232 5838 3335 5877 non
3374 5831 3458 5876 est
3502 5823 3852 5877 contrarietas

2258 5906 2566 5969 Opinionum
2601 5908 2651 5965 in
2677 5925 2739 5965 ea
2768 5912 3121 5972 arbitratione
3171 5929 3292 5984 qua:
3325 5911 3721 5971 contrariorum
3746 5917 3849 5977 est,
