4060 6330
220 323 330 381 1525

936 305 1002 362 IN
1040 302 1292 361 uanum
1332 300 1420 357 os
1457 278 2119 359 mrsapnsrs'noun
2161 297 2390 359 EDtho
2426 297 2762 357 securum.

3394 299 3499 354 626

226 438 313 496 vel
342 447 463 507 qua:
491 431 558 486 de
576 436 859 483 contrariis
881 421 1125 477 uabetur.
1149 420 1254 476 Sed
1275 418 1450 489 potius
1470 414 1822 473 contrarietas
1851 424 1909 487 Α
1932 415 2108 473 selum
2162 418 2459 487 exspectari
2509 426 2720 487 oportet
2768 416 2823 475 in
2880 412 3326 486 propositionibus
3371 410 3515 481 quod

226 530 282 587 in
310 506 652 598 opinionibus
682 529 806 571 tunc
835 514 914 579 ﬁt,
955 511 1168 583 quoties
1205 510 1269 564 de
1298 523 1399 563 una
1430 506 1725 576 eademque
1766 520 1826 560 re

229 619 500 677 contrarie
529 614 648 685 quis
675 609 943 678 opinatur,
969 615 1026 659 ut
1055 605 1305 675 quaelibet
1333 616 1419 657 res
1450 601 1520 655 sit
1550 599 1824 670 proposita

231 714 395 776 bona,
413 708 480 764 de
509 720 570 762 ea
598 704 641 759 si
658 702 778 773 quis
803 697 1075 752 contrario
1096 693 1257 750 modo
1276 692 1548 763 opinetur,
1573 690 1826 761 quoniam

231 806 434 862 bonum
470 806 574 863 est,
624 794 692 850 de
721 790 911 848 eadem
961 801 1146 843 rursus
1189 785 1441 856 quoniam
1471 782 1669 839 malum
1719 792 1824 848 est,

235 896 416 967 opinio
436 904 554 962 quae
584 886 635 943 id
657 883 799 957 quod
826 890 909 939 est
929 881 1128 935 bonum
1156 878 1352 932 bonum
1381 890 1499 932 esse
1523 881 1671 944 putat
1698 889 1828 929 vera

240 966 349 1053 est,
383 983 552 1038 altera
576 992 703 1033 vero
726 989 846 1046 quae
872 971 928 1027 id
955 969 1095 1040 quod
1123 977 1208 1025 est
1233 967 1434 1023 bonum
1464 966 1663 1029 malum
1707 979 1829 1021 esse

237 1077 546 1136 arbitratur,
574 1068 703 1124 falsa
746 1072 851 1120 est.
894 1060 1034 1117 Vera
1079 1068 1257 1115 autem
1286 1066 1342 1114 et
1386 1057 1515 1113 falsa
1543 1057 1830 1114 contrariae

239 1178 383 1227 sunt.
416 1165 579 1221 Recte
618 1161 776 1230 igitur
803 1157 899 1211 has
949 1154 1250 1223 opiniones,
1283 1165 1416 1222 quas
1446 1150 1643 1207 veritas
1680 1150 1831 1205 falsi-

240 1277 428 1334 tasque
477 1254 733 1328 disiungit
782 1248 1080 1307 contrarias
1123 1260 1247 1303 esse
1292 1244 1542 1313 dicimus,
1568 1252 1626 1301 et
1650 1243 1833 1301 sinon

239 1353 629 1415 contrariorum
652 1354 797 1412 sunt,
830 1342 924 1401 sed
947 1341 1012 1397 de
1041 1354 1147 1395 una
1169 1338 1465 1409 eademque
1494 1352 1556 1394 re
1586 1352 1679 1407 per
1704 1352 1835 1394 con-

240 1446 570 1506 trarietatem
598 1439 773 1494 dictae.
810 1434 973 1490 Recte
998 1430 1159 1503 igitur
1189 1429 1390 1485 dictum
1420 1436 1503 1484 est
1536 1442 1643 1484 non
1665 1441 1834 1499 Opor-

243 1553 360 1599 tere
388 1535 616 1595 deﬁnire
642 1528 943 1588 contrarias
964 1524 1249 1599 opinipnes
1273 1523 1327 1578 in
1358 1537 1425 1578 eo
1451 1521 1593 1593 quod
1620 1532 1837 1583 contra-

241 1635 444 1690 riorum
474 1629 602 1695 sint,
636 1623 731 1681 sed
754 1622 930 1694 potius
965 1621 1017 1674 in
1042 1632 1109 1674 eo
1136 1617 1279 1688 quod
1307 1615 1378 1697 de
1396 1615 1585 1671 eadem
1614 1630 1674 1672 re
1709 1630 1839 1671 con-

242 1727 410 1783 trarie
456 1722 826 1792 suspicentur;
865 1713 1000 1770 ordo
1027 1727 1159 1769 vero
1212 1725 1520 1767 sermonum
1564 1710 1687 1765 talis
1732 1718 1835 1766 est.

1934 510 2066 566 falsa
2096 524 2238 565 verae
2268 510 2337 567 sit
2363 510 2654 577 contraria,
2682 509 2775 567 sed
2804 509 2943 580 quod
2976 510 3115 563 inter
3141 520 3326 563 omnes
3356 502 3521 567 falsae

1937 603 2026 658 illa
2057 602 2190 656 falsa
2222 603 2290 659 sit
2313 618 2454 658 vera:
2497 604 2788 670 contraria,
2820 618 2938 671 quae
2969 616 3071 656 una
3100 607 3184 656 est
3211 608 3264 654 et
3293 613 3397 653 non
3434 595 3516 650 in-

1936 694 2107 751 ﬁnita.
2161 695 2392 751 Possunt
2420 706 2600 751 autem
2639 712 2759 753 esse
2787 696 3006 752 inﬁnitae
3048 691 3435 765 propositiones
3463 694 3522 744 et

1936 784 2105 851 falsae,
2124 796 2300 857 potest
2326 802 2430 842 una
2454 787 2598 843 ﬁnita
2620 790 2807 846 eadem
2832 802 3041 859 quoque
3067 785 3221 850 falsa,
3240 797 3359 853 qua:
3376 794 3527 836 verte.

1938 881 2205 938 contraria
2231 896 2351 937 esse
2377 880 2767 938 rationabiliter
2786 881 3030 953 ponenda
3049 887 3152 937 est.
3176 877 3369 933 V’olens
3396 885 3529 943 ergo

1938 974 2265 1030 constituere
2299 975 2550 1045 quoniam
2606 975 2817 1045 negatio
2844 975 3020 1043 potius
3055 971 3324 1029 contraria
3352 968 3421 1023 sit
3444 962 3525 1021 af-

1938 1065 2252 1135 ﬁrmationi,
2281 1083 2441 1138 quam
2457 1082 2519 1124 ea
2547 1066 2834 1122 afﬁrmatio
2861 1081 2979 1136 qum
3000 1063 3324 1121 contrarium
3352 1056 3527 1130 ponit,

1938 1156 2044 1215 hoc
2069 1158 2219 1214 dicit.
2250 1157 2459 1225 Potest,
2488 1158 2686 1228 inquit,
2714 1171 2836 1215 esse
2864 1157 3101 1227 opinatio
3136 1152 3378 1227 quasdam
3408 1162 3532 1218 qua

1938 1249 1994 1304 id
2049 1248 2195 1319 quod
2246 1256 2331 1304 est
2376 1249 2445 1307 de
2483 1262 2798 1320 unaquaque
2855 1262 2916 1303 re
2956 1261 3077 1302 esse
3114 1244 3384 1318 opinetur.
3430 1238 3531 1297 Est

1942 1342 2103 1398 etiam
2133 1342 2234 1397 alia
2260 1357 2381 1414 qua:
2421 1342 2473 1398 id
2504 1342 2644 1413 quod
2672 1355 2778 1397 non
2808 1351 2891 1397 est
2919 1356 3033 1396 rem
3058 1340 3353 1395 illam‘esse
3384 1332 3531 1391 arbi-

1942 1442 2137 1490 tretur.
2169 1432 2265 1489 Est
2295 1443 2475 1491 autem
2506 1435 2609 1489 alia
2637 1448 2755 1504 quin
2786 1432 2841 1488 id
2868 1431 3007 1502 quod
3038 1446 3220 1487 secum
3246 1429 3407 1485 habet
3442 1435 3531 1483 res

1943 1525 2033 1582 illa
2054 1527 2331 1598 proposita
2370 1542 2478 1582 non
2517 1542 2636 1582 eam
2667 1526 2867 1583 habere
2901 1534 3067 1594 putet.
3102 1522 3197 1579 Est
3218 1535 3402 1577 rursus
3425 1518 3532 1574 alia

1944 1616 2066 1691 quin
2095 1619 2146 1675 id
2176 1620 2319 1691 quod
2345 1630 2429 1678 est
2459 1635 2547 1677 res
2565 1620 2703 1691 ipsa,
2736 1634 2843 1675 non
2864 1633 2979 1674 eam
3007 1616 3059 1672 id
3081 1629 3202 1673 esse
3223 1614 3529 1670 arbitretur.

1947 1714 2017 1771 Ut
2041 1725 2223 1771 autem
2252 1715 2355 1772 hoc
2371 1731 2468 1785 per
2489 1723 2737 1786 vagatum
2763 1714 2956 1778 luceat,
2985 1709 3291 1779 exemplum
3311 1707 3536 1778 sumpsit

242 1819 380 1877 Nam
403 1812 670 1881 arbitrari,
702 1808 893 1881 inquit,
919 1805 1217 1863 contrarias
1246 1804 1525 1875 opiniones
1548 1802 1761 1860 deﬁniri
1785 1805 1839 1860 in
1868 1815 1921 1881 Β
1948 1808 2286 1878 propositum
2312 1807 2384 1863 de
2439 1823 2545 1878 quo
2573 1807 2881 1877 Opinaretur
2925 1804 3138 1872 aliquis,
3181 1800 3235 1858 id
3269 1798 3409 1871 quod
3454 1805 3538 1854 est

243 1930 311 1972 eo
337 1910 479 1983 quod
519 1905 913 1964 contrariorum
954 1901 1084 1966 sint,
1114 1897 1166 1955 id
1200 1907 1305 1965 est,
1336 1897 1392 1953 in
1431 1910 1496 1952 eo
1522 1896 1667 1968 quod
1694 1912 1844 1967 quae-

243 2007 365 2062 dam
397 2004 465 2060 de
510 1998 795 2059 contrariis
842 1995 1152 2067 opinentur,
1182 1990 1373 2047 falsum
1403 1998 1507 2046 est.
1560 1988 1843 2059 Quomodo

245 2106 424 2155 autern
455 2095 645 2150 falsum
690 2090 763 2146 sit
804 2088 924 2158 ipse
952 2085 1212 2142 declarat.
1244 2080 1379 2138 Boni
1409 2082 1552 2137 enim
1591 2081 1843 2151 quoniam

245 2190 445 2246 bonum
471 2195 574 2251 est,
615 2191 671 2239 et
690 2179 818 2237 mali
840 2177 1092 2250 quoniam
1133 2173 1337 2230 malum
1367 2180 1471 2241 est,
1503 2170 1692 2230 eadem
1733 2171 1846 2229 for-

250 2296 392 2343 tasse
416 2290 518 2347 est,
558 2276 610 2332 id
634 2285 720 2332 est
766 2288 876 2330 non
903 2269 1007 2328 sibi
1054 2275 1181 2325 sunt
1223 2264 1510 2322 contrariae
1537 2264 1843 2336 opiniones,

251 2375 347 2431 sed
376 2382 614 2441 utrmque
643 2354 784 2423 idem
804 2372 948 2421 sunt.
979 2356 1441 2429 Quemadmodum
1479 2363 1660 2412 autem
1702 2354 1848 2411 idem

250 2468 376 2532 sint,
404 2466 516 2535 ipse
536 2458 809 2531 subiungit
834 2456 1017 2512 dicens
1042 2461 1093 2507 et
1113 2468 1255 2508 nera.
1287 2448 1491 2505 Idcirco
1527 2447 1671 2503 enim
1700 2446 1846 2503 idem

250 2566 397 2624 sunt,
430 2555 553 2627 quia
578 2567 724 2608 vera:
751 2556 895 2605 sunt.
924 2545 1287 2603 Contrarietas
1309 2551 1488 2598 autem
1512 2541 1566 2596 in
1588 2540 1845 2607 veritate,

251 2661 309 2707 ut
351 2649 553 2705 dictum
582 2652 685 2711 est,
735 2652 789 2697 et
818 2639 1045 2695 falsitate
1072 2644 1157 2696 est
1192 2636 1385 2707 posita.
1418 2632 1598 2709 Quare
1639 2634 1684 2691 si
1715 2646 1846 2688 con-

253 2747 490 2804 sentiunt
514 2742 658 2798 idem
696 2739 751 2794 in
772 2737 998 2793 veritate
1027 2743 1081 2790 et
1107 2733 1160 2789 in
1187 2731 1420 2787 falsitate
1445 2742 1569 2785 esse
1586 2727 1849 2789 videbun-

253 2848 355 2895 tur.
383 2836 493 2892 Nec
517 2833 606 2889 hic
633 2827 992 2887 numerositas
1020 2823 1294 2895 impediet.
1325 2822 1449 2879 Sive
1476 2821 1622 2878 enim
1654 2822 1840 2892 plures

251 2934 371 2988 sive
394 2943 499 2984 una
528 2926 621 2994 sit,
659 2925 711 2978 in
745 2937 813 2979 eo
847 2918 992 2993 quod
1022 2932 1163 2974 vera:
1202 2924 1329 2973 sunt
1355 2914 1497 2970 idem
1532 2921 1676 2971 sunt.
1706 2913 1850 2970 Sunt

254 3034 459 3089 autem,
487 3017 680 3090 inquit,
706 3017 806 3073 ista
823 3012 1113 3081 contraria,
1138 3009 1192 3065 id
1228 3016 1315 3065 est
1339 2996 1541 3079 quas'in
1566 3006 1839 3077 opinioni-

252 3118 357 3176 bus
382 3120 684 3178 versantur,
715 3108 809 3165 sed
836 3122 944 3162 non
973 3104 1028 3160 in
1069 3117 1136 3160 eo
1162 3101 1305 3173 quod
1328 3100 1414 3156 vel
1444 3099 1847 3160 contrariorum

1946 1898 2172 1954 bonum.
2205 1898 2261 1953 Si
2291 1898 2411 1970 quis
2442 1897 2603 1968 igitur
2632 1897 2737 1953 hoc
2765 1894 3181 1952 bonumbonum
3213 1904 3331 1947 esse
3352 1888 3538 1959 opine-

1947 1999 2060 2060 tur,
2091 2003 2223 2045 vere
2250 1989 2578 2060 opinabitur.
2613 1989 2820 2044 Rursus
2844 1988 2890 2044 si
2920 1986 3039 2057 quis
3062 1986 3165 2042 hoe
3189 1998 3309 2041 esse
3337 1984 3541 2041 bonum

1947 2080 2093 2152 quod
2114 2095 2227 2136 non
2249 2090 2332 2138 est
2352 2081 2551 2141 bonum
2573 2089 2744 2152 putet,
2769 2079 2905 2135 false
2926 2077 3253 2149 opinabitur,
3274 2084 3333 2130 ut
3352 2074 3398 2131 si
3420 2074 3541 2145 quis

1948 2172 2246 2229 arbitretur
2274 2174 2534 2243 quoniam
2565 2172 2736 2239 laedit,
2769 2172 3021 2242 quoniam
3053 2168 3241 2225 inutile
3268 2176 3371 2234 est,
3403 2180 3540 2236 quo-

1944 2267 2100 2322 niam
2130 2267 2328 2323 bonum
2358 2267 2616 2336 injustum
2641 2274 2746 2334 est,
2793 2265 2839 2319 is
2865 2278 2928 2319 ea
2955 2262 3023 2318 de
3046 2260 3189 2317 bono
3233 2258 3541 2330 opinabitur

1948 2373 2073 2429 qua:
2100 2372 2207 2413 non
2239 2368 2383 2423 sunt,
2414 2370 2469 2413 et
2488 2359 2592 2413 hoc
2616 2357 2806 2414 falsum
2835 2363 2936 2413 est.
2968 2353 3172 2409 Rursus
3199 2351 3292 2423 qui
3316 2351 3370 2406 id
3400 2350 3544 2420 quod

1951 2455 2010 2510 in
2031 2468 2097 2510 se
2116 2454 2279 2509 habet
2305 2454 2502 2510 bonum
2559 2467 2665 2506 non
2706 2451 2905 2507 habere
2942 2448 3248 2513 arbitratur,
3279 2445 3325 2500 is
3352 2443 3542 2514 opina-

1949 2544 2100 2600 bitur
2121 2543 2226 2600 hoc
2255 2543 2437 2608 modo,
2468 2543 2668 2598 bonum
2701 2556 2805 2596 non
2833 2548 2917 2595 est
2938 2538 3089 2604 utile,
3111 2538 3310 2594 bonum
3332 2549 3440 2591 non
3461 2542 3546 2591 est

1942 2636 2179 2717 justum,
2228 2637 2429 2691 bonum
2459 2650 2565 2691 non
2610 2645 2694 2691 est
2722 2632 3097 2704 expetendum,
3142 2638 3197 2687 et
3241 2631 3286 2686 is
3330 2642 3546 2700 quoque

1910 2760 1916 2767 -
1950 2730 2174 2786 fallitur.
2208 2731 2358 2799 Quod
2384 2731 2431 2786 si
2460 2729 2578 2798 quis
2616 2730 2685 2784 sit
2708 2728 2800 2799 qui
2831 2728 2931 2782 hoc
2956 2728 3129 2797 ipsum
3155 2723 3299 2795 quod
3327 2730 3413 2779 est
3448 2722 3546 2779 bo-

1953 2839 2103 2889 num,
2135 2841 2241 2881 non
2260 2840 2381 2882 esse
2403 2825 2600 2882 bonum
2623 2823 2934 2891 arbitretur,
2962 2828 3021 2876 ut
3048 2834 3155 2878 non
3175 2818 3549 2890 putetbonurn

1956 2932 2134 2987 neque
2174 2917 2373 2974 malum
2403 2931 2524 2972 esse
2555 2916 2607 2970 id
2632 2914 2772 2985 quod
2804 2928 2909 2968 non
2938 2920 3040 2982 est,
3074 2923 3246 2981 neque
3283 2916 3548 2979 expeten-

1957 3007 2086 3063 dum
2108 3021 2231 3063 esse
2257 3007 2309 3063 id
2337 3008 2479 3077 quod
2512 3008 2565 3062 in
2595 3021 2656 3062 se
2681 3004 2863 3070 habet,
2890 3002 2985 3059 sed
3007 3002 3062 3057 id
3092 2999 3235 3073 quod
3259 3007 3342 3056 est
3368 3000 3549 3069 ipsum

1955 3092 2174 3169 bonum,
2226 3100 2279 3156 id
2308 3109 2391 3156 est
2418 3100 2588 3170 ipsam
2633 3095 2758 3154 boni
2797 3094 3117 3162 essentiam,
3151 3094 3227 3148 ita
3257 3090 3548 3147 arbitretur

253 3219 398 3281 sunt,
430 3209 517 3264 vel
534 3208 602 3265 de
628 3208 917 3265 contrariis
942 3204 1296 3269 arbitrantur,
1326 3201 1611 3256 contrariae
1640 3196 1853 3267 opinio-
1879 3202 1930 3268 ο
1960 3195 2162 3252 bonum
2200 3210 2307 3249 non
2348 3208 2469 3250 esse
2506 3192 2728 3248 bonum.
2756 3188 2980 3246 Caeterae
3008 3187 3169 3258 igitur
3210 3199 3398 3241 omnes
3424 3180 3547 3255 opi-

254 3321 353 3361 nes
381 3302 761 3367 inveniuntur;
787 3299 883 3356 sed
915 3300 1151 3369 ipsarum
1182 3293 1535 3352 contrarietas
1570 3288 1696 3346 inde
1726 3303 1853 3346 nas-

258 3402 419 3466 citur,
446 3398 591 3468 quod
613 3395 678 3452 de
708 3409 812 3450 una
834 3407 895 3449 rc
924 3388 1196 3447 contrario
1217 3385 1377 3443 modo
1407 3383 1720 3453 opinantur,
1748 3382 1852 3436 hoc

255 3502 339 3550 est
364 3490 505 3564 quod
536 3490 626 3557 ait,
653 3487 749 3544 sed
778 3486 947 3556 magis
967 3484 1022 3539 in
1047 3495 1111 3538 eo
1131 3478 1274 3551 quod
1302 3474 1589 3533 contrarie.
1621 3470 1723 3528 Hic
1756 3485 1852 3527 au-

257 3597 367 3643 tem
387 3563 663 3641 contrarie
705 3563 943 3635 adverbii
985 3575 1107 3629 loco
1133 3571 1364 3642 positum
1395 3575 1477 3623 est
1511 3574 1767 3635 tanquam
1803 3565 1852 3620 si

257 3676 489 3733 diceret:
519 3671 614 3728 sed
643 3668 813 3740 magis
841 3681 903 3723 ea
932 3680 991 3721 re
1014 3660 1299 3720 contraria:
1321 3667 1448 3713 sunt
1477 3655 1620 3728 quod
1638 3662 1852 3711 contra-

258 3768 339 3823 rie
362 3765 673 3835 opinantur,
703 3766 759 3818 et
776 3757 1228 3829 subintelligimus
1251 3752 1319 3808 de
1334 3767 1439 3807 una
1461 3749 1667 3806 scilicet
1690 3763 1771 3804 re.
1791 3746 1851 3803 Si

256 3860 402 3918 enim
426 3872 532 3914 non
547 3855 617 3912 de
641 3867 745 3910 una
767 3866 827 3910 re
847 3850 1113 3907 contrarie
1133 3846 1441 3917 opinentur,
1470 3840 1566 3897 sed
1588 3840 1655 3897 de
1678 3839 1851 3913 pluri-

255 3951 357 4006 bus
380 3954 626 4018 poterunt
645 3959 753 4001 non
780 3958 900 4001 esse
920 3938 1223 3998 contrariae.
1248 3934 1400 4005 Quod
1424 3933 1851 4003 facilecauteque

258 4041 591 4113 perspiciens
616 4036 979 4108 unusquisque
1000 4032 1252 4104 reperiet.

336 4130 396 4187 Si
417 4146 532 4202 ergo
553 4138 625 4184 est
642 4129 756 4183 boni
769 4127 1010 4199 quoniam
1029 4133 1102 4179 est
1125 4122 1312 4177 bonum
1336 4117 1588 4189 Opinatio,
1610 4115 1713 4169 alia
1734 4129 1850 4169 vero

259 4224 503 4298 quoniam
521 4239 624 4278 non
649 4230 724 4276 est
754 4220 956 4285 bonum,
989 4225 1066 4273 est
1092 4230 1211 4270 vero
1245 4223 1292 4268 et
1319 4211 1427 4265 alia
1469 4209 1708 4281 quoniam
1751 4207 1852 4261 ali-

258 4317 385 4390 quid
419 4314 565 4371 aliud
588 4320 683 4381 est,
712 4311 853 4385 quod
878 4327 983 4365 non
1010 4317 1107 4377 est,
1139 4322 1299 4376 neque
1331 4309 1496 4373 potest
1539 4316 1667 4355 esse.
1700 4298 1849 4353 Alia-

260 4426 371 4467 rum
399 4410 608 4481 quidem
630 4406 775 4461 nulla
802 4402 1040 4474 ponenda
1070 4410 1164 4469 est,
1196 4412 1356 4467 neque
1393 4408 1706 4465 quotcunque
1743 4408 1850 4447 esse

260 4500 397 4574 quod
442 4515 545 4554 non
591 4506 664 4553 est
708 4496 1008 4568 opinantur,
1046 4506 1208 4562 neque
1247 4501 1562 4560 quiscunque
1598 4500 1702 4539 non
1742 4498 1850 4538 esse

1958 3289 2149 3344 niones
2178 3286 2398 3342 inﬁnita)
2427 3292 2567 3341 sunt.
2599 3284 2890 3341 Possumus
2915 3279 3060 3337 enim
3090 3293 3184 3351 per
3211 3278 3378 3333 multa
3397 3276 3549 3333 colli-

1955 3397 2086 3454 gere
2133 3381 2265 3438 falsa
2290 3396 2410 3451 quas
2462 3395 2584 3435 cum
2614 3394 2720 3434 non
2765 3378 2876 3432 sint
2916 3375 2983 3431 de
3012 3387 3329 3445 unaquaque
3371 3387 3453 3441 re,
3484 3385 3550 3431 ea

1955 3483 2136 3531 tamen
2160 3489 2280 3529 esse
2310 3474 2568 3539 dicamus,
2600 3480 2660 3531 ut
2686 3472 2739 3526 in
2760 3484 2826 3527 eo
2853 3469 2970 3537 ipso
2998 3466 3140 3522 bono
3158 3480 3373 3536 possum
3401 3464 3550 3521 dieeo

1958 3583 2037 3632 re,
2072 3566 2323 3637 quoniam
2353 3566 2552 3623 malum
2575 3571 2677 3629 est,
2707 3574 2926 3631 possum
2958 3558 3081 3628 quia
3116 3566 3292 3625 turpe,
3318 3556 3441 3624 quia
3464 3555 3547 3611 in-

1952 3661 2177 3732 justum,
2205 3661 2328 3730 quia
2352 3659 2591 3727 vitabile,
2622 3656 2744 3728 quia
2772 3652 3135 3727 periculosum
3154 3660 3254 3721 est,
3269 3651 3333 3707 ἐι
3349 3661 3546 3708 caetera

1957 3767 2293 3824 quaecunque
2317 3751 2372 3831 in
2402 3752 2545 3806 bono
2571 3749 2749 3805 nullus
2775 3746 3033 3816 inveniet,
3064 3753 3117 3800 et
3137 3744 3251 3801 haec
3278 3750 3401 3798 sunt
3425 3741 3548 3798 inﬁ-

1959 3845 2093 3909 nita.
2118 3844 2325 3900 Rursus
2354 3857 2571 3913 possum
2596 3841 2775 3899 dicere
2800 3855 2862 3896 ea
2885 3854 3006 3911 qua:
3031 3838 3193 3896 habet
3213 3835 3411 3892 bonum
3433 3846 3545 3891 non

1928 3940 1931 3941 ⁷
1957 3928 2080 3994 esse
2103 3938 2158 3995 in
2186 3936 2351 4002 bono,
2383 3946 2441 3990 ut
2465 3935 2512 3990 si
2540 3934 2714 3989 dicam
2754 3932 2953 3988 bonum
2983 3944 3091 3986 non
3114 3943 3236 3987 esse
3265 3927 3418 3993 utile,
3447 3926 3544 3982 bo-

1958 4045 2085 4089 num
2115 4044 2223 4084 non
2269 4041 2391 4084 esse
2434 4025 2819 4097 expetendum,
2852 4024 3053 4078 bonum
3099 4035 3206 4075 non
3233 4032 3353 4075 esse
3399 4018 3545 4088 quod

1958 4128 2137 4191 auget,
2186 4128 2346 4191 atque
2388 4118 2506 4173 haec
2549 4117 2761 4188 quidem
2794 4129 2980 4171 rursus
3011 4112 3216 4168 inﬁnita
3255 4118 3401 4167 sunt.
3434 4109 3546 4167 Sed

1957 4212 2172 4287 quando
2200 4212 2271 4268 id,
2290 4210 2431 4283 quod
2461 4218 2544 4266 est
2571 4209 2745 4279 aliqua
2775 4221 2864 4264 res
2892 4205 3067 4262 aufert
3101 4205 3303 4275 opinio,
3332 4204 3435 4260 hoc
3461 4202 3546 4260 fa-

1958 4319 2085 4360 cere
2108 4303 2211 4359 nisi
2239 4301 2407 4359 semel
2435 4316 2542 4358 non
2570 4306 2764 4371 potest.
2798 4298 2980 4369 Neque
3001 4297 3144 4354 enim
3174 4296 3347 4366 aliqua
3369 4309 3463 4366 per
3489 4295 3549 4350 id

1959 4397 2100 4452 efﬁci
2131 4403 2374 4466 possunt,
2397 4395 2441 4450 si
2468 4393 2610 4465 quod
2634 4393 2832 4450 bonum
2857 4401 3071 4448 estnon
3095 4405 3216 4446 esse
3233 4390 3430 4445 bonum
3457 4403 3547 4445 ar-

1955 4488 2214 4554 bitratur;
2265 4500 2392 4558 ergo
2438 4497 2647 4563 caeteris
2676 4496 3006 4555 quaecunque
3050 4489 3142 4537 aut
3180 4480 3233 4535 id
3260 4480 3406 4552 quod
3436 4494 3549 4535 non

262 4570 398 4665 quod
423 4600 495 4647 est
524 4590 766 4664 (inﬁnita:
808 4588 943 4642 enim
969 4598 1192 4655 utra’que
1220 4588 1359 4648 sunt,
1391 4586 1442 4632 et
1468 4592 1581 4648 qua:
1608 4580 1715 4631 me
1739 4575 1853 4644 ορὶ-
1878 4590 1933 4652 ι)
1959 4587 2043 4637 est
2067 4593 2189 4635 esse
2217 4577 2562 4642 arbitrantur,
2594 4584 2686 4631 aut
2726 4572 2781 4630 id
2812 4572 2954 4643 quod
2984 4572 3142 4629 habet
3178 4570 3234 4627 in
3262 4586 3322 4627 se
3347 4572 3546 4628 bonum

263 4693 451 4739 nuntur
476 4682 612 4753 quod
641 4697 745 4736 non
773 4688 866 4744 est,
900 4688 946 4732 et
972 4691 1087 4749 qua:
1116 4690 1218 4729 non
1246 4688 1353 4727 esse
1377 4670 1515 4740 quod
1541 4666 1657 4739 est),
1690 4666 1778 4721 sed
1800 4666 1855 4720 in

263 4779 447 4855 quibus
475 4786 547 4833 est
576 4774 807 4849 fallacia.
841 4771 942 4828 Ha:
967 4779 1135 4825 autem
1162 4776 1301 4833 sunt,
1341 4781 1404 4820 ea:
1425 4763 1604 4832 quibus
1631 4770 1745 4817 sunt
1767 4776 1857 4829 ge-

264 4872 575 4938 nerationes,
625 4886 689 4924 ex
719 4866 967 4939 oppositis
996 4879 1113 4920 vero
1154 4869 1270 4917 sunt
1299 4858 1669 4932 generationes,
1700 4872 1855 4926 quare

264 4967 418 5021 etiam
434 4962 677 5034 fallaciis.
798 5010 805 5019 .

338 5053 580 5110 Validam
612 5048 828 5121 quidem
866 5045 1187 5104 sententiam
1231 5041 1565 5100 brevissimis
1594 5038 1859 5095 sermoni-

264 5150 366 5205 bus
393 5146 604 5210 clausit,
631 5143 805 5212 cujus,
839 5150 898 5196 ut
927 5138 1164 5195 breviter
1194 5135 1487 5192 dicendum‘
1521 5133 1613 5196 sit,
1643 5131 1757 5190 haec
1779 5130 1860 5187 vis

265 5254 370 5299 est.
403 5242 507 5310 Qui
545 5241 613 5296 de
643 5237 1026 5295 contrarietate
1056 5230 1490 5305 propositionum
1532 5239 1690 5283 nosse
1717 5240 1863 5294 quie-

266 5334 439 5400 rebat,
471 5332 703 5388 debebat
735 5328 912 5400 primo
941 5341 1065 5397 quae
1099 5321 1527 5396 propositionum
1558 5328 1701 5376 esset
1742 5317 1855 5372 inﬁ-

268 5430 409 5483 nitas
451 5427 800 5491 constituere,
846 5432 1008 5493 atque
1045 5418 1114 5474 ad
1153 5432 1274 5472 eam
1318 5416 1425 5469 vim
1464 5410 1861 5468 contrarietatis

270 5534 473 5593 aptare.
509 5521 566 5575 ln
606 5518 859 5576 omnibus
897 5515 1040 5569 enim
1086 5509 1371 5567 contrariis
1399 5522 1566 5563 unum
1596 5505 1686 5563 uni
1725 5520 1858 5559 con-

272 5616 495 5672 trarium
527 5622 629 5669 est.
659 5612 717 5667 Si
742 5620 923 5665 autent
954 5606 1025 5661 sit
1050 5603 1292 5676 quaedam
1327 5602 1380 5656 in
1410 5595 1861 5669 propositionibus

270 5708 534 5776 inﬁnitas,
562 5704 654 5762 illa
685 5713 792 5762 tota
821 5701 1055 5759 inﬁnitas
1088 5696 1507 5769 propositionem
1542 5692 1631 5747 uni
1660 5704 1863 5763 propo-

270 5800 459 5860 sitioni
482 5798 753 5855 contraria
784 5809 907 5851 esse
933 5808 1042 5849 non
1072 5791 1287 5862 poterit.
1330 5786 1442 5844 Hoc
1478 5784 1740 5844 sumendo
1782 5792 1865 5839 to-

271 5901 389 5953 tum
418 5899 622 5950 textum
652 5883 1137 5960 argumentationis
1182 5880 1503 5953 ingreditur.
1542 5880 1721 5948 Atque
1752 5890 1864 5935 non

1965 4688 2077 4730 non
2111 4672 2311 4729 habere
2338 4671 2683 4738 arbitrantur,
2705 4667 2852 4723 falsae
2879 4675 3022 4735 sunt,
3054 4665 3150 4723 sed
3173 4666 3227 4724 in
3256 4665 3546 4721 inﬁnitum.

1945 4767 2176 4824 .Bonum
2197 4772 2375 4821 autem
2405 4777 2546 4818 nunc
2572 4762 2644 4817 ita
2666 4768 2907 4831 usurpat,
2938 4768 3190 4831 tanquam
3213 4757 3259 4814 si
3285 4758 3427 4814 dicat
3452 4759 3549 4813 bo-

1963 4858 2124 4917 nitas.
2159 4858 2217 4937 Si
2259 4856 2381 4928 quis
2416 4864 2594 4912 autem
2626 4856 2796 4925 ipsam
2827 4854 3120 4911 bonitatem
3155 4868 3261 4909 non
3298 4866 3417 4907 esse
3450 4852 3550 4906 bo-

1853 4975 1862 4986 -
1926 5006 1929 5007 ν
1964 4966 2092 5009 num
2148 4949 2460 5015 arbitretur,
2516 4948 2562 5003 is
2593 4955 2647 5003 et
2693 4946 2859 5004 falsus
2914 4953 2997 5001 est
3035 4954 3088 5001 et
3128 4944 3350 5003 deﬁnito
3386 4941 3547 4999 modo

1967 5042 2136 5099 falsus
2158 5052 2260 5097 est.
2291 5040 2398 5098 Sed
2422 5040 2473 5095 in
2504 5037 2653 5096 falsis
2683 5052 2803 5108 quas
2830 5035 3048 5092 deﬁnita
3075 5044 3200 5091 sunt
3226 5042 3279 5089 et
3307 5049 3410 5089 una
3444 5047 3548 5088 nuo

1968 5150 2139 5201 mero,
2170 5144 2225 5190 et
2246 5133 2414 5203 magis
2443 5139 2498 5186 et
2541 5131 2781 5201 proxime
2810 5130 2949 5184 veris
2975 5127 3223 5185 videntur
3263 5138 3381 5181 esse
3412 5138 3549 5181 con-

1968 5227 2155 5292 traria,
2203 5240 2306 5280 una
2352 5222 2492 5278 enim
2535 5236 2623 5276 res
2652 5235 2864 5288 semper
2910 5219 2999 5274 uni
3026 5218 3106 5274 rei
3151 5226 3232 5273 est
3260 5216 3550 5271 contraria.

1967 5318 2228 5387 Quocirca
2257 5316 2372 5372 haec
2401 5322 2544 5370 recte
2574 5313 2742 5383 magis
2769 5310 3036 5369 contraria
3058 5317 3140 5365 est
3165 5322 3281 5376 quae
3314 5317 3469 5375 negat
3505 5308 3554 5358 id

1969 5410 2111 5481 quod
2143 5417 2225 5465 est
2271 5408 2447 5478 potius
2484 5420 2645 5476 quam
2675 5418 2736 5460 ea
2767 5419 2885 5474 quae
2915 5409 3091 5470 negat,
3120 5400 3207 5456 νει
3238 5399 3289 5453 id
3316 5398 3455 5467 quod
3505 5396 3557 5450 in

1962 5518 2021 5560 se
2042 5501 2224 5565 habet,
2246 5499 2333 5556 vel
2362 5498 2594 5553 afﬁrmat
2616 5495 2759 5567 quod
2785 5496 2835 5549 in
2864 5508 2921 5549 se
2948 5507 3052 5547 non
3082 5490 3261 5549 habet.
3298 5491 3407 5543 lloc
3451 5504 3550 5543 au-

1961 5604 2068 5651 tem
2100 5603 2157 5649 ut
2186 5591 2462 5648 clauderet
2489 5605 2595 5644 non
2633 5599 2782 5643 recto
2812 5600 3061 5641 sermone
3088 5599 3217 5639 usus
3246 5592 3348 5649 est,
3371 5582 3461 5636 sed
3489 5582 3552 5633 ad

1967 5687 2217 5759 quiddam
2245 5684 2393 5742 aliud
2424 5682 2718 5739 orationem
2752 5677 2995 5741 detorsit,
3022 5692 3143 5746 qua:
3168 5689 3255 5731 res
3277 5674 3554 5728 confusio-

1924 5787 1939 5859 ς
1965 5796 2087 5838 nem
2106 5795 2209 5837 non
2234 5778 2507 5835 minimam
2526 5772 2670 5829 fecit.
2695 5770 2823 5826 Nam
2843 5786 2964 5825 cum
2982 5769 3205 5824 dixisset
3228 5779 3331 5819 non
3356 5763 3557 5821 debere

1969 5890 2069 5932 nos
2097 5872 2217 5931 illas
2242 5871 2420 5945 potius
2444 5880 2649 5940 ponere
2670 5864 2965 5932 contrarias
3009 5875 3151 5921 verte
3167 5854 3416 5929 apinioui
3438 5870 3559 5927 qua
