4060 6330
542 288 649 346 627

549 506 639 553 est
669 495 896 559 fallacia,
928 492 1007 545 hac
1028 500 1204 543 autem
1232 495 1356 540 sunt
1381 500 1445 539 ex
1475 484 1559 538 his
1587 499 1651 538 ex
1692 481 1882 551 quibus
1920 487 2043 533 sunt
2082 484 2137 529 et

548 587 945 661 generationes.
974 582 1085 636 Hoc
1112 591 1287 635 autem
1339 578 1499 634 talem
1548 576 1867 633 sententiam
1897 572 2091 628 claudit
2118 589 2132 623 :

550 686 747 756 inquit,
778 681 1058 752 opiniones
1086 678 1226 732 veris
1250 675 1597 746 opinionibus
1620 670 1996 741 opponendum
2015 681 2138 722 esse

552 758 852 833 contririas
879 774 931 828 in
950 771 1143 841 quibus
1172 768 1488 839 principium
1520 779 1598 833 est
1623 764 1870 820 fallaciae.
1894 761 2139 817 Fallacize

553 876 732 925 autem
754 882 821 923 ex
845 866 926 920 his
952 873 1243 919 nascuntur
1254 876 1319 916 ex
1343 859 1534 929 quibus
1555 857 1715 913 etiam
1738 852 2131 925 generationes,

492 945 499 956 ’
551 960 927 1035 generationes
950 967 1130 1012 autem
1160 956 1212 1010 in
1236 953 1495 1024 oppositis
1521 949 1882 1016 inveniuntur,
1911 945 2013 1000 hoc
2044 958 2139 998 au-

552 1061 665 1111 tem
694 1051 800 1107 tale
835 1059 938 1104 est.
988 1047 1177 1104 Omnis
1205 1046 1480 1115 generatio
1506 1059 1571 1099 ex
1603 1040 1992 1111 permutatione
2018 1036 2140 1104 ejus

557 1144 701 1216 quod
728 1142 828 1198 fuit
854 1141 1045 1209 surgit,
1074 1140 1174 1194 nisi
1205 1138 1346 1194 enim
1394 1136 1446 1191 id
1493 1134 1634 1206 quod
1674 1131 1773 1188 fuit
1822 1130 1971 1200 prius
2018 1141 2141 1182 esse

556 1235 797 1302 desierit,
830 1250 937 1289 non
979 1242 1157 1303 potest
1180 1246 1298 1286 esse
1323 1229 1617 1300 generatio.
1641 1226 1811 1281 Omne
1832 1225 1974 1305 enim
1998 1221 2140 1292 quod

556 1327 810 1400 gignitur,
857 1325 909 1378 in
939 1324 1098 1378 aliam
1138 1320 1533 1391 quodammodo
1573 1318 1797 1372 formam
1829 1312 2141 1371 substantia:

557 1423 916 1491 permutatur.
952 1415 1093 1484 Ergo
1127 1428 1249 1467 cum
1294 1425 1399 1465 non
1436 1409 1591 1463 fuerit
1641 1408 1692 1462 id
1722 1408 1862 1477 quod
1894 1407 1990 1461 fuit
2018 1416 2143 1462 tunc

557 1510 809 1583 gignitur,
861 1517 916 1563 et
942 1518 1023 1563 est
1058 1505 1324 1577 quoddam
1377 1505 1519 1559 aliud
1554 1519 1711 1573 quam
1746 1503 1922 1566 fuerit,
1969 1512 2022 1558 et
2052 1501 2143 1570 qui

559 1602 760 1659 fallitur
789 1601 844 1658 id
870 1601 1009 1672 quod
1039 1608 1122 1654 est
1149 1599 1401 1668 quaelibet
1430 1613 1515 1652 res
1550 1613 1653 1652 non
1682 1610 1801 1652 esse
1829 1595 2138 1650 arbitratur.

561 1694 696 1751 Nam
728 1695 819 1763 qui
847 1692 992 1764 quod
1023 1692 1220 1748 bonum
1252 1700 1335 1745 est
1363 1690 1561 1745 malum
1602 1703 1719 1743 esse
1746 1696 1894 1758 putat
1924 1687 2139 1751 fallitur,

1779 274 1890 331 AN.
1931 272 2137 329 MANL.
2178 269 2329 327 SEV.
2374 266 2598 325 BOETII

436 414 458 441 1*
545 402 772 458 infinitae
801 404 948 464 sunt,
975 392 1270 464 subiunxit,
1302 387 1430 443 illud
1460 385 1601 457 quod
1626 384 1719 452 ait,
1748 382 1838 437 sed
1864 383 1915 435 in
1945 379 2134 449 quibus
2161 383 2211 441 Α
2240 377 2398 444 falsa,
2428 376 2678 445 siquidm
2708 385 2757 430 et
2786 390 2925 431 vera.
2950 374 3090 447 Ergo
3118 392 3178 430 ea
3203 390 3317 444 qua
3348 382 3421 430 est
3448 374 3695 445 quoniam
3720 393 3827 434 non

3719 261 3830 325 628

2242 479 2313 523 est
2340 470 2528 523 bonum
2555 468 2689 536 quod
2717 468 2903 523 bonum
2944 478 3036 533 est,
3069 472 3177 539 ejus
3221 484 3336 537 qua:
3364 468 3644 522 secundum
3683 485 3740 523 se
3775 476 3829 524 et

2243 563 2379 633 falsa
2402 572 2496 616 est.
2531 559 2640 615 Illa
2667 577 2784 617 vero
2825 577 2938 631 qut:
2969 570 3062 626 est,
3097 562 3331 629 quoniam
3364 561 3557 615 malum
3583 574 3679 628 est,
3711 568 3825 635 eius

2241 672 2355 728 qua:
2386 669 2458 710 est
2484 657 2765 712 secundum
2793 657 3046 711 accidens.
3082 655 3251 721 Quare
3286 657 3449 727 magis
3478 658 3573 711 erit
3595 659 3730 729 fitlsa
3764 659 3825 714 de

2244 751 2374 805 bona
2402 768 2464 806 ea
2496 766 2610 821 qua
2642 758 2717 805 est
2761 750 3046 812 nequtionis
3087 749 3284 817 Opinio,
3313 765 3472 820 quam
3499 766 3561 805 ea
3602 767 3717 821 quae
3751 763 3823 806 est

2243 846 2509 900 contrarii.
3123 908 3131 915 .

2320 937 2463 990 Licet
2512 938 2625 990 haec
2674 936 2852 991 omnia
2904 936 3090 1004 prima:
3135 935 3382 991 editionis
3436 938 3825 992 commentario

2246 1027 2656 1098 diligentissime
2695 1026 3138 1096 explicuerimtts.
3181 1043 3248 1083 ne
3275 1037 3455 1083 tamen
3474 1037 3624 1083 curta
3665 1042 3828 1097 expoo

2246 1119 2369 1173 sitio
2396 1116 2553 1188 hujus
2578 1118 2694 1172 libri
2720 1133 2840 1173 esse
2873 1117 3136 1186 videatur,
3169 1120 3255 1173 hic
3281 1135 3491 1190 quoque
3518 1119 3712 1174 eadem
3748 1135 3828 1172 re-

2247 1221 2437 1282 petens
2490 1211 2897 1281 explicabimus.
2939 1211 3034 1267 Est
3079 1228 3309 1284 namque
3356 1213 3628 1284 ingressus
3676 1212 3829 1281 hujus

2245 1306 2726 1378 argumentationis
2770 1305 3093 1375 huiusmodi.
3136 1305 3217 1370 Si,
3268 1306 3461 1377 inquit,
3496 1321 3620 1361 vera
3665 1307 3829 1375 posita

2248 1401 2618 1471 propositione
2668 1400 2850 1468 plures
2896 1412 3022 1455 sunt
3052 1416 3169 1468 quae
3212 1415 3330 1457 eam
3362 1401 3631 1475 perimunt
3662 1398 3830 1464 falsae,

2251 1492 2347 1547 illa
2380 1492 2521 1547 inter
2550 1505 2644 1547 eas
2673 1505 2814 1547 verae
2844 1490 3198 1561 propositioni
3223 1492 3391 1560 magis
3416 1492 3518 1547 erit
3539 1490 3829 1555 contraria,

2248 1597 2583 1654 quaecunque
2635 1582 2800 1653 magis
2840 1590 2923 1636 est
2952 1581 3105 1637 falsa.
3147 1581 3503 1651 Quaerendum
3552 1581 3718 1650 igitur
3756 1590 3832 1635 est

2251 1694 2370 1749 quae
2398 1678 2535 1732 inter
2566 1676 2746 1748 plures
2775 1675 2935 1731 falsas
2964 1676 3356 1746 propositiones
3385 1674 3552 1745 magis
3582 1673 3718 1727 falsa
3748 1673 3829 1736 sit,

562 1785 658 1841 sed
687 1784 800 1841 ﬁeri
827 1755 984 1840 aliter
1011 1799 1117 1839 non
1156 1792 1330 1852 potest
1383 1790 1445 1836 ut
1473 1782 1539 1835 sit
1569 1755 1765 1834 malum
1795 1781 1897 1834 nisi
1943 1796 2045 1834 non
2077 1778 2149 1835 sit

2256 1780 2315 1826 ut
2339 1784 2404 1826 ea
2434 1783 2579 1824 vere
2610 1768 2965 1838 propositioni
3001 1768 3174 1839 magis
3195 1755 3442 1823 videatur
3473 1780 3596 1822 esse
3622 1776 3831 1819 contra~

565 1877 788 1942 bonum,
817 1886 872 1931 et
911 1875 981 1931 de
1025 1874 1239 1930 caeteris
1285 1873 1471 1928 eodem
1515 1873 1692 1926 modo.
1724 1871 1952 1926 Fallacia
1991 1871 2149 1941 igitur

564 1964 669 2035 est,
698 1978 752 2024 et
782 1968 1101 2039 principium
1132 1966 1372 2031 fallaciae,
1403 1946 1530 2018 cum.
1556 1963 1675 2033 quis
1704 1964 1753 2017 id
1781 1962 1923 2032 quod
1952 1962 2149 2017 estali-

563 2076 669 2133 qua
698 2076 786 2117 res
807 2076 913 2116 non
936 2074 1054 2115 eam
1087 2074 1207 2115 esse
1236 2058 1545 2112 arbitratur.
1578 2055 1701 2110 Hzec
1727 2064 1904 2108 autem
1942 2054 2150 2108 fallacia

563 2167 634 2209 ex
670 2152 750 2208 his
781 2160 865 2208 est
886 2166 953 2208 ex
989 2152 1184 2221 quibus
1230 2157 1355 2203 sunt
1382 2147 1772 2218 generationes.
1797 2145 1981 2201 Omnis
2008 2148 2149 2201 enim

563 2247 858 2318 generatio,
888 2254 944 2299 ut
968 2243 1124 2309 dixit,
1154 2258 1218 2298 ex
1249 2242 1571 2297 detrimento
1600 2242 1795 2310 surgit,
1839 2249 1893 2293 ut
1924 2239 2064 2307 quod
2096 2238 2153 2290 lit

564 2341 722 2397 dulce
766 2355 875 2396 non
921 2339 977 2393 ﬁt
1003 2354 1066 2393 ex
1098 2338 1241 2405 albo,
1287 2335 1381 2391 sed
1413 2350 1476 2391 ex
1521 2350 1627 2388 non
1668 2333 1832 2387 dulci.
1878 2333 1941 2386 Et
1970 2344 2153 2385 rursus

544 2433 710 2504 quod
741 2434 799 2487 (lt
824 2433 1001 2487 album
1034 2447 1137 2485 nun
1167 2430 1226 2483 fit
1251 2445 1315 2483 ex
1346 2428 1502 2495 duro,
1548 2426 1641 2481 scd
1672 2442 1734 2480 ex
1777 2442 1881 2478 non
1922 2424 2064 2487 albo,
2100 2432 2153 2476 et

567 2534 779 2582 exterae.
804 2522 1175 2594 generationes
1203 2536 1268 2574 ex
1315 2518 1748 2589 generationibus
1781 2517 1955 2584 potius
1984 2515 2152 2583 profi-

565 2619 860 2681 ciscuntur,
893 2626 948 2671 et
993 2625 1073 2671 est
1122 2614 1290 2683 prima
1335 2611 1563 2666 fallacia.
1596 2610 1746 2678 Quod
1787 2610 1832 2664 si
1868 2610 1938 2663 ibi
1986 2608 2152 2674 prima

568 2712 798 2776 fallacia,
844 2725 913 2765 ex
942 2707 1131 2779 quibus
1174 2715 1296 2760 sunt
1326 2705 1720 2774 generationes,
1755 2702 1843 2757 ubi
1875 2700 2153 2770 integerri-

565 2823 651 2867 Ita
680 2807 886 2863 falsitas
913 2813 1016 2868 est,
1052 2812 1108 2858 et
1136 2800 1379 2871 proxima
1415 2813 1555 2853 verae
1595 2796 1854 2867 opinioni,
1892 2810 1996 2849 non
2039 2793 2152 2847 haec

566 2918 742 2966 autem
777 2906 879 2963 nisi
906 2907 959 2961 in
989 2905 1249 2974 oppositis
1278 2904 1637 2971 reperiuntur,
1685 2899 1787 2955 hoc
1814 2908 1896 2952 est
1926 2898 1977 2951 iu
2007 2897 2155 2951 affir-

567 3002 897 3057 mationibus
927 3007 981 3052 ει
1009 2996 1400 3065 negationibus,
1424 2992 1643 3045 dubium
1675 3005 1780 3043 non
1812 2998 1893 3041 est
1915 2988 2039 3056 quin
2062 3005 2154 3042 ue-

567 3092 798 3163 gationis
823 3090 1058 3159 opinatio
1088 3089 1255 3156 magis
1279 3084 1543 3137 contraria
1571 3081 1641 3135 sit
1680 3081 1728 3134 ei
1757 3078 1993 3148 Opinioni
2034 3094 2153 3145 qua:

567 3191 889 3249 contrarium
920 3185 1122 3257 aliquid
1153 3188 1203 3239 in
1234 3184 1585 3239 arbitratione
1614 3181 1913 3237 continuat.
1943 3180 2007 3233 Et
2028 3195 2152 3235 seu-

568 3298 661 3342 sus
685 3283 897 3354 quidem
927 3279 1230 3350 huiusmodi
1258 3287 1363 3345 est,
1396 3280 1557 3332 verba
1589 3287 1769 3331 autem
1805 3291 1924 3330 sese
1954 3277 2029 3331 sic
2064 3278 2156 3330 ha-

569 3379 720 3434 bent.
752 3375 809 3432 Si
838 3391 988 3446 ergo,
1021 3376 1211 3444 inquit,
1247 3383 1328 3428 est
1359 3373 1506 3438 boni,
1556 3371 1805 3439 quoniam
1852 3372 2047 3427 bonum
2074 3383 2155 3428 est

568 3470 825 3543 Opinatio,
854 3485 971 3540 quae
1015 3466 1217 3523 scilicet
1259 3482 1385 3521 vera
1418 3475 1529 3530 est;
1563 3477 1644 3520 est
1688 3473 1863 3519 autem
1905 3466 2153 3535 quoniam

569 3586 674 3625 non
702 3571 902 3626 bonum
932 3577 1035 3635 est,
1069 3584 1185 3638 qua:
1219 3568 1346 3622 falsa
1390 3578 1471 3620 est
1500 3582 1562 3621 ac
1614 3566 1852 3621 definita.
1908 3568 2001 3623 Est
2030 3584 2157 3623 vero

568 3665 818 3735 quoniam
859 3663 1056 3733 aliquid
1093 3663 1232 3715 aliud
1266 3672 1367 3725 cst,
1403 3662 1541 3728 quod
1576 3675 1680 3714 non
1714 3670 1795 3715 est
1851 3676 2021 3730 neque
2065 3675 2158 3729 po-

538 3766 543 3769 '
569 3766 675 3813 test
696 3772 838 3821 esse,
867 3754 917 3808 id
939 3763 1021 3807 est
1048 3768 1109 3807 ea
1137 3768 1255 3819 qum
1285 3752 1335 3805 id
1359 3767 1479 3806 esse
1511 3752 1727 3806 ascribit
1750 3753 1890 3821 quod
1916 3768 2020 3806 non
2043 3760 2154 3817 est;

568 3851 792 3903 aliarum
838 3847 1052 3916 quidem
1109 3846 1347 3898 omnium
1395 3846 1539 3898 nulla
1573 3846 1817 3915 ponenda
1853 3854 1951 3911 est,
1985 3861 2157 3915 neque

573 3955 898 4013 quaecunque
921 3953 1039 3993 esse
1060 3938 1200 4007 quod
1234 3954 1339 3992 non
1369 3949 1449 3991 est
1472 3940 1738 4007 opinatur,
1768 3938 1817 3991 id
1846 3949 1928 3993 est
1964 3955 2082 4007 qua:
2106 3943 2156 3993 id

574 4032 714 4102 quod
749 4046 851 4083 non
894 4038 977 4083 est
1009 4044 1093 4083 res
1124 4029 1416 4099 proposita,
1471 4046 1587 4083 eam
1627 4044 1745 4083 esse
1777 4039 1940 4097 putet,
1986 4046 2159 4100 neque

573 4137 900 4193 quaecunque
932 4136 1036 4175 non
1065 4135 1186 4175 esse
1222 4120 1364 4189 quod
1401 4128 1504 4185 est,
1540 4121 1590 4173 id
1623 4133 1701 4176 est
1733 4138 1904 4190 neque
1933 4136 1993 4176 ea
2042 4139 2160 4191 quze

575 4213 627 4269 id
670 4213 811 4283 quod
864 4213 1022 4267 habet
1076 4227 1162 4267 res
1193 4214 1464 4281 proposita
1512 4213 1563 4266 in
1596 4212 1934 4282 epittionibus
1982 4224 2156 4283 negat.

573 4307 683 4363 Cur
719 4320 896 4361 autem
940 4307 1039 4361 ista
1077 4323 1180 4362 non
1212 4306 1502 4376 epinantur
1544 4307 1825 4361 contraria:
1864 4308 2021 4364 docet
2060 4310 2161 4365 hoc

575 4398 739 4455 modo
770 4417 782 4453 :
811 4399 1036 4453 Infinita:
1082 4402 1247 4463 enim,
1280 4400 1471 4469 inquit,
1506 4408 1745 4467 utraeque
1776 4411 1919 4463 sunt,
1962 4409 2013 4454 et
2043 4417 2159 4468 qua:

575 4508 697 4550 esse
726 4493 1013 4562 opinantur
1035 4492 1177 4560 quod
1210 4508 1313 4547 non
1348 4500 1451 4557 est,
1482 4500 1535 4543 et
1576 4508 1694 4558 quae
1740 4508 1844 4544 non
1873 4506 1991 4546 esse
2020 4493 2158 4562 quod

576 4594 681 4653 est,
714 4554 806 4639 sed
837 4598 955 4653 qua:
998 4554 1163 4653 magis
1196 4554 1445 4651 ponenda
1468 4592 1548 4636 est
1572 4554 1678 4636 ?'In
1724 4583 1917 4651 quibus
1948 4554 2051 4647 est,
2078 4585 2163 4638 in-
2186 4554 2242 4615 D

576 4678 711 4750 quit,
737 4677 967 4743 fallacia,
988 4678 1038 4732 id
1067 4688 1145 4733 eat
1166 4678 1218 4731 in
1243 4677 1437 4746 quibus
1461 4674 1779 4745 principium
1807 4675 2031 4730 fallaciae
2056 4691 2156 4733 est.

576 4772 902 4841 Principium
935 4781 1108 4826 autem
1139 4770 1359 4825 fallaciae
1388 4770 1527 4825 unde
1569 4770 1824 4824 ducitur?
1852 4787 1915 4825 ex
1948 4772 2027 4826 his
2058 4774 2157 4826 du-

576 4865 737 4930 citur,
770 4879 835 4919 ex
865 4864 1056 4933 quibus
1110 4871 1236 4918 sunt
1276 4873 1328 4917 et
1360 4864 1760 4931 generationes;
1812 4864 1952 4926 unde
1980 4876 2156 4920 autem

576 4966 705 5012 sunt
730 4957 1149 5028 generationes?
1175 4973 1242 5013 ex
1273 4958 1555 5026 oppositis.
1590 4957 1776 5013 Omnis
1806 4961 1971 5025 enim,
2000 4972 2058 5014 ut
2078 4961 2157 5016 di-

577 5058 720 5105 ctum
746 5060 851 5117 est,
879 5051 1153 5120 generatio
1180 5065 1245 5104 ex
1273 5066 1337 5105 eo
1367 5050 1509 5120 quod
1547 5066 1651 5104 non
1680 5061 1761 5105 est
1792 5052 1840 5105 id
1869 5053 2007 5123 quod
2036 5054 2153 5118 fuit,

577 5140 720 5211 quod
767 5140 975 5196 scilicet
1002 5141 1068 5194 ad
1111 5142 1449 5211 negationem
1482 5142 1672 5212 vergit.
1720 5144 1914 5210 Quare,
1968 5147 2153 5214 inquit,

577 5235 737 5290 etiam
765 5232 969 5289 fallacia
999 5239 1053 5287 et
1081 5233 1397 5303 principium
1441 5234 1666 5290 fallacia:
1696 5236 1749 5289 in
1782 5237 2040 5305 oppositis
2076 5238 2157 5293 in-

575 5329 811 5397 venitur,
851 5326 957 5395 ubi,
981 5326 1140 5382 etiam
1184 5327 1578 5397 generationes,
1612 5342 1678 5384 ex
1710 5327 1905 5398 quibus
1933 5338 2014 5384 est
2043 5331 2154 5399 ipsa

494 5470 497 5473 .
579 5418 807 5475 fallacia.

651 5520 712 5577 Si
741 5536 862 5593 ergo
887 5521 1025 5593 quod
1060 5522 1249 5578 bonum
1292 5529 1387 5589 est,
1418 5530 1465 5578 et
1496 5522 1709 5587 bonum,
1744 5530 1791 5575 et
1831 5538 1930 5576 non
1961 5522 2159 5578 malum

579 5621 673 5679 est,
699 5624 747 5666 et
778 5612 881 5668 ohoc
920 5614 1125 5686 quidem
1154 5614 1431 5668 secundum
1462 5628 1536 5680 se,
1568 5611 1704 5667 illud
1744 5627 1861 5665 vero
1882 5615 2160 5669 secundum

582 5707 835 5761 accidens.
861 5707 1059 5762 Accidit
1086 5708 1223 5762 enim
1250 5707 1297 5760 ei
1336 5708 1530 5759 malum
1559 5721 1663 5758 non
1690 5720 1831 5771 esse;
1873 5707 2037 5778 magis
2066 5724 2162 5783 att-

583 5802 679 5852 tcm
706 5809 779 5853 est
806 5802 860 5855 in
908 5815 1205 5871 unoquoque
1245 5813 1363 5854 vera
1400 5815 1512 5868 qua:
1549 5796 1830 5854 secundum
1866 5815 1920 5855 te
1970 5810 2066 5871 est,
2112 5807 2160 5859 ει

2253 1865 2355 1931 rla,
2406 1863 2508 1918 hoc
2554 1872 2734 1919 autem
2773 1876 2869 1932 per
2916 1862 3199 1917 veritatem
3240 1858 3523 1917 dicendum
3561 1869 3663 1914 est.
3708 1856 3833 1917 Nam

2255 1974 2378 2014 cum
2404 1971 2529 2014 vere
2572 1964 2628 2011 et
2672 1971 2766 2025 per
2793 1968 2854 2012 se
2880 1955 3082 2026 aliquid
3108 1955 3215 2011 dici
3254 1954 3444 2025 possit,
3476 1962 3531 2009 et
3572 1968 3669 2023 per
3697 1953 3832 2006 acci-

2255 2048 2412 2112 dens,
2443 2047 2587 2120 ;illud
2623 2056 2801 2103 tamen
2846 2048 3080 2105 maxime
3110 2046 3349 2102 veritatis
3393 2054 3637 2100 naturam
3670 2051 3832 2111 tenet,

2255 2139 2397 2210 quod
2426 2138 2717 2195 secundum
2746 2152 2861 2194 rem
2888 2140 3058 2207 ipsam
3086 2138 3282 2194 dicitur
3311 2136 3487 2206 potius
3507 2151 3671 2206 quam
3702 2135 3832 2205 quod

2256 2231 2550 2286 secundum
2586 2228 2835 2285 accidens
2868 2231 3038 2297 venit,
3070 2238 3131 2286 ut
3164 2231 3205 2285 si
3235 2229 3354 2300 quis
3385 2229 3452 2283 de
3483 2227 3628 2285 bono
3652 2228 3831 2296 opine-

2257 2328 2364 2387 tur,
2388 2320 2637 2390 quoniam
2668 2320 2864 2374 bonum
2900 2326 3004 2381 est,
3048 2318 3136 2374 hic
3178 2318 3472 2374 secundum
3509 2333 3625 2372 rem
3672 2317 3831 2385 ipsam

2256 2428 2438 2467 veram
2476 2410 2786 2481 opinionem
2835 2411 3015 2465 habet.
3061 2408 3156 2465 Sin
3198 2411 3319 2480 quis
3364 2424 3493 2464 vero
3522 2408 3829 2475 arbitretur,

2256 2504 2504 2574 quoniam
2532 2503 2731 2558 bonum
2760 2502 2890 2557 utile
2932 2509 3238 2569 est,verum
3266 2499 3481 2570 quidem
3510 2499 3826 2568 opinabitur,

2260 2596 2357 2653 sed
2384 2598 2482 2651 ista
2518 2599 2717 2651 veritas
2742 2594 2809 2651 de
2838 2595 2980 2649 bono
3015 2610 3113 2663 per
3138 2593 3387 2650 accidens
3418 2592 3478 2647 ﬁt
3506 2593 3655 2648 boni.
3687 2594 3829 2647 Aeci-

2256 2688 2335 2744 dit
2362 2689 2504 2744 enim
2535 2689 2674 2744 bono
2704 2695 2762 2743 ut
2782 2688 2908 2743 utile
2938 2702 3147 2758 quoque
3169 2688 3255 2742 sit.
3280 2688 3459 2754 Quare
3491 2687 3579 2742 illa
3606 2702 3726 2757 qua:
3748 2687 3830 2741 bo-

2260 2800 2386 2838 num
2418 2784 2614 2838 bonum
2647 2798 2766 2838 esse
2802 2781 3097 2837 arbitratur
3133 2795 3230 2850 per
3254 2794 3315 2837 se
3353 2794 3482 2835 vera
3526 2790 3628 2845 est,
3673 2780 3724 2834 id
3752 2786 3830 2835 est

2258 2875 2552 2931 secundum
2582 2874 2750 2945 ipsam
2778 2888 2890 2928 rem
2920 2887 3045 2927 vera
3070 2880 3170 2927 est.
3202 2868 3296 2926 llla
3318 2883 3453 2925 vero
3479 2886 3590 2940 qua:
3616 2870 3667 2923 id
3688 2872 3832 2941 quod

2258 2966 2457 3020 bonum
2496 2972 2598 3031 est,
2644 2964 2784 3019 utile‘
2822 2962 2944 3017 esse
2986 2963 3235 3031 opinatur
3283 2976 3381 3031 per
3418 2960 3662 3015 accidens
3709 2960 3832 3015 boni

2258 3075 2383 3113 vera
2426 3066 2527 3113 est.
2571 3057 2929 3125 Quamobrem
2965 3054 3309 3125 propinquior
3348 3060 3553 3107 naturae
3586 3053 3832 3108 bonitatis

2181 3156 2229 3225 ο
2258 3160 2339 3205 est
2368 3165 2429 3204 ea
2455 3166 2571 3219 qum
2602 3148 2654 3202 id
2683 3149 2818 3215 quod
2867 3148 3061 3201 bonum
3094 3154 3197 3205 est,
3231 3145 3427 3199 bonum
3460 3153 3582 3199 ease
3624 3144 3832 3199 arbitra-

2261 3251 2366 3305 tur,
2401 3254 2556 3309 quam
2587 3253 2646 3291 ea
2678 3254 2791 3304 qum
2814 3236 2864 3289 id
2890 3235 3029 3306 quod
3058 3234 3252 3288 bonum
3285 3242 3386 3297 est,
3426 3233 3558 3289 utile
3585 3252 3598 3286 :
3631 3234 3765 3303 quod
3791 3233 3833 3288 si

2259 3332 2331 3387 ita
2358 3340 2461 3395 est,
2491 3328 2669 3382 verior
2699 3337 2782 3381 est
2807 3327 2890 3380 illa
2916 3341 3032 3396 quae
3056 3324 3348 3379 secundum
3375 3322 3546 3391 ipsam
3582 3338 3697 3379 rem
3718 3338 3835 3378 vera

2260 3433 2361 3488 cst,
2414 3421 2587 3490 potius
2632 3435 2788 3489 quam
2845 3433 2905 3471 ea
2950 3431 3069 3487 qua:
3116 3416 3407 3472 secundum
3437 3417 3692 3472 accidens
3719 3431 3837 3472 vera

2260 3529 2379 3570 esse
2403 3514 2635 3567 videtur.
2672 3508 2764 3563 llis
2791 3509 2948 3577 igitur
2985 3508 3053 3559 ita
3086 3507 3388 3561 constitutis
3426 3515 3482 3560 et
3509 3505 3580 3560 de
3613 3506 3832 3560 falsitate

2261 3605 2401 3660 idem
2446 3601 2728 3657 dicendum
2770 3609 2868 3653 est.
2904 3597 3059 3652 Falsa
3106 3597 3248 3652 enim
3281 3597 3579 3667 propositio
3615 3612 3736 3666 quae
3765 3597 3831 3651 illi

2265 3714 2404 3753 verae
2420 3695 2680 3752 contraria
2696 3702 2773 3748 cst
2785 3736 2798 3759 ,
2818 3706 2936 3762 qua:
2948 3689 3036 3763 [Ε.
3054 3706 3169 3760 qua!
3183 3688 3656 3762 vera],secundum
3674 3706 3734 3744 se
3745 3700 3838 3755 est,

2262 3793 2428 3863 magis
2446 3790 2577 3843 falsa
2600 3798 2852 3856 estquam
2878 3796 2937 3837 ea
2965 3790 3083 3854 qua:
3104 3798 3220 3837 eam
3241 3797 3422 3837 veram
3455 3784 3706 3853 perimat,
3732 3798 3847 3851 qua

2260 3883 2553 3939 secundum
2600 3880 2847 3934 accidens
2868 3886 2969 3933 est.
2994 3876 3124 3930 Nam
3150 3879 3192 3930 si
3234 3878 3408 3931 verior
3433 3887 3515 3931 est
3543 3866 3607 3931 ea
3638 3892 3756 3945 qum
3783 3877 3845 3929 de

2262 3976 2375 4043 ipsa
2409 3979 2593 4025 natura
2626 3971 2703 4024 rei
2736 3985 2918 4024 verum
2948 3968 3145 4039 aliquid
3177 3968 3445 4039 opinatur,
3478 3969 3565 4022 illa
3599 3971 3701 4023 erit
3732 3984 3845 4022 ma.

2259 4066 2340 4137 gis
2372 4064 2502 4118 falsa
2539 4077 2656 4131 qua:
2686 4062 2899 4132 perimit
2926 4063 3189 4115 veriorem
3222 4074 3238 4124 ;
3273 4058 3411 4129 quod
3441 4060 3484 4112 si
3519 4059 3635 4121 illa,
3667 4074 3834 4127 quan-

2262 4172 2419 4227 quam
2461 4155 2530 4209 sit
2552 4162 2701 4219 vera,
2750 4153 2929 4207 minus
2968 4160 3147 4205 tamen
3190 4152 3312 4219 quia
3345 4149 3411 4203 de
3461 4149 3538 4203 rei
3570 4149 3841 4203 accidente

2261 4249 2591 4320 pronuntiat,
2625 4261 2799 4299 minus
2827 4245 3037 4313 quoque
3075 4242 3163 4296 illa
3206 4242 3310 4296 erit
3341 4240 3472 4294 falsa
3506 4256 3629 4308 qua:
3670 4242 3842 4294 minus

2263 4341 2529 4395 veriorem
2580 4337 2813 4406 perimit.
2866 4335 2956 4389 liis
2997 4335 3157 4403 igitur
3189 4336 3256 4388 ita
3305 4334 3631 4397 constitutis,
3678 4333 3843 4389 videat

2262 4447 2380 4485 mus
2408 4444 2549 4483 nunc
2581 4425 3028 4498 quemadmodum
3061 4440 3120 4480 se
3149 4425 3201 4478 in
3234 4423 3314 4477 bis
3357 4422 3551 4478 habent
3581 4424 3841 4489 οβίιιὶοτιὶο

2270 4524 2366 4575 ltus
2397 4521 2477 4573 vel
2527 4516 3000 4587 propositionibus,
3047 4518 3113 4571 de
3141 4516 3333 4586 quibus
3379 4531 3525 4570 nunc
3566 4525 3835 4570 tractatur.

2270 4614 2410 4667 idem
2459 4610 2712 4681 igitursit
2753 4610 3057 4677 exemplum
3099 4620 3155 4660 ut
3198 4622 3354 4676 supra
3393 4606 3592 4660 dictum
3640 4616 3722 4661 est
3754 4623 3767 4658 :
3794 4607 3839 4661 id

2268 4707 2408 4773 quod
2438 4706 2632 4781 bonum
2665 4711 2766 4767 est,
2810 4713 2863 4757 et
2902 4702 3096 4756 bonum
3125 4709 3230 4767 est,
3260 4708 3315 4755 et
3362 4715 3465 4755 non
3500 4702 3721 4763 malum,
3754 4699 3841 4755 sed

2268 4798 2405 4868 quod
2458 4797 2653 4850 bonum
2701 4804 2799 4860 est,
2835 4794 3126 4849 secundum
3175 4792 3345 4861 ipsam
3396 4807 3509 4848 rem
3553 4803 3657 4859 est,
3702 4794 3841 4863 quod

2270 4904 2398 4944 vero
2439 4888 2633 4941 malum
2666 4903 2769 4941 non
2802 4896 2902 4951 est,
2947 4886 3139 4941 accidit
3179 4886 3227 4940 ei
3267 4900 3283 4938 :
3327 4900 3445 4939 nam
3490 4885 3540 4939 id
3570 4886 3716 4956 quod
3752 4887 3843 4940 bo-

2268 4994 2391 5034 num
2421 4987 2503 5032 est
2533 4994 2628 5048 per
2656 4988 2894 5031 naturam
2926 4978 3121 5030 bonum
3153 4990 3260 5041 est;
3295 4975 3435 5047 quod
3480 4993 3611 5032 vero
3642 4980 3833 5033 malum

2269 5084 2374 5123 non
2408 5077 2510 5134 est,
2544 5069 2779 5135 secundo
2805 5067 2923 5122 loco
2959 5077 3013 5120 et
3044 5068 3192 5136 quasi
3222 5067 3530 5122 accidenter
3570 5078 3674 5123 est.
3706 5067 3843 5137 Ergo

2268 5160 2449 5230 opinio
2478 5159 2544 5213 de
2578 5160 2717 5212 bono
2747 5161 2996 5228 quoniam
3029 5157 3228 5212 bonum
3264 5170 3365 5223 est,
3398 5157 3574 5213 verior
3611 5170 3688 5213 est
3723 5175 3842 5227 pro.

2266 5251 2617 5320 pinquiorque
2665 5257 2869 5304 naturae
2915 5265 2975 5302 ea
3021 5249 3272 5319 opinione
3300 5265 3419 5320 quae
3459 5260 3542 5305 est
3569 5251 3639 5306 de
3683 5254 3841 5315 bono,

2267 5342 2516 5409 quoniam
2544 5340 2740 5394 malum
2777 5354 2880 5401 non
2915 5348 3017 5394 est.
3050 5340 3105 5396 Si
3135 5339 3295 5408 igitur
3321 5340 3392 5394 ita
3421 5348 3524 5405 est,
3559 5350 3615 5396 et
3638 5357 3699 5397 ea
3722 5358 3838 5413 qua:

2268 5431 2528 5487 veriorem
2554 5432 2859 5503 opinionem
2885 5431 3117 5500 perimit,
3144 5433 3311 5500 magis
3332 5430 3464 5487 falsa
3489 5442 3573 5488 est
3600 5449 3756 5504 quam
3781 5448 3840 5489 ea
3878 5446 3881 5449 ‘

2266 5542 2384 5596 qum
2434 5541 2613 5581 veram
2660 5539 2961 5595 quanquam
3008 5538 3132 5577 vera
3179 5525 3266 5591 sit,
3311 5528 3490 5580 minus
3545 5536 3718 5581 tamen
3762 5536 3841 5581 est

2263 5633 2411 5683 vera,
2440 5616 2785 5672 manifestum
2819 5626 2901 5671 est
2928 5618 3180 5687 quoniam
3212 5618 3424 5687 negatio
3461 5621 3631 5690 magis
3662 5620 3840 5674 falsior

2262 5719 2346 5766 est
2370 5725 2530 5781 quam
2559 5708 2863 5775 affirmatio,
2886 5723 3005 5778 qua:
3034 5711 3362 5765 contrarium
3393 5714 3560 5781 ponit.
3594 5713 3723 5767 Nam
3748 5726 3843 5769 ne-

2258 5803 2402 5874 gatio
2422 5801 2551 5861 dicit
2576 5817 2683 5861 non
2708 5817 2829 5860 esse
2850 5801 3047 5859 bonum
3079 5805 3218 5873 quod
3245 5804 3443 5863 bonum
3472 5816 3579 5872 est,
3610 5805 3839 5871 afﬁrma-
