4090 6342
291 344 396 401 629

1028 337 1094 393 IN
1130 299 1387 395 LlBRUM
1430 338 1517 393 os
1558 312 2205 413 iNTERPRETATlONE
2245 334 2466 392 EDlTlO
2507 335 2847 396 SECUNDA.

3475 334 3578 388 650

238 468 243 473 ’
290 467 367 521 tio
398 474 529 517 vero
574 459 771 515 malum
800 471 919 513 esse
950 456 1091 527 quod
1124 457 1321 512 bonum
1352 465 1464 522 est;
1516 456 1731 525 negatio
1757 470 1878 526 qua:
1910 458 1963 519 Α
2065 452 2254 507 Falsus
2299 464 2465 507 autent
2504 462 2578 508 est
2619 454 2843 507 maxime
2884 452 3023 505 circa
3064 450 3269 521 singula
3308 451 3397 518 qui
3432 448 3583 504 habet

288 566 374 614 est
406 571 511 610 non
550 568 671 609 esse
700 551 899 607 bonum
920 549 1072 619 quod
1105 548 1301 603 bonum
1347 559 1449 611 est.
1508 544 1650 602 iliam
1695 561 1887 602 secun-

291 650 423 701 dum
472 661 533 701 se
561 645 874 714 Opinionem
901 655 1084 697 veram
1117 640 1334 710 perimit
1363 655 1482 709 quae
1512 640 1642 695 dicit
1684 640 1884 695 bonum

291 756 420 797 esse
447 739 591 810 quod
619 738 819 792 bonum
868 746 971 791 est.
1008 734 1103 789 Illa
1134 749 1265 791 vero
1294 734 1580 790 afﬁrmatio
1609 736 1883 804 contrarii,

291 847 415 905 quae
448 842 529 887 est
558 830 758 885 malum
789 842 910 884 esse
939 826 1082 897 quod
1128 825 1327 881 bonum
1358 836 1462 893 est,
1506 825 1652 879 illam
1685 826 1889 895 opinio-

294 940 421 980 ncm
448 922 665 995 perimit
684 935 866 976 veram
890 933 1013 990 quae
1033 918 1101 975 de
1142 917 1285 975 bono
1319 918 1613 975 secundum
1639 919 1890 975 accidens

293 1025 399 1080 ist,
437 1014 489 1069 id
520 1023 603 1067 est
649 1026 757 1065 non
786 1010 986 1065 malum
1032 1023 1153 1065 esse
1185 1009 1329 1080 quod
1360 1011 1560 1065 bonum
1591 1018 1698 1066 est.
1738 1010 1888 1066 Con-

294 1115 407 1161 stat
452 1106 612 1174 igitur
656 1102 825 1173 magis
864 1101 1052 1157 falsam
1084 1116 1205 1157 esse
1258 1100 1565 1170 opinionem
1617 1118 1735 1173 quae
1764 1103 1894 1159 dicit

306 1214 417 1253 non
460 1210 581 1275 esse
617 1195 814 1251 bonum
845 1193 989 1264 quod
1031 1193 1227 1249 bonum
1274 1204 1378 1261 est,
1414 1194 1593 1265 potius
1624 1211 1782 1266 quam
1829 1211 1893 1253 ea
1940 1232 1943 1237 ›

297 1305 421 1359 qua:
448 1289 698 1360 opinatur
729 1287 926 1341 malum
967 1300 1087 1341 esse
1106 1284 1252 1355 quod
1284 1287 1484 1341 bonum
1523 1296 1627 1343 est.
1664 1288 1821 1355 Quod
1847 1288 1893 1344 si

299 1393 381 1441 est
421 1382 609 1437 falsior
659 1380 829 1452 magis
877 1380 1165 1445 contraria,
1212 1379 1383 1451 magis
1432 1381 1593 1451 igitur
1619 1382 1892 1436 contraria

300 1488 387 1534 est
430 1473 732 1547 negationis
771 1473 956 1543 Opinio
988 1486 1147 1543 quam
1180 1472 1468 1528 contraria:
1499 1472 1891 1529 afﬁrmatinnis.

302 1570 569 1641 Expedito
619 1568 782 1638 igitur
839 1582 1040 1633 sensu,
1093 1566 1255 1623 verba
1308 1566 1421 1637 ipsa
1476 1567 1894 1623 demonstranda

302 1674 451 1719 sunt.
494 1662 550 1717 Si
576 1675 730 1732 ergo,
760 1659 950 1730 inquit,
984 1658 1126 1729 quod
1157 1658 1356 1714 bonum
1377 1669 1485 1726 est,
1516 1661 1584 1715 sit
1615 1660 1813 1717 bonum
1841 1671 1898 1716 et

292 1771 415 1812 non
442 1755 513 1809 sit
538 1753 760 1821 malum,
794 1759 849 1807 et
878 1750 979 1805 hoc
1002 1750 1218 1821 quidem
1258 1751 1554 1807 secundum
1592 1766 1672 1819 se,
1706 1752 1761 1807 id
1792 1762 1895 1818 est,

1995 547 2306 602 contrariam
2332 547 2643 615 Opinionem.
2677 545 2949 600 Contraria
2976 545 3107 598 enim
3128 559 3305 598 eorum
3325 552 3441 596 sunt
3468 558 3583 613 qua

1993 640 2279 710 plurimum
2302 642 2439 693 circa
2469 640 2602 693 idem
2626 637 2890 705 diﬂenmt.
2928 637 3077 704 Quod
3104 638 3145 689 si
3177 636 3360 689 harum
3381 645 3583 689 contra-

1992 735 2072 789 ria
2097 733 2297 803 quidem
2332 742 2407 787 est
2445 732 2628 801 altera,
2667 732 2827 801 magis
2853 746 2971 785 uero
3000 729 3257 783 contraria
3286 738 3359 781 εει
3383 737 3586 782 contra-

1994 828 2172 898 dictio,
2206 827 2533 898 manifestum
2560 830 2637 878 est
2663 823 2906 895 quoniam
2937 823 3045 876 luet:
3074 821 3166 875 erit
3198 819 3478 873 contraria.

2066 922 2160 979 Vis
2205 924 2381 978 omnis
2426 920 2923 992 argumentationis,
2968 925 3024 971 ut
3065 916 3378 971 brevissime
3417 928 3584 982 expe-

1994 1017 2191 1081 diatur,
2238 1012 2543 1085 hujusmodi
2576 1023 2678 1068 est.
2724 1010 2899 1066 Omne
2945 1024 3127 1065 verum
3165 1019 3255 1063 aut
3292 1008 3584 1064 secundum

1996 1122 2057 1164 se
2098 1123 2281 1163 verum
2314 1115 2416 1167 est.
2448 1113 2542 1160 aut
2569 1102 2859 1160 secundum
2887 1103 3155 1169 accidens,
3200 1101 3322 1171 quia
3367 1115 3589 1156 necesse

1998 1208 2082 1257 est
2105 1200 2271 1255 etiam
2308 1199 2527 1264 falsum,
2563 1204 2656 1253 aut
2685 1195 2978 1252 secundum
3007 1208 3066 1249 se
3095 1194 3285 1249 falsqu
3326 1207 3469 1257 esse,
3499 1206 3590 1246 aut

1998 1307 2094 1363 per
2119 1290 2391 1347 accidens.
2416 1290 2616 1345 Verum
2638 1298 2822 1345 autem
2859 1286 2989 1345 illud
3017 1301 3136 1341 esse
3165 1286 3343 1341 verius
3380 1295 3591 1341 constat

1999 1382 2141 1453 quod
2185 1382 2481 1439 secundum
2528 1396 2588 1437 se
2615 1389 2697 1437 est
2739 1382 2918 1451 potius
2955 1396 3113 1451 quam
3155 1378 3286 1434 illud
3314 1380 3457 1449 quod
3498 1394 3592 1448 per

1999 1474 2290 1542 accidens;
2320 1475 2410 1545 qui
2455 1488 2584 1529 vero
2609 1474 2931 1529 contrariam
2962 1472 3030 1527 de
3071 1486 3133 1527 re
3169 1471 3395 1541 alicuius
3432 1470 3593 1525 habet

1999 1567 2309 1635 opinionem
2345 1582 2505 1637 quam
2549 1580 2637 1621 res
2671 1565 2783 1635 ipsa
2821 1575 2928 1635 est,
2968 1579 3190 1621 necesse
3230 1574 3311 1618 est
3340 1574 3396 1619 ut
3422 1564 3592 1633 pluri-

2001 1677 2146 1716 mum
2176 1660 2344 1716 falsus
2370 1663 2456 1717 sit.
2504 1660 2715 1716 Etenim
2756 1660 3112 1716 contrarietas
3140 1658 3454 1729 opinionum
3485 1666 3587 1722 est,

1998 1753 2209 1822 quoties
2237 1752 2305 1808 de
2326 1768 2430 1808 una
2450 1752 2748 1821 eademque
2771 1767 2830 1808 re
2866 1752 3178 1823 longissime
3199 1769 3226 1806 a
3241 1765 3301 1807 se
3327 1752 3593 1807 absisten-

306 1855 370 1903 ut
393 1845 534 1917 quod
577 1844 777 1900 bonum
820 1844 908 1911 sit,
942 1842 1140 1898 bonum
1170 1855 1290 1898 esse
1318 1843 1557 1912 dicatur,
1604 1844 1735 1899 illud
1762 1859 1896 1900 vero
1927 1857 1977 1919 Β
2006 1857 2088 1904 tes
2108 1847 2389 1916 opiniones
2420 1855 2562 1900 sunt.
2590 1844 2741 1913 Quod
2775 1844 2934 1915 igitur
2959 1845 3125 1913 magis
3150 1844 3340 1900 falsum
3364 1853 3465 1909 est,
3493 1844 3596 1898 hoc

228 1994 237 1995 ,
306 1939 604 1997 secundum
633 1936 911 2005 accidens,
934 1936 1037 1992 hoc
1063 1946 1145 1992 est
1171 1937 1309 2006 quod
1334 1936 1536 1991 bonum
1560 1947 1661 2003 est,
1696 1947 1754 1994 ut
1783 1954 1899 1994 ma-

308 2031 422 2091 lum
456 2044 565 2085 non
596 2030 686 2085 sit.
729 2025 941 2083 Accidit
968 2027 1114 2083 enim
1145 2028 1196 2083 ei
1235 2027 1433 2083 malum
1461 2044 1573 2084 non
1610 2045 1753 2097 esse,
1788 2046 1900 2087 ma-

307 2128 391 2196 gis
415 2133 600 2181 autem
634 2123 685 2178 in
718 2135 1044 2193 unoquoque
1069 2129 1158 2177 est
1182 2135 1331 2190 vera,
1361 2137 1482 2192 quae
1520 2125 1815 2180 secundum
1840 2140 1902 2182 se

307 2227 415 2274 est.
439 2218 574 2272 Nam
601 2215 743 2287 quod
767 2212 1064 2272 seetmdum
1091 2213 1509 2286 uniuscujusque
1529 2224 1772 2272 naturam
1796 2227 1899 2287 est,

308 2308 663 2382 propinquius
708 2317 793 2363 est
839 2309 890 2363 ei
934 2309 1011 2364 rei
1052 2310 1140 2365 cui
1165 2308 1248 2365 est
1294 2307 1588 2367 sesundum
1632 2317 1898 2365 naturam.

308 2404 575 2473 Quocirca
601 2412 655 2458 et
685 2402 885 2458 veritas
909 2403 1204 2459 secundum
1230 2419 1367 2472 rem,
1398 2403 1519 2476 quia
1550 2403 1630 2462 rei
1658 2404 1901 2477 proxima

310 2503 417 2561 est,
449 2495 625 2548 verior
651 2501 736 2549 est
765 2509 925 2563 quam
966 2508 1029 2549 ea
1060 2509 1181 2564 qua:
1201 2495 1494 2551 secundum
1521 2498 1774 2553 accidens
1796 2505 1899 2568 est,

309 2587 415 2645 hoc
444 2597 529 2643 est
568 2586 715 2642 enim
739 2589 883 2656 quod
925 2588 1037 2644 ait:
1065 2586 1231 2659 Magis
1265 2598 1443 2645 autem
1485 2591 1537 2645 in
1576 2606 1901 2664 unoquoque

309 2691 559 2737 εει-γεγε
591 2696 711 2752 qua:
739 2679 1032 2737 secundum
1067 2698 1127 2764 se
1161 2692 1270 2749 est;
1302 2683 1446 2755 quod
1469 2685 1512 2739 si
1542 2683 1649 2741 hoc
1674 2686 1747 2742 ita
1777 2695 1893 2756 est,

313 2773 477 2829 etiam
508 2772 664 2842 falsa,
691 2773 743 2829 id
765 2783 847 2829 est
872 2775 1035 2831 etiam
1058 2774 1146 2831 illa
1174 2774 1384 2832 falsitas
1405 2786 1487 2834 est
1516 2779 1686 2849 magis
1716 2778 1904 2837 falsior

310 2879 435 2937 qua:
486 2862 635 2920 illam
707 2865 922 2936 perimit
987 2866 1297 2937 opinionem
1347 2869 1434 2925 vel
1478 2872 1902 2940 propositionem

309 2965 436 3030 quae
462 2959 752 3016 secundum
783 2975 845 3017 se
875 2975 1005 3018 vera
1039 2970 1161 3030 est,
1194 2964 1457 3035 siquidem
1490 2966 1576 3022 illa
1607 2970 1902 3025 secundum

312 3072 376 3111 se
402 3069 531 3111 vera
558 3055 736 3110 verior
763 3046 855 3110 est
880 3070 1041 3127 quam
1064 3072 1184 3129 quze
1210 3060 1505 3115 secundum
1535 3062 1785 3118 accidens
1822 3064 1901 3120 rei

289 3163 440 3205 vera
465 3158 567 3217 est,
598 3149 697 3204 hoc
723 3157 806 3205 est
828 3150 967 3204 enim
1012 3150 1153 3221 quod
1180 3151 1328 3217 dicit,
1373 3153 1639 3225 siquidem
1674 3165 1727 3210 et
1750 3172 1896 3211 vera.

2004 1942 2110 1996 erit
2134 1941 2294 1995 etiam
2323 1940 2676 1996 contrarium.
2710 1939 2843 1995 Illud
2872 1941 3015 1995 enim
3045 1938 3188 2010 quod
3212 1939 3381 2009 magis
3400 1953 3431 1994 a
3457 1939 3596 1994 veri.

2004 2043 2115 2089 tate
2138 2034 2310 2100 abest,
2340 2032 2441 2089 hoc
2470 2034 2639 2104 magis
2662 2032 2856 2089 falsum
2883 2040 2988 2089 est.
3018 2033 3075 2087 ln
3099 2030 3445 2102 opinionibus
3467 2046 3598 2087 vero

2004 2133 2124 2197 qua:
2150 2141 2179 2180 a
2212 2141 2272 2182 se
2300 2126 2585 2195 plurimum
2616 2124 2892 2189 diiferunt,
2923 2139 2986 2179 ea
3019 2134 3141 2178 sunt
3170 2125 3475 2185 contraria;
3508 2122 3597 2178 illa

2004 2220 2165 2290 igitur
2209 2218 2263 2273 in
2308 2217 2653 2288 opinionibus
2694 2214 2967 2272 contraria
3012 2224 3094 2271 est
3140 2229 3261 2285 quas
3308 2214 3601 2284 plurimum

1968 2318 1977 2321 “
2007 2315 2139 2369 falsa
2166 2323 2268 2370 est.
2319 2313 2413 2367 Est
2440 2325 2617 2368 autem
2657 2319 2715 2366 ut
2752 2310 2951 2366 dictum
2982 2319 3065 2365 est
3103 2308 3392 2379 plurimum
3438 2306 3595 2373 falsa.

2007 2422 2129 2479 qua:
2157 2386 2451 2461 secundum
2478 2418 2538 2459 se
2564 2403 2696 2458 falsa
2727 2412 2831 2473 cst,
2865 2403 2919 2458 id
2951 2411 3033 2459 est
3058 2417 3180 2473 qua:
3208 2401 3351 2456 illam
3384 2399 3600 2470 perimit

2004 2500 2432 2574 propositionem
2454 2511 2576 2568 quae
2600 2496 2895 2553 secundum
2918 2510 2978 2551 se
3002 2509 3130 2550 vera
3153 2500 3257 2561 est,
3284 2494 3398 2548 hate
3417 2501 3601 2569 autem

2009 2597 2226 2666 negatio
2256 2597 2372 2657 est;
2402 2593 2617 2664 negatio
2647 2587 2808 2663 igitur
2835 2585 3103 2647 contraria
3134 2594 3217 2643 est
3246 2582 3599 2642 afﬁrtnationi

2007 2689 2187 2759 potius
2238 2701 2399 2757 quam
2439 2700 2502 2742 ea
2548 2666 2834 2741 afﬁrmatio
2883 2699 3001 2755 quas
3041 2684 3374 2739 contrarium
3423 2676 3597 2750 ponit.

2006 2779 2152 2835 Talis
2192 2779 2354 2849 igitur
2377 2791 2568 2833 sensus
2597 2776 2680 2831 his
2718 2775 2895 2831 verbis
2925 2776 3215 2830 includitur
3241 2791 3256 2828 :
3282 2772 3472 2829 Falms
3516 2778 3601 2830 est

2008 2881 2187 2927 autem
2218 2871 2408 2941 magis,
2443 2869 2636 2940 inquit,
2665 2870 2807 2924 circa
2836 2868 3046 2939 singula
3077 2868 3166 2938 qui
3201 2866 3362 2922 habet
3387 2873 3602 2921 contra-

2007 2966 2144 3020 riam
2169 2964 2507 3036 opinionem.
2537 2963 2854 3033 Quanquam
2880 2962 3025 3016 enim
3052 2960 3219 3030 possit
3239 2974 3358 3013 esse
3377 2956 3604 3027 quilibet

2009 3061 2195 3128 falsus,
2254 3060 2464 3116 etiamsi
2484 3058 2554 3115 de
2580 3058 2774 3114 eadem
2804 3072 2867 3113 re
2889 3054 3215 3111 contrariam
3242 3067 3352 3108 non
3373 3051 3603 3108 habeant

2015 3157 2323 3226 Opinionem
2343 3194 2361 3222 ,
2394 3154 2485 3208 ille
2511 3163 2692 3208 tamen
2722 3150 2891 3219 magis
2916 3148 3116 3203 fallitur
3154 3146 3244 3218 qui
3272 3143 3604 3202 contrarium

314 3242 427 3297 lloc
452 3241 615 3313 igitur
638 3256 915 3313 exponens
937 3244 1184 3314 exemplo
1211 3245 1515 3302 conﬁrmat.
1544 3249 1682 3321 Ergo
1701 3265 1762 3305 ea
1786 3267 1905 3321 quae
1937 3250 1985 3316 α
2013 3250 2213 3322 aliquid
2241 3251 2508 3319 Opinatur.
2543 3247 2656 3302 Hoc
2683 3255 2862 3301 autem
2894 3259 2990 3299 cur
3016 3243 3230 3298 eveniat
3256 3241 3388 3295 dicit
3414 3252 3431 3297 :
3462 3238 3602 3294 Con-

312 3347 418 3405 est,
454 3338 708 3407 quoniam
752 3352 859 3392 non
891 3347 974 3393 est
1004 3339 1202 3393 bonum
1249 3340 1392 3410 quod
1423 3341 1620 3397 bonum
1653 3355 1755 3411 est,
1788 3346 1905 3417 ejus

315 3446 437 3502 quae
456 3432 751 3487 secundum
783 3445 845 3487 se
870 3439 953 3487 est
989 3432 1119 3486 falsa
1162 3442 1267 3496 est,
1297 3432 1399 3489 hoc
1434 3447 1515 3488 est
1542 3435 1630 3491 illa
1659 3453 1779 3509 qua:
1814 3454 1911 3509 op-

317 3524 534 3594 ponitur
556 3524 627 3577 illi
660 3523 899 3593 opinioni
931 3538 1051 3594 qua:
1078 3525 1373 3580 secundum
1406 3542 1467 3582 se
1494 3544 1620 3585 vera
1652 3530 1769 3598 fuit,
1805 3532 1907 3589 hoc

316 3617 464 3671 enim
499 3618 612 3669 haec
642 3615 808 3670 verba
840 3615 1235 3675 demonstrant.
1284 3632 1408 3672 cum
1451 3619 1625 3675 dixit:
1672 3622 1816 3693 Ergo
1843 3641 1907 3681 ea

317 3722 439 3776 quas
471 3716 573 3775 est,
606 3708 862 3778 quoniam
908 3724 1017 3763 non
1047 3715 1133 3764 est
1170 3709 1369 3764 bonum
1396 3711 1540 3782 quod
1572 3715 1770 3771 bonum
1802 3726 1903 3785 est,

316 3801 436 3871 ejus
488 3816 609 3871 quae
656 3801 954 3857 secundum
992 3819 1050 3858 se
1096 3812 1199 3870 est,
1251 3803 1379 3861 falsa
1433 3817 1533 3874 est,
1577 3808 1627 3862 id
1666 3819 1749 3865 est
1792 3829 1912 3883 qua:

316 3896 491 3965 ipsum
521 3896 717 3950 bonum
745 3905 903 3966 negat
932 3896 1130 3951 bonum
1160 3912 1301 3964 esse,
1335 3913 1432 3968 per
1460 3914 1520 3954 se
1543 3915 1683 3957 veras
1713 3918 1911 3976 propo-

317 3987 529 4041 sitionis
558 3987 685 4041 falsa
726 3996 830 4055 εει,
857 3987 909 4041 id
940 3995 1024 4042 est
1056 3990 1323 4058 opposita,
1364 3989 1567 4046 falsitas
1594 3995 1734 4049 enim
1760 3998 1908 4051 veri.

318 4079 418 4133 tati
451 4079 755 4147 opponitur.
778 4079 873 4135 Illa
902 4094 1028 4135 vero
1048 4096 1166 4150 qua:
1190 4092 1273 4135 est
1301 4085 1555 4153 quoniam
1582 4089 1776 4143 malum
1802 4102 1905 4157 est,

315 4173 438 4242 ('jUS
470 4185 591 4243 qua:
607 4180 686 4227 est
714 4172 1007 4228 secundum
1039 4172 1311 4239 accidens,
1331 4175 1433 4230 hoc
1475 4185 1577 4247 est,
1606 4178 1693 4232 illa
1726 4182 1909 4250 opinio

317 4280 439 4335 quae
462 4266 515 4319 id
542 4265 684 4335 quod
710 4265 910 4321 bonum
934 4274 1036 4332 est,
1063 4265 1263 4329 malum
1289 4266 1580 4322 arbitratur
1608 4285 1751 4336 esse,
1776 4273 1910 4328 falsa

316 4368 419 4424 est,
459 4367 515 4415 et
556 4368 679 4429 apta
708 4359 757 4414 ei
804 4358 1159 4429 pr0positioni
1203 4375 1322 4430 quae
1363 4372 1444 4415 est
1487 4365 1781 4419 secundum
1820 4382 1910 4422 ac-

316 4452 504 4509 cidens
545 4466 696 4521 vera,
726 4452 778 4507 id
808 4461 891 4507 est
919 4468 1041 4523 qua:
1079 4452 1397 4523 Opinabatnr
1427 4454 1623 4510 bonum
1654 4473 1758 4512 non
1788 4475 1908 4516 esse

314 4545 540 4601 malum.
583 4546 761 4612 Quare
800 4546 969 4616 magis
999 4545 1105 4601 erit
1135 4545 1264 4602 falsa
1294 4547 1362 4603 de
1404 4548 1547 4604 bono
1576 4566 1637 4605 ea
1677 4567 1795 4622 quae
1822 4564 1907 4610 est

2012 3344 2177 3397 traria
2215 3344 2362 3397 enim
2406 3354 2593 3397 eorum
2636 3346 2762 3393 sunt
2800 3350 2923 3407 qua:
2962 3335 3248 3406 plurimum
3280 3333 3419 3387 circa
3462 3330 3601 3389 idem

2014 3435 2285 3490 differunt.
2320 3434 2526 3490 Idcirco
2551 3431 2695 3487 enim
2720 3430 2959 3486 maxime
2986 3427 3116 3483 falsa
3145 3426 3410 3482 contraria
3436 3436 3601 3493 oppo-

2016 3538 2232 3593 nuntur,
2264 3529 2388 3596 quia
2416 3524 2770 3581 contrarietas
2799 3536 2905 3576 non
2933 3520 3033 3575 nisi
3079 3519 3133 3573 in
3164 3519 3449 3588 plurimum
3489 3514 3601 3570 dis-

2015 3618 2354 3687 crepantibus
2385 3617 2671 3671 invenitur.
2711 3612 2865 3679 Quod
2905 3611 2952 3666 si
2996 3610 3185 3664 barum
3224 3605 3492 3662 contraria
3520 3614 3601 3660 est

2016 3712 2207 3776 altera,
2242 3710 2292 3764 id
2319 3719 2402 3765 est
2431 3708 2572 3779 quod
2611 3708 2655 3761 si
2702 3707 2890 3777 harum
2922 3702 3342 3774 propositionum
3375 3699 3455 3753 vel
3484 3711 3601 3768 qua

2017 3822 2112 3876 per
2135 3819 2193 3857 se
2224 3802 2354 3857 falsa
2379 3811 2483 3870 est,
2525 3801 2611 3857 vel
2639 3815 2757 3871 quae
2785 3813 2881 3868 per
2902 3797 3173 3863 accidens,
3204 3808 3362 3849 unam
3389 3800 3599 3846 contra—

2018 3901 2150 3954 riam
2180 3911 2302 3951 esse
2334 3908 2554 3951 necesse
2582 3903 2686 3959 est,
2718 3890 2890 3961 magis
2920 3900 3047 3945 vero
3076 3888 3343 3944 contraria
3385 3892 3602 3939 contra-

2013 3990 2263 4045 dictionis
2295 4030 2308 4053 ,
2349 3988 2450 4042 ltoc
2494 3995 2576 4041 est
2616 3986 2784 4055 magis
2828 3993 3005 4038 autem
3055 3980 3184 4035 falsa
3222 3980 3431 4049 negatio
3455 3978 3585 4048 (hoc

2014 4082 2157 4138 enim
2186 4081 2330 4152 quod
2358 4083 2452 4145 ait,
2482 4079 2649 4149 Magis
2677 4093 2807 4133 vero
2837 4075 3108 4133 contraria
3141 4073 3277 4137 haec,
3313 4070 3414 4125 hoc
3437 4070 3600 4124 sensit

2014 4187 2265 4245 tanquam
2294 4175 2337 4227 si
2368 4174 2611 4239 dixisset,
2646 4173 2816 4241 magis
2846 4186 2977 4226 vero
3001 4169 3133 4224 falsa
3162 4168 3599 4224 contradictionis

1986 4275 2117 4332 est,
2148 4268 2199 4320 id
2226 4274 2311 4322 est
2342 4266 2509 4336 magis
2538 4280 2666 4320 vero
2693 4265 2820 4319 falsa
2850 4265 3060 4334 negatio
3082 4260 3211 4334 est),
3238 4261 3524 4327 concludit,
3557 4262 3602 4315 si

2013 4357 2101 4412 illa
2124 4397 2138 4422 ,
2171 4367 2228 4410 ut
2269 4357 2472 4411 dictum
2513 4366 2596 4411 est
2634 4354 2879 4424 superius
2900 4395 2915 4420 ,
2948 4355 3019 4407 ita
3050 4361 3215 4419 sunt,
3265 4350 3601 4406 tnauifestum

2011 4465 2151 4517 esse,
2188 4465 2258 4520 qu
2278 4450 2441 4504 miam
2473 4449 2606 4515 haec,
2649 4448 2704 4503 id
2730 4457 2815 4503 est
2840 4446 3300 4512 contradictionis,
3347 4445 3450 4500 erit
3474 4459 3601 4499 con-

2011 4549 2195 4603 traria.

314 4636 614 4707 negationis
654 4636 837 4706 opinio
865 4652 1024 4706 quam
1055 4652 1261 4722 eaque:
1288 4649 1370 4694 cst
1405 4643 1680 4710 contrarii,
1718 4644 1766 4698 id
1799 4657 1901 4713 est,
1932 4636 1988 4699 Ι)
2084 4640 2193 4698 Ilia
2230 4638 2344 4695 vero
2369 4657 2485 4708 ᾳιιιε
2506 4648 2600 4707 εει,
2632 4640 2873 4710 quoniam
2900 4639 3093 4693 malum
3128 4648 3221 4703 εει,
3252 4638 3389 4707 quod
3414 4637 3603 4691 bonum

313 4731 484 4801 magis
516 4728 785 4785 contraria
825 4738 909 4785 est
934 4730 1146 4798 negatio
1172 4744 1329 4799 quam
1371 4731 1659 4791 afﬁrmatio
1688 4745 1903 4791 contra-

312 4822 403 4877 rii.
463 4821 741 4892 Siquidem
771 4836 892 4877 cum
937 4823 1047 4877 sint
1082 4822 1149 4877 de
1189 4822 1331 4878 bono
1360 4834 1600 4897 utraeque
1650 4829 1902 4896 praedica-

313 4921 405 4976 ιω,
450 4911 634 4966 falsior
663 4924 841 4967 tamen
880 4912 1092 4983 negatio
1132 4914 1418 4983 reperitur.
1454 4917 1564 4973 Sed
1594 4923 1736 4987 quod
1765 4923 1906 4979 dixit

310 5005 457 5060 bono
484 5004 757 5069 accidere,
790 5012 850 5058 ut
880 5010 1076 5058 malum
1103 5021 1209 5059 non
1238 5007 1328 5072 sit,
1361 5024 1466 5063 non
1501 5010 1573 5065 ita
1604 5012 1902 5083 intelligen-

310 5096 440 5153 dum
481 5108 565 5153 est
606 5096 1057 5169 quemadmodum
1106 5099 1342 5153 solemus
1384 5101 1564 5155 dicere
1590 5142 1605 5166 ,
1659 5106 1904 5176 subjecto

308 5190 513 5261 aliquid
555 5190 822 5245 accidere.
854 5190 1037 5260 Neque
1070 5192 1214 5246 enim
1249 5191 1361 5246 ﬁeri
1411 5204 1604 5262 potest,
1634 5196 1732 5252 sed
1762 5199 1905 5254 acci-

308 5282 445 5336 dere
477 5281 562 5335 hic
586 5280 993 5351 intelligendum
1035 5291 1116 5337 est
1145 5284 1384 5338 secundo
1412 5285 1529 5341 loco
1554 5288 1685 5354 dici,
1713 5291 1904 5358 princi-

310 5372 511 5443 paliter
558 5374 704 5427 enim
750 5373 892 5442 quod
938 5382 1022 5427 est
1070 5374 1266 5428 bonum
1302 5376 1495 5432 dicitur
1540 5378 1765 5437 bonunt.
1797 5382 1896 5439 Se-

310 5470 493 5525 cundo
520 5482 652 5523 vero
682 5468 799 5522 loco
824 5467 1040 5534 dicitur,
1072 5483 1177 5523 non
1206 5479 1288 5525 est
1309 5471 1547 5538 malum;
1581 5474 1681 5529 huc
1715 5486 1897 5534 autem

311 5572 544 5617 tractum
577 5570 661 5616 est
691 5577 719 5616 a
761 5562 1110 5617 similitudine
1140 5564 1453 5621 substantiae
1485 5576 1543 5622 et
1578 5569 1897 5628 accidentis.

312 5654 661 5727 Unaquaeque
716 5655 860 5709 enim
918 5656 1216 5710 substantia
1269 5658 1635 5726 principaliter
1683 5664 1900 5733 quidem

307 5750 553 5819 subjecta
577 5757 680 5815 est,
716 5748 955 5803 secundo
982 5763 1108 5805 vero
1132 5749 1249 5805 loco
1273 5751 1353 5804 vel
1388 5753 1531 5819 alba,
1568 5756 1651 5809 vel
1681 5755 1895 5827 bipeda,
1960 5769 1968 5776 '

304 5842 396 5899 vel
426 5843 697 5912 accidens,
731 5842 815 5900 vel
859 5842 1117 5915 quidquid
1156 5843 1473 5904 substantiis
1508 5850 1757 5909 accidere
1799 5867 1900 5925 po-

304 5940 434 5994 ιω.

2011 4747 2106 4804 est,
2135 4736 2384 4805 implicita
2414 4744 2508 4787 εει.
2554 4733 2756 4786 Etenim
2779 4730 3023 4802 quoniam
3056 4746 3157 4784 non
3188 4730 3377 4783 bonum
3402 4739 3492 4785 εει.
3517 4745 3603 4781 ne-

2013 4845 2148 4883 cesse
2172 4836 2245 4883 εει
2273 4832 2405 4899 forte
2431 4827 2563 4880 idem
2585 4826 2754 4897 ipsum
2782 4824 3009 4892 opinari.

2086 4922 2373 4991 Postquam
2423 4918 2622 4973 idcirco
2674 4914 3000 4971 contrarium
3044 4908 3220 4983 potius
3267 4912 3603 4981 negationem

2016 5015 2331 5070 monstravit
2352 5027 2495 5077 esse,
2524 5010 2665 5082 quod
2694 5012 2809 5065 haec
2831 5008 2997 5079 magis
3028 5018 3172 5063 esset
3199 5006 3329 5060 falsa
3353 5020 3512 5073 quam
3536 5017 3601 5057 ea

2017 5126 2136 5181 qua:
2162 5107 2485 5163 contrarium
2514 5106 2826 5174 afﬁrmaret,
2875 5115 2929 5160 et
2967 5104 3309 5159 distinctione
3355 5101 3601 5156 falsitatis

2016 5202 2335 5257 contrariam
2367 5216 2489 5255 esse
2531 5199 2949 5271 propositionem
2992 5198 3429 5268 opinionemque,
3479 5208 3602 5264 quae

2013 5309 2125 5351 rem
2156 5294 2505 5363 propositam,
2552 5301 2775 5361 negaret
2813 5289 3047 5357 edocuit,
3077 5303 3218 5347 nunc
3246 5302 3310 5342 ex
3341 5285 3602 5356 simplici-

2010 5387 2112 5444 bus
2126 5387 2500 5457 implicitisque
2520 5385 2970 5456 propositionibus
2987 5384 3438 5456 opinionibusmte
3452 5383 3594 5437 idem

2009 5479 2201 5534 nititur
2230 5479 2549 5549 approbare.
2578 5479 2716 5536 Dicit
2745 5480 2886 5534 enim
2913 5477 3052 5548 quod
3076 5492 3138 5533 ea
3164 5476 3450 5532 afﬁrmatio
3475 5491 3596 5546 qua

2010 5572 2339 5629 contrarium
2364 5572 2513 5643 ponit
2543 5572 2794 5642 implicita
2822 5582 2876 5627 et
2901 5586 3005 5627 non
3031 5573 3100 5625 sit
3120 5571 3367 5640 simplex.
3392 5570 3597 5625 Idcirco

2008 5675 2188 5720 autem
2219 5666 2475 5735 implicita
2498 5675 2581 5721 est
2608 5667 2749 5738 quod
2779 5680 2899 5737 qua:
2925 5664 3215 5720 arbitratur
3245 5662 3294 5717 id
3327 5664 3467 5734 quod
3503 5664 3596 5715 lto-

2006 5774 2131 5813 num
2158 5770 2241 5815 est
2271 5761 2467 5815 malum
2499 5776 2650 5828 esse,
2683 5778 2802 5817 mox
2840 5760 2983 5814 illam
3016 5774 3230 5831 quoque
3260 5760 3462 5828 cpittat‘i
3498 5776 3594 5813 ne-

2004 5869 2156 5909 cesse
2183 5865 2265 5909 est
2293 5855 2341 5909 id
2372 5855 2516 5925 quod
2545 5856 2738 5910 bonum
2766 5866 2849 5911 est
2874 5856 3071 5911 bonum
3101 5869 3207 5910 non
3236 5868 3383 5910 esse.
3409 5852 3597 5923 Neque

2002 5946 2144 6003 enim
2171 5945 2325 6005 aliter
2351 5947 2544 6004 malum
2574 5963 2693 6006 esse
2736 5958 2929 6018 potest,
2974 5951 3075 6010 nisi
3112 5949 3313 6011 bonum
3350 5962 3461 6009 non
3499 5947 3595 6017 sit,
