4060 6330
530 317 630 376 631

1783 311 1892 367 ΛΝ.
1932 308 2142 368 MANL.
2183 308 2335 369 επεν.
2377 311 2600 369 BOETll
2656 316 2657 319 “

3712 304 3822 365 632

530 436 712 504 Quare
749 432 841 505 qui
879 432 1018 501 quod
1048 432 1244 487 bonum
1288 436 1370 487 est
1400 428 1603 485 malum
1647 441 1767 485 esse
1807 430 2120 493 arbitratur,
2152 430 2286 488 Ain
2317 430 2653 484 substantiis.
2698 427 2792 484 Hic
2824 427 2968 483 enim
3004 425 3136 482 solae
3174 431 3300 480 sunt
3336 420 3619 480 contrariae
3653 436 3820 494 nega-

532 537 588 584 et
620 544 731 582 rem
774 524 968 580 bonam
1005 524 1201 579 malum
1244 530 1416 592 putat,
1451 531 1506 579 et
1530 520 1773 578 eamdem
1808 520 1976 589 ipsam
2016 534 2122 575 non

533 636 656 677 esse
682 620 905 675 bonum.
934 617 1049 673 Non
1093 617 1256 687 igitur
1299 617 1529 686 simplex
1570 626 1655 671 est
1692 615 1807 670 hrec
1845 614 2030 688 opiniq
2060 616 2127 669 de

532 713 697 775 bono,
746 708 999 779 quoniam
1041 709 1239 764 malum
1283 716 1387 775 est,
1428 709 1666 764 continet
1703 708 1847 763 enim
1881 707 2020 764 intra
2068 722 2127 764 se

532 804 681 859 illam
709 802 960 873 quoniam
987 804 1094 857 non
1122 809 1206 858 est
1225 801 1446 857 bonum.
1472 801 1572 867 Qui
1595 815 1723 857 vero
1742 800 1993 871 Opinatur
2018 816 2128 856 non

536 911 657 953 esse
682 897 879 952 bonum
902 894 1044 967 quod
1066 896 1263 951 bonum
1292 905 1405 963 est,
1431 909 1536 951 non
1566 895 1643 950 illi
1670 911 1881 967 quoque
1904 910 2129 952 necesse

533 1000 618 1050 est
647 990 857 1062 epinari
887 990 1139 1062 quoniam
1170 990 1368 1046 malum
1399 999 1502 1046 est.
1550 989 1735 1046 Potest
1763 992 1905 1047 enim
1935 1000 1990 1047 et
2020 1007 2127 1047 non

535 1099 658 1141 esse
705 1083 909 1154 aliquid
940 1084 1138 1139 bonum
1177 1092 1231 1139 et
1266 1085 1465 1139 malum
1497 1098 1603 1139 non
1634 1097 1773 1139 esse.
1823 1084 1999 1153 Atque
2027 1084 2129 1140 hoc

537 1177 751 1248 quidem
780 1176 835 1231 in
870 1177 954 1232 his
984 1176 1260 1232 invenitur
1287 1176 1449 1233 rebus
1480 1176 1532 1231 in
1565 1176 1756 1245 quibus
1792 1176 1971 1245 aliqua
2008 1191 2128 1231 me-

537 1270 709 1326 dietas
741 1271 939 1340 poterit
970 1269 1222 1336 inveniri,
1256 1270 1357 1327 hoc
1389 1284 1603 1341 quoque
1639 1270 1949 1326 cautissime
1978 1269 2157 1339 addi-4

537 1364 638 1421 dit.
678 1365 771 1420 llis
813 1367 973 1436 igitur
1004 1366 1073 1420 ita
1106 1365 1320 1433 positis,
1359 1364 1612 1434 quoniam
1649 1364 2129 1434 contrariiopinio

537 1471 648 1513 non
681 1465 765 1512 est
789 1457 1038 1527 simplex,
1055 1456 1282 1525 simplex
1303 1471 1432 1512 vero
1457 1464 1541 1511 est
1564 1457 1883 1527 negationis,
1906 1470 2129 1512 necesse
2156 1512 2157 1515 η

538 1558 627 1606 εει
663 1558 721 1604 ut
761 1558 948 1606 contra
994 1549 1289 1619 simplicem
1338 1549 1645 1619 opinionem
1683 1551 1909 1620 simplex
1951 1549 2131 1620 potius

538 1642 789 1697 videatur
816 1655 938 1697 esse
967 1641 1315 1697 contrarium.
1351 1641 1445 1697 Est
1474 1650 1651 1698 autem
1694 1642 1920 1712 simplex
1948 1642 2131 1711 opinio

538 1740 692 1811 boni,
716 1740 969 1812 quoniam
1001 1740 1199 1796 bonum
1228 1748 1331 1809 est,
1366 1755 1511 1794 vera.
1539 1738 1777 1809 Simplex
1811 1754 1940 1795 vero
1976 1739 2156 1804 boni,

2231 524 2424 578 tiones.
2476 522 2529 579 Si
2558 536 2685 591 ergo
2715 520 2839 576 huic
2880 518 3163 575 contrariae
3191 516 3427 587 opinioni
3467 532 3587 588 qua:
3631 528 3715 573 est
3752 518 3821 576 de

2232 614 2455 669 homine
2490 616 2740 683 qttoniam
2775 614 2938 668 homo
2974 621 3089 677 est,
3133 611 3220 665 illa
3259 610 3548 688 opponitur
3581 626 3701 682 qua:
3740 622 3822 670 est

2236 707 2303 763 de
2333 706 2549 762 homine
2579 706 2831 776 quoniam
2870 704 3043 759 homo
3066 719 3172 758 non
3210 711 3316 768 est,
3356 704 3701 760 manifestum
3742 701 3823 762 est

2232 801 2287 856 in
2340 799 2459 855 aliis
2508 814 2721 869 quoque
2766 800 2820 854 in
2871 796 3066 868 quibus
3117 797 3470 853 contrarietas
3518 797 3822 867 invenitur,

2232 890 2413 947 locum
2439 891 2841 946 contrarietatis
2864 890 3201 961 negationem
3226 888 3400 957 potius
3415 889 3823 947 obtinere.Nanr

2233 985 2279 1042 si
2310 986 2363 1042 in
2398 985 2479 1041 his
2522 985 2575 1040 in
2621 985 2813 1055 quibus
2854 984 3213 1040 contrarietas
3251 992 3354 1049 est,
3389 993 3445 1038 ut
3482 984 3534 1039 iu
3571 984 3717 1040 bono
3743 985 3824 1041 vel

2232 1077 2397 1142 malo,
2434 1076 2775 1131 manifestum
2819 1085 2903 1132 est
2936 1090 3042 1129 non
3075 1075 3248 1143 potius
3280 1075 3425 1130 illam
3456 1091 3580 1132 esse
3616 1087 3825 1133 contra-

2218 1169 2367 1231 ,riam
2398 1185 2518 1239 qute
2553 1170 2751 1225 bonum
2790 1176 3033 1239 negaret,
3083 1182 3241 1239 quam
3285 1167 3429 1222 illam
3470 1183 3592 1238 qua:
3616 1169 3826 1248 malum

2232 1248 2520 1332 obtineret,
2563 1265 2613 1320 ei
2653 1280 2771 1335 qua:
2808 1263 2859 1318 id
2905 1262 3047 1333 quod
3091 1262 3290 1316 bonum
3330 1271 3414 1317 est
3466 1260 3670 1318 bonum
3712 1278 3827 1321 esse

2234 1360 2550 1421 arbitretur,
2598 1373 2696 1414 nec
2723 1357 2774 1413 in
2806 1357 2889 1413 his
2917 1372 3037 1412 eam
3060 1355 3385 1411 contrariam
3409 1368 3535 1411 esse
3555 1366 3826 1425 oporteret

2233 1455 2288 1511 in
2318 1452 2511 1524 quibus
2548 1452 2903 1508 contrarietas
2935 1450 3077 1505 nulla
3109 1456 3214 1505 est.
3262 1448 3403 1516 Quid
3447 1449 3595 1504 enim
3643 1450 3829 1506 attinet

2234 1564 2358 1605 cum
2390 1548 2458 1603 de
2483 1546 2701 1601 homine
2731 1545 2979 1611 dicimus,
3005 1542 3149 1609 quod
3175 1546 3506 1598 contrarium
3532 1557 3640 1598 non
3670 1544 3829 1600 habet

2236 1642 2310 1698 ibi
2346 1656 2469 1698 esse
2507 1639 2848 1710 negationem
2894 1637 3247 1702 contrariam,
3276 1651 3397 1691 cum
3434 1650 3565 1691 vero
3594 1636 3664 1691 de
3696 1637 3827 1693 bona

2237 1734 2380 1804 quod
2401 1732 2729 1790 contrarium
2764 1731 2926 1787 habet
2946 1730 3029 1795 ibi
3061 1744 3168 1785 non
3195 1742 3357 1793 esse;
3389 1728 3485 1785 sed
3512 1729 3694 1797 potius
3716 1744 3829 1784 eam

540 1832 798 1904 quoniam
831 1832 1028 1888 bonum
1076 1848 1181 1888 non
1211 1841 1315 1894 est.
1347 1832 1501 1889 falsa.
1543 1832 1787 1903 Simplici
1826 1833 1984 1903 igitur
2012 1831 2131 1901 epi-
2164 1819 2215 1881 Β
2241 1841 2362 1897 qua:
2394 1825 2722 1883 contrarium
2761 1822 3028 1893 poneret?
3066 1822 3396 1893 Quocunque
3436 1822 3583 1878 enim
3612 1822 3828 1878 vertitur

540 1926 691 1987 nioni
714 1928 782 1984 de
803 1929 964 1995 bono,
986 1929 1238 1999 quoniam
1262 1929 1460 1985 bonum
1484 1938 1586 1996 est,
1618 1928 1845 1998 simplex
1871 1928 1974 1983 erit
1998 1942 2130 1982 con-

543 2024 711 2079 traria
742 2023 1065 2094 negationis,
1096 2038 1214 2092 quae
1240 2032 1323 2080 est
1346 2023 1494 2091 boni,
1520 2023 1769 2093 quoniam
1796 2037 1899 2077 nou
1928 2029 2009 2076 εει
2038 2020 2136 2075 bo-

543 2130 697 2172 num.
728 2116 862 2171 Tota
885 2132 1015 2173 vero
1038 2117 1124 2172 vis
1146 2117 1303 2187 hujus
1324 2116 1801 2188 argumentationis
1822 2116 1946 2170 hinc
1970 2122 2134 2169 tracta

545 2218 665 2265 est:
690 2208 900 2280 quoties
931 2224 1058 2266 vera
1079 2218 1162 2265 est
1186 2209 1429 2279 quaedam
1458 2209 1776 2279 propositio,
1804 2217 1859 2263 et
1879 2208 1997 2263 duae
2017 2222 2138 2278 quas

547 2315 669 2357 eam
702 2302 968 2371 perimere
1007 2302 1231 2371 possint,
1276 2302 1321 2356 si
1364 2315 1467 2356 una
1507 2315 1692 2359 earum
1724 2300 1853 2356 nihil
1894 2300 2139 2371 indigens

549 2394 775 2451 alterius
802 2409 984 2449 veram
1017 2391 1436 2465 propositionem
1468 2394 1718 2464 perimat,
1761 2393 1965 2464 reliqua
2008 2407 2142 2449 vero

550 2494 749 2556 praeter
772 2486 995 2541 alteram
1023 2486 1264 2541 eamdem
1291 2486 1712 2557 propositionem
1744 2487 2007 2557 perimere
2032 2501 2140 2541 non

550 2580 741 2653 possit,
766 2581 852 2636 illa
885 2581 1052 2652 magis
1082 2579 1307 2635 dicenda
1338 2579 1607 2635 contraria
1631 2587 1734 2647 est,
1762 2593 1881 2648 qua:
1904 2578 2008 2633 sibi
2032 2577 2144 2632 suf-

553 2674 745 2729 liciens
764 2688 864 2729 nec
882 2675 1084 2743 reliqua
1101 2674 1347 2745 indigens
1368 2672 1694 2744 propositam
1716 2672 2141 2743 propositionem

552 2762 1020 2835 perimere'valet;
1044 2780 1225 2821 veram
1258 2775 1435 2820 autem
1459 2763 1882 2835 propositionem
1908 2763 1977 2819 de
2003 2763 2144 2819 bono

554 2859 807 2928 quoniam
840 2858 1036 2913 bonum
1068 2868 1170 2926 est,
1204 2857 1315 2912 sola
1344 2857 1554 2926 negatio
1578 2855 1840 2927 perimere
1868 2856 2147 2925 potest,‘et

554 2949 625 3003 ad
671 2948 811 3004 illius
849 2964 990 3005 verte
1028 2949 1300 3005 interitum
1344 2959 1428 3003 est
1450 2947 1549 3003 sibi
1584 2947 1699 3017 ipsa
1728 2945 1999 3002 sufficiens
2030 2960 2147 3016 qua)

556 3038 706 3110 dicit,
737 3040 988 3110 quoniam
1019 3040 1217 3095 bonum
1251 3055 1357 3095 non
1385 3049 1487 3094 est.
1528 3038 1621 3092 illa
1655 3052 1786 3093 vero
1814 3053 1934 3108 quae
1964 3038 2150 3108 apina-

558 3141 649 3188 tur
676 3134 873 3189 malum
905 3148 1025 3191 esse
1053 3132 1159 3189 sibi
1189 3131 1305 3188 sola
1332 3146 1439 3186 non
1466 3130 1728 3197 sufﬁciet,
1762 3131 1866 3186 nisi
1898 3131 1987 3186 illa
2018 3147 2149 3201 quo-

2241 1918 2475 1989 negatio,
2506 1932 2658 1972 suam
2696 1916 2801 1971 vim
2833 1916 2886 1970 in
2916 1914 3165 1971 omnibus
3204 1928 3422 1970 servare
3457 1914 3635 1971 debet.
3682 1914 3828 1983 Quod

2242 2024 2372 2081 ergo
2400 2009 2596 2065 dicitur
2626 2009 2691 2064 ab
2725 2007 3031 2075 Aristotele,
3062 2015 3119 2062 ut
3140 2007 3371 2064 breviter
3403 2009 3702 2079 explicem,
3734 2008 3827 2065 tale

2243 2109 2359 2158 est:
2389 2100 2435 2156 si
2462 2100 2514 2155 in
2536 2100 2656 2156 aliis
2688 2099 2903 2170 negatio
2928 2108 3014 2155 est
3051 2099 3341 2165 contraria,
3376 2099 3464 2155 hic
3494 2117 3713 2171 quoque
3742 2116 3827 2157 ne-

2242 2192 2514 2264 gationem
2555 2206 2675 2247 esse
2718 2191 3045 2247 contrariam
3085 2190 3426 2247 manifestum
3478 2200 3563 2248 est
3607 2191 3757 2259 Quod
3790 2195 3827 2250 si

2244 2284 2298 2339 in
2347 2283 2468 2340 aliis
2512 2283 2755 2352 minime,
2800 2285 2853 2338 iu
2892 2284 2977 2338 his
3018 2298 3230 2354 quoque
3269 2298 3388 2353 qua:
3432 2297 3597 2354 supra
3639 2286 3827 2350 posuit,

2244 2378 2340 2434 sed
2364 2376 2416 2432 in
2447 2377 2698 2432 omnibus
2724 2376 2844 2432 aliis
2870 2375 2923 2432 in
2949 2376 3146 2448 quibus
3173 2384 3528 2433 contrarietas
3556 2392 3664 2432 non
3690 2378 3829 2433 inve.

2246 2471 2415 2539 nitur,
2437 2470 2791 2526 contradictio
2830 2469 3227 2525 contrarietatis
3249 2469 3426 2525 locum
3464 2477 3633 2537 tenet,
3665 2479 3720 2525 et
3757 2469 3830 2526 bis

2247 2561 2411 2633 igitur
2434 2563 2486 2618 in
2505 2562 2698 2632 quibus
2721 2570 2805 2618 est
2829 2561 3184 2617 contrarietas
3203 2560 3454 2616 eumdem
3470 2560 3648 2616 locum
3671 2576 3831 2633 neque

2247 2656 2411 2711 alium
2436 2656 2661 2722 tenebit,
2692 2655 2837 2727 quod
2879 2653 2963 2709 bis
2991 2653 3169 2711 verbis
3191 2652 3483 2725 explicuit:
3508 2653 3769 2724 Amplius,
3791 2658 3831 2712 si

2248 2749 2411 2806 etiam
2446 2748 2497 2802 in
2525 2748 2645 2804 aliis
2667 2747 2919 2804 similiter
2939 2748 3157 2817 oportet
3180 2760 3240 2802 se
3268 2745 3491 2813 habere,
3509 2754 3563 2802 et
3584 2745 3669 2803 hic
3690 2747 3829 2802 vide-

2248 2840 2396 2897 bitur
2412 2841 2550 2897 bene
2571 2855 2693 2896 esse
2720 2839 2945 2896 dictum.
2970 2838 3102 2895 Nam
3129 2842 3175 2894 si
3202 2839 3257 2895 in
3280 2839 3526 2895 omnibus
3543 2839 3658 2895 aliis
3680 2840 3754 2896 ita
3779 2854 3834 2896 se

2250 2932 2453 2996 habere
2474 2947 2695 2991 necesse
2715 2942 2819 2998 est,
2851 2940 2906 2989 et
2934 2932 2987 2988 in
3014 2932 3099 2989 his
3125 2946 3242 3004 quae
3268 2947 3430 3002 supra
3451 2932 3587 2989 dicta
3614 2942 3740 2989 sunt
3762 2934 3834 2990 ita

2253 3040 2374 3082 sese
2397 3024 2579 3094 habet,
2606 3036 2659 3081 et
2685 3025 2739 3081 id
2762 3025 2902 3096 quod
2935 3025 3135 3082 dictum
3158 3033 3241 3083 est
3268 3026 3473 3097 optime
3496 3025 3697 3083 dictum
3722 3042 3834 3085 esse

2255 3119 2544 3197 videbitur.
2575 3122 2682 3175 Aut
2719 3119 2863 3174 enim
2899 3118 3095 3191 ubique
3120 3134 3182 3176 ea
3212 3134 3331 3190 qua:
3357 3128 3442 3175 est
3468 3121 3835 3177 contradictio.

559 3240 665 3296 que
697 3225 1081 3294 ei‘auxilietur,
1110 3240 1230 3296 qua:
1254 3232 1337 3280 est
1365 3222 1418 3279 id
1446 3222 1589 3294 quod
1616 3222 1815 3278 bonum
1846 3232 1929 3278 est
1949 3222 2149 3279 bonum

2256 3211 2365 3278 nis,
2380 3219 2469 3267 aut
2494 3225 2755 3282 nusquam
2780 3210 2974 3266 alicubi
2997 3209 3219 3282 quidem
3241 3213 3570 3267 contrariam
3592 3212 3835 3284 reperiet.

550 3334 671 3375 rion
702 3334 842 3376 esse.
892 3317 1096 3374 Idcirco
1126 3320 1267 3375 enim
1296 3316 1567 3375 contraria
1608 3317 1754 3373 illam
1786 3317 1982 3384 aufert,
2029 3318 2155 3388 quia

559 3426 748 3469 aecum
778 3412 1089 3483 negationes
1125 3412 1307 3478 trahit,
1354 3410 1698 3469 manifestum
1739 3418 1822 3466 est
1862 3409 2000 3464 hanc
2037 3424 2156 3480 qua:

562 3504 639 3559 ad.
676 3519 818 3561 verre
870 3505 1256 3576 propositionis
1299 3505 1571 3561 interitum
1620 3504 1721 3560 sibi
1767 3504 1883 3574 ipsa
1926 3501 2155 3569 sufficit,

562 3606 712 3654 recte
732 3599 901 3670 magis
925 3599 1246 3654 contrariam
1268 3598 1436 3654 videri
1464 3613 1622 3668 quam
1645 3613 1763 3667 quae
1790 3596 1888 3653 sibi
1915 3597 2027 3667 ipsa
2051 3611 2158 3651 non

564 3690 788 3755 sufﬁcit,
819 3691 918 3747 nisi
947 3693 997 3747 ei
1027 3690 1107 3747 vis
1136 3692 1398 3762 negativae
1429 3689 1809 3761 propositionis
1836 3688 2084 3744 addatur.

640 3783 875 3852 Amplius
902 3783 947 3835 si
973 3783 1123 3836 etiam
1149 3781 1385 3835 similiter
1408 3783 1464 3836 in
1491 3782 1611 3836 aliis
1636 3789 1833 3853 Oportet
1859 3796 1912 3834 se
1950 3780 2155 3845 habere,

570 3883 618 3929 et
659 3875 740 3927 hic
777 3875 1028 3929 videbitur
1059 3877 1181 3929 bene
1206 3886 1312 3930 esse
1342 3876 1553 3930 dictant.
1588 3876 1688 3929 Aut
1722 3876 1855 3929 enim
1894 3875 2076 3944 ubique
2103 3892 2163 3929 ea

571 3982 689 4036 qua:
726 3974 801 4022 est
837 3968 1197 4034 contradictio,
1236 3976 1324 4020 aut
1361 3984 1627 4036 nusquam.
1675 3966 1871 4031 Quibus
1907 3982 2022 4022 vero
2060 3982 2162 4020 non

573 4067 651 4111 est
679 4050 1102 4126 contrarium,°de
1128 4060 1206 4113 his
1229 4058 1430 4128 quidem
1458 4067 1530 4113 est
1561 4060 1695 4131 falsa
1718 4077 1779 4115 ea
1798 4076 1912 4129 qua:
1936 4068 2009 4115 est
2036 4075 2165 4115 vera:

575 4154 834 4223 apposita,
878 4162 935 4207 ut
971 4154 1057 4222 qui
1096 4152 1348 4207 hominem
1377 4170 1477 4208 non
1506 4160 1651 4222 putat
1685 4154 1959 4221 hominem,
2003 4153 2165 4225 falsus

578 4255 673 4300 est.
712 4246 775 4301 Si
813 4261 934 4316 ergo
964 4245 1042 4301 ha:
1072 4246 1345 4301 contraria:
1376 4255 1513 4314 sunt,
1554 4247 1707 4301 etiam
1746 4246 1861 4301 alite
1898 4262 2014 4315 qua:
2049 4256 2167 4303 sunt

579 4337 1010 4393 contradictiones
1968 4382 1969 4385 η

653 4429 807 4498 Quod
833 4430 900 4485 de
925 4429 1029 4495 bis,
1053 4429 1244 4501 inquit,
1273 4430 1726 4501 propositionibus
1746 4430 1973 4486 dicimus
1998 4430 2040 4485 si
2069 4430 2169 4487 hoc

584 4522 639 4577 in
667 4520 915 4577 omnibus
944 4521 1236 4589 invenitur,
1270 4523 1479 4576 firmum
1519 4521 1676 4576 debet
1716 4535 1835 4575 esse
1865 4522 2005 4591 quod
2032 4521 2167 4576 dici-

2258 3302 2468 3361 Alicubi
2492 3318 2622 3360 vero
2644 3304 2888 3370 minime,
2904 3304 3098 3375 quibus
3120 3318 3249 3360 vero
3267 3318 3374 3360 non
3393 3315 3476 3361 est
3496 3308 3836 3371 contrarium,

2246 3403 2319 3469 rut
2340 3396 2393 3451 in
2422 3396 2745 3453 substantiis
2766 3397 2819 3452 in
2849 3397 3043 3467 quibus
3072 3398 3217 3454 nulla
3239 3407 3322 3455 est
3347 3400 3841 3459 contrarietasJioc

2259 3492 2401 3546 enim
2435 3505 2555 3559 nos,
2587 3492 2629 3548 si
2662 3491 2797 3548 bene
2823 3491 3191 3560 meminimus,
3208 3493 3631 3564 pratdicamenta
3658 3496 3844 3551 docue-

2261 3592 2425 3641 runt:
2460 3584 2527 3640 de
2574 3584 2655 3639 his
2689 3595 2772 3642 est
2810 3586 3026 3657 quidem
3064 3585 3197 3640 falsa
3234 3601 3296 3642 ea
3336 3602 3457 3658 qua:
3491 3596 3577 3643 est
3612 3588 3846 3659 opposita

2264 3692 2428 3746 verae,
2476 3678 2532 3733 id
2563 3686 2645 3733 est
2687 3678 2740 3733 in
2772 3677 2855 3733 his
2897 3679 3169 3734 invenitur
3199 3678 3414 3749 quidem
3445 3680 3692 3750 opposita
3724 3680 3849 3736 falsa

2264 3771 2447 3842 opinio
2493 3784 2634 3825 vera:
2677 3770 2939 3840 opinioni,
2978 3770 3075 3827 sed
3114 3785 3235 3842 quae
3263 3771 3333 3827 sit
3372 3772 3474 3826 ista
3514 3772 3850 3829 manifestum

2265 3871 2368 3920 est.
2400 3863 2532 3918 Nam
2564 3863 2655 3919 ubi
2697 3862 2839 3918 nulla
2865 3864 3221 3919 contrarietas
3252 3872 3354 3930 est,
3381 3864 3548 3934 liquet
3587 3866 3853 3922 contradi-

2265 3962 2461 4017 ctionis
2488 3976 2610 4019 esse
2637 3962 3100 4029 contrarietatem,
3129 3961 3303 4032 utqui
3331 3961 3605 4017 hominem
3629 3976 3736 4018 non
3765 3977 3854 4032 pus

2269 4061 2345 4108 tat
2375 4052 2673 4124 hominem,
2706 4054 2872 4109 falsus
2898 4061 3001 4109 est.
3044 4053 3156 4109 Hoc
3182 4054 3327 4109 enim
3360 4053 3476 4110 sola
3505 4056 3855 4112 contrarietas

2270 4163 2413 4204 verre
2451 4148 2830 4219 propositionis
2867 4149 3155 4205 invenitur.
3187 4149 3243 4204 Si
3279 4164 3406 4222 ergo
3451 4149 3536 4206 ine
3575 4152 3855 4207 contrariae

2272 4251 2418 4306 sunt,
2441 4252 2495 4299 et
2516 4242 2625 4299 illas
2652 4241 2771 4298 aliae
2801 4258 2922 4313 qua;
2961 4252 3088 4298 sunt
3116 4242 3577 4312 contradictionis,
3612 4244 3669 4299 id
3708 4255 3789 4301 cst
3813 4246 3854 4300 si

2272 4335 2326 4390 in
2372 4336 2456 4391 his
2496 4350 2614 4405 qua:
2654 4316 3093 4390 contrarietatem
3134 4349 3241 4390 non
3284 4332 3504 4400 habent,
3549 4336 3857 4407 negationes

2275 4435 2403 4483 sunt
2443 4428 2728 4483 contraria:
2766 4426 3013 4499 (necesse
3046 4435 3128 4483 est
3158 4427 3300 4482 enim
3331 4425 3537 4496 aliquas
3574 4442 3697 4483 esse
3733 4442 3857 4483 con-

2276 4524 2518 4594 trarias),
2550 4524 2602 4579 in
2631 4523 2749 4579 aliis
2782 4522 3033 4579 omnibus
3071 4523 3231 4578 etiam
3270 4523 3322 4578 in
3357 4522 3553 4594 quibus
3581 4530 3665 4578 est
3692 4523 3856 4593 aliqua

586 4629 728 4670 mus.
758 4612 944 4683 Neque
969 4612 1111 4669 enim
1142 4614 1430 4669 verisimile
1456 4621 1538 4669 est
1565 4614 1615 4667 in
1651 4612 1771 4668 aliis
1799 4613 2012 4683 quidem
2041 4629 2168 4684 pro-
2194 4608 2247 4670 D
2271 4616 2644 4679 contrarietas,
2688 4623 2747 4671 ut
2787 4614 2929 4670 bono
2951 4624 3006 4671 et
3028 4614 3191 4682 malo,
3219 4617 3430 4686 negatio
3459 4615 3640 4672 locum
3664 4615 3860 4672 obtinet

588 4704 947 4778 positionibus
974 4707 1289 4778 negationes
1316 4721 1435 4762 esse
1472 4705 1791 4762 contrarias.
1819 4706 1872 4759 In
1904 4707 2023 4761 aliis
2047 4721 2172 4763 vero

511 4861 522 4871 ο
590 4798 993 4863 afﬁrmationes,
1018 4812 1135 4868 quae
1165 4799 1490 4853 contrarium
1523 4807 1746 4867 ponunt.
1778 4797 1881 4853 Sed
1911 4796 1957 4852 si
1988 4797 2089 4853 hoc
2120 4798 2171 4852 in

592 4890 841 4947 oumibus
870 4890 1324 4969 propositionibus
1352 4891 1620 4945 invenitur
1656 4899 1710 4946 et
1738 4889 2177 4946 contradictioni-

558 5036 561 5039 ,
591 4983 717 5049 bus,
751 4992 807 5038 ut
826 4982 1181 5038 contradictio
1205 4982 1385 5052 potius
1411 4984 1678 5038 contraria
1711 4985 1800 5050 sit,
1827 4985 1983 5039 idest
2012 4999 2176 5055 nega-

593 5077 671 5130 tio
698 5089 858 5144 quam
877 5089 999 5145 quae
1014 5074 1342 5129 contrarium
1361 5074 1535 5142 habet,
1555 5074 1684 5129 nihil
1709 5085 1789 5131 est
1811 5074 2031 5131 dubium
2053 5076 2183 5147 quin

597 5166 715 5222 haec
756 5166 893 5221 ratio
919 5165 1177 5223 consistat
1207 5165 1260 5220 in
1292 5164 1557 5221 omnibus.
1603 5166 1696 5224 Sin
1729 5181 1855 5222 vero
1888 5169 1938 5221 in
1971 5167 2090 5223 aliis
2118 5180 2184 5222 ea

598 5274 719 5327 quae
745 5259 1071 5323 contrarium
1103 5258 1252 5328 ponit
1281 5258 1447 5329 magis
1485 5259 1752 5316 contraria
1779 5268 1861 5316 est
1901 5275 2060 5330 quam
2089 5275 2185 5316 ue-

600 5351 763 5423 gatio.
793 5350 890 5406 Hic
915 5365 1125 5421 quoque
1164 5350 1236 5405 ita
1282 5366 1403 5408 sese
1433 5353 1771 5409 manifestum
1813 5360 1896 5408 est
1936 5367 2040 5409 non
2085 5351 2184 5407 ha-

600 5445 754 5508 bere,
790 5442 877 5498 ubi
908 5444 1049 5498 enim
1093 5442 1324 5499 inveniri
1363 5452 1542 5515 potest
1587 5446 1961 5509 contrarietas,
2004 5443 2061 5501 in
2103 5444 2187 5501 his

603 5534 864 5591 dubitatio
886 5543 1231 5605 estqutenam
1261 5536 1332 5592 sit
1356 5537 1643 5602 contraria,
1675 5546 1925 5593 utrumne
1964 5552 2026 5592 ea
2066 5551 2186 5607 qute

606 5629 936 5687 contrarium
970 5628 1217 5696 afﬁrmat,
1264 5645 1331 5685 an
1363 5645 1424 5685 ea
1455 5645 1575 5699 quae
1606 5629 1655 5685 id
1684 5630 1823 5700 quod
1853 5632 2185 5700 propositum

609 5729 694 5778 est
737 5732 914 5791 negat.
959 5723 1097 5793 Ergo
1139 5724 1190 5777 in
1235 5721 1316 5778 his
1356 5723 1412 5778 in
1457 5722 1649 5792 quibus
1695 5722 1914 5779 dubium
1952 5738 2057 5780 nou
2106 5732 2190 5781 est

610 5814 1060 5880 quemadmodum
1092 5816 1281 5869 sithoc
1307 5815 1687 5882 speculandum
1714 5826 1812 5873 est.
1842 5815 2066 5874 Dubium
2099 5832 2189 5874 au-

610 5918 712 5963 tem
752 5923 859 5965 non
891 5914 973 5963 cst
1003 5906 1056 5963 in
1087 5906 1171 5973 lli;
1194 5905 1244 5963 in
1273 5906 1463 5980 quibus
1492 5923 1598 5971 non
1627 5919 1708 5971 est
1733 5912 2101 5985 contrarietas,
2133 5919 2193 5970 ut

2280 4708 2693 4763 contrarietatis.

2351 4800 2609 4871 Amplius,
2655 4800 2886 4855 similiter
2934 4816 2987 4854 se
3018 4799 3204 4855 habent
3232 4800 3351 4855 boni
3393 4802 3640 4872 quoniam
3679 4800 3861 4854 bonum

2281 4900 2376 4958 est,
2406 4904 2454 4946 et
2500 4908 2603 4946 non
2632 4892 2751 4947 boni
2780 4893 3018 4961 quoniam
3048 4908 3150 4948 non
3198 4892 3383 4948 bonum
3416 4900 3512 4962 est,
3554 4898 3606 4948 ιε
3655 4894 3725 4948 ad
3753 4893 3862 4959 has,

2286 4984 2404 5039 boni
2429 4984 2672 5055 quoniam
2702 5001 2806 5039 non
2827 4985 3017 5038 bonum
3036 4992 3113 5039 est
3131 5026 3146 5052 ,
3178 4995 3225 5040 et
3255 5003 3356 5041 non
3382 4986 3501 5041 boni
3520 4987 3764 5058 quoniam
3789 4988 3865 5039 bo-

2287 5095 2412 5133 num
2440 5086 2537 5135 est.
2569 5076 2661 5133 Illi
2688 5095 2806 5153 ergo
2848 5095 2962 5151 qua:
3005 5095 3109 5133 non
3139 5079 3259 5135 boni
3284 5082 3527 5151 quoniam
3557 5098 3659 5136 non
3687 5082 3864 5135 bonum

2242 5224 2245 5225 ν
2289 5178 2385 5238 est,
2411 5186 2543 5226 vera:
2571 5171 2800 5241 opinioni
2820 5186 3054 5243 quanam
3082 5181 3153 5225 est
3182 5172 3473 5226 contraria?
3506 5171 3628 5227 Non
3657 5172 3790 5226 enim
3813 5187 3868 5226 ea

2289 5280 2406 5334 qua:
2434 5264 2558 5318 dicit
2586 5264 2825 5333 quoniam
2861 5264 3057 5318 malum
3092 5272 3199 5331 est,
3247 5262 3403 5318 simul
3430 5264 3565 5319 enim
3600 5263 3871 5333 aliquando

2291 5363 2437 5410 erunt
2470 5370 2620 5410 verre.
2671 5353 2947 5425 Nunquam
2972 5363 3140 5409 autem
3164 5370 3283 5412 vera
3309 5370 3442 5411 uera:
3489 5355 3753 5410 contraria
3779 5362 3868 5408 est.

2250 5502 2253 5503 ν
2291 5447 2385 5502 Est
2411 5452 2546 5504 enim
2565 5448 2812 5519 quiddam
2841 5464 2944 5503 non
2968 5449 3176 5519 bonum,
3208 5452 3426 5517 malum,
3453 5466 3613 5521 quare
3633 5448 3874 5519 contingit

2249 5608 2254 5613 ν
2294 5542 2450 5601 simul
2476 5558 2583 5597 esse
2603 5558 2766 5597 veras.
2797 5542 2859 5596 At
2886 5558 3005 5597 vero
3032 5558 3120 5597 uec
3146 5543 3241 5597 illa
3260 5559 3375 5614 qua:
3400 5552 3472 5599 est
3499 5543 3747 5613 quoniam
3778 5555 3876 5594 non

2246 5684 2249 5691 ,
2296 5635 2508 5702 malum,
2539 5647 2657 5691 vera
2683 5634 2816 5689 enim
2839 5643 2887 5688 et
2908 5635 3033 5702 ha'c,
3059 5635 3212 5688 simul
3239 5634 3445 5701 enimet
3475 5633 3556 5688 har
3581 5642 3752 5689 erunt.
3782 5631 3875 5689 Rev

2246 5794 2253 5801 ,
2298 5730 2545 5801 linquitur
2572 5744 2693 5801 ergo
2721 5729 2766 5783 ei
2787 5743 2901 5799 qua:
2929 5736 3001 5782 est
3027 5744 3129 5781 non
3160 5727 3379 5794 bonum,
3401 5728 3645 5800 quoniam
3668 5742 3772 5780 non
3796 5724 3880 5781 bo-

2246 5880 2251 5881 ,
2299 5840 2420 5879 num
2448 5832 2539 5891 est,
2570 5824 2850 5892 Contraria,
2896 5837 2955 5877 ea
2982 5837 3094 5892 qua:
3130 5830 3202 5876 est
3232 5839 3336 5880 non
3376 5822 3492 5878 boni
3520 5821 3767 5893 quoniam
3797 5818 3881 5873 bo-

2302 5932 2421 5973 num
2451 5928 2559 5983 est;
2611 5917 2746 5985 [alsa
2776 5914 2905 5971 enim
2949 5914 3079 5971 hwc.
3112 5915 3283 5981 Quare
3329 5922 3463 5974 et'ea
3504 5930 3619 5985 qua'
3647 5922 3722 5974 est
3760 5908 3881 5970 boui
