4060 6330
229 325 343 391 653

962 306 1028 365 IN
1068 300 1324 363 LIBRUM
1364 300 1452 357 DE
1490 289 2133 355 INTERI’RETATIONE
2175 288 2403 345 EDITIO
2437 284 2775 345 SECUNDA.

3411 281 3519 343 634

232 445 475 523 quoniam
499 454 600 496 non
626 436 807 492 bonum
832 436 926 495 est,
952 426 995 479 ei
1033 437 1145 494 qua:
1189 430 1262 476 est
1292 412 1408 474 boni
1436 413 1678 486 quoniam
1721 409 1813 464 bo-
1845 412 1899 470 Α
1922 404 1995 460 ita
2024 404 2158 459 alius
2190 402 2500 473 prmcedens
2522 401 2585 456 ad
2615 400 2775 455 alium
2826 404 3140 469 sequentem
3193 395 3314 462 erit,
3367 405 3421 451 et
3464 405 3521 451 ut

1937 498 2243 523 .._.......a......
2275 497 2339 523 ...1
2387 495 2775 523 ..-ωηΑιιηΑ-..η
2840 494 2907 523 ιι..
2940 506 3166 523 anne-nnc
3191 491 3254 523 ml
3285 505 3517 523 εοιιηωι-

234 557 359 596 num
378 545 473 592 est.

307 630 652 697 Quaecunque
690 615 940 688 superius
980 611 1122 667 dicta
1161 615 1308 671 sunt,
1357 616 1418 659 ea
1468 611 1657 655 rursus
1696 593 1830 649 vali-

235 692 392 781 diore
439 734 533 790 per
569 692 969 787 proportionem
1024 699 1484 783 argumentatione
1526 692 1826 749 confirmat.

174 815 189 827 ’
238 780 525 885 Proportio
550 817 727 863 autem
768 811 858 859 est
898 780 1074 856 rerum
1106 799 1247 869 inter
1289 806 1347 846 se
1389 788 1620 844 invicem
1643 780 1833 839 simili-

239 874 395 966 tudo.
428 904 485 961 Si
519 902 680 973 igitur
712 897 897 969 posita:
924 893 1032 948 sint
1059 904 1146 945 res
1184 894 1431 956 quatuor,
1462 892 1686 950 quarum
1713 874 1832 931 dum

254 1001 363 1055 sint
392 966 775 1068 praecedentes,
799 985 1017 1056 reliqua:
1040 988 1345 1066 sequentes,
1369 980 1426 1029 et
1452 971 1531 1026 sic
1560 984 1618 1025 se
1639 966 1835 1022 habeat

247 1061 418 1166 prima
449 1088 517 1145 ad
561 1082 851 1142 secundam
883 1061 1334 1149 quemadmodum
1367 1064 1525 1121 tertia
1566 1061 1634 1117 ad
1664 1074 1831 1163 quoar-

250 1152 383 1253 iam,
418 1195 641 1239 necesse
667 1188 749 1234 est
789 1176 862 1230 ita
899 1187 957 1227 se
1002 1169 1201 1224 habere
1245 1163 1471 1235 primam
1503 1157 1568 1213 ad
1619 1152 1833 1212 tertiam

247 1282 694 1361 quemadmodum
727 1275 886 1340 fuerit
914 1267 1146 1327 secunda
1175 1264 1241 1319 ad
1270 1271 1536 1334 quartam.
1561 1257 1673 1313 Hoc
1692 1254 1837 1310 enim

248 1347 424 1452 ipsum
484 1370 718 1430 breviter
768 1365 1128 1431 lacillimeque
1178 1354 1417 1413 numeris
1474 1347 1835 1422 agnoscimus.

252 1438 335 1531 Sit
362 1469 503 1525 enim
548 1465 751 1537 primus
778 1472 1035 1515 numerus
1073 1455 1130 1521 2,
1161 1448 1427 1508 secundus
1457 1447 1491 1502 6
1538 1454 1725 1499 rursus
1755 1438 1837 1492 in-

252 1562 592 1626 choantibus,
627 1557 818 1614 tertius
845 1554 901 1621 4,
933 1560 1155 1623 quartus
1196 1546 1289 1601 12.
1318 1544 1375 1598 1η
1407 1542 1491 1596 his
1522 1538 1679 1608 igitur
1701 1545 1840 1604 prat-

252 1656 509 1715 cedentes
525 1638 740 1724 quidem
767 1653 893 1702 sunt
912 1644 1019 1699 duo
1039 1649 1094 1696 et
1121 1648 1372 1710 quatuor,
1399 1635 1683 1715 sequentes
1715 1635 1844 1677 vero

253 1765 352 1807 sex
382 1757 437 1805 et
475 1720 775 1802 duodecim.
816 1739 965 1795 Sicut
1003 1745 1181 1791 autem
1209 1730 1316 1786 duo
1361 1726 1427 1781 ad
1466 1738 1582 1791 sex,
1615 1720 1684 1773 ita
1716 1729 1847 1787 qua-

1937 498 2246 570 praacedens
2275 497 2341 551 ad
2387 495 2800 566 praecedentem,
2840 494 2909 547 ita
2940 506 3170 561 sequens
3190 491 3256 545 ad
3285 505 3518 560 sequen-

1937 602 2043 648 tem
2063 608 2078 656 ;
2104 590 2199 645 sed
2224 590 2286 644 ad
2305 598 2533 657 quatuor
2550 591 2638 658 qui
2666 597 2787 641 sunt
2809 584 3178 656 praecedentes
3199 582 3304 637 duo
3329 583 3521 639 medie-

1936 694 2019 741 tas
2045 695 2146 751 εει,
2182 692 2237 738 ει
2258 697 2350 737 sex
2382 682 2541 753 igitur
2565 680 2632 734 ad
2655 679 2934 751 duodecim
2962 676 3224 732 medietas
3252 686 3355 730 est.
3384 674 3526 744 Ergo

1938 781 1991 836 in
2023 778 2167 834 omni
2203 777 2548 847 proportione
2580 774 2680 829 hoc
2702 772 3007 843 respicitur,
3029 770 3155 825 dum
3177 777 3283 835 est,
3312 769 3449 840 quod
3479 775 3527 823 si

1937 873 2006 929 de
2044 879 2271 943 quatuor
2320 867 2611 939 propositis
2640 867 2801 920 rebus
2849 866 2985 919 sicut
3030 863 3198 932 prima
3230 869 3316 917 est
3350 858 3416 914 ad
3446 873 3530 914 se—

1938 964 2190 1033 cundam,
2227 962 2300 1016 ita
2333 961 2486 1015 tertia
2517 959 2582 1013 ad
2610 966 2875 1027 quartam,
2910 956 3013 1010 erit
3041 963 3097 1009 ut
3124 954 3294 1036 prima
3320 952 3383 1006 ad
3417 960 3529 1005 ter-

1940 1057 2091 1122 tiam,
2116 1055 2188 1110 ita
2216 1051 2447 1109 secunda
2474 1051 2540 1105 ad
2565 1058 2827 1121 quartam.
2860 1046 2964 1101 [Sta
2994 1047 3155 1118 igitur
3186 1058 3530 1101 numerorum

1941 1148 2219 1221 proportio
2243 1145 2309 1200 ad
2343 1143 2770 1214 prepositionum
2797 1138 2905 1193 vim
2933 1145 3286 1207 naturamque
3309 1133 3533 1191 transfe-

1941 1250 2110 1306 ratur,
2158 1238 2372 1305 sintque
2394 1235 2513 1290 dum
2537 1231 2935 1304 propositiones
2968 1229 3150 1298 prima:
3181 1243 3406 1296 quarum
3429 1240 3533 1280 una

1944 1331 2279 1405 praecedens,
2309 1330 2475 1384 altera
2505 1340 2755 1398 sequens,
2794 1332 2851 1379 et
2880 1323 2996 1378 alia)
3025 1336 3215 1377 rursus
3247 1321 3366 1396 dpa:
3397 1320 3551 1390 qua;

1944 1441 2063 1483 rum
2097 1439 2199 1480 una
2230 1422 2565 1495 praecedens,
2597 1421 2767 1475 altera
2810 1417 3058 1473 similiter
3095 1430 3355 1486 sequens,
3400 1424 3454 1470 et
3484 1396 3543 1470 in.

1946 1520 2031 1575 his
2051 1518 2123 1574 sit
2142 1516 2316 1587 aliqua
2341 1510 2657 1569 similitudo.
2691 1510 2746 1567 Si
2779 1510 2922 1565 enim
2945 1508 3115 1579 prima
3137 1506 3263 1572 boni
3282 1505 3535 1576 quoniam

1948 1613 2146 1670 bonum
2176 1620 2281 1678 εει,
2332 1609 2470 1664 hanc
2515 1606 2755 1678 sequitur
2797 1603 2954 1669 boni,
3005 1602 3257 1673 quoniam
3294 1615 3399 1655 nou
3434 1599 3535 1654 bo-

1950 1723 2077 1763 num
2106 1714 2207 1762 est.
2244 1704 2451 1759 Rursus
2494 1703 2565 1757 sit
2593 1698 2906 1771 praecedens
2932 1697 3086 1753 tertia
3118 1710 3223 1751 non
3254 1693 3378 1750 boni
3408 1708 3538 1764 quo-

255 1855 381 1902 tuor
412 1842 478 1900 ad
506 1838 811 1897 duodecim.
843 1834 974 1890 Nam
1008 1830 1144 1886 sicut
1173 1826 1281 1882 duo
1310 1818 1507 1876 senarii
1540 1814 1693 1871 tertia
1722 1823 1843 1880 pars
1874 1822 1923 1885 Β
1952 1801 2095 1856 niam
2129 1814 2233 1854 non
2284 1797 2482 1852 bonum
2512 1803 2615 1863 est,
2661 1794 2800 1848 hanc
2848 1801 3027 1873 autem
3078 1802 3310 1860 sequens
3352 1793 3539 1858 quarta

255 1945 359 2004 est,
391 1935 462 1990 ita
492 1927 865 2003 quaternarius
884 1916 1202 1979 duodenarii
1233 1913 1387 1971 tertia
1416 1922 1539 1981 pars
1566 1912 1671 1960 est.
1704 1900 1841 1968 Quo-

255 2001 396 2089 circa
440 2001 576 2086 sicut
603 2019 974 2097 quaternarius
1023 2007 1336 2085 praecedens
1385 2001 1453 2058 ad
1481 2003 1837 2068 sequentem,

978 2125 1376 2186 Praecedentes.

722 2209 775 2264 i.
816 2204 947 2261 Boni
977 2198 1228 2272 quoniam
1255 2195 1455 2272 bonum
1484 2192 1586 2272 est.

721 2256 777 2335 ξ).
816 2256 1083 2332 ᾗὸιιίϋὸηί
1109 2268 1362 2339 quoniam
1391 2275 1501 2317 non
1525 2257 1725 2311 bonum
1760 2256 1867 2305 est.

263 2397 621 2473 Perspiciatur
659 2394 821 2466 igitur
846 2391 900 2447 in
930 2390 1015 2445 his
1043 2402 1162 2458 quae.
1186 2385 1258 2440 sit
1286 2375 1580 2437 similitudo
1618 2383 1848 2444 pr0por-

265 2465 489 2553 tiontim.
513 2489 612 2546 Est
636 2465 780 2543 enim
812 2491 873 2539 ut
901 2482 1074 2553 prima
1098 2475 1247 2543 boni,
1274 2471 1524 2543 quoniam
1547 2466 1744 2520 bonum
1770 2465 1855 2515 εει

267 2586 334 2644 ιὰ
363 2583 651 2642 secundam
672 2579 822 2646 boni,
855 2574 1106 2648 quoniam
1120 2572 1321 2627 bonum
1350 2579 1455 2619 non
1479 2569 1581 2626 est,
1606 2558 1676 2612 ita
1699 2554 1852 2609 tertia

268 2693 376 2737 non
406 2676 533 2733 boni
578 2671 831 2745 quoniam
863 2669 1061 2723 bonum
1090 2678 1197 2719 non
1228 2668 1344 2725 est,
1380 2655 1446 2711 ad
1478 2659 1719 2724 quartam
1748 2658 1852 2699 non

269 2771 396 2827 boni
428 2766 680 2838 quoniam
710 2764 909 2819 bonum
959 2768 1061 2813 εει.
1090 2755 1226 2811 Nam
1257 2753 1393 2807 sicut
1434 2744 1561 2802 boni
1604 2737 1854 2810 quoniam

271 2834 468 2923 bonum
501 2871 582 2918 est
609 2873 735 2915 vera
760 2853 1063 2930 propositio
1089 2858 1193 2918 est,
1219 2846 1347 2902 falsa
1376 2849 1553 2898 autem
1576 2834 1701 2892 boni
1723 2844 1854 2902 quo-

272 2958 420 3015 niam
461 2970 570 3010 non
600 2961 681 3008 est
705 2927 926 3013 bonum,
960 2946 1031 3001 ita
1061 2955 1273 3014 quoque
1314 2952 1417 2993 non
1450 2932 1572 2988 boni
1603 2927 1855 3000 quoniam

276 3063 388 3107 non
415 3055 497 3102 est
525 3045 748 3109 bonum,
783 3054 909 3097 vera
931 3033 1231 3109 propositio
1254 3038 1357 3097 est,
1390 3027 1521 3082 falsa
1553 3028 1728 3077 autem
1752 3030 1858 3072 non

278 3141 407 3199 boni
436 3136 688 3210 quoniam
731 3108 815 3191 est
858 3108 1076 3187 bonum.
1105 3125 1259 3195 Quod
1302 3123 1345 3178 si
1375 3121 1447 3176 ita
1476 3124 1559 3173 est
1590 3122 1646 3171 ει
1664 3108 1859 3168 eodem

279 3233 440 3293 modo
453 3202 582 3289 sese
605 3229 766 3286 habet
791 3226 973 3298 opinio
1003 3221 1130 3279 boni
1156 3218 1407 3292 quoniam
1428 3215 1631 3270 bonum
1656 3215 1759 3273 est,
1796 3202 1864 3259 ad
1894 3242 1941 3307 C

280 3330 588 3404 opinionem
617 3341 738 3399 qua:
789 3333 871 3381 εει
898 3321 1024 3377 boni
1079 3308 1582 3391 quoniam‘bouum
1611 3318 1718 3361 non
1762 3306 1865 3366 est,

283 3397 731 3496 quemadmodum
759 3416 919 3473 etiam
951 3411 1133 3484 opinio
1176 3424 1288 3465 non
1329 3404 1453 3460 boni
1484 3397 1733 3473 quoniam
1763 3406 1870 3447 non

284 3516 486 3573 bonum
514 3521 619 3581 εει,
648 3511 714 3567 ad
743 3510 1052 3580 opinionem
1082 3519 1189 3561 non
1231 3500 1357 3557 boni
1388 3493 1641 3567 quoniam
1673 3489 1872 3581 bonum

286 3616 388 3677 est,
421 3615 476 3664 et
495 3576 949 3677 quemadmodum
971 3614 1031 3654 se
1060 3596 1223 3652 habet
1250 3591 1423 3664 prima
1450 3585 1516 3641 ad
1542 3582 1777 3641 tertiam,
1801 3576 1873 3631 ita

782 3712 1175 3771 Praecedentes.

583 3790 638 3846 1.
680 3787 798 3844 Non
827 3784 952 3840 boni
973 3782 1226 3853 quoniam
1255 3777 1457 3853 bonum
1482 3785 1588 3853 non
1614 3771 1697 3822 est

579 3862 636 3915 5.
676 3858 794 3915 Non
818 3857 945 3913 boni
970 3848 1222 3925 quoniam
1255 3848 1454 3903 bonum
1478 3850 1561 3899 est

296 4068 370 4127 Ut
410 4066 569 4138 igitur
596 4062 842 4134 superius
873 4064 1298 4115 demonstratum
1328 4058 1432 4113 est,
1460 4047 1533 4103 ita
1563 4058 1682 4101 sese
1719 4039 1879 4096 habet

297 4160 483 4232 opinio
531 4172 633 4213 non
663 4158 791 4212 boni
842 4152 1093 4225 quoniam
1124 4164 1231 4205 non
1279 4147 1607 4205 bonumest,
1655 4136 1722 4193 ad
1762 4148 1881 4190 eam

298 4252 610 4325 Opinionem
639 4264 758 4320 qua:
787 4251 868 4304 est
889 4246 1015 4301 boni
1045 4241 1302 4313 quoniam
1326 4239 1525 4292 bonum
1557 4243 1660 4297 est,
1696 4244 1883 4300 quem-

298 4323 586 4400 admodum
618 4354 723 4395 non
757 4337 882 4393 boni
903 4334 1153 4407 quoniam
1185 4333 1386 4387 bonum
1406 4336 1507 4391 est,
1532 4323 1599 4378 ad
1623 4336 1741 4403 eam
1765 4333 1886 4389 quae

299 4442 385 4492 est
410 4432 536 4489 boni
558 4433 811 4501 quoniam
834 4442 942 4483 non
975 4426 1174 4481 bonum
1196 4430 1298 4478 est.
1331 4418 1398 4475 Ut
1430 4418 1570 4471 enim
1600 4415 1704 4469 illa:
1726 4409 1885 4468 simul

302 4541 465 4592 verm,
497 4523 567 4578 ita
601 4523 685 4576 hac
725 4520 885 4575 simul
929 4517 1075 4573 falsa:
1129 4514 1425 4582 eademque
1455 4507 1734 4579 proportio
1782 4512 1885 4558 est.

304 4618 566 4684 Quocirca
596 4614 702 4669 erit
730 4611 869 4667 sicut
898 4610 1069 4680 prima
1095 4621 1217 4678 quae
1243 4612 1325 4660 est
1355 4618 1459 4657 non
1480 4598 1606 4655 boni
1637 4596 1887 4667 quoniam

306 4724 411 4764 non
444 4708 646 4763 bonum
701 4713 785 4759 est
830 4702 896 4757 ad
947 4702 1155 4756 tertiam
1184 4712 1304 4754 eam
1356 4709 1476 4765 qua:
1520 4700 1603 4747 est
1632 4705 1738 4746 non
1768 4686 1893 4742 boni

308 4803 560 4874 quoniam
591 4800 789 4854 bonum
820 4807 925 4864 est,
964 4797 1033 4850 ita
1061 4794 1164 4850 erit
1207 4789 1441 4848 secunda
1473 4786 1599 4842 boni
1639 4781 1888 4852 quoniam

309 4903 508 4961 bonum
535 4911 637 4970 est,
664 4901 730 4957 ad
748 4908 992 4970 quartam
1013 4897 1139 4954 boni
1160 4894 1414 4966 quoniam
1439 4905 1543 4944 non
1569 4897 1651 4944 est
1673 4888 1892 4942 bonum.

313 4996 713 5068 Requirendum
765 4994 923 5065 igitur
976 5000 1059 5048 est
1108 4986 1556 5061 quemadmodum
1611 4982 1681 5037 sit
1722 4979 1897 5049 prima

313 5088 379 5144 ad
422 5088 658 5154 tertiam,
689 5095 748 5143 ut
776 5102 840 5142 ex
871 5101 937 5142 eo
966 5074 1324 5154 speculemur,
1353 5073 1803 5149 quemadmodum
1828 5070 1898 5125 sit

315 5189 551 5246 secunda
583 5188 650 5243 ad
682 5195 950 5257 quartam.
979 5184 1106 5240 Dico
1151 5183 1293 5238 enim
1340 5178 1595 5250 quoniam
1626 5174 1750 5229 huic
1779 5170 1898 5241 Opi-

314 5291 460 5348 nioni
502 5305 622 5361 quae.
649 5290 941 5346 arbitratur
988 5302 1095 5343 non
1133 5301 1257 5342 esse
1284 5285 1481 5340 bonum
1508 5279 1653 5351 quod
1701 5280 1931 5335 bonum'

314 5391 423 5452 est,
447 5383 700 5453 quoniam
720 5391 906 5438 contra
938 5380 1080 5435 illam
1110 5387 1195 5435 est
1221 5393 1341 5449 qua:
1363 5375 1657 5432 arbitratur
1682 5371 1738 5428 id
1759 5370 1901 5441 quod

315 5475 516 5533 bonum
547 5490 652 5532 non
699 5484 783 5532 est
812 5478 1013 5531 bonum
1041 5488 1182 5530 esse.
1206 5469 1320 5541 Age
1354 5470 1497 5526 enim
1539 5468 1583 5522 si
1615 5454 1793 5537 potius
1821 5474 1903 5521 est

220 5610 241 5624 .
318 5577 504 5624 contra
535 5583 657 5624 eam
688 5568 995 5638 opinionem
1025 5580 1143 5635 qua:
1174 5562 1223 5617 id
1264 5561 1405 5632 quod
1435 5561 1632 5615 bonum
1665 5571 1769 5612 non
1798 5566 1902 5624 est,

321 5660 523 5716 bonum
575 5669 748 5731 putat,
782 5664 853 5718 sit
893 5675 955 5715 ea
1002 5672 1123 5729 qua:
1157 5655 1207 5710 id
1239 5654 1381 5727 quod
1434 5655 1631 5710 bonum
1662 5666 1768 5707 non
1800 5660 1901 5718 est,

321 5754 522 5809 malum
570 5762 759 5824 putat;
807 5752 905 5810 sed
951 5754 1052 5807 hoc
1102 5749 1213 5805 lieri
1245 5764 1353 5803 non
1383 5755 1579 5819 potest.
1611 5742 1905 5801 Contraria:

321 5846 468 5905 enim
498 5846 779 5919 opiniones
809 5845 968 5907 simul
1003 5852 1273 5916 nunquam
1306 5856 1445 5900 verat
1486 5847 1630 5906 sunt,
1681 5846 1906 5911 possunt

1587 5961 1607 6005 ι

1828 3686 2001 3742 Verte.

1952 1907 2059 1950 non
2086 1891 2234 1959 boni,
2263 1888 2515 1961 quoniam
2550 1886 2750 1943 bonum
2772 1893 2868 1941 εει.

2466 2088 2782 2167 Ξειιιιειιιεε.

2102 2172 2161 2228 2.
2200 2169 2336 2225 Boni
2366 2169 2619 2239 quoniam
2646 2167 2843 2239 bonum
2876 2178 2983 2221 non
3024 2173 3124 2219 est.

2097 2242 2151 2297 4.
2193 2242 2312 2297 Non
2335 2238 2464 2296 bOni
2495 2239 2750 2310 quoniam
2781 2238 2981 2293 bonum
3011 2245 3114 2292 est.

1957 2376 2079 2419 sese
2116 2358 2335 2417 habebit
2384 2356 2624 2413 secunda
2675 2355 2741 2411 ad
2782 2361 3045 2426 quartam.
3094 2350 3549 2421 Quemadmodum

1958 2468 2079 2510 sese
2107 2451 2269 2507 habet
2308 2449 2471 2521 igitur
2501 2449 2629 2503 boni
2660 2449 2913 2517 quoniam
2947 2448 3144 2502 bonum
3186 2444 3305 2512 est,
3340 2445 3406 2500 ad
3434 2460 3551 2503 eam

1960 2562 2080 2617 qua:
2131 2552 2215 2600 est
2264 2556 2371 2597 non
2422 2542 2547 2597 boni
2576 2542 2831 2612 quoniam
2882 2555 2988 2595 non
3039 2530 3235 2595 bouum
3280 2548 3384 2606 est,
3431 2524 3571 2597 cum.

1962 2649 2200 2709 utraeque
2240 2638 2347 2692 sint
2374 2651 2537 2701 verm,
2583 2634 2657 2690 ita
2688 2650 2807 2690 sese
2844 2635 3006 2691 habet
3052 2633 3232 2703 opinio
3268 2632 3393 2687 boui
3420 2646 3555 2702 quo-

1963 2734 2117 2789 niam
2149 2746 2257 2787 non
2287 2737 2372 2785 est
2399 2730 2465 2783 ad
2498 2728 2805 2800 opinionem
2853 2742 2960 2783 non
2999 2726 3125 2782 boni
3163 2724 3416 2796 quoniam
3458 2723 3555 2779 bo-

1964 2841 2090 2882 num
2120 2834 2224 2891 est,
2248 2824 2389 2895 quod
2420 2824 2550 2893 ipsa:
2580 2836 2793 2892 quoque
2815 2830 3054 2891 utrmque
3083 2828 3207 2874 sunt
3228 2818 3405 2884 falsae;
3432 2831 3556 2873 nam

1964 2920 2103 2977 sicut
2148 2918 2261 2974 ista:
2283 2917 2440 2973 simul
2470 2931 2635 2981 verre,
2666 2916 2738 2970 ita
2763 2914 2871 2970 illa:
2898 2913 3057 2969 simul
3099 2912 3272 2983 falsaa,
3306 2910 3559 2989 quocirca

1966 3023 2026 3069 ut
2054 3022 2138 3068 est
2186 3008 2356 3081 prima
2404 3008 2470 3063 ad
2514 3009 2750 3073 tertiam,
2795 3008 2868 3062 ita
2917 3006 3151 3063 secunda
3192 3004 3259 3060 ad
3291 3011 3557 3074 quartam.

1972 3106 2206 3160 Ostettsa
2238 3101 2401 3173 igitur
2433 3100 2532 3154 hac
2560 3099 2907 3171 preportione
2939 3090 3220 3152 immutate
3246 3093 3434 3150 ordine
3456 3107 3562 3150 em-

1972 3195 2094 3253 dem
2125 3172 2501 3264 disponantur,
2535 3191 2629 3247 sed
2680 3191 2750 3247 sit
2781 3191 2930 3268 prior
2968 3172 3159 3258 ‘opinio
3203 3202 3267 3244 ea
3315 3200 3436 3257 quae
3478 3195 3565 3242 est

1974 3306 2083 3348 non
2112 3289 2240 3344 boni
2269 3287 2524 3357 quoniam
2554 3286 2753 3341 bonum
2802 3300 2909 3340 non
2958 3292 3063 3351 est,
3099 3296 3268 3351 eaque
3314 3288 3565 3351 sequatur

1972 3382 2099 3440 boni
2121 3380 2375 3453 quoniam
2402 3378 2603 3434 bonum
2630 3387 2735 3443 est,
2757 3388 2812 3433 et
2831 3376 2932 3433 sub
2959 3375 3042 3431 his
3069 3372 3379 3446 praecedens
3413 3372 3567 3429 tertia

1975 3488 2081 3531 non
2107 3471 2233 3527 boni
2265 3472 2519 3541 quoniam
2566 3470 2767 3524 bonum
2808 3476 2913 3535 est,
2945 3476 3135 3537 quarta
3164 3479 3397 3535 sequens
3442 3462 3568 3520 boni

1977 3566 2230 3639 quoniam
2256 3564 2457 3620 bonum
2488 3575 2597 3617 non
2629 3570 2735 3618 est.

2469 3675 2790 3744 Sequentes.

2248 3748 2305 3803 2.
2346 3747 2480 3802 Boni
2512 3747 2766 3815 quoniam
2798 3746 2998 3801 bonum
3030 3753 3132 3801 est.

2245 3821 2301 3875 4.
2346 3818 2477 3873 Boni
2500 3818 2755 3888 quoniam
2788 3817 2985 3873 bonum
3013 3830 3119 3872 non
3148 3824 3249 3872 est.

1835 3896 2027 3956 Falsat.

1988 4013 2166 4062 autem
2198 4001 2357 4057 simul
2383 4000 2468 4055 hat
2495 4013 2615 4055 esse
2642 4012 2805 4055 verre.
2831 3998 2887 4054 Si
2920 3998 3040 4069 quis
3061 3998 3202 4054 enim
3233 3995 3574 4067 parricidium

1990 4096 2131 4169 quod
2164 4109 2270 4149 non
2301 4102 2386 4150 est
2414 4093 2614 4148 bonum
2652 4099 2801 4161 putet
2842 4104 2948 4146 non
2996 4104 3117 4146 esse
3166 4089 3391 4153 bonum,
3433 4089 3575 4144 idem

1991 4201 2203 4260 quoque
2229 4184 2577 4255 parricidium
2607 4183 2748 4252 quod
2777 4197 2872 4251 per
2915 4192 3158 4237 naturam
3213 4196 3321 4235 non
3363 4188 3447 4235 est
3477 4180 3579 4235 bo-

1994 4293 2121 4335 num
2170 4276 2369 4331 malum
2425 4282 2614 4345 putet,
2668 4288 2794 4329 vere
2841 4280 3072 4342 utraque
3128 4272 3384 4343 opinione
3440 4272 3579 4327 arbi'

1996 4380 2187 4426 tratur.
2241 4367 2405 4438 Igitur
2442 4381 2549 4422 non
2608 4374 2691 4420 est
2736 4365 3002 4419 contraria
3032 4364 3215 4435 opinio
3257 4379 3320 4420 ea
3359 4380 3479 4435 quae
3526 4363 3580 4420 id

1996 4461 2138 4531 quod
2180 4459 2382 4514 bonum
2416 4472 2521 4512 non
2564 4465 2650 4512 est
2685 4470 2793 4511 non
2842 4456 3039 4511 bonum
3071 4464 3239 4527 putet,
3292 4457 3341 4510 ei
3380 4470 3500 4526 quae
3532 4455 3583 4511 id

1997 4552 2137 4625 quod
2197 4551 2396 4606 bonum
2449 4566 2555 4606 non
2620 4557 2702 4604 est
2766 4550 2961 4603 malum
3018 4549 3329 4605 arbitratur.
3383 4548 3585 4605 Rursus

1918 4652 2224 4717 Dponatur
2283 4643 2458 4699 eidem
2527 4640 2767 4712 opinioni
2806 4640 2899 4696 de
2965 4656 3071 4696 non
3134 4641 3279 4696 bono
3332 4643 3584 4711 quoniam

2000 4755 2108 4795 non
2134 4747 2217 4793 est
2237 4738 2471 4801 bonum,
2495 4736 2761 4792 Contraria
2791 4750 2852 4790 ea
2880 4750 3000 4804 quae
3026 4736 3318 4791 arbitratur
3346 4735 3398 4789 id
3429 4734 3573 4804 quod

2003 4849 2107 4889 non
2130 4841 2209 4887 est
2231 4831 2429 4886 bonum
2451 4845 2556 4884 non
2576 4843 2696 4885 esse
2714 4816 2935 4883 malum.
2953 4828 3006 4883 ld
3029 4843 3240 4899 quoque
3261 4828 3589 4882 contrarium

2001 4939 2111 4980 non
2133 4930 2235 4978 εει.
2262 4921 2404 4976 Fieri
2427 4921 2566 4975 enim
2593 4928 2770 4991 potest
2790 4930 2848 4975 ut
2879 4919 2929 4975 id
2959 4921 3098 4991 quod
3130 4921 3325 4975 bonum
3360 4932 3461 4971 non
3486 4925 3589 4979 est,

2002 5030 2102 5072 nec
2141 5014 2339 5070 malum
2377 5014 2464 5067 sit.
2504 5012 2687 5081 Neque
2718 5013 2861 5067 enim
2894 5012 3071 5066 omnia
3120 5024 3451 5079 qurecunque
3496 5006 3592 5059 bo-

2006 5121 2131 5163 num
2160 5120 2269 5160 non
2295 5113 2419 5158 sunt
2449 5102 2590 5157 mala
2616 5109 2741 5156 sunt
2768 5102 2969 5166 statim,
3003 5100 3095 5156 sed
3125 5109 3208 5154 est
3235 5107 3291 5152 ut
3313 5098 3448 5152 bona
3479 5095 3592 5166 qui~

2007 5198 2130 5254 dem
2178 5212 2286 5252 non
2331 5195 2467 5261 sint,
2502 5204 2680 5250 tamen
2719 5208 2819 5249 nec
2862 5193 2999 5247 mala
3029 5192 3155 5246 sint.
3202 5189 3257 5245 Si
3304 5188 3425 5258 quis
3452 5186 3594 5241 enim

2008 5288 2242 5359 lapidem
2272 5285 2628 5355 nequidquam
2656 5285 2921 5354 jacentem
2963 5282 3105 5354 quod
3144 5295 3237 5352 per
3281 5294 3339 5335 se
3394 5278 3594 5333 bonum

2010 5392 2116 5435 non
2141 5386 2245 5443 est,
2274 5390 2380 5431 non
2405 5375 2600 5431 bonum
2624 5389 2741 5429 esse
2763 5383 2945 5445 putat;
2962 5387 3084 5427 vere
3111 5370 3419 5435 arbitretur,
3454 5368 3596 5423 idem

2013 5472 2186 5542 ipsum
2214 5470 2446 5541 lapidem
2477 5469 2619 5539 quod
2650 5483 2748 5539 per
2773 5482 2831 5523 se
2858 5468 3054 5521 bonum
3092 5478 3197 5518 non
3226 5473 3305 5518 est
3331 5503 3346 5529 ,
3395 5462 3439 5516 si
3491 5477 3596 5516 non

2011 5564 2212 5621 malum
2243 5571 2414 5633 putet,
2447 5559 2581 5616 nihil
2632 5562 2746 5630 ejus
2777 5558 3013 5629 opinioni
3060 5556 3302 5610 falsitatis
3348 5553 3596 5609 incurrit.

2012 5657 2187 5725 Quare
2216 5655 2465 5727 quoniam
2487 5670 2548 5709 ca
2572 5669 2691 5725 qua:
2716 5662 2798 5708 est
2819 5666 2923 5707 non
2948 5649 3071 5707 boni
3094 5650 3341 5721 quoniam
3372 5663 3476 5702 non
3503 5648 3599 5703 bo-

2011 5765 2141 5805 num
2169 5757 2271 5815 est,
2295 5757 2350 5805 et
2377 5762 2498 5803 cum
2530 5761 2592 5802 ea
2624 5760 2742 5815 qum
2771 5753 2854 5799 est
2890 5758 2994 5799 non
3027 5743 3151 5799 boui
3193 5742 3444 5811 quoniam
3488 5756 3602 5796 ma-

2008 5840 2117 5901 lum
2146 5849 2250 5910 est,
2280 5849 2473 5897 etcum
2492 5853 2553 5896 ea
2580 5850 2699 5908 qua:
2727 5844 2933 5893 estnon
2962 5835 3085 5892 boni
3109 5837 3361 5906 quoniam
3387 5843 3603 5889 nonest

3681 5694 3690 5749 ἰ
