4090 6342
473 317 584 384 655

1695 314 1804 369 AN.
1849 314 2055 370 MANL.
2096 313 2248 370 SEV.
2289 313 2512 371 ΒΟΕΤΠ

3641 314 3759 372 636

472 447 672 501 malum
695 481 710 508 ,
739 455 859 497 vera
892 437 1174 509 aliquoties
1218 433 1516 495 invenitur,
1565 414 1740 488 neutri
1785 432 2048 489 contraria
2077 440 2134 503 Α
2159 433 2363 485 versatis
2391 433 2595 503 negatio
2623 431 2716 487 erit
2746 441 3004 486 contraria
3034 441 3090 487 ut
3122 432 3351 503 apinimn'
3371 448 3487 503 quae
3509 433 3760 505 apinatur

474 543 579 592 est.
612 534 800 589 Restat
829 532 985 601 igitur
1012 537 1069 582 ut
1095 527 1144 583 ei
1181 528 1247 581 sit
1281 526 1548 581 contraria
1576 525 1756 595 opinio
1795 541 1897 579 non
1929 526 2054 581 boni

474 633 725 703 quoniam
771 629 964 681 bonum
995 635 1108 690 est,
1140 640 1258 695 qua:
1298 627 1547 692 opinatur
1576 622 1625 676 id
1668 622 1809 690 quod
1837 638 1941 676 non
1975 629 2057 675 est

480 729 675 782 benum
709 726 904 779 bonum
936 738 1094 788 esse;
1122 721 1237 776 haec
1266 730 1443 775 autem
1479 728 1590 787 est,
1626 734 1731 772 non
1769 719 1891 772 boni
1925 733 2058 788 quo-

479 819 620 872 niam
652 818 848 871 bonum
878 823 990 879 est,
1022 813 1272 883 quoniam
1304 811 1552 881 opinatur
1575 810 1627 864 id
1656 808 1795 879 quod
1840 824 1944 862 non
1975 816 2060 862 est

476 909 670 962 bonum
704 908 898 962 bonum
941 919 1080 959 esse.
1123 902 1404 959 Contraria
1450 902 1609 972 igitur
1656 909 1739 955 est
1781 913 1886 953 non
1933 897 2058 953 boni

474 1001 724 1069 quoniam
755 1014 862 1053 non
894 997 1094 1052 bonum
1125 1006 1233 1063 est,
1267 996 1315 1050 ei
1349 1011 1466 1067 qua:
1498 1009 1578 1051 est
1617 1009 1723 1051 non
1768 994 1890 1049 boni
1921 1010 2058 1065 quo-

474 1094 615 1143 niam
646 1090 843 1144 bonutn
874 1096 976 1143 est.
1009 1087 1114 1143 Sed
1145 1087 1230 1141 hic
1261 1087 1333 1142 ita
1362 1103 1480 1143 sese
1530 1088 1689 1143 habet
1723 1088 1904 1157 opinio
1953 1104 2062 1143 non

478 1185 599 1238 boni
647 1185 898 1253 quoniam
945 1184 1143 1238 bonum
1190 1192 1308 1247 est,
1353 1182 1420 1238 ad
1458 1183 1765 1253 opinionem
1798 1200 1902 1239 non
1936 1186 2062 1241 boui

474 1277 727 1345 quoniam
756 1291 862 1330 non
890 1275 1087 1329 bonum
1117 1283 1230 1341 est,
1259 1274 1706 1345 quemadmodum
1732 1276 1913 1345 Opinio
1935 1276 2062 1333 boni

477 1369 726 1435 quoniam
752 1368 951 1423 bonum
980 1378 1092 1434 est,
1121 1368 1185 1422 ad
1215 1367 1456 1423 eamdem
1486 1368 1791 1437 opinionem
1824 1383 1941 1437 qua:
1980 1378 2063 1422 est

475 1458 599 1513 boni
628 1459 880 1531 quoniam
919 1474 1023 1513 non
1067 1460 1267 1513 bonum
1310 1469 1410 1513 est.
1444 1458 1548 1514 Sed
1597 1458 1761 1528 prima
1798 1457 2060 1528 tertiaque

476 1554 782 1606 contrariae.
811 1550 1053 1605 Secunda
1082 1551 1247 1623 igitur
1267 1562 1561 1622 quartaque
1582 1548 1876 1604 secundum
1910 1548 2062 1603 simi-

477 1644 754 1701 litudinem
780 1645 1138 1714 proportionis
1164 1655 1287 1699 sunt
1308 1645 1423 1699 sine
1446 1643 1549 1709 ulla
1575 1641 1906 1698 dubitatione
1927 1658 2058 1697 con-

477 1740 676 1795 trariaa.
710 1739 893 1793 Potest
919 1754 1046 1794 vero
1077 1736 1453 1809 etisimplicius
1483 1739 1703 1808 intelligi
1736 1741 1836 1792 hoc
1865 1739 2058 1804 modo,

2159 525 2399 594 quoniam
2423 540 2569 577 omne
2592 524 2729 595 quod
2750 535 2821 577 est
2852 524 3037 576 bonum
3079 524 3265 577 bonum
3294 534 3363 578 est
3390 568 3405 591 ,
3446 541 3507 579 ea
3537 541 3648 593 qua:
3674 533 3760 581 es!

2159 615 2396 684 quoniam
2430 616 2557 668 nihil
2586 616 2765 669 horum
2788 633 2903 688 qua:
2925 618 3054 669 bona
3076 628 3191 671 sunt
3223 618 3405 671 bonum
3433 628 3526 674 est.

2240 708 2293 759 In
2348 708 2612 776 superiori
2666 710 3133 779 argumentatione
3176 710 3355 762 omnia
3409 711 3474 763 de
3530 711 3759 767 infinitis
3839 754 3851 765 .

2162 797 2437 866 explicuit.
2468 798 2573 852 Sed
2597 800 2845 866 quoniam
2869 798 3095 854 fortasse
3121 801 3313 871 aliquis
3338 812 3545 871 poterat
3574 805 3757 875 sus-pio

2164 887 2275 942 cari
2309 906 2412 942 non
2443 892 2685 945 eamdem
2718 896 2980 946 rationem
3012 907 3130 947 esse
3166 909 3323 964 posse
3356 895 3405 947 in
3448 894 3530 948 his
3560 912 3758 966 propo-

2165 979 2450 1038 sitionibus
2479 1001 2594 1053 quae
2626 995 2749 1039 sunt
2778 985 3034 1051 definitm,
3066 996 3224 1056 atque
3255 987 3304 1040 in
3330 988 3415 1041 his
3441 988 3641 1058 aliquid
3669 991 3758 1043 in-

2167 1084 2370 1131 teresse
2402 1087 2578 1132 utrum
2609 1080 2794 1134 eadem
2842 1079 3233 1135 demonstratio
3258 1081 3333 1135 cis
3364 1098 3482 1151 qua:
3518 1083 3760 1138 definitae

2167 1179 2309 1232 sunt,
2338 1168 2599 1233 eveniret,
2629 1170 2729 1224 hoc
2751 1169 2920 1236 addit,
2953 1171 3083 1224 nihil
3115 1171 3373 1225 interesse
3405 1181 3577 1227 utrum
3608 1190 3759 1229 eam-

2166 1259 2287 1314 dem
2320 1260 2831 1317 demonsirationem
2866 1279 3022 1333 quam
3053 1264 3166 1330 ipse
3196 1265 3443 1335 superius
3476 1268 3527 1321 in
3558 1283 3759 1343 propo-

2165 1352 2449 1408 sitionibus
2478 1355 2766 1409 indefinith
2797 1356 2940 1422 fecit,
2972 1355 3254 1425 quisquam
3278 1356 3434 1411 faciat
3455 1357 3507 1411 in
3540 1360 3761 1413 univer-

2165 1446 2369 1499 salibus
2410 1463 2526 1516 qua:
2572 1447 2680 1517 jam
2727 1447 2843 1501 sine
2886 1448 3052 1501 dubio
3098 1448 3330 1502 deﬁnitae
3360 1457 3502 1503 sunt.
3548 1448 3607 1504 Si
3636 1451 3758 1519 quis

2166 1535 2306 1589 enim
2345 1537 2637 1590 secundum
2688 1537 3081 1593 indeﬁnitarum
3122 1541 3547 1611 propositionum
3578 1556 3757 1613 supe—

2166 1628 2364 1684 riorem
2397 1630 2798 1701 dispositionem
2841 1632 3087 1687 definitas
3122 1633 3401 1704 disponat,
3434 1650 3637 1707 easque
3672 1651 3759 1692 se-
3824 1680 3827 1683 μ

2164 1724 2395 1777 cundum
2448 1724 2757 1792 praedictum
2804 1724 3019 1780 modum
3070 1731 3413 1795 speculetur,
3449 1743 3555 1782 non
3595 1729 3757 1783 aliam

479 1832 522 1884 si
548 1831 673 1885 boni
698 1831 946 1900 quoniam
980 1832 1175 1887 bonum
1203 1841 1285 1886 ρει
1309 1833 1521 1902 opinio,
1550 1840 1603 1887 ει
1635 1846 1737 1898 non
1770 1832 1892 1887 boni
1924 1846 2055 1901 quo-
2091 1824 2141 1886 Β
2171 1819 2490 1873 universalis
2527 1819 2900 1874 alfrrmationis
2929 1819 3165 1890 opinioni
3194 1822 3518 1876 contrariam
3548 1824 3756 1892 reperi-

477 1923 619 1977 niam
648 1938 753 1977 non
786 1924 980 1978 bonum
1009 1935 1092 1980 est
1121 1926 1331 1994 opinio,
1362 1926 1563 1981 similes
1593 1926 1885 1980 secundum
1910 1926 2063 1981 veri-

477 2022 636 2068 tatem
668 2024 815 2080 sunt,
850 2015 974 2070 boni
1002 2026 1181 2072 autem
1220 2017 1472 2085 quoniam
1505 2033 1609 2071 non
1640 2025 1723 2071 est
1747 2016 1943 2071 bonum
1966 2062 1979 2084 ,
2010 2025 2065 2071 et

481 2120 666 2160 rursus
697 2123 803 2160 non
833 2106 957 2161 boni
994 2109 1248 2178 quoniam
1284 2110 1479 2164 bonum
1513 2119 1593 2165 est
1615 2149 1634 2178 ,
1679 2111 1810 2181 ipsa:
1854 2126 2065 2180 quoque

478 2200 686 2253 similes
731 2190 1022 2257 secundum
1068 2202 1353 2257 falsitatem
1395 2212 1549 2267 sunt.
1584 2206 1627 2259 si
1666 2221 1766 2260 una
1810 2206 2063 2262 falsarum

479 2290 569 2343 uni
606 2306 848 2346 verarum
873 2292 1186 2362 opinionum
1216 2294 1429 2349 inventa
1460 2295 1641 2363 fuerit,
1668 2299 1935 2352 contraria
1963 2300 2068 2353 erit

477 2380 677 2451 reliqua
713 2382 862 2445 falsa.
896 2383 1115 2455 reliquie
1147 2399 1287 2440 verae
1314 2387 1606 2450 contraria,
1635 2390 1775 2457 quod
1808 2378 1920 2443 sola
1951 2390 2066 2444 elfi-

468 2473 550 2535 cit
577 2475 888 2530 similitudo.
919 2476 1233 2533 Ostenditur
1258 2486 1430 2533 autem
1464 2494 1568 2533 una
1599 2479 1729 2534 falsa
1758 2483 1847 2535 uni
1889 2497 2064 2551 verte,

477 2564 925 2635 quemadmodum
953 2582 1114 2637 supra
1140 2571 1508 2638 exposuimus,
1534 2572 1824 2635 contraria,
1856 2572 1953 2624 hoc
1985 2582 2068 2628 est

480 2670 540 2711 ea
563 2656 683 2727 quai
710 2656 777 2711 di:
800 2658 839 2712 it
884 2657 934 2712 id
976 2659 1117 2728 quod
1163 2674 1267 2713 non
1308 2669 1388 2714 est
1417 2659 1615 2713 bonum
1644 2675 1763 2715 eSse
1792 2660 1985 2715 bonum
2016 2664 2067 2719 ei

479 2762 597 2817 quae
619 2748 909 2804 arbitratur
934 2751 984 2805 id
1021 2751 1162 2822 quod
1199 2768 1303 2806 non
1339 2760 1425 2807 est
1458 2753 1658 2808 bonum
1690 2770 1795 2808 non
1822 2770 1939 2810 esse
1966 2755 2064 2811 bo-

478 2852 625 2893 num.
665 2838 1008 2911 Relinquitur
1050 2841 1209 2912 igitur
1256 2858 1316 2897 ea
1359 2860 1476 2913 quae
1521 2845 1812 2899 arbitratur
1840 2847 1890 2901 id
1926 2847 2065 2917 quod

478 2930 675 2987 bonum
717 2944 797 2987 est
838 2949 944 2988 non
985 2948 1105 2990 esse
1148 2936 1347 2991 bonum
1392 2938 1661 2992 contraria
1698 2953 1818 2993 esse
1851 2939 1909 2994 ei
1948 2956 2067 3011 qua:

479 3025 730 3095 opinatur
765 3025 818 3080 id
848 3026 991 3097 quod
1023 3029 1217 3083 bonum
1239 3017 1332 3084 est
1362 3045 1479 3084 esse
1515 3030 1730 3085 bonum.
1765 3034 1876 3099 Qua
1915 3030 1967 3086 in
2010 3050 2069 3088 re

479 3115 743 3186 colligitur
774 3122 1107 3186 negationem
1132 3119 1305 3187 potius
1327 3133 1484 3190 quam
1513 3122 1840 3175 contrarium
1864 3137 2067 3191 ponen-

2168 1921 2273 1978 ret,
2306 1927 2463 1982 quam
2510 1926 2631 1965 eam
2675 1928 2793 1981 qua:
2847 1913 3163 1967 universalis
3208 1915 3503 1986 negationis
3547 1916 3755 1986 opinio.

2167 2004 2312 2059 Nihil
2336 2006 2477 2059 enim
2503 2007 2727 2061 interest
2756 2005 2897 2061 inter
2917 2004 3219 2062 indeﬁnitas
3247 2008 3600 2079 definitasque
3636 2025 3759 2078 pro-

2167 2099 2482 2169 positiones,
2510 2100 2611 2153 nisi
2638 2099 2778 2169 quod
2803 2100 3094 2156 indefinite:
3118 2102 3330 2170 quidem
3360 2103 3477 2158 sine
3504 2103 3759 2160 determi-

2168 2192 2411 2255 natione,
2441 2192 2677 2247 definita:
2706 2208 2835 2248 vero
2864 2209 2982 2248 cum
3013 2204 3327 2263 argumvnto
3353 2196 3761 2251 determinatio.

2169 2285 2250 2337 uis
2278 2294 2424 2348 Sunt,
2455 2284 2537 2339 vel
2567 2286 2984 2341 universalitatis
3025 2288 3109 2341 vel
3138 2296 3253 2355 part
3276 2288 3578 2342 culziritatis
3611 2305 3626 2343 :
3660 2288 3762 2344 hoc

2173 2388 2253 2451 est
2282 2379 2423 2432 enim
2452 2380 2593 2448 quod
2621 2381 2692 2433 ait
2718 2420 2732 2443 ,
2762 2381 2897 2453 nihil
2926 2379 3147 2435 interest
3182 2396 3276 2435 nec
3307 2383 3350 2434 si
3384 2381 3761 2438 universaliter

2170 2481 2399 2538 ponatur
2430 2472 2749 2538 affirmatio,
2803 2456 3089 2528 universali
3142 2490 3369 2541 namque
3416 2473 3759 2530 affirmationi

2169 2561 2491 2617 universalis
2527 2569 2792 2619 contraria
2843 2566 2943 2621 erit
2995 2565 3241 2637 negatio,
3274 2578 3327 2621 ut
3368 2567 3612 2635 Opinioni
3644 2584 3760 2638 qua

2169 2654 2422 2724 opinatur
2448 2656 2698 2725 quoniam
2729 2673 2887 2712 omne
2918 2659 3056 2728 quod
3088 2669 3169 2713 est
3196 2668 3390 2713 bonum
3420 2660 3617 2715 bonum
3644 2670 3755 2730 est,

2170 2764 2288 2819 qua!
2316 2749 2525 2803 scilicet
2550 2760 2633 2804 est
2662 2752 2978 2806 universalis
3007 2753 3379 2808 afﬁrmationis
3399 2796 3412 2818 ,
3444 2769 3506 2809 ea
3536 2756 3594 2808 tit
3624 2770 3758 2810 con-

2170 2841 2333 2895 traria
2365 2857 2485 2910 qua:
2512 2851 2594 2896 est
2633 2844 2880 2911 quoniam
2914 2844 3043 2898 nihil
3074 2860 3259 2899 eorum
3293 2860 3414 2914 qua:
3453 2846 3587 2900 bona
3628 2856 3759 2903 sunt

2138 2932 2369 3007 [bonum
2399 2945 2479 2987 est
2500 2952 2512 2988 :
2532 2934 2632 2990 hoc
2657 2944 2740 2989 est
2764 2936 2944 3004 Opinio
2974 2937 3290 2993 universalis
3318 2938 3638 3010 negationis,
3658 2938 3763 2995 hoc

2170 3037 2344 3080 autem
2379 3041 2476 3080 cur
2506 3026 2596 3080 liat
2622 3026 2875 3081 ostendit.
3118 3098 3121 3099 ν

2246 3119 2384 3174 Nam
2405 3138 2465 3199 ela
2486 3136 2597 3190 qua:
2631 3130 2702 3173 est
2732 3122 2849 3175 boni
2882 3123 3120 3191 quoniam
3150 3122 3335 3177 bonum
3357 3133 3451 3190 est,
3479 3125 3525 3176 si
3562 3125 3763 3179 univer-

480 3217 586 3264 tem
613 3207 1026 3265 affirmationem
1050 3226 1191 3267 vera:
1216 3212 1560 3268 afﬁrmatioui
1583 3229 1702 3269 esse
1724 3218 2068 3274 contrariam.
2096 3211 2144 3277 C
2174 3211 2349 3264 ιαίέιει·
2387 3212 2450 3263 sil
2479 3210 2663 3263 bonum
2690 3251 2703 3277 ν
2738 3212 2917 3265 eadem
2944 3222 3015 3267 εει
3036 3212 3082 3266 εί
3108 3229 3223 3284 qua
3260 3214 3502 3282 opinatur
3546 3216 3603 3269 id
3630 3221 3766 3286 quod

482 3302 737 3371 Perplexa
770 3303 933 3375 igitur
959 3306 1229 3361 sententia
1262 3306 1343 3361 his
1380 3308 1552 3362 modis
1589 3308 1784 3377 quibus
1833 3309 2065 3365 diximus

482 3395 727 3466 expedita
753 3406 867 3462 est,
895 3398 987 3452 sed
1019 3412 1077 3451 se
1122 3399 1199 3453 sic
1221 3398 1383 3454 habet
1408 3399 1539 3454 ordo
1570 3415 1900 3457 sermonum.
1934 3405 2065 3457 Am-

486 3493 645 3563 plius,
675 3496 870 3566 inquit,
900 3495 1146 3551 similiter
1169 3513 1229 3553 se
1243 3497 1402 3569 habet
1435 3498 1557 3553 boni
1583 3500 1837 3570 quoniam
1867 3499 2064 3555 honmn

479 3594 583 3652 est,
615 3595 669 3641 et
694 3601 798 3641 non
828 3586 951 3641 boni
981 3588 1231 3657 quoniam
1264 3604 1369 3644 non
1400 3588 1596 3643 bonum
1619 3600 1733 3658 εει,
1760 3604 1880 3658 qua:
1909 3599 2071 3645 utra:-

481 3692 583 3745 que
614 3693 754 3732 γει-τε
786 3688 912 3732 sunt
935 3724 948 3747 ,
981 3688 1036 3734 et
1077 3696 1241 3749 super
1279 3682 1373 3737 has
1406 3682 1527 3737 boni
1561 3686 1810 3754 quoniam
1841 3700 1945 3739 non
1977 3686 2071 3741 ho-

484 3782 611 3821 num
643 3778 746 3835 est,
780 3777 834 3822 et
862 3783 966 3823 non
997 3769 1122 3825 boni
1150 3771 1401 3841 quoniam
1429 3773 1626 3827 bonum
1656 3784 1760 3839 est,
1794 3791 1914 3844 qua:
1944 3786 2073 3831 sunt

483 3869 725 3931 utraeque
750 3863 1056 3919 mendaces.
1093 3864 1169 3920 llli
1199 3883 1325 3937 ergo
1354 3884 1470 3937 qua:
1501 3880 1585 3924 est
1621 3886 1727 3924 non
1772 3871 1896 3926 boni
1938 3890 2072 3943 quo-

489 3956 631 4009 niam
677 3970 783 4009 non
837 3956 1033 4012 bonum
1082 3967 1165 4014 est
1219 3976 1360 4015 verae
1401 3963 1642 4030 opinioni
1688 3978 1933 4034 quaenam
1988 3977 2072 4023 est

486 4047 792 4101 contraria?
814 4048 938 4118 (hoc
964 4050 1112 4120 quasi
1141 4051 1522 4123 interrogativo
1538 4054 1695 4109 modo
1711 4055 1909 4111 dictum
1939 4060 2070 4131 est.)

486 4138 601 4192 Non
623 4154 685 4193 ea
712 4156 829 4210 qua:
854 4141 983 4197 dicit
1005 4145 1253 4213 quoniam
1284 4146 1480 4200 malum
1506 4157 1608 4214 est,
1631 4149 1882 4217 quoniam
1908 4153 2073 4208 simul

488 4227 776 4298 aliquando
803 4245 922 4286 esse
945 4241 1193 4301 poterunt
1222 4251 1359 4289 verae
1378 4279 1391 4303 ,
1421 4238 1520 4293 hoc
1548 4250 1728 4293 autem
1761 4242 1811 4293 in
1856 4251 2075 4295 contra-

485 4318 580 4374 riis
602 4334 705 4374 non
731 4331 905 4389 potest
926 4323 1148 4379 inveniri
1168 4342 1467 4396 ;nunquam
1493 4330 1633 4384 enim
1656 4347 1798 4386 verm
1813 4348 1936 4387 vera
1951 4349 2075 4387 con-

487 4412 649 4464 traria
676 4422 779 4480 est,
809 4416 1254 4483 quemadmodum
1284 4430 1460 4475 autem
1486 4421 1600 4475 fieri
1629 4433 1804 4490 potest
1832 4433 1888 4478 ut
1914 4425 2071 4479 simul

487 4500 595 4556 sint
618 4517 780 4569 verte,
810 4508 1059 4575 quoniam
1085 4519 1167 4563 est
1192 4510 1440 4577 quiddam
1478 4527 1583 4567 non
1610 4513 1806 4568 bonum
1847 4517 2068 4583 malum,

2173 3299 2359 3354 bonum
2378 3310 2472 3368 est,
2502 3305 2739 3369 quoniam
2764 3303 2950 3356 bonum
2982 3312 3073 3357 est.
3099 3302 3213 3358 Hoc
3232 3315 3401 3358 autem
3428 3306 3562 3360 nihil
3592 3308 3767 3374 differt

2172 3393 2234 3446 ab
2262 3410 2317 3447 eo
2346 3393 2481 3464 quod
2509 3402 2580 3447 est
2607 3433 2621 3456 ,
2650 3386 2893 3463 quoniam
2926 3411 3071 3449 omne
3096 3395 3234 3466 quod
3262 3407 3332 3451 est
3360 3396 3549 3451 bonum
3579 3401 3764 3454 bonum

2172 3498 2265 3555 est.
2298 3488 2548 3543 Similiter
2568 3497 2738 3541 autem
2764 3500 2812 3543 ει
2837 3490 2887 3542 in
2919 3506 3019 3541 non
3050 3490 3198 3544 bono.

2245 3580 2518 3636 Gradatim
2548 3580 2879 3634 indellnitam
2909 3581 3325 3650 propositionem
3357 3580 3424 3636 ad
3458 3582 3763 3637 similitudi«

2175 3689 2296 3727 nem
2345 3673 2662 3727 universalis
2705 3672 2970 3738 adduxit,
3021 3673 3150 3728 dicit
3205 3683 3383 3727 autem
3431 3688 3764 3744 quzccunquo

2174 3770 2332 3826 fuerit
2378 3769 2646 3824 indelinita
2694 3769 3020 3839 propositio,
3066 3769 3115 3822 ei
3165 3770 3207 3823 si
3239 3769 3380 3840 quod
3428 3769 3480 3824 in
3514 3784 3762 3826 sermone
3834 3822 3837 3825 .

2174 3864 2407 3918 solemus
2452 3864 2631 3917 dicere
2661 3863 2939 3933 quidquid
2963 3863 3189 3916 addatur
3217 3863 3539 3918 universalis
3589 3865 3676 3929 tit,
3708 3873 3764 3918 ut

2176 3954 2307 4009 nihil
2337 3956 2558 4009 omnino
2585 3955 2748 4008 distet
2786 3970 2845 4009 ea
2895 3970 3014 4023 qua:
3056 3956 3122 4009 ad
3171 3971 3281 4009 rem
3318 3958 3369 4009 in
3409 3956 3766 4013 affirmatione

2174 4059 2332 4099 omne
2361 4044 2647 4112 praedicat,
2679 4052 2737 4098 ut
2766 4059 2826 4098 ea
2856 4045 3039 4113 opinio
3069 4045 3151 4099 vel
3202 4046 3493 4114 prepositio
3523 4062 3645 4116 qua:
3687 4058 3767 4102 est

2175 4138 2241 4191 de
2274 4138 2412 4190 bono
2440 4137 2691 4206 quoniam
2723 4136 2918 4190 bonum
2950 4147 3071 4202 est,
3108 4137 3230 4205 huic
3275 4137 3319 4190 si
3351 4139 3579 4191 addatur
3605 4140 3764 4207 quid-

2175 4230 2323 4301 quid,
2351 4239 2407 4284 ut
2440 4232 2509 4284 ita
2544 4229 2803 4296 dicamus,
2830 4229 3082 4300 quidquid
3110 4232 3304 4285 bonum
3334 4240 3415 4285 est
3443 4234 3639 4285 bonum
3664 4242 3762 4298 est,

2176 4322 2305 4376 nilnl
2336 4323 2514 4376 differt
2560 4322 2626 4375 ab
2667 4336 2725 4375 ea
2759 4337 2878 4391 qua:
2908 4324 3192 4390 Opinatur,
3224 4338 3381 4377 omne
3429 4325 3630 4377 bonum
3680 4325 3768 4378 bo-

2178 4434 2299 4471 num
2332 4426 2435 4476 est.
2468 4420 2643 4483 Quare
2672 4417 2858 4470 eadem
2894 4416 2973 4470 vis
3001 4427 3077 4470 est
3111 4419 3402 4486 superioris
3429 4418 3769 4473 demonstra-

2176 4511 2336 4566 tionis
2366 4511 2415 4563 in
2441 4510 2890 4579 propositionibus
2918 4510 3228 4578 iudetinitis,
3255 4527 3370 4581 qua:
3398 4512 3557 4565 etiam
3582 4512 3634 4565 in
3656 4512 3769 4566 nni-

486 4605 650 4660 quare
674 4595 931 4664 contingit
952 4597 1107 4652 simul
1130 4614 1283 4656 veras
1309 4616 1449 4658 esse.
1477 4603 1696 4660 Atvero
1724 4622 1821 4661 nec
1842 4607 1930 4661 illa
1954 4623 2073 4677 quas
2099 4595 2155 4657 D
2182 4603 2478 4659 versalibus
2522 4618 2640 4672 qua:
2688 4602 2954 4671 paululum
2996 4601 3247 4671 quiddam
3281 4603 3498 4665 distant,
3532 4604 3627 4658 sed
3661 4619 3765 4658 non

487 4693 567 4736 est
598 4686 845 4753 quoniam
870 4702 975 4742 non
1004 4692 1222 4745 malum.
1248 4691 1417 4747 Simul
1448 4696 1594 4750 enim
1622 4708 1677 4751 et
1704 4698 1784 4752 hae
1807 4710 1985 4767 erunt,
2021 4701 2073 4756 id

486 4782 569 4827 est
595 4784 815 4842 possunt
842 4777 1127 4847 aliquando
1148 4783 1305 4837 simul
1328 4798 1447 4839 esse
1471 4801 1631 4853 verte,
1660 4791 1711 4842 in
1738 4788 1819 4843 his
1850 4806 2072 4858 prteser-

486 4865 579 4919 tim
612 4868 771 4921 rebus
812 4885 930 4938 quae
968 4871 1106 4927 inter
1133 4874 1327 4929 bonum
1362 4878 1668 4948 malumque
1711 4890 1851 4936 sunt.
1890 4883 2072 4937 ltelin-

484 4960 666 5025 quitur
705 4974 832 5029 ergo
870 4962 917 5016 ei
949 4978 1069 5031 quae
1105 4974 1187 5021 est
1220 4981 1323 5020 non
1358 4968 1483 5022 boni
1521 4971 1770 5038 quoniam
1818 4986 1921 5027 non
1966 4973 2069 5028 bo-

484 5061 607 5100 num
638 5057 756 5113 est,
796 5042 913 5119 quae
944 5067 1085 5107 verat
1123 5065 1206 5109 est
1241 5061 1537 5122 contraria,
1571 5075 1631 5113 ea
1673 5076 1791 5130 qua
1832 5072 1912 5116 est
1962 5077 2069 5117 non

485 5135 606 5191 boni
636 5145 885 5208 quoniam
919 5143 1117 5199 bonum
1141 5156 1242 5215 est,
1272 5164 1389 5217 quae
1415 5148 1545 5204 falsa
1568 5158 1651 5205 est
1678 5162 1732 5207 et
1757 5152 1915 5208 simul
1943 5169 2068 5211 vera

484 5243 587 5282 non
621 5242 793 5298 potest
828 5234 1075 5291 inveniri.
1098 5237 1273 5303 Quare
1299 5242 1364 5296 ad
1395 5240 1799 5301 similitudinem
1821 5247 2069 5316 superius

483 5322 707 5388 positam
768 5329 1057 5383 revertitur
1103 5339 1160 5387 tu.
1219 5330 1395 5401 dicat,
1457 5351 1575 5391 eam
1628 5353 1747 5408 qum
1802 5348 1885 5393 est
1941 5338 2093 5410 boni.

482 5414 731 5483 quoniam
765 5433 870 5473 non
901 5420 1096 5477 bonum
1123 5433 1225 5495 est,
1253 5430 1579 5487 contrariam
1611 5433 1658 5487 ei
1688 5447 1804 5501 quae
1833 5443 1915 5486 est
1946 5434 2071 5489 boni

481 5507 734 5573 quoniam
770 5510 962 5566 bonum
993 5523 1096 5570 est.
1138 5516 1289 5585 Quod
1321 5521 1363 5575 si
1403 5522 1523 5592 quis
1567 5538 1628 5576 ea
1663 5538 1779 5592 qum
1822 5525 2069 5593 superius

482 5596 620 5654 dicta
652 5614 796 5669 sunt,
831 5605 1134 5674 diligentius
1164 5612 1421 5680 intuetur,
1455 5628 1554 5669 nec
1585 5614 1637 5668 in
1666 5617 1830 5670 totius
1852 5627 2066 5671 senten-

485 5692 571 5747 tia:
601 5704 741 5749 statu
773 5713 871 5752 nec
897 5700 1184 5770 quidquam
1219 5704 1270 5757 in
1297 5706 1484 5759 ordine
1510 5705 1727 5761 fallitur.

554 5790 885 5860 Manifestum
909 5801 979 5846 ρει
1010 5805 1175 5848 (uitem
1198 5799 1439 5864 quoniam
1477 5799 1608 5853 nihil
1629 5800 1830 5855 interest
1853 5842 1867 5857 .
1908 5817 1997 5855 nec
2022 5802 2069 5856 si

484 5884 836 5938 uniuersaliter
878 5899 1124 5950 ponamus
1164 5890 1593 5959 afﬁrmationem;
1624 5895 1741 5950 huic
1784 5896 1913 5950 enim
1946 5897 2065 5949 uni-

2178 4699 2241 4753 ad
2271 4699 2594 4765 qualitatem,
2634 4712 2731 4751 nec
2758 4696 2824 4751 ad
2848 4699 2949 4749 vim
2976 4697 3376 4766 propositionis,
3403 4698 3497 4752 sed
3521 4699 3586 4752 ad
3611 4715 3769 4768 quan~

2179 4791 2381 4844 titatem
2413 4788 2665 4846 refertur.
2700 4788 3082 4844 Universalitas
3112 4789 3253 4843 enim
3286 4790 3569 4858 quantitati
3603 4806 3767 4859 oppo-

2178 4881 2339 4936 nitur.
2373 4879 2439 4933 Et
2464 4895 2654 4935 sensus
2704 4881 2917 4951 quidem
2953 4881 3154 4935 homini
3201 4892 3312 4946 est,
3342 4881 3503 4935 verba
3536 4898 3664 4936 vero
3694 4883 3769 4937 sic

2177 4984 2321 5026 sunt.
2356 4973 2613 5039 Superius
2645 4984 2995 5043 proposuerat
3023 4973 3154 5031 nihil
3188 4975 3451 5030 interesse
3481 4990 3550 5028 an
3586 4975 3769 5031 indefi-

2177 5065 2283 5119 nita
2318 5076 2463 5119 esset
2496 5066 2791 5134 propositio
2820 5080 2885 5119 an
2915 5066 3253 5121 universalis.
3282 5065 3388 5120 Cur
3416 5077 3608 5121 autem
3640 5068 3768 5122 nihil

2173 5156 2385 5211 intersit
2428 5156 2529 5211 hoc
2578 5157 2740 5211 modo
2776 5156 2924 5212 dicit.
2964 5158 3095 5212 Nam
3128 5174 3189 5213 ea
3220 5174 3338 5230 qua:
3374 5171 3455 5214 est
3487 5160 3615 5216 boni
3646 5177 3770 5233 quo-

2175 5250 2316 5304 niam
2343 5251 2539 5305 honum
2561 5260 2662 5319 est,
2680 5253 2730 5306 id
2754 5262 2836 5307 est
2864 5252 3135 5308 indeﬁnita
3159 5253 3524 5319 affirmatio,si
3549 5258 3766 5312 univer-

2175 5342 2359 5398 saliter
2387 5343 2454 5397 sit
2483 5346 2680 5399 bonum
2699 5384 2713 5411 ,
2746 5343 2796 5398 id
2829 5351 2914 5399 est
2940 5346 2982 5399 si
3021 5345 3218 5399 bonum
3244 5346 3623 5409 uniyersaliter
3650 5363 3769 5417 pro-

2176 5432 2399 5500 feratur,
2430 5436 2616 5491 eadem
2648 5445 2731 5492 est
2755 5436 2803 5492 ei
2825 5452 2943 5505 quae
2976 5436 3227 5507 opinatur
3262 5437 3517 5507 quidquid
3569 5439 3765 5493 bonum

2178 5538 2257 5583 est
2278 5529 2528 5598 quoniam
2554 5530 2753 5584 bonum
2785 5541 2901 5595 est,
2932 5530 2984 5585 id
3017 5541 3120 5595 est,
3155 5530 3282 5585 nihil
3315 5531 3588 5602 discrepat
3617 5534 3685 5587 ab
3705 5549 3768 5588 ea
3832 5552 3845 5563 ·

2176 5619 2427 5688 opinione
2457 5636 2575 5690 qua:
2604 5620 2858 5688 apinatur
2887 5622 3141 5691 quidquid
3192 5623 3392 5677 bonum
3438 5635 3522 5680 est
3573 5627 3767 5679 honmn

2176 5725 2326 5775 esse;
2352 5712 2653 5781 hujusmodi
2686 5723 2865 5769 autem
2894 5716 3073 5783 opinio
3105 5715 3431 5771 nihildiﬂ'ert
3462 5717 3526 5770 ah
3557 5732 3619 5769 ea
3651 5731 3770 5787 qua}

2174 5814 2357 5872 aperte
2391 5803 2765 5859 universaliter
2793 5807 3127 5874 proponitur,
3152 5823 3271 5877 qua:
3303 5818 3404 5873 est,
3436 5808 3769 5879 omnequod

2173 5904 2253 5951 est
2300 5895 2745 5967 bonumbonum
2794 5907 2895 5955 est.
2946 5897 3203 5957 Similiter
3247 5910 3421 5957 autem
3466 5911 3520 5960 et
3553 5902 3607 5959 in
3658 5916 3769 5961 non
