  <div class='ocr_page' id='page_1' title='image "/cluster/home/n/w/nwhite01/storage/ocr_20150623/64/hvd.32044024222309/326.png"; bbox 0 0 4060 6330; ppageno 0'>
   <div class='ocr_carea' id='block_1_1' title="bbox 294 280 415 337">
    <p class='ocr_par' dir='ltr' id='par_1_1' title="bbox 294 280 415 337">
     <span class='ocr_line' id='line_1_1' title="bbox 294 280 415 337; baseline 0 0"><span class='ocrx_word' id='word_1_1' title='bbox 294 280 415 337; x_wconf 49' lang='grc'><strong>⁷657</strong></span> 
     </span>
    </p>
   </div>
   <div class='ocr_carea' id='block_1_2' title="bbox 1054 268 2866 335">
    <p class='ocr_par' dir='ltr' id='par_1_2' title="bbox 1054 268 2866 335">
     <span class='ocr_line' id='line_1_2' title="bbox 1054 268 2866 335; baseline 0.002 -6"><span class='ocrx_word' id='word_1_2' title='bbox 1054 274 1121 330; x_wconf 84' lang='grc' dir='ltr'><strong>ΙΝ</strong></span> <span class='ocrx_word' id='word_1_3' title='bbox 1156 271 1409 330; x_wconf 77' lang='lat' dir='ltr'><strong>LIBRUM</strong></span> <span class='ocrx_word' id='word_1_4' title='bbox 1450 271 1536 326; x_wconf 85' lang='lat' dir='ltr'><strong>DE</strong></span> <span class='ocrx_word' id='word_1_5' title='bbox 1576 268 2221 328; x_wconf 77' lang='lat' dir='ltr'><strong>lNTERPRETATlONE</strong></span> <span class='ocrx_word' id='word_1_6' title='bbox 2261 272 2489 332; x_wconf 86' lang='lat' dir='ltr'><strong>EDITlO</strong></span> <span class='ocrx_word' id='word_1_7' title='bbox 2526 274 2866 335; x_wconf 81' lang='lat' dir='ltr'><strong>SECUNDA.</strong></span> 
     </span>
    </p>
   </div>
   <div class='ocr_carea' id='block_1_3' title="bbox 3479 282 3582 339">
    <p class='ocr_par' dir='ltr' id='par_1_3' title="bbox 3479 282 3582 339">
     <span class='ocr_line' id='line_1_3' title="bbox 3479 282 3582 339; baseline 0.029 -3"><span class='ocrx_word' id='word_1_8' title='bbox 3479 282 3582 339; x_wconf 76' lang='lat'><strong>658</strong></span> 
     </span>
    </p>
   </div>
   <div class='ocr_carea' id='block_1_4' title="bbox 318 386 3584 471">
    <p class='ocr_par' dir='ltr' id='par_1_4' title="bbox 318 386 3584 471">
     <span class='ocr_line' id='line_1_4' title="bbox 318 386 3584 471; baseline -0.001 -15"><span class='ocrx_word' id='word_1_9' title='bbox 318 401 490 462; x_wconf 89' lang='lat' dir='ltr'><strong>bono,</strong></span> <span class='ocrx_word' id='word_1_10' title='bbox 519 395 570 451; x_wconf 87' lang='lat' dir='ltr'><strong>id</strong></span> <span class='ocrx_word' id='word_1_11' title='bbox 601 402 682 449; x_wconf 90' lang='lat' dir='ltr'><strong>est</strong></span> <span class='ocrx_word' id='word_1_12' title='bbox 715 407 821 447; x_wconf 91' lang='lat' dir='ltr'><strong>non</strong></span> <span class='ocrx_word' id='word_1_13' title='bbox 852 392 1047 471; x_wconf 85' lang='lat' dir='ltr'><strong>bonum</strong></span> <span class='ocrx_word' id='word_1_14' title='bbox 1078 390 1265 445; x_wconf 87' lang='lat' dir='ltr'><strong>eadem</strong></span> <span class='ocrx_word' id='word_1_15' title='bbox 1297 390 1503 444; x_wconf 97' lang='lat' dir='ltr'><strong>ratione</strong></span> <span class='ocrx_word' id='word_1_16' title='bbox 1540 387 1786 443; x_wconf 87' lang='lat' dir='ltr'><strong>dicimus.</strong></span> <span class='ocrx_word' id='word_1_17' title='bbox 1825 388 1896 441; x_wconf 85' lang='lat' dir='ltr'><strong>Ea</strong></span> <span class='ocrx_word' id='word_1_18' title='bbox 1925 389 1980 451; x_wconf 75' lang='grc' dir='ltr'><strong>Α</strong></span> <span class='ocrx_word' id='word_1_19' title='bbox 2005 386 2165 443; x_wconf 92' lang='lat' dir='ltr'><strong>homo</strong></span> <span class='ocrx_word' id='word_1_20' title='bbox 2187 389 2359 445; x_wconf 79' lang='lat' dir='ltr'><strong>bonus</strong></span> <span class='ocrx_word' id='word_1_21' title='bbox 2380 400 2483 461; x_wconf 89' lang='lat' dir='ltr'><strong>est,</strong></span> <span class='ocrx_word' id='word_1_22' title='bbox 2509 402 2618 461; x_wconf 85' lang='lat' dir='ltr'><strong>aut,</strong></span> <span class='ocrx_word' id='word_1_23' title='bbox 2653 409 2758 449; x_wconf 93' lang='lat' dir='ltr'><strong>non</strong></span> <span class='ocrx_word' id='word_1_24' title='bbox 2804 409 2982 462; x_wconf 89' lang='lat' dir='ltr'><strong>omne,</strong></span> <span class='ocrx_word' id='word_1_25' title='bbox 3018 396 3119 451; x_wconf 88' lang='lat' dir='ltr'><strong>hoc</strong></span> <span class='ocrx_word' id='word_1_26' title='bbox 3162 404 3244 452; x_wconf 86' lang='lat' dir='ltr'><strong>est</strong></span> <span class='ocrx_word' id='word_1_27' title='bbox 3285 409 3389 453; x_wconf 90' lang='lat' dir='ltr'><strong>non</strong></span> <span class='ocrx_word' id='word_1_28' title='bbox 3420 412 3584 455; x_wconf 88' lang='lat' dir='ltr'><strong>omne</strong></span> 
     </span>
    </p>
   </div>
   <div class='ocr_carea' id='block_1_5' title="bbox 316 481 1899 562">
    <p class='ocr_par' dir='ltr' id='par_1_5' title="bbox 316 481 1899 562">
     <span class='ocr_line' id='line_1_5' title="bbox 316 481 1899 562; baseline -0.008 -13"><span class='ocrx_word' id='word_1_29' title='bbox 316 506 544 562; x_wconf 87' lang='lat' dir='ltr'><strong>namque</strong></span> <span class='ocrx_word' id='word_1_30' title='bbox 582 488 874 560; x_wconf 89' lang='lat' dir='ltr'><strong>pr0positio</strong></span> <span class='ocrx_word' id='word_1_31' title='bbox 900 486 982 541; x_wconf 87' lang='lat' dir='ltr'><strong>vel</strong></span> <span class='ocrx_word' id='word_1_32' title='bbox 1028 486 1206 554; x_wconf 86' lang='lat' dir='ltr'><strong>opinio</strong></span> <span class='ocrx_word' id='word_1_33' title='bbox 1241 500 1358 554; x_wconf 68' lang='lat' dir='ltr'><strong>qua:</strong></span> <span class='ocrx_word' id='word_1_34' title='bbox 1398 482 1645 552; x_wconf 77' lang='lat' dir='ltr'><strong>opinatur</strong></span> <span class='ocrx_word' id='word_1_35' title='bbox 1673 496 1776 535; x_wconf 92' lang='lat' dir='ltr'><strong>non</strong></span> <span class='ocrx_word' id='word_1_36' title='bbox 1801 481 1899 536; x_wconf 90' lang='lat' dir='ltr'><strong>bo-</strong></span> 
     </span>
    </p>
   </div>
   <div class='ocr_carea' id='block_1_6' title="bbox 313 573 1897 647">
    <p class='ocr_par' dir='ltr' id='par_1_6' title="bbox 313 573 1897 647">
     <span class='ocr_line' id='line_1_6' title="bbox 313 573 1897 647; baseline -0.009 -6"><span class='ocrx_word' id='word_1_37' title='bbox 313 602 441 641; x_wconf 87' lang='lat' dir='ltr'><strong>nutn</strong></span> <span class='ocrx_word' id='word_1_38' title='bbox 464 598 607 647; x_wconf 87' lang='lat' dir='ltr'><strong>esse,</strong></span> <span class='ocrx_word' id='word_1_39' title='bbox 634 582 679 636; x_wconf 85' lang='lat' dir='ltr'><strong>si</strong></span> <span class='ocrx_word' id='word_1_40' title='bbox 700 580 751 636; x_wconf 89' lang='lat' dir='ltr'><strong>ei</strong></span> <span class='ocrx_word' id='word_1_41' title='bbox 772 579 997 634; x_wconf 76' lang='lat' dir='ltr'><strong>addatur</strong></span> <span class='ocrx_word' id='word_1_42' title='bbox 1025 576 1399 632; x_wconf 86' lang='lat' dir='ltr'><strong>universalitas</strong></span> <span class='ocrx_word' id='word_1_43' title='bbox 1421 621 1434 643; x_wconf 93' lang='lat'><strong>,</strong></span> <span class='ocrx_word' id='word_1_44' title='bbox 1470 574 1597 629; x_wconf 88' lang='lat' dir='ltr'><strong>nihil</strong></span> <span class='ocrx_word' id='word_1_45' title='bbox 1624 573 1801 630; x_wconf 81' lang='lat' dir='ltr'><strong>diﬁ‘ert</strong></span> <span class='ocrx_word' id='word_1_46' title='bbox 1827 574 1897 629; x_wconf 89' lang='lat' dir='ltr'><strong>ab</strong></span> 
     </span>
    </p>
   </div>
   <div class='ocr_carea' id='block_1_7' title="bbox 312 669 1897 746">
    <p class='ocr_par' dir='ltr' id='par_1_7' title="bbox 312 669 1897 746">
     <span class='ocr_line' id='line_1_7' title="bbox 312 669 1897 746; baseline -0.006 -15"><span class='ocrx_word' id='word_1_47' title='bbox 312 694 371 731; x_wconf 87' lang='lat' dir='ltr'><strong>ca</strong></span> <span class='ocrx_word' id='word_1_48' title='bbox 388 693 505 746; x_wconf 64' lang='lat' dir='ltr'><strong>qum</strong></span> <span class='ocrx_word' id='word_1_49' title='bbox 529 671 902 727; x_wconf 88' lang='lat' dir='ltr'><strong>universaliter</strong></span> <span class='ocrx_word' id='word_1_50' title='bbox 925 678 1107 739; x_wconf 90' lang='lat' dir='ltr'><strong>aperte</strong></span> <span class='ocrx_word' id='word_1_51' title='bbox 1130 669 1465 740; x_wconf 82' lang='lat' dir='ltr'><strong>prOpttllilut‘,</strong></span> <span class='ocrx_word' id='word_1_52' title='bbox 1485 682 1603 737; x_wconf 68' lang='lat' dir='ltr'><strong>quae</strong></span> <span class='ocrx_word' id='word_1_53' title='bbox 1623 674 1723 735; x_wconf 88' lang='lat' dir='ltr'><strong>est,</strong></span> <span class='ocrx_word' id='word_1_54' title='bbox 1738 680 1897 722; x_wconf 87' lang='lat' dir='ltr'><strong>omne</strong></span> 
     </span>
    </p>
   </div>
   <div class='ocr_carea' id='block_1_8' title="bbox 312 762 1406 838">
    <p class='ocr_par' dir='ltr' id='par_1_8' title="bbox 312 762 1406 838">
     <span class='ocr_line' id='line_1_8' title="bbox 312 762 1406 838; baseline -0.006 -16"><span class='ocrx_word' id='word_1_55' title='bbox 312 770 454 838; x_wconf 84' lang='lat' dir='ltr'><strong>quod</strong></span> <span class='ocrx_word' id='word_1_56' title='bbox 486 767 685 821; x_wconf 92' lang='lat' dir='ltr'><strong>bonum</strong></span> <span class='ocrx_word' id='word_1_57' title='bbox 715 772 1053 819; x_wconf 86' lang='lat' dir='ltr'><strong>nonestnon</strong></span> <span class='ocrx_word' id='word_1_58' title='bbox 1083 770 1167 815; x_wconf 83' lang='lat' dir='ltr'><strong>est</strong></span> <span class='ocrx_word' id='word_1_59' title='bbox 1189 762 1406 815; x_wconf 90' lang='lat' dir='ltr'><strong>bonum.</strong></span> 
     </span>
    </p>
   </div>
   <div class='ocr_carea' id='block_1_9' title="bbox 386 854 1896 931">
    <p class='ocr_par' dir='ltr' id='par_1_9' title="bbox 386 854 1896 931">
     <span class='ocr_line' id='line_1_9' title="bbox 386 854 1896 931; baseline -0.005 -13"><span class='ocrx_word' id='word_1_60' title='bbox 386 870 557 930; x_wconf 80' lang='lat' dir='ltr'><strong>Quare</strong></span> <span class='ocrx_word' id='word_1_61' title='bbox 595 864 640 917; x_wconf 78' lang='lat' dir='ltr'><strong>si</strong></span> <span class='ocrx_word' id='word_1_62' title='bbox 667 864 720 916; x_wconf 87' lang='lat' dir='ltr'><strong>in</strong></span> <span class='ocrx_word' id='word_1_63' title='bbox 752 862 990 931; x_wconf 79' lang='lat' dir='ltr'><strong>Opinione</strong></span> <span class='ocrx_word' id='word_1_64' title='bbox 1035 861 1108 914; x_wconf 81' lang='lat' dir='ltr'><strong>sic</strong></span> <span class='ocrx_word' id='word_1_65' title='bbox 1154 875 1206 912; x_wconf 85' lang='lat' dir='ltr'><strong>se</strong></span> <span class='ocrx_word' id='word_1_66' title='bbox 1245 857 1392 912; x_wconf 80' lang='lat' dir='ltr'><strong>habet</strong></span> <span class='ocrx_word' id='word_1_67' title='bbox 1426 873 1445 911; x_wconf 91' lang='lat'><strong><em>:</em></strong></span> <span class='ocrx_word' id='word_1_68' title='bbox 1475 866 1592 911; x_wconf 86' lang='lat' dir='ltr'><strong>sunt</strong></span> <span class='ocrx_word' id='word_1_69' title='bbox 1619 865 1785 912; x_wconf 82' lang='lat' dir='ltr'><strong>autem</strong></span> <span class='ocrx_word' id='word_1_70' title='bbox 1814 854 1896 911; x_wconf 74' lang='lat' dir='ltr'><strong>lue</strong></span> 
     </span>
    </p>
   </div>
   <div class='ocr_carea' id='block_1_10' title="bbox 310 946 1896 1029">
    <p class='ocr_par' dir='ltr' id='par_1_10' title="bbox 310 946 1896 1029">
     <span class='ocr_line' id='line_1_10' title="bbox 310 946 1896 1029; baseline -0.007 -18"><span class='ocrx_word' id='word_1_71' title='bbox 310 974 424 1029; x_wconf 68' lang='lat' dir='ltr'><strong>qua:</strong></span> <span class='ocrx_word' id='word_1_72' title='bbox 451 966 563 1011; x_wconf 87' lang='lat' dir='ltr'><strong>sunt</strong></span> <span class='ocrx_word' id='word_1_73' title='bbox 588 957 639 1009; x_wconf 88' lang='lat' dir='ltr'><strong>in</strong></span> <span class='ocrx_word' id='word_1_74' title='bbox 670 971 785 1009; x_wconf 83' lang='lat' dir='ltr'><strong>voce</strong></span> <span class='ocrx_word' id='word_1_75' title='bbox 811 953 1170 1024; x_wconf 72' lang='lat' dir='ltr'><strong>o/jirmationes</strong></span> <span class='ocrx_word' id='word_1_76' title='bbox 1213 960 1261 1004; x_wconf 82' lang='lat' dir='ltr'><strong>et</strong></span> <span class='ocrx_word' id='word_1_77' title='bbox 1304 952 1594 1022; x_wconf 81' lang='lat' dir='ltr'><strong>negationes</strong></span> <span class='ocrx_word' id='word_1_78' title='bbox 1635 958 1768 1002; x_wconf 75' lang='lat' dir='ltr'><strong>notae</strong></span> <span class='ocrx_word' id='word_1_79' title='bbox 1809 946 1896 1001; x_wconf 85' lang='lat' dir='ltr'><strong>eo-</strong></span> 
     </span>
    </p>
   </div>
   <div class='ocr_carea' id='block_1_11' title="bbox 310 1036 1895 1118">
    <p class='ocr_par' dir='ltr' id='par_1_11' title="bbox 310 1036 1895 1118">
     <span class='ocr_line' id='line_1_11' title="bbox 310 1036 1895 1118; baseline -0.007 -17"><span class='ocrx_word' id='word_1_80' title='bbox 310 1065 425 1101; x_wconf 85' lang='lat' dir='ltr'><strong>rum</strong></span> <span class='ocrx_word' id='word_1_81' title='bbox 454 1063 568 1118; x_wconf 70' lang='lat' dir='ltr'><strong>qum</strong></span> <span class='ocrx_word' id='word_1_82' title='bbox 590 1056 706 1101; x_wconf 83' lang='lat' dir='ltr'><strong>sunt</strong></span> <span class='ocrx_word' id='word_1_83' title='bbox 728 1048 781 1099; x_wconf 86' lang='lat' dir='ltr'><strong>in</strong></span> <span class='ocrx_word' id='word_1_84' title='bbox 800 1048 992 1100; x_wconf 81' lang='lat' dir='ltr'><strong>anima.</strong></span> <span class='ocrx_word' id='word_1_85' title='bbox 1021 1040 1355 1112; x_wconf 71' lang='lat' dir='ltr'><strong>Manifestum</strong></span> <span class='ocrx_word' id='word_1_86' title='bbox 1401 1049 1470 1094; x_wconf 79' lang='lat' dir='ltr'><strong>est</strong></span> <span class='ocrx_word' id='word_1_87' title='bbox 1493 1041 1732 1108; x_wconf 82' lang='lat' dir='ltr'><strong>quoniam</strong></span> <span class='ocrx_word' id='word_1_88' title='bbox 1757 1036 1895 1107; x_wconf 69' lang='lat' dir='ltr'><strong>aﬂir-</strong></span> 
     </span>
    </p>
   </div>
   <div class='ocr_carea' id='block_1_12' title="bbox 309 1129 1889 1206">
    <p class='ocr_par' dir='ltr' id='par_1_12' title="bbox 309 1129 1889 1206">
     <span class='ocr_line' id='line_1_12' title="bbox 309 1129 1889 1206; baseline -0.008 -13"><span class='ocrx_word' id='word_1_89' title='bbox 309 1142 520 1194; x_wconf 77' lang='grc' dir='ltr'><strong>ηιαιὶοηί</strong></span> <span class='ocrx_word' id='word_1_90' title='bbox 550 1139 808 1193; x_wconf 85' lang='lat' dir='ltr'><strong>contraria</strong></span> <span class='ocrx_word' id='word_1_91' title='bbox 849 1136 1050 1206; x_wconf 85' lang='lat' dir='ltr'><strong>quidem</strong></span> <span class='ocrx_word' id='word_1_92' title='bbox 1082 1133 1281 1203; x_wconf 87' lang='lat' dir='ltr'><strong>negatio</strong></span> <span class='ocrx_word' id='word_1_93' title='bbox 1330 1141 1404 1185; x_wconf 82' lang='lat' dir='ltr'><strong>est</strong></span> <span class='ocrx_word' id='word_1_94' title='bbox 1443 1132 1577 1184; x_wconf 87' lang='lat' dir='ltr'><strong>circa</strong></span> <span class='ocrx_word' id='word_1_95' title='bbox 1606 1130 1741 1184; x_wconf 86' lang='lat' dir='ltr'><strong>idem</strong></span> <span class='ocrx_word' id='word_1_96' title='bbox 1770 1129 1889 1182; x_wconf 86' lang='lat' dir='ltr'><strong>uni-</strong></span> 
     </span>
    </p>
   </div>
   <div class='ocr_carea' id='block_1_13' title="bbox 309 1220 1891 1296">
    <p class='ocr_par' dir='ltr' id='par_1_13' title="bbox 309 1220 1891 1296">
     <span class='ocr_line' id='line_1_13' title="bbox 309 1220 1891 1296; baseline -0.008 -12"><span class='ocrx_word' id='word_1_97' title='bbox 309 1231 519 1284; x_wconf 81' lang='lat' dir='ltr'><strong>versalis</strong></span> <span class='ocrx_word' id='word_1_98' title='bbox 540 1271 554 1296; x_wconf 90' lang='lat'><strong>,</strong></span> <span class='ocrx_word' id='word_1_99' title='bbox 598 1239 652 1282; x_wconf 88' lang='lat' dir='ltr'><strong>ut</strong></span> <span class='ocrx_word' id='word_1_100' title='bbox 695 1229 740 1281; x_wconf 87' lang='lat' dir='ltr'><strong>ei</strong></span> <span class='ocrx_word' id='word_1_101' title='bbox 784 1242 897 1296; x_wconf 69' lang='lat' dir='ltr'><strong>qum</strong></span> <span class='ocrx_word' id='word_1_102' title='bbox 943 1233 1013 1279; x_wconf 77' lang='lat' dir='ltr'><strong>est</strong></span> <span class='ocrx_word' id='word_1_103' title='bbox 1042 1224 1283 1295; x_wconf 89' lang='lat' dir='ltr'><strong>quoniam</strong></span> <span class='ocrx_word' id='word_1_104' title='bbox 1313 1238 1459 1276; x_wconf 89' lang='lat' dir='ltr'><strong>omne</strong></span> <span class='ocrx_word' id='word_1_105' title='bbox 1489 1222 1674 1275; x_wconf 87' lang='lat' dir='ltr'><strong>bonum</strong></span> <span class='ocrx_word' id='word_1_106' title='bbox 1703 1220 1891 1274; x_wconf 79' lang='lat' dir='ltr'><strong>bonum</strong></span> 
     </span>
    </p>
   </div>
   <div class='ocr_carea' id='block_1_14' title="bbox 306 1316 1891 1391">
    <p class='ocr_par' dir='ltr' id='par_1_14' title="bbox 306 1316 1891 1391">
     <span class='ocr_line' id='line_1_14' title="bbox 306 1316 1891 1391; baseline -0.008 -14"><span class='ocrx_word' id='word_1_107' title='bbox 306 1334 401 1389; x_wconf 82' lang='lat' dir='ltr'><strong>est,</strong></span> <span class='ocrx_word' id='word_1_108' title='bbox 427 1324 502 1375; x_wconf 77' lang='lat' dir='ltr'><strong>vel</strong></span> <span class='ocrx_word' id='word_1_109' title='bbox 530 1322 773 1391; x_wconf 87' lang='lat' dir='ltr'><strong>quoniam</strong></span> <span class='ocrx_word' id='word_1_110' title='bbox 812 1319 974 1372; x_wconf 78' lang='lat' dir='ltr'><strong>omnis</strong></span> <span class='ocrx_word' id='word_1_111' title='bbox 1020 1318 1168 1369; x_wconf 85' lang='lat' dir='ltr'><strong>homo</strong></span> <span class='ocrx_word' id='word_1_112' title='bbox 1197 1316 1357 1368; x_wconf 87' lang='lat' dir='ltr'><strong>bonus</strong></span> <span class='ocrx_word' id='word_1_113' title='bbox 1398 1323 1504 1378; x_wconf 74' lang='lat' dir='ltr'><strong>est,</strong></span> <span class='ocrx_word' id='word_1_114' title='bbox 1550 1329 1609 1366; x_wconf 85' lang='lat' dir='ltr'><strong>ea</strong></span> <span class='ocrx_word' id='word_1_115' title='bbox 1655 1327 1767 1380; x_wconf 68' lang='lat' dir='ltr'><strong>qua</strong></span> <span class='ocrx_word' id='word_1_116' title='bbox 1814 1318 1891 1365; x_wconf 80' lang='lat' dir='ltr'><strong>est</strong></span> 
     </span>
    </p>
   </div>
   <div class='ocr_carea' id='block_1_15' title="bbox 303 1408 1888 1489">
    <p class='ocr_par' dir='ltr' id='par_1_15' title="bbox 303 1408 1888 1489">
     <span class='ocr_line' id='line_1_15' title="bbox 303 1408 1888 1489; baseline -0.009 -14"><span class='ocrx_word' id='word_1_117' title='bbox 303 1421 545 1489; x_wconf 84' lang='lat' dir='ltr'><strong>quoniam</strong></span> <span class='ocrx_word' id='word_1_118' title='bbox 612 1415 812 1471; x_wconf 84' lang='lat' dir='ltr'><strong>nullum</strong></span> <span class='ocrx_word' id='word_1_119' title='bbox 874 1415 950 1468; x_wconf 83' lang='lat' dir='ltr'><strong>vel</strong></span> <span class='ocrx_word' id='word_1_120' title='bbox 998 1412 1193 1466; x_wconf 81' lang='lat' dir='ltr'><strong>nullus.</strong></span> <span class='ocrx_word' id='word_1_121' title='bbox 1253 1408 1672 1465; x_wconf 71' lang='lat' dir='ltr'><strong>Contradictorfa:</strong></span> <span class='ocrx_word' id='word_1_122' title='bbox 1718 1415 1888 1461; x_wconf 86' lang='lat' dir='ltr'><strong>autem</strong></span> 
     </span>
    </p>
   </div>
   <div class='ocr_carea' id='block_1_16' title="bbox 302 1504 1290 1583">
    <p class='ocr_par' dir='ltr' id='par_1_16' title="bbox 302 1504 1290 1583">
     <span class='ocr_line' id='line_1_16' title="bbox 302 1504 1290 1583; baseline -0.011 -18"><span class='ocrx_word' id='word_1_123' title='bbox 302 1512 544 1583; x_wconf 81' lang='lat' dir='ltr'><strong>quoniam</strong></span> <span class='ocrx_word' id='word_1_124' title='bbox 568 1525 667 1563; x_wconf 88' lang='lat' dir='ltr'><strong>non</strong></span> <span class='ocrx_word' id='word_1_125' title='bbox 694 1524 841 1562; x_wconf 87' lang='lat' dir='ltr'><strong>omne</strong></span> <span class='ocrx_word' id='word_1_126' title='bbox 865 1514 949 1558; x_wconf 82' lang='lat' dir='ltr'><strong>aut</strong></span> <span class='ocrx_word' id='word_1_127' title='bbox 974 1521 1077 1558; x_wconf 89' lang='lat' dir='ltr'><strong>non</strong></span> <span class='ocrx_word' id='word_1_128' title='bbox 1110 1504 1290 1557; x_wconf 80' lang='lat' dir='ltr'><strong>omnis.</strong></span> 
     </span>
    </p>
   </div>
   <div class='ocr_carea' id='block_1_17' title="bbox 376 1593 1881 1673">
    <p class='ocr_par' dir='ltr' id='par_1_17' title="bbox 376 1593 1881 1673">
     <span class='ocr_line' id='line_1_17' title="bbox 376 1593 1881 1673; baseline -0.007 -14"><span class='ocrx_word' id='word_1_129' title='bbox 376 1602 632 1673; x_wconf 87' lang='lat' dir='ltr'><strong>Superius</strong></span> <span class='ocrx_word' id='word_1_130' title='bbox 660 1615 847 1656; x_wconf 92' lang='lat' dir='ltr'><strong>omnes</strong></span> <span class='ocrx_word' id='word_1_131' title='bbox 879 1598 1368 1667; x_wconf 73' lang='lat' dir='ltr'><strong>argumentationes</strong></span> <span class='ocrx_word' id='word_1_132' title='bbox 1400 1596 1464 1650; x_wconf 91' lang='lat' dir='ltr'><strong>ad</strong></span> <span class='ocrx_word' id='word_1_133' title='bbox 1494 1595 1691 1651; x_wconf 89' lang='lat' dir='ltr'><strong>bonum</strong></span> <span class='ocrx_word' id='word_1_134' title='bbox 1715 1593 1881 1664; x_wconf 88' lang='lat' dir='ltr'><strong>tollit,</strong></span> 
     </span>
    </p>
   </div>
   <div class='ocr_carea' id='block_1_18' title="bbox 301 1690 1877 1769">
    <p class='ocr_par' dir='ltr' id='par_1_18' title="bbox 301 1690 1877 1769">
     <span class='ocr_line' id='line_1_18' title="bbox 301 1690 1877 1769; baseline -0.008 -13"><span class='ocrx_word' id='word_1_135' title='bbox 301 1699 598 1769; x_wconf 88' lang='lat' dir='ltr'><strong>redigitque</strong></span> <span class='ocrx_word' id='word_1_136' title='bbox 627 1696 691 1751; x_wconf 90' lang='lat' dir='ltr'><strong>ad</strong></span> <span class='ocrx_word' id='word_1_137' title='bbox 734 1694 1129 1750; x_wconf 79' lang='lat' dir='ltr'><strong>conclusionem</strong></span> <span class='ocrx_word' id='word_1_138' title='bbox 1170 1706 1384 1745; x_wconf 89' lang='lat' dir='ltr'><strong>omnem</strong></span> <span class='ocrx_word' id='word_1_139' title='bbox 1415 1690 1723 1760; x_wconf 64' lang='lat' dir='ltr'><strong>quaestionis</strong></span> <span class='ocrx_word' id='word_1_140' title='bbox 1754 1690 1877 1744; x_wconf 86' lang='lat' dir='ltr'><strong>vim.</strong></span> 
     </span>
    </p>
   </div>
   <div class='ocr_carea' id='block_1_19' title="bbox 2001 481 3581 562">
    <p class='ocr_par' dir='ltr' id='par_1_19' title="bbox 2001 481 3581 562">
     <span class='ocr_line' id='line_1_19' title="bbox 2001 481 3581 562; baseline 0.008 -25"><span class='ocrx_word' id='word_1_141' title='bbox 2001 481 2198 537; x_wconf 91' lang='lat' dir='ltr'><strong>bonum</strong></span> <span class='ocrx_word' id='word_1_142' title='bbox 2231 485 2425 539; x_wconf 91' lang='lat' dir='ltr'><strong>bonum</strong></span> <span class='ocrx_word' id='word_1_143' title='bbox 2454 497 2568 555; x_wconf 89' lang='lat' dir='ltr'><strong>est,</strong></span> <span class='ocrx_word' id='word_1_144' title='bbox 2597 496 2782 544; x_wconf 88' lang='lat' dir='ltr'><strong>contra</strong></span> <span class='ocrx_word' id='word_1_145' title='bbox 2831 502 2949 546; x_wconf 83' lang='lat' dir='ltr'><strong>eam</strong></span> <span class='ocrx_word' id='word_1_146' title='bbox 2981 504 3098 558; x_wconf 67' lang='lat' dir='ltr'><strong>quas</strong></span> <span class='ocrx_word' id='word_1_147' title='bbox 3126 490 3278 559; x_wconf 85' lang='lat' dir='ltr'><strong>dicit,</strong></span> <span class='ocrx_word' id='word_1_148' title='bbox 3325 481 3581 562; x_wconf 85' lang='lat' dir='ltr'><strong>quoniam</strong></span> 
     </span>
    </p>
   </div>
   <div class='ocr_carea' id='block_1_20' title="bbox 2000 578 3581 657">
    <p class='ocr_par' dir='ltr' id='par_1_20' title="bbox 2000 578 3581 657">
     <span class='ocr_line' id='line_1_20' title="bbox 2000 578 3581 657; baseline 0.008 -25"><span class='ocrx_word' id='word_1_149' title='bbox 2000 593 2160 633; x_wconf 88' lang='lat' dir='ltr'><strong>omne</strong></span> <span class='ocrx_word' id='word_1_150' title='bbox 2192 578 2388 635; x_wconf 90' lang='lat' dir='ltr'><strong>bonum</strong></span> <span class='ocrx_word' id='word_1_151' title='bbox 2410 580 2608 638; x_wconf 89' lang='lat' dir='ltr'><strong>bonum</strong></span> <span class='ocrx_word' id='word_1_152' title='bbox 2639 594 2741 639; x_wconf 86' lang='lat' dir='ltr'><strong>est.</strong></span> <span class='ocrx_word' id='word_1_153' title='bbox 2769 581 2991 639; x_wconf 84' lang='lat' dir='ltr'><strong>Constat</strong></span> <span class='ocrx_word' id='word_1_154' title='bbox 3018 585 3176 655; x_wconf 91' lang='lat' dir='ltr'><strong>igitur</strong></span> <span class='ocrx_word' id='word_1_155' title='bbox 3200 587 3253 641; x_wconf 91' lang='lat' dir='ltr'><strong>in</strong></span> <span class='ocrx_word' id='word_1_156' title='bbox 3285 585 3370 643; x_wconf 87' lang='lat' dir='ltr'><strong>his</strong></span> <span class='ocrx_word' id='word_1_157' title='bbox 3394 601 3581 657; x_wconf 86' lang='lat' dir='ltr'><strong>propo-</strong></span> 
     </span>
    </p>
   </div>
   <div class='ocr_carea' id='block_1_21' title="bbox 2001 671 3577 746">
    <p class='ocr_par' dir='ltr' id='par_1_21' title="bbox 2001 671 3577 746">
     <span class='ocr_line' id='line_1_21' title="bbox 2001 671 3577 746; baseline 0.006 -21"><span class='ocrx_word' id='word_1_158' title='bbox 2001 671 2284 728; x_wconf 89' lang='lat' dir='ltr'><strong>sitionibus</strong></span> <span class='ocrx_word' id='word_1_159' title='bbox 2313 688 2444 744; x_wconf 89' lang='lat' dir='ltr'><strong>quas</strong></span> <span class='ocrx_word' id='word_1_160' title='bbox 2474 688 2633 743; x_wconf 85' lang='lat' dir='ltr'><strong>supra</strong></span> <span class='ocrx_word' id='word_1_161' title='bbox 2688 677 2863 745; x_wconf 87' lang='lat' dir='ltr'><strong>posuit</strong></span> <span class='ocrx_word' id='word_1_162' title='bbox 2892 677 3061 746; x_wconf 87' lang='lat' dir='ltr'><strong>magis</strong></span> <span class='ocrx_word' id='word_1_163' title='bbox 3099 691 3222 733; x_wconf 88' lang='lat' dir='ltr'><strong>csse</strong></span> <span class='ocrx_word' id='word_1_164' title='bbox 3249 679 3577 734; x_wconf 76' lang='lat' dir='ltr'><strong>contrariam</strong></span> 
     </span>
    </p>
   </div>
   <div class='ocr_carea' id='block_1_22' title="bbox 1999 765 3578 842">
    <p class='ocr_par' dir='ltr' id='par_1_22' title="bbox 1999 765 3578 842">
     <span class='ocr_line' id='line_1_22' title="bbox 1999 765 3578 842; baseline 0.007 -25"><span class='ocrx_word' id='word_1_165' title='bbox 1999 765 2339 822; x_wconf 83' lang='lat' dir='ltr'><strong>alﬁrmationi</strong></span> <span class='ocrx_word' id='word_1_166' title='bbox 2365 783 2483 837; x_wconf 69' lang='lat' dir='ltr'><strong>qua:</strong></span> <span class='ocrx_word' id='word_1_167' title='bbox 2502 768 2648 836; x_wconf 86' lang='lat' dir='ltr'><strong>dicit,</strong></span> <span class='ocrx_word' id='word_1_168' title='bbox 2681 771 2855 825; x_wconf 90' lang='lat' dir='ltr'><strong>omnis</strong></span> <span class='ocrx_word' id='word_1_169' title='bbox 2884 772 3047 827; x_wconf 90' lang='lat' dir='ltr'><strong>homo</strong></span> <span class='ocrx_word' id='word_1_170' title='bbox 3082 769 3261 842; x_wconf 74' lang='lat' dir='ltr'><strong>justus</strong></span> <span class='ocrx_word' id='word_1_171' title='bbox 3303 781 3406 840; x_wconf 88' lang='lat' dir='ltr'><strong>est,</strong></span> <span class='ocrx_word' id='word_1_172' title='bbox 3458 788 3578 829; x_wconf 89' lang='lat' dir='ltr'><strong>eam</strong></span> 
     </span>
    </p>
   </div>
   <div class='ocr_carea' id='block_1_23' title="bbox 1998 857 3575 935">
    <p class='ocr_par' dir='ltr' id='par_1_23' title="bbox 1998 857 3575 935">
     <span class='ocr_line' id='line_1_23' title="bbox 1998 857 3575 935; baseline 0.006 -24"><span class='ocrx_word' id='word_1_173' title='bbox 1998 872 2115 928; x_wconf 72' lang='lat' dir='ltr'><strong>qua:</strong></span> <span class='ocrx_word' id='word_1_174' title='bbox 2132 857 2285 925; x_wconf 86' lang='lat' dir='ltr'><strong>dicit,</strong></span> <span class='ocrx_word' id='word_1_175' title='bbox 2316 858 2499 915; x_wconf 91' lang='lat' dir='ltr'><strong>nullus</strong></span> <span class='ocrx_word' id='word_1_176' title='bbox 2543 860 2703 915; x_wconf 89' lang='lat' dir='ltr'><strong>homo</strong></span> <span class='ocrx_word' id='word_1_177' title='bbox 2726 862 2902 931; x_wconf 90' lang='lat' dir='ltr'><strong>justus</strong></span> <span class='ocrx_word' id='word_1_178' title='bbox 2925 874 3030 928; x_wconf 84' lang='lat' dir='ltr'><strong>est,</strong></span> <span class='ocrx_word' id='word_1_179' title='bbox 3056 864 3235 934; x_wconf 88' lang='lat' dir='ltr'><strong>potius</strong></span> <span class='ocrx_word' id='word_1_180' title='bbox 3269 878 3431 935; x_wconf 89' lang='lat' dir='ltr'><strong>quam</strong></span> <span class='ocrx_word' id='word_1_181' title='bbox 3458 879 3575 922; x_wconf 87' lang='lat' dir='ltr'><strong>eam</strong></span> 
     </span>
    </p>
   </div>
   <div class='ocr_carea' id='block_1_24' title="bbox 1997 950 3067 1023">
    <p class='ocr_par' dir='ltr' id='par_1_24' title="bbox 1997 950 3067 1023">
     <span class='ocr_line' id='line_1_24' title="bbox 1997 950 3067 1023; baseline 0.004 -18"><span class='ocrx_word' id='word_1_182' title='bbox 1997 965 2116 1020; x_wconf 76' lang='lat' dir='ltr'><strong>qua:</strong></span> <span class='ocrx_word' id='word_1_183' title='bbox 2142 950 2290 1016; x_wconf 83' lang='lat' dir='ltr'><strong>dicit,</strong></span> <span class='ocrx_word' id='word_1_184' title='bbox 2324 952 2501 1007; x_wconf 92' lang='lat' dir='ltr'><strong>omnis</strong></span> <span class='ocrx_word' id='word_1_185' title='bbox 2529 952 2687 1007; x_wconf 90' lang='lat' dir='ltr'><strong>homo</strong></span> <span class='ocrx_word' id='word_1_186' title='bbox 2714 954 2944 1023; x_wconf 86' lang='lat' dir='ltr'><strong>injustus</strong></span> <span class='ocrx_word' id='word_1_187' title='bbox 2969 963 3067 1011; x_wconf 83' lang='lat' dir='ltr'><strong>est.</strong></span> 
     </span>
    </p>
   </div>
   <div class='ocr_carea' id='block_1_25' title="bbox 2068 1042 3575 1119">
    <p class='ocr_par' dir='ltr' id='par_1_25' title="bbox 2068 1042 3575 1119">
     <span class='ocr_line' id='line_1_25' title="bbox 2068 1042 3575 1119; baseline 0.006 -22"><span class='ocrx_word' id='word_1_188' title='bbox 2068 1042 2407 1115; x_wconf 68' lang='lat' dir='ltr'><strong>Manifestum</strong></span> <span class='ocrx_word' id='word_1_189' title='bbox 2427 1053 2500 1099; x_wconf 77' lang='lat' dir='ltr'><strong>est</strong></span> <span class='ocrx_word' id='word_1_190' title='bbox 2526 1056 2694 1119; x_wconf 61' lang='lat' dir='ltr'><strong>autem</strong></span> <span class='ocrx_word' id='word_1_191' title='bbox 2718 1048 2962 1115; x_wconf 83' lang='lat' dir='ltr'><strong>quoniam</strong></span> <span class='ocrx_word' id='word_1_192' title='bbox 3014 1057 3062 1102; x_wconf 86' lang='lat' dir='ltr'><strong>et</strong></span> <span class='ocrx_word' id='word_1_193' title='bbox 3104 1064 3274 1104; x_wconf 83' lang='lat' dir='ltr'><strong>veram</strong></span> <span class='ocrx_word' id='word_1_194' title='bbox 3302 1065 3433 1105; x_wconf 74' lang='lat' dir='ltr'><strong>verte</strong></span> <span class='ocrx_word' id='word_1_195' title='bbox 3471 1066 3575 1109; x_wconf 84' lang='lat' dir='ltr'><strong>non</strong></span> 
     </span>
    </p>
   </div>
   <div class='ocr_carea' id='block_1_26' title="bbox 1994 1140 3574 1212">
    <p class='ocr_par' dir='ltr' id='par_1_26' title="bbox 1994 1140 3574 1212">
     <span class='ocr_line' id='line_1_26' title="bbox 1994 1140 3574 1212; baseline 0.006 -22"><span class='ocrx_word' id='word_1_196' title='bbox 1994 1140 2240 1210; x_wconf 83' lang='lat' dir='ltr'><strong>contingit</strong></span> <span class='ocrx_word' id='word_1_197' title='bbox 2268 1155 2377 1195; x_wconf 82' lang='lat' dir='ltr'><strong>esse</strong></span> <span class='ocrx_word' id='word_1_198' title='bbox 2403 1140 2732 1205; x_wconf 83' lang='lat' dir='ltr'><strong>contrariam,</strong></span> <span class='ocrx_word' id='word_1_199' title='bbox 2781 1157 2871 1195; x_wconf 89' lang='lat' dir='ltr'><strong>nec</strong></span> <span class='ocrx_word' id='word_1_200' title='bbox 2898 1142 3186 1212; x_wconf 83' lang='lat' dir='ltr'><strong>opinionem</strong></span> <span class='ocrx_word' id='word_1_201' title='bbox 3204 1186 3219 1211; x_wconf 89' lang='lat'><strong>,</strong></span> <span class='ocrx_word' id='word_1_202' title='bbox 3252 1160 3343 1199; x_wconf 84' lang='lat' dir='ltr'><strong>nec</strong></span> <span class='ocrx_word' id='word_1_203' title='bbox 3370 1155 3574 1200; x_wconf 86' lang='lat' dir='ltr'><strong>contra-</strong></span> 
     </span>
    </p>
   </div>
   <div class='ocr_carea' id='block_1_27' title="bbox 1994 1211 3572 1309">
    <p class='ocr_par' dir='ltr' id='par_1_27' title="bbox 1994 1211 3572 1309">
     <span class='ocr_line' id='line_1_27' title="bbox 1994 1211 3572 1309; baseline 0.004 -25"><span class='ocrx_word' id='word_1_204' title='bbox 1994 1232 2288 1286; x_wconf 80' lang='lat' dir='ltr'><strong>dictionem.</strong></span> <span class='ocrx_word' id='word_1_205' title='bbox 2334 1229 2616 1287; x_wconf 79' lang='lat' dir='ltr'><strong>Contraria:</strong></span> <span class='ocrx_word' id='word_1_206' title='bbox 2656 1232 2792 1287; x_wconf 86' lang='lat' dir='ltr'><strong>enim</strong></span> <span class='ocrx_word' id='word_1_207' title='bbox 2841 1211 2957 1288; x_wconf 77' lang='lat' dir='ltr'><strong>sunt</strong></span> <span class='ocrx_word' id='word_1_208' title='bbox 3004 1211 3121 1304; x_wconf 68' lang='lat' dir='ltr'><strong>quia</strong></span> <span class='ocrx_word' id='word_1_209' title='bbox 3162 1236 3299 1290; x_wconf 86' lang='lat' dir='ltr'><strong>circa</strong></span> <span class='ocrx_word' id='word_1_210' title='bbox 3339 1239 3572 1309; x_wconf 83' lang='lat' dir='ltr'><strong>opposita</strong></span> 
     </span>
    </p>
   </div>
   <div class='ocr_carea' id='block_1_28' title="bbox 1992 1320 3570 1394">
    <p class='ocr_par' dir='ltr' id='par_1_28' title="bbox 1992 1320 3570 1394">
     <span class='ocr_line' id='line_1_28' title="bbox 1992 1320 3570 1394; baseline 0.002 -17"><span class='ocrx_word' id='word_1_211' title='bbox 1992 1332 2132 1377; x_wconf 83' lang='lat' dir='ltr'><strong>sunt.</strong></span> <span class='ocrx_word' id='word_1_212' title='bbox 2156 1320 2304 1378; x_wconf 86' lang='lat' dir='ltr'><strong>Circa</strong></span> <span class='ocrx_word' id='word_1_213' title='bbox 2326 1324 2500 1377; x_wconf 84' lang='lat' dir='ltr'><strong>eadem</strong></span> <span class='ocrx_word' id='word_1_214' title='bbox 2543 1332 2710 1377; x_wconf 87' lang='lat' dir='ltr'><strong>autem</strong></span> <span class='ocrx_word' id='word_1_215' title='bbox 2742 1324 2987 1394; x_wconf 85' lang='lat' dir='ltr'><strong>contingit</strong></span> <span class='ocrx_word' id='word_1_216' title='bbox 3027 1338 3199 1378; x_wconf 79' lang='lat' dir='ltr'><strong>verum</strong></span> <span class='ocrx_word' id='word_1_217' title='bbox 3242 1326 3407 1382; x_wconf 85' lang='lat' dir='ltr'><strong>dicere</strong></span> <span class='ocrx_word' id='word_1_218' title='bbox 3431 1344 3570 1382; x_wconf 88' lang='lat' dir='ltr'><strong>eum-</strong></span> 
     </span>
    </p>
   </div>
   <div class='ocr_carea' id='block_1_29' title="bbox 1990 1418 3569 1491">
    <p class='ocr_par' dir='ltr' id='par_1_29' title="bbox 1990 1418 3569 1491">
     <span class='ocr_line' id='line_1_29' title="bbox 1990 1418 3569 1491; baseline 0.004 -21"><span class='ocrx_word' id='word_1_219' title='bbox 1990 1418 2124 1471; x_wconf 85' lang='lat' dir='ltr'><strong>dem.</strong></span> <span class='ocrx_word' id='word_1_220' title='bbox 2174 1418 2343 1472; x_wconf 81' lang='lat' dir='ltr'><strong>Simut</strong></span> <span class='ocrx_word' id='word_1_221' title='bbox 2384 1426 2555 1473; x_wconf 89' lang='lat' dir='ltr'><strong>autem</strong></span> <span class='ocrx_word' id='word_1_222' title='bbox 2593 1434 2694 1472; x_wconf 91' lang='lat' dir='ltr'><strong>non</strong></span> <span class='ocrx_word' id='word_1_223' title='bbox 2732 1418 2984 1491; x_wconf 79' lang='lat' dir='ltr'><strong>contingit</strong></span> <span class='ocrx_word' id='word_1_224' title='bbox 3028 1419 3188 1475; x_wconf 80' lang='lat' dir='ltr'><strong>eidem</strong></span> <span class='ocrx_word' id='word_1_225' title='bbox 3250 1421 3413 1476; x_wconf 79' lang='lat' dir='ltr'><strong>inesse</strong></span> <span class='ocrx_word' id='word_1_226' title='bbox 3445 1438 3569 1477; x_wconf 83' lang='lat' dir='ltr'><strong>con-</strong></span> 
     </span>
    </p>
   </div>
   <div class='ocr_carea' id='block_1_30' title="bbox 1989 1510 2165 1563">
    <p class='ocr_par' dir='ltr' id='par_1_30' title="bbox 1989 1510 2165 1563">
     <span class='ocr_line' id='line_1_30' title="bbox 1989 1510 2165 1563; baseline 0.011 -2"><span class='ocrx_word' id='word_1_227' title='bbox 1989 1510 2165 1563; x_wconf 88' lang='lat' dir='ltr'><strong>traria.</strong></span> 
     </span>
    </p>
   </div>
   <div class='ocr_carea' id='block_1_31' title="bbox 2060 1597 3570 1671">
    <p class='ocr_par' dir='ltr' id='par_1_31' title="bbox 2060 1597 3570 1671">
     <span class='ocr_line' id='line_1_31' title="bbox 2060 1597 3570 1671; baseline 0.006 -17"><span class='ocrx_word' id='word_1_228' title='bbox 2060 1600 2188 1655; x_wconf 89' lang='lat' dir='ltr'><strong>Post</strong></span> <span class='ocrx_word' id='word_1_229' title='bbox 2208 1599 2325 1655; x_wconf 67' lang='lat' dir='ltr'><strong>haec</strong></span> <span class='ocrx_word' id='word_1_230' title='bbox 2346 1598 2468 1654; x_wconf 90' lang='lat' dir='ltr'><strong>libri</strong></span> <span class='ocrx_word' id='word_1_231' title='bbox 2494 1597 2782 1656; x_wconf 82' lang='lat' dir='ltr'><strong>terminum</strong></span> <span class='ocrx_word' id='word_1_232' title='bbox 2803 1600 3017 1671; x_wconf 82' lang='lat' dir='ltr'><strong>expedit</strong></span> <span class='ocrx_word' id='word_1_233' title='bbox 3042 1601 3094 1655; x_wconf 93' lang='lat' dir='ltr'><strong>In</strong></span> <span class='ocrx_word' id='word_1_234' title='bbox 3124 1615 3185 1656; x_wconf 90' lang='lat' dir='ltr'><strong>ea</strong></span> <span class='ocrx_word' id='word_1_235' title='bbox 3206 1602 3570 1671; x_wconf 79' lang='lat' dir='ltr'><strong>speculatione</strong></span> 
     </span>
    </p>
   </div>
   <div class='ocr_carea' id='block_1_32' title="bbox 1987 1693 3569 1765">
    <p class='ocr_par' dir='ltr' id='par_1_32' title="bbox 1987 1693 3569 1765">
     <span class='ocr_line' id='line_1_32' title="bbox 1987 1693 3569 1765; baseline 0.004 -18"><span class='ocrx_word' id='word_1_236' title='bbox 1987 1701 2043 1747; x_wconf 91' lang='lat' dir='ltr'><strong>et</strong></span> <span class='ocrx_word' id='word_1_237' title='bbox 2072 1693 2543 1758; x_wconf 87' lang='lat' dir='ltr'><strong>demonstratione,</strong></span> <span class='ocrx_word' id='word_1_238' title='bbox 2604 1708 2701 1762; x_wconf 88' lang='lat' dir='ltr'><strong>per</strong></span> <span class='ocrx_word' id='word_1_239' title='bbox 2744 1709 2903 1765; x_wconf 90' lang='lat' dir='ltr'><strong>quam</strong></span> <span class='ocrx_word' id='word_1_240' title='bbox 2934 1695 3062 1750; x_wconf 88' lang='lat' dir='ltr'><strong>licet</strong></span> <span class='ocrx_word' id='word_1_241' title='bbox 3088 1710 3272 1751; x_wconf 88' lang='lat' dir='ltr'><strong>verum</strong></span> <span class='ocrx_word' id='word_1_242' title='bbox 3308 1697 3378 1751; x_wconf 86' lang='lat' dir='ltr'><strong>sit</strong></span> <span class='ocrx_word' id='word_1_243' title='bbox 3404 1699 3569 1753; x_wconf 88' lang='lat' dir='ltr'><strong>mani-</strong></span> 
     </span>
    </p>
   </div>
   <div class='ocr_carea' id='block_1_33' title="bbox 303 1778 3573 1861">
    <p class='ocr_par' dir='ltr' id='par_1_33' title="bbox 303 1778 3573 1861">
     <span class='ocr_line' id='line_1_33' title="bbox 303 1778 3573 1861; baseline -0.001 -13"><span class='ocrx_word' id='word_1_244' title='bbox 303 1794 477 1861; x_wconf 84' lang='lat' dir='ltr'><strong>Sttpra</strong></span> <span class='ocrx_word' id='word_1_245' title='bbox 497 1791 636 1846; x_wconf 88' lang='lat' dir='ltr'><strong>enim</strong></span> <span class='ocrx_word' id='word_1_246' title='bbox 656 1789 965 1858; x_wconf 81' lang='lat' dir='ltr'><strong>negationes</strong></span> <span class='ocrx_word' id='word_1_247' title='bbox 988 1795 1041 1841; x_wconf 90' lang='lat' dir='ltr'><strong>et</strong></span> <span class='ocrx_word' id='word_1_248' title='bbox 1064 1783 1450 1838; x_wconf 86' lang='lat' dir='ltr'><strong>affirmationes</strong></span> <span class='ocrx_word' id='word_1_249' title='bbox 1464 1798 1645 1838; x_wconf 87' lang='lat' dir='ltr'><strong>earum</strong></span> <span class='ocrx_word' id='word_1_250' title='bbox 1667 1789 1881 1837; x_wconf 88' lang='lat' dir='ltr'><strong>contra-</strong></span> <span class='ocrx_word' id='word_1_251' title='bbox 1909 1778 1959 1840; x_wconf 79' lang='grc' dir='ltr'><strong>Β</strong></span> <span class='ocrx_word' id='word_1_252' title='bbox 1984 1782 2285 1854; x_wconf 88' lang='lat' dir='ltr'><strong>festumque</strong></span> <span class='ocrx_word' id='word_1_253' title='bbox 2308 1783 2557 1839; x_wconf 84' lang='lat' dir='ltr'><strong>omnibus</strong></span> <span class='ocrx_word' id='word_1_254' title='bbox 2572 1784 2706 1840; x_wconf 84' lang='lat' dir='ltr'><strong>duas</strong></span> <span class='ocrx_word' id='word_1_255' title='bbox 2729 1786 3288 1856; x_wconf 85' lang='lat' dir='ltr'><strong>propositionesveras</strong></span> <span class='ocrx_word' id='word_1_256' title='bbox 3316 1801 3422 1843; x_wconf 91' lang='lat' dir='ltr'><strong>non</strong></span> <span class='ocrx_word' id='word_1_257' title='bbox 3451 1803 3573 1845; x_wconf 87' lang='lat' dir='ltr'><strong>esse</strong></span> 
     </span>
    </p>
   </div>
   <div class='ocr_carea' id='block_1_34' title="bbox 299 1875 1882 1951">
    <p class='ocr_par' dir='ltr' id='par_1_34' title="bbox 299 1875 1882 1951">
     <span class='ocr_line' id='line_1_34' title="bbox 299 1875 1882 1951; baseline -0.008 -12"><span class='ocrx_word' id='word_1_258' title='bbox 299 1886 523 1940; x_wconf 88' lang='lat' dir='ltr'><strong>rietates</strong></span> <span class='ocrx_word' id='word_1_259' title='bbox 552 1882 619 1937; x_wconf 88' lang='lat' dir='ltr'><strong>de</strong></span> <span class='ocrx_word' id='word_1_260' title='bbox 646 1879 987 1951; x_wconf 90' lang='lat' dir='ltr'><strong>opinionibus</strong></span> <span class='ocrx_word' id='word_1_261' title='bbox 1019 1892 1244 1947; x_wconf 81' lang='lat' dir='ltr'><strong>pensare</strong></span> <span class='ocrx_word' id='word_1_262' title='bbox 1268 1887 1518 1946; x_wconf 88' lang='lat' dir='ltr'><strong>oportere</strong></span> <span class='ocrx_word' id='word_1_263' title='bbox 1542 1875 1882 1943; x_wconf 71' lang='lat' dir='ltr'><strong>przedixerat.</strong></span> 
     </span>
    </p>
   </div>
   <div class='ocr_carea' id='block_1_35' title="bbox 298 1967 1884 2045">
    <p class='ocr_par' dir='ltr' id='par_1_35' title="bbox 298 1967 1884 2045">
     <span class='ocr_line' id='line_1_35' title="bbox 298 1967 1884 2045; baseline -0.006 -15"><span class='ocrx_word' id='word_1_264' title='bbox 298 1974 451 2030; x_wconf 83' lang='lat' dir='ltr'><strong>Nunc</strong></span> <span class='ocrx_word' id='word_1_265' title='bbox 480 1989 605 2027; x_wconf 88' lang='lat' dir='ltr'><strong>veru</strong></span> <span class='ocrx_word' id='word_1_266' title='bbox 629 1971 878 2043; x_wconf 87' lang='lat' dir='ltr'><strong>quoniam</strong></span> <span class='ocrx_word' id='word_1_267' title='bbox 912 1968 963 2022; x_wconf 90' lang='lat' dir='ltr'><strong>in</strong></span> <span class='ocrx_word' id='word_1_268' title='bbox 995 1967 1335 2045; x_wconf 73' lang='lat' dir='ltr'><strong>opinionibus</strong></span> <span class='ocrx_word' id='word_1_269' title='bbox 1360 1967 1558 2037; x_wconf 88' lang='lat' dir='ltr'><strong>reperit</strong></span> <span class='ocrx_word' id='word_1_270' title='bbox 1586 1967 1729 2021; x_wconf 87' lang='lat' dir='ltr'><strong>illam</strong></span> <span class='ocrx_word' id='word_1_271' title='bbox 1757 1982 1884 2021; x_wconf 86' lang='lat' dir='ltr'><strong>con-</strong></span> 
     </span>
    </p>
   </div>
   <div class='ocr_carea' id='block_1_36' title="bbox 297 2060 1881 2135">
    <p class='ocr_par' dir='ltr' id='par_1_36' title="bbox 297 2060 1881 2135">
     <span class='ocr_line' id='line_1_36' title="bbox 297 2060 1881 2135; baseline -0.007 -11"><span class='ocrx_word' id='word_1_272' title='bbox 297 2071 515 2124; x_wconf 85' lang='lat' dir='ltr'><strong>trariam</strong></span> <span class='ocrx_word' id='word_1_273' title='bbox 564 2080 684 2122; x_wconf 91' lang='lat' dir='ltr'><strong>esse</strong></span> <span class='ocrx_word' id='word_1_274' title='bbox 726 2079 847 2135; x_wconf 76' lang='lat' dir='ltr'><strong>quae</strong></span> <span class='ocrx_word' id='word_1_275' title='bbox 902 2073 1045 2118; x_wconf 87' lang='lat' dir='ltr'><strong>esset</strong></span> <span class='ocrx_word' id='word_1_276' title='bbox 1097 2061 1409 2117; x_wconf 83' lang='lat' dir='ltr'><strong>universalis</strong></span> <span class='ocrx_word' id='word_1_277' title='bbox 1459 2061 1704 2129; x_wconf 86' lang='lat' dir='ltr'><strong>negatio,</strong></span> <span class='ocrx_word' id='word_1_278' title='bbox 1746 2060 1881 2114; x_wconf 91' lang='lat' dir='ltr'><strong>idem</strong></span> 
     </span>
    </p>
   </div>
   <div class='ocr_carea' id='block_1_37' title="bbox 296 2154 1893 2229">
    <p class='ocr_par' dir='ltr' id='par_1_37' title="bbox 296 2154 1893 2229">
     <span class='ocr_line' id='line_1_37' title="bbox 296 2154 1893 2229; baseline -0.006 -10"><span class='ocrx_word' id='word_1_279' title='bbox 296 2163 460 2219; x_wconf 79' lang='lat' dir='ltr'><strong>refert</strong></span> <span class='ocrx_word' id='word_1_280' title='bbox 480 2161 545 2215; x_wconf 90' lang='lat' dir='ltr'><strong>ad</strong></span> <span class='ocrx_word' id='word_1_281' title='bbox 577 2158 990 2229; x_wconf 89' lang='lat' dir='ltr'><strong>pr0positiones,</strong></span> <span class='ocrx_word' id='word_1_282' title='bbox 1013 2171 1143 2225; x_wconf 88' lang='lat' dir='ltr'><strong>quas</strong></span> <span class='ocrx_word' id='word_1_283' title='bbox 1171 2154 1509 2210; x_wconf 90' lang='lat' dir='ltr'><strong>manifestum</strong></span> <span class='ocrx_word' id='word_1_284' title='bbox 1532 2163 1612 2209; x_wconf 88' lang='lat' dir='ltr'><strong>est</strong></span> <span class='ocrx_word' id='word_1_285' title='bbox 1635 2154 1893 2224; x_wconf 68' lang='lat' dir='ltr'><strong>quoniam-</strong></span> 
     </span>
    </p>
   </div>
   <div class='ocr_carea' id='block_1_38' title="bbox 294 2246 1878 2319">
    <p class='ocr_par' dir='ltr' id='par_1_38' title="bbox 294 2246 1878 2319">
     <span class='ocr_line' id='line_1_38' title="bbox 294 2246 1878 2319; baseline -0.006 -9"><span class='ocrx_word' id='word_1_286' title='bbox 294 2266 457 2310; x_wconf 88' lang='lat' dir='ltr'><strong>voces</strong></span> <span class='ocrx_word' id='word_1_287' title='bbox 480 2259 677 2308; x_wconf 89' lang='lat' dir='ltr'><strong>suntet</strong></span> <span class='ocrx_word' id='word_1_288' title='bbox 698 2248 1051 2319; x_wconf 89' lang='lat' dir='ltr'><strong>signiﬁcative</strong></span> <span class='ocrx_word' id='word_1_289' title='bbox 1078 2246 1251 2301; x_wconf 70' lang='lat' dir='ltr'><strong>animi</strong></span> <span class='ocrx_word' id='word_1_290' title='bbox 1282 2247 1555 2316; x_wconf 83' lang='lat' dir='ltr'><strong>passiones</strong></span> <span class='ocrx_word' id='word_1_291' title='bbox 1576 2246 1878 2315; x_wconf 88' lang='lat' dir='ltr'><strong>designare.</strong></span> 
     </span>
    </p>
   </div>
   <div class='ocr_carea' id='block_1_39' title="bbox 296 2342 1882 2418">
    <p class='ocr_par' dir='ltr' id='par_1_39' title="bbox 296 2342 1882 2418">
     <span class='ocr_line' id='line_1_39' title="bbox 296 2342 1882 2418; baseline -0.006 -13"><span class='ocrx_word' id='word_1_292' title='bbox 296 2348 356 2405; x_wconf 92' lang='lat' dir='ltr'><strong>In</strong></span> <span class='ocrx_word' id='word_1_293' title='bbox 385 2347 644 2418; x_wconf 87' lang='lat' dir='ltr'><strong>principio</strong></span> <span class='ocrx_word' id='word_1_294' title='bbox 679 2344 819 2400; x_wconf 88' lang='lat' dir='ltr'><strong>enim</strong></span> <span class='ocrx_word' id='word_1_295' title='bbox 847 2343 964 2398; x_wconf 92' lang='lat' dir='ltr'><strong>libri</strong></span> <span class='ocrx_word' id='word_1_296' title='bbox 998 2342 1376 2412; x_wconf 85' lang='lat' dir='ltr'><strong>signiﬁcativas</strong></span> <span class='ocrx_word' id='word_1_297' title='bbox 1405 2356 1564 2397; x_wconf 88' lang='lat' dir='ltr'><strong>voces</strong></span> <span class='ocrx_word' id='word_1_298' title='bbox 1605 2343 1882 2411; x_wconf 81' lang='lat' dir='ltr'><strong>passiones</strong></span> 
     </span>
    </p>
   </div>
   <div class='ocr_carea' id='block_1_40' title="bbox 294 2435 1883 2505">
    <p class='ocr_par' dir='ltr' id='par_1_40' title="bbox 294 2435 1883 2505">
     <span class='ocr_line' id='line_1_40' title="bbox 294 2435 1883 2505; baseline -0.006 -8"><span class='ocrx_word' id='word_1_299' title='bbox 294 2443 489 2498; x_wconf 69' lang='lat' dir='ltr'><strong>animae</strong></span> <span class='ocrx_word' id='word_1_300' title='bbox 518 2448 818 2495; x_wconf 89' lang='lat' dir='ltr'><strong>monstrare</strong></span> <span class='ocrx_word' id='word_1_301' title='bbox 837 2436 1097 2492; x_wconf 82' lang='lat' dir='ltr'><strong>veraciter</strong></span> <span class='ocrx_word' id='word_1_302' title='bbox 1118 2435 1318 2500; x_wconf 89' lang='lat' dir='ltr'><strong>docuit,</strong></span> <span class='ocrx_word' id='word_1_303' title='bbox 1340 2450 1481 2489; x_wconf 91' lang='lat' dir='ltr'><strong>nunc</strong></span> <span class='ocrx_word' id='word_1_304' title='bbox 1507 2451 1568 2489; x_wconf 87' lang='lat' dir='ltr'><strong>ea</strong></span> <span class='ocrx_word' id='word_1_305' title='bbox 1592 2436 1735 2489; x_wconf 91' lang='lat' dir='ltr'><strong>velut</strong></span> <span class='ocrx_word' id='word_1_306' title='bbox 1758 2450 1883 2505; x_wconf 90' lang='lat' dir='ltr'><strong>pro-</strong></span> 
     </span>
    </p>
   </div>
   <div class='ocr_carea' id='block_1_41' title="bbox 294 2527 1881 2603">
    <p class='ocr_par' dir='ltr' id='par_1_41' title="bbox 294 2527 1881 2603">
     <span class='ocr_line' id='line_1_41' title="bbox 294 2527 1881 2603; baseline -0.007 -12"><span class='ocrx_word' id='word_1_307' title='bbox 294 2536 519 2591; x_wconf 81' lang='lat' dir='ltr'><strong>baturus</strong></span> <span class='ocrx_word' id='word_1_308' title='bbox 542 2532 792 2603; x_wconf 84' lang='lat' dir='ltr'><strong>quoniam</strong></span> <span class='ocrx_word' id='word_1_309' title='bbox 822 2529 873 2583; x_wconf 92' lang='lat' dir='ltr'><strong>in</strong></span> <span class='ocrx_word' id='word_1_310' title='bbox 899 2527 1236 2598; x_wconf 88' lang='lat' dir='ltr'><strong>opinionibus</strong></span> <span class='ocrx_word' id='word_1_311' title='bbox 1262 2528 1349 2580; x_wconf 90' lang='lat' dir='ltr'><strong>illa</strong></span> <span class='ocrx_word' id='word_1_312' title='bbox 1378 2528 1641 2582; x_wconf 86' lang='lat' dir='ltr'><strong>contraria</strong></span> <span class='ocrx_word' id='word_1_313' title='bbox 1666 2527 1881 2583; x_wconf 87' lang='lat' dir='ltr'><strong>univer-</strong></span> 
     </span>
    </p>
   </div>
   <div class='ocr_carea' id='block_1_42' title="bbox 293 2617 1875 2688">
    <p class='ocr_par' dir='ltr' id='par_1_42' title="bbox 293 2617 1875 2688">
     <span class='ocr_line' id='line_1_42' title="bbox 293 2617 1875 2688; baseline -0.006 -8"><span class='ocrx_word' id='word_1_314' title='bbox 293 2625 396 2680; x_wconf 75' lang='lat' dir='ltr'><strong>sali</strong></span> <span class='ocrx_word' id='word_1_315' title='bbox 419 2620 755 2678; x_wconf 85' lang='lat' dir='ltr'><strong>afﬁrmationi</strong></span> <span class='ocrx_word' id='word_1_316' title='bbox 784 2628 990 2688; x_wconf 88' lang='lat' dir='ltr'><strong>reperta</strong></span> <span class='ocrx_word' id='word_1_317' title='bbox 1041 2626 1203 2679; x_wconf 86' lang='lat' dir='ltr'><strong>esset.</strong></span> <span class='ocrx_word' id='word_1_318' title='bbox 1231 2632 1350 2687; x_wconf 69' lang='lat' dir='ltr'><strong>quae</strong></span> <span class='ocrx_word' id='word_1_319' title='bbox 1384 2625 1528 2671; x_wconf 89' lang='lat' dir='ltr'><strong>esset</strong></span> <span class='ocrx_word' id='word_1_320' title='bbox 1558 2617 1875 2672; x_wconf 89' lang='lat' dir='ltr'><strong>universalis</strong></span> 
     </span>
    </p>
   </div>
   <div class='ocr_carea' id='block_1_43' title="bbox 296 2707 1880 2789">
    <p class='ocr_par' dir='ltr' id='par_1_43' title="bbox 296 2707 1880 2789">
     <span class='ocr_line' id='line_1_43' title="bbox 296 2707 1880 2789; baseline -0.007 -16"><span class='ocrx_word' id='word_1_321' title='bbox 296 2716 510 2789; x_wconf 89' lang='lat' dir='ltr'><strong>negatio</strong></span> <span class='ocrx_word' id='word_1_322' title='bbox 563 2712 738 2783; x_wconf 88' lang='lat' dir='ltr'><strong>potius</strong></span> <span class='ocrx_word' id='word_1_323' title='bbox 797 2725 955 2781; x_wconf 84' lang='lat' dir='ltr'><strong>quam</strong></span> <span class='ocrx_word' id='word_1_324' title='bbox 1004 2723 1065 2764; x_wconf 86' lang='lat' dir='ltr'><strong>ea</strong></span> <span class='ocrx_word' id='word_1_325' title='bbox 1116 2722 1233 2775; x_wconf 64' lang='lat' dir='ltr'><strong>quas</strong></span> <span class='ocrx_word' id='word_1_326' title='bbox 1289 2707 1609 2762; x_wconf 84' lang='lat' dir='ltr'><strong>contrariam</strong></span> <span class='ocrx_word' id='word_1_327' title='bbox 1668 2708 1880 2763; x_wconf 84' lang='lat' dir='ltr'><strong>univer—</strong></span> 
     </span>
    </p>
   </div>
   <div class='ocr_carea' id='block_1_44' title="bbox 292 2796 1874 2865">
    <p class='ocr_par' dir='ltr' id='par_1_44' title="bbox 292 2796 1874 2865">
     <span class='ocr_line' id='line_1_44' title="bbox 292 2796 1874 2865; baseline -0.006 -4"><span class='ocrx_word' id='word_1_328' title='bbox 292 2806 391 2863; x_wconf 84' lang='lat' dir='ltr'><strong>sali</strong></span> <span class='ocrx_word' id='word_1_329' title='bbox 417 2799 756 2860; x_wconf 86' lang='lat' dir='ltr'><strong>afﬁrmationi</strong></span> <span class='ocrx_word' id='word_1_330' title='bbox 786 2799 1100 2860; x_wconf 78' lang='lat' dir='ltr'><strong>afﬁrmaret,</strong></span> <span class='ocrx_word' id='word_1_331' title='bbox 1126 2797 1266 2851; x_wconf 89' lang='lat' dir='ltr'><strong>idem</strong></span> <span class='ocrx_word' id='word_1_332' title='bbox 1314 2797 1454 2865; x_wconf 90' lang='lat' dir='ltr'><strong>quod</strong></span> <span class='ocrx_word' id='word_1_333' title='bbox 1510 2796 1796 2851; x_wconf 86' lang='lat' dir='ltr'><strong>arbitratur</strong></span> <span class='ocrx_word' id='word_1_334' title='bbox 1821 2799 1874 2852; x_wconf 88' lang='lat' dir='ltr'><strong>in</strong></span> 
     </span>
    </p>
   </div>
   <div class='ocr_carea' id='block_1_45' title="bbox 291 2888 1875 2964">
    <p class='ocr_par' dir='ltr' id='par_1_45' title="bbox 291 2888 1875 2964">
     <span class='ocr_line' id='line_1_45' title="bbox 291 2888 1875 2964; baseline -0.005 -11"><span class='ocrx_word' id='word_1_335' title='bbox 291 2898 515 2956; x_wconf 77' lang='lat' dir='ltr'><strong>vocibus</strong></span> <span class='ocrx_word' id='word_1_336' title='bbox 542 2893 858 2964; x_wconf 83' lang='lat' dir='ltr'><strong>provenire,</strong></span> <span class='ocrx_word' id='word_1_337' title='bbox 912 2892 1013 2945; x_wconf 87' lang='lat' dir='ltr'><strong>hoc</strong></span> <span class='ocrx_word' id='word_1_338' title='bbox 1050 2898 1151 2949; x_wconf 85' lang='lat' dir='ltr'><strong>est,</strong></span> <span class='ocrx_word' id='word_1_339' title='bbox 1182 2888 1539 2944; x_wconf 24' lang='lat' dir='ltr'><strong>ralﬁrmationi</strong></span> <span class='ocrx_word' id='word_1_340' title='bbox 1588 2889 1875 2946; x_wconf 82' lang='lat' dir='ltr'><strong>universali</strong></span> 
     </span>
    </p>
   </div>
   <div class='ocr_carea' id='block_1_46' title="bbox 293 2981 1873 3049">
    <p class='ocr_par' dir='ltr' id='par_1_46' title="bbox 293 2981 1873 3049">
     <span class='ocr_line' id='line_1_46' title="bbox 293 2981 1873 3049; baseline -0.006 -4"><span class='ocrx_word' id='word_1_341' title='bbox 293 3004 404 3045; x_wconf 90' lang='lat' dir='ltr'><strong>non</strong></span> <span class='ocrx_word' id='word_1_342' title='bbox 446 2985 853 3041; x_wconf 87' lang='lat' dir='ltr'><strong>afﬁrmationem</strong></span> <span class='ocrx_word' id='word_1_343' title='bbox 899 2982 1223 3037; x_wconf 85' lang='lat' dir='ltr'><strong>contrariam</strong></span> <span class='ocrx_word' id='word_1_344' title='bbox 1274 2997 1386 3035; x_wconf 87' lang='lat' dir='ltr'><strong>rem</strong></span> <span class='ocrx_word' id='word_1_345' title='bbox 1420 2989 1734 3049; x_wconf 87' lang='lat' dir='ltr'><strong>ponentem,</strong></span> <span class='ocrx_word' id='word_1_346' title='bbox 1777 2981 1873 3037; x_wconf 88' lang='lat' dir='ltr'><strong>sed</strong></span> 
     </span>
    </p>
   </div>
   <div class='ocr_carea' id='block_1_47' title="bbox 292 3073 1873 3148">
    <p class='ocr_par' dir='ltr' id='par_1_47' title="bbox 292 3073 1873 3148">
     <span class='ocr_line' id='line_1_47' title="bbox 292 3073 1873 3148; baseline -0.007 -11"><span class='ocrx_word' id='word_1_347' title='bbox 292 3078 650 3137; x_wconf 87' lang='lat' dir='ltr'><strong>universaletn</strong></span> <span class='ocrx_word' id='word_1_348' title='bbox 673 3077 1007 3148; x_wconf 80' lang='lat' dir='ltr'><strong>negationem</strong></span> <span class='ocrx_word' id='word_1_349' title='bbox 1028 3088 1149 3129; x_wconf 90' lang='lat' dir='ltr'><strong>esse</strong></span> <span class='ocrx_word' id='word_1_350' title='bbox 1179 3073 1523 3137; x_wconf 88' lang='lat' dir='ltr'><strong>contrariam,</strong></span> <span class='ocrx_word' id='word_1_351' title='bbox 1569 3074 1873 3128; x_wconf 85' lang='lat' dir='ltr'><strong>contradic-</strong></span> 
     </span>
    </p>
   </div>
   <div class='ocr_carea' id='block_1_48' title="bbox 1993 1876 3571 1946">
    <p class='ocr_par' dir='ltr' id='par_1_48' title="bbox 1993 1876 3571 1946">
     <span class='ocr_line' id='line_1_48' title="bbox 1993 1876 3571 1946; baseline 0.004 -16"><span class='ocrx_word' id='word_1_352' title='bbox 1993 1879 2310 1943; x_wconf 87' lang='lat' dir='ltr'><strong>contrarias,</strong></span> <span class='ocrx_word' id='word_1_353' title='bbox 2342 1886 2520 1931; x_wconf 88' lang='lat' dir='ltr'><strong>tamen</strong></span> <span class='ocrx_word' id='word_1_354' title='bbox 2562 1876 2614 1931; x_wconf 91' lang='lat' dir='ltr'><strong>id</strong></span> <span class='ocrx_word' id='word_1_355' title='bbox 2640 1877 2811 1946; x_wconf 91' lang='lat' dir='ltr'><strong>ipsum</strong></span> <span class='ocrx_word' id='word_1_356' title='bbox 2849 1888 3151 1933; x_wconf 88' lang='lat' dir='ltr'><strong>monstrare</strong></span> <span class='ocrx_word' id='word_1_357' title='bbox 3180 1881 3426 1934; x_wconf 86' lang='lat' dir='ltr'><strong>conatur.</strong></span> <span class='ocrx_word' id='word_1_358' title='bbox 3476 1880 3571 1937; x_wconf 82' lang='lat' dir='ltr'><strong>Est</strong></span> 
     </span>
    </p>
   </div>
   <div class='ocr_carea' id='block_1_49' title="bbox 1991 1969 3568 2042">
    <p class='ocr_par' dir='ltr' id='par_1_49' title="bbox 1991 1969 3568 2042">
     <span class='ocr_line' id='line_1_49' title="bbox 1991 1969 3568 2042; baseline 0.003 -18"><span class='ocrx_word' id='word_1_359' title='bbox 1991 1976 2170 2024; x_wconf 84' lang='lat' dir='ltr'><strong>autem</strong></span> <span class='ocrx_word' id='word_1_360' title='bbox 2201 1970 2358 2038; x_wconf 86' lang='lat' dir='ltr'><strong>hujus</strong></span> <span class='ocrx_word' id='word_1_361' title='bbox 2387 1969 2867 2039; x_wconf 76' lang='lat' dir='ltr'><strong>argumentationis</strong></span> <span class='ocrx_word' id='word_1_362' title='bbox 2914 1972 3187 2041; x_wconf 88' lang='lat' dir='ltr'><strong>ingressus</strong></span> <span class='ocrx_word' id='word_1_363' title='bbox 3215 1972 3520 2042; x_wconf 71' lang='lat' dir='ltr'><strong>huiusmodi</strong></span> <span class='ocrx_word' id='word_1_364' title='bbox 3553 1990 3568 2029; x_wconf 83' lang='lat'><strong>:</strong></span> 
     </span>
    </p>
   </div>
   <div class='ocr_carea' id='block_1_50' title="bbox 1987 2062 3570 2135">
    <p class='ocr_par' dir='ltr' id='par_1_50' title="bbox 1987 2062 3570 2135">
     <span class='ocr_line' id='line_1_50' title="bbox 1987 2062 3570 2135; baseline 0.004 -20"><span class='ocrx_word' id='word_1_365' title='bbox 1987 2074 2049 2115; x_wconf 88' lang='lat' dir='ltr'><strong>ea</strong></span> <span class='ocrx_word' id='word_1_366' title='bbox 2078 2075 2197 2130; x_wconf 68' lang='lat' dir='ltr'><strong>qua:</strong></span> <span class='ocrx_word' id='word_1_367' title='bbox 2228 2072 2348 2115; x_wconf 90' lang='lat' dir='ltr'><strong>sunt</strong></span> <span class='ocrx_word' id='word_1_368' title='bbox 2377 2062 2669 2130; x_wconf 79' lang='lat' dir='ltr'><strong>contraria;</strong></span> <span class='ocrx_word' id='word_1_369' title='bbox 2701 2064 2942 2132; x_wconf 85' lang='lat' dir='ltr'><strong>opposita</strong></span> <span class='ocrx_word' id='word_1_370' title='bbox 2974 2073 3118 2118; x_wconf 90' lang='lat' dir='ltr'><strong>sunt.</strong></span> <span class='ocrx_word' id='word_1_371' title='bbox 3151 2065 3407 2135; x_wconf 86' lang='lat' dir='ltr'><strong>Opposita</strong></span> <span class='ocrx_word' id='word_1_372' title='bbox 3439 2079 3570 2121; x_wconf 87' lang='lat' dir='ltr'><strong>vero</strong></span> 
     </span>
    </p>
   </div>
   <div class='ocr_carea' id='block_1_51' title="bbox 1988 2157 3657 2233">
    <p class='ocr_par' dir='ltr' id='par_1_51' title="bbox 1988 2157 3657 2233">
     <span class='ocr_line' id='line_1_51' title="bbox 1988 2157 3657 2233; baseline 0.007 -24"><span class='ocrx_word' id='word_1_373' title='bbox 1988 2171 2094 2210; x_wconf 90' lang='lat' dir='ltr'><strong>non</strong></span> <span class='ocrx_word' id='word_1_374' title='bbox 2127 2166 2350 2226; x_wconf 90' lang='lat' dir='ltr'><strong>possunt</strong></span> <span class='ocrx_word' id='word_1_375' title='bbox 2381 2157 2556 2213; x_wconf 88' lang='lat' dir='ltr'><strong>eidem</strong></span> <span class='ocrx_word' id='word_1_376' title='bbox 2611 2158 2773 2213; x_wconf 88' lang='lat' dir='ltr'><strong>simul</strong></span> <span class='ocrx_word' id='word_1_377' title='bbox 2828 2159 3024 2215; x_wconf 83' lang='lat' dir='ltr'><strong>inesse.</strong></span> <span class='ocrx_word' id='word_1_378' title='bbox 3079 2160 3361 2219; x_wconf 88' lang='lat' dir='ltr'><strong>Contraria</strong></span> <span class='ocrx_word' id='word_1_379' title='bbox 3409 2164 3569 2233; x_wconf 88' lang='lat' dir='ltr'><strong>igitur</strong></span> <span class='ocrx_word' id='word_1_380' title='bbox 3649 2174 3657 2181; x_wconf 87' lang='lat'>&#39;</span> 
     </span>
    </p>
   </div>
   <div class='ocr_carea' id='block_1_52' title="bbox 1985 2251 3567 2327">
    <p class='ocr_par' dir='ltr' id='par_1_52' title="bbox 1985 2251 3567 2327">
     <span class='ocr_line' id='line_1_52' title="bbox 1985 2251 3567 2327; baseline 0.007 -23"><span class='ocrx_word' id='word_1_381' title='bbox 1985 2251 2160 2305; x_wconf 88' lang='lat' dir='ltr'><strong>eidem</strong></span> <span class='ocrx_word' id='word_1_382' title='bbox 2190 2252 2349 2305; x_wconf 89' lang='lat' dir='ltr'><strong>simul</strong></span> <span class='ocrx_word' id='word_1_383' title='bbox 2386 2252 2563 2307; x_wconf 86' lang='lat' dir='ltr'><strong>inesse</strong></span> <span class='ocrx_word' id='word_1_384' title='bbox 2594 2262 2700 2307; x_wconf 82' lang='lat' dir='ltr'><strong>non</strong></span> <span class='ocrx_word' id='word_1_385' title='bbox 2752 2263 2995 2321; x_wconf 86' lang='lat' dir='ltr'><strong>possunt.</strong></span> <span class='ocrx_word' id='word_1_386' title='bbox 3048 2254 3124 2311; x_wconf 89' lang='lat' dir='ltr'><strong>De</strong></span> <span class='ocrx_word' id='word_1_387' title='bbox 3159 2257 3350 2327; x_wconf 88' lang='lat' dir='ltr'><strong>quibus</strong></span> <span class='ocrx_word' id='word_1_388' title='bbox 3391 2270 3567 2317; x_wconf 84' lang='lat' dir='ltr'><strong>autem</strong></span> 
     </span>
    </p>
   </div>
   <div class='ocr_carea' id='block_1_53' title="bbox 1986 2343 3567 2415">
    <p class='ocr_par' dir='ltr' id='par_1_53' title="bbox 1986 2343 3567 2415">
     <span class='ocr_line' id='line_1_53' title="bbox 1986 2343 3567 2415; baseline 0.008 -20"><span class='ocrx_word' id='word_1_389' title='bbox 1986 2343 2145 2397; x_wconf 87' lang='lat' dir='ltr'><strong>simul</strong></span> <span class='ocrx_word' id='word_1_390' title='bbox 2170 2343 2371 2413; x_wconf 84' lang='lat' dir='ltr'><strong>aliquid</strong></span> <span class='ocrx_word' id='word_1_391' title='bbox 2400 2359 2586 2398; x_wconf 87' lang='lat' dir='ltr'><strong>verum</strong></span> <span class='ocrx_word' id='word_1_392' title='bbox 2630 2345 2733 2399; x_wconf 87' lang='lat' dir='ltr'><strong>dici</strong></span> <span class='ocrx_word' id='word_1_393' title='bbox 2793 2354 2989 2415; x_wconf 86' lang='lat' dir='ltr'><strong>potest,</strong></span> <span class='ocrx_word' id='word_1_394' title='bbox 3039 2346 3128 2402; x_wconf 87' lang='lat' dir='ltr'><strong>illa</strong></span> <span class='ocrx_word' id='word_1_395' title='bbox 3185 2349 3343 2404; x_wconf 88' lang='lat' dir='ltr'><strong>simul</strong></span> <span class='ocrx_word' id='word_1_396' title='bbox 3395 2349 3567 2409; x_wconf 88' lang='lat' dir='ltr'><strong>eidem</strong></span> 
     </span>
    </p>
   </div>
   <div class='ocr_carea' id='block_1_54' title="bbox 1984 2436 3567 2505">
    <p class='ocr_par' dir='ltr' id='par_1_54' title="bbox 1984 2436 3567 2505">
     <span class='ocr_line' id='line_1_54' title="bbox 1984 2436 3567 2505; baseline 0.008 -17"><span class='ocrx_word' id='word_1_397' title='bbox 1984 2436 2165 2489; x_wconf 79' lang='lat' dir='ltr'><strong>inesse</strong></span> <span class='ocrx_word' id='word_1_398' title='bbox 2211 2446 2455 2503; x_wconf 88' lang='lat' dir='ltr'><strong>possunt.</strong></span> <span class='ocrx_word' id='word_1_399' title='bbox 2483 2436 2614 2503; x_wconf 77' lang='lat' dir='ltr'><strong>Quas</strong></span> <span class='ocrx_word' id='word_1_400' title='bbox 2640 2452 2768 2492; x_wconf 88' lang='lat' dir='ltr'><strong>vero</strong></span> <span class='ocrx_word' id='word_1_401' title='bbox 2812 2438 2973 2494; x_wconf 91' lang='lat' dir='ltr'><strong>simul</strong></span> <span class='ocrx_word' id='word_1_402' title='bbox 3014 2440 3189 2497; x_wconf 87' lang='lat' dir='ltr'><strong>eidem</strong></span> <span class='ocrx_word' id='word_1_403' title='bbox 3235 2442 3416 2499; x_wconf 82' lang='lat' dir='ltr'><strong>inesse</strong></span> <span class='ocrx_word' id='word_1_404' title='bbox 3462 2459 3567 2505; x_wconf 89' lang='lat' dir='ltr'><strong>non</strong></span> 
     </span>
    </p>
   </div>
   <div class='ocr_carea' id='block_1_55' title="bbox 1985 2526 3566 2599">
    <p class='ocr_par' dir='ltr' id='par_1_55' title="bbox 1985 2526 3566 2599">
     <span class='ocr_line' id='line_1_55' title="bbox 1985 2526 3566 2599; baseline 0.008 -21"><span class='ocrx_word' id='word_1_405' title='bbox 1985 2536 2229 2595; x_wconf 87' lang='lat' dir='ltr'><strong>possunt,</strong></span> <span class='ocrx_word' id='word_1_406' title='bbox 2261 2526 2327 2580; x_wconf 88' lang='lat' dir='ltr'><strong>de</strong></span> <span class='ocrx_word' id='word_1_407' title='bbox 2358 2528 2440 2582; x_wconf 91' lang='lat' dir='ltr'><strong>his</strong></span> <span class='ocrx_word' id='word_1_408' title='bbox 2470 2528 2629 2583; x_wconf 86' lang='lat' dir='ltr'><strong>simul</strong></span> <span class='ocrx_word' id='word_1_409' title='bbox 2657 2542 2801 2583; x_wconf 70' lang='lat' dir='ltr'><strong>verm</strong></span> <span class='ocrx_word' id='word_1_410' title='bbox 2831 2532 3249 2599; x_wconf 84' lang='lat' dir='ltr'><strong>propositiones,</strong></span> <span class='ocrx_word' id='word_1_411' title='bbox 3277 2531 3566 2591; x_wconf 83' lang='lat' dir='ltr'><strong>afﬁrmatio</strong></span> 
     </span>
    </p>
   </div>
   <div class='ocr_carea' id='block_1_56' title="bbox 1981 2618 3564 2689">
    <p class='ocr_par' dir='ltr' id='par_1_56' title="bbox 1981 2618 3564 2689">
     <span class='ocr_line' id='line_1_56' title="bbox 1981 2618 3564 2689; baseline 0.005 -14"><span class='ocrx_word' id='word_1_412' title='bbox 1981 2627 2035 2675; x_wconf 87' lang='lat' dir='ltr'><strong>et</strong></span> <span class='ocrx_word' id='word_1_413' title='bbox 2084 2618 2297 2689; x_wconf 84' lang='lat' dir='ltr'><strong>negatio</strong></span> <span class='ocrx_word' id='word_1_414' title='bbox 2334 2633 2456 2674; x_wconf 88' lang='lat' dir='ltr'><strong>esse</strong></span> <span class='ocrx_word' id='word_1_415' title='bbox 2496 2634 2605 2674; x_wconf 92' lang='lat' dir='ltr'><strong>non</strong></span> <span class='ocrx_word' id='word_1_416' title='bbox 2655 2631 2897 2689; x_wconf 89' lang='lat' dir='ltr'><strong>possunt.</strong></span> <span class='ocrx_word' id='word_1_417' title='bbox 2944 2620 3049 2677; x_wconf 84' lang='lat' dir='ltr'><strong>Sed</strong></span> <span class='ocrx_word' id='word_1_418' title='bbox 3086 2625 3351 2679; x_wconf 83' lang='lat' dir='ltr'><strong>contraria</strong></span> <span class='ocrx_word' id='word_1_419' title='bbox 3405 2625 3564 2683; x_wconf 88' lang='lat' dir='ltr'><strong>simul</strong></span> 
     </span>
    </p>
   </div>
   <div class='ocr_carea' id='block_1_57' title="bbox 1981 2711 3561 2782">
    <p class='ocr_par' dir='ltr' id='par_1_57' title="bbox 1981 2711 3561 2782">
     <span class='ocr_line' id='line_1_57' title="bbox 1981 2711 3561 2782; baseline 0.004 -16"><span class='ocrx_word' id='word_1_420' title='bbox 1981 2711 2157 2767; x_wconf 86' lang='lat' dir='ltr'><strong>eidem</strong></span> <span class='ocrx_word' id='word_1_421' title='bbox 2190 2712 2371 2767; x_wconf 83' lang='lat' dir='ltr'><strong>inesse</strong></span> <span class='ocrx_word' id='word_1_422' title='bbox 2420 2725 2528 2781; x_wconf 90' lang='lat' dir='ltr'><strong>non</strong></span> <span class='ocrx_word' id='word_1_423' title='bbox 2566 2722 2805 2779; x_wconf 83' lang='lat' dir='ltr'><strong>possunt.</strong></span> <span class='ocrx_word' id='word_1_424' title='bbox 2838 2712 2971 2779; x_wconf 70' lang='lat' dir='ltr'><strong>Qum</strong></span> <span class='ocrx_word' id='word_1_425' title='bbox 3000 2712 3159 2782; x_wconf 90' lang='lat' dir='ltr'><strong>igitur</strong></span> <span class='ocrx_word' id='word_1_426' title='bbox 3186 2714 3344 2768; x_wconf 86' lang='lat' dir='ltr'><strong>simul</strong></span> <span class='ocrx_word' id='word_1_427' title='bbox 3375 2730 3561 2772; x_wconf 88' lang='lat' dir='ltr'><strong>verum</strong></span> 
     </span>
    </p>
   </div>
   <div class='ocr_carea' id='block_1_58' title="bbox 1980 2802 3561 2876">
    <p class='ocr_par' dir='ltr' id='par_1_58' title="bbox 1980 2802 3561 2876">
     <span class='ocr_line' id='line_1_58' title="bbox 1980 2802 3561 2876; baseline 0.003 -18"><span class='ocrx_word' id='word_1_428' title='bbox 1980 2802 2188 2868; x_wconf 89' lang='lat' dir='ltr'><strong>dicunt,</strong></span> <span class='ocrx_word' id='word_1_429' title='bbox 2215 2802 2497 2857; x_wconf 68' lang='lat' dir='ltr'><strong>contrarias</strong></span> <span class='ocrx_word' id='word_1_430' title='bbox 2526 2816 2631 2857; x_wconf 91' lang='lat' dir='ltr'><strong>non</strong></span> <span class='ocrx_word' id='word_1_431' title='bbox 2665 2813 2809 2857; x_wconf 89' lang='lat' dir='ltr'><strong>sunt.</strong></span> <span class='ocrx_word' id='word_1_432' title='bbox 2841 2802 3039 2858; x_wconf 85' lang='lat' dir='ltr'><strong>Idcirco</strong></span> <span class='ocrx_word' id='word_1_433' title='bbox 3060 2804 3310 2873; x_wconf 91' lang='lat' dir='ltr'><strong>quoniam</strong></span> <span class='ocrx_word' id='word_1_434' title='bbox 3333 2806 3400 2860; x_wconf 89' lang='lat' dir='ltr'><strong>de</strong></span> <span class='ocrx_word' id='word_1_435' title='bbox 3445 2808 3561 2876; x_wconf 54' lang='lat' dir='ltr'><strong>qui.</strong></span> 
     </span>
    </p>
   </div>
   <div class='ocr_carea' id='block_1_59' title="bbox 1978 2898 3558 2970">
    <p class='ocr_par' dir='ltr' id='par_1_59' title="bbox 1978 2898 3558 2970">
     <span class='ocr_line' id='line_1_59' title="bbox 1978 2898 3558 2970; baseline 0 -17"><span class='ocrx_word' id='word_1_436' title='bbox 1978 2898 2079 2954; x_wconf 91' lang='lat' dir='ltr'><strong>bus</strong></span> <span class='ocrx_word' id='word_1_437' title='bbox 2110 2898 2398 2953; x_wconf 87' lang='lat' dir='ltr'><strong>afﬁrmatio</strong></span> <span class='ocrx_word' id='word_1_438' title='bbox 2436 2907 2491 2953; x_wconf 89' lang='lat' dir='ltr'><strong>et</strong></span> <span class='ocrx_word' id='word_1_439' title='bbox 2521 2901 2733 2969; x_wconf 85' lang='lat' dir='ltr'><strong>negatio</strong></span> <span class='ocrx_word' id='word_1_440' title='bbox 2766 2899 2926 2954; x_wconf 90' lang='lat' dir='ltr'><strong>simul</strong></span> <span class='ocrx_word' id='word_1_441' title='bbox 2964 2915 3105 2955; x_wconf 77' lang='lat' dir='ltr'><strong>verae</strong></span> <span class='ocrx_word' id='word_1_442' title='bbox 3143 2914 3263 2956; x_wconf 89' lang='lat' dir='ltr'><strong>esse</strong></span> <span class='ocrx_word' id='word_1_443' title='bbox 3302 2909 3558 2970; x_wconf 87' lang='lat' dir='ltr'><strong>possunt,</strong></span> 
     </span>
    </p>
   </div>
   <div class='ocr_carea' id='block_1_60' title="bbox 1978 2989 3560 3062">
    <p class='ocr_par' dir='ltr' id='par_1_60' title="bbox 1978 2989 3560 3062">
     <span class='ocr_line' id='line_1_60' title="bbox 1978 2989 3560 3062; baseline 0.002 -16"><span class='ocrx_word' id='word_1_444' title='bbox 1978 2991 2065 3047; x_wconf 86' lang='lat' dir='ltr'><strong>illa</strong></span> <span class='ocrx_word' id='word_1_445' title='bbox 2089 2992 2245 3046; x_wconf 91' lang='lat' dir='ltr'><strong>simul</strong></span> <span class='ocrx_word' id='word_1_446' title='bbox 2287 2992 2485 3047; x_wconf 88' lang='lat' dir='ltr'><strong>eidem</strong></span> <span class='ocrx_word' id='word_1_447' title='bbox 2519 2992 2721 3047; x_wconf 88' lang='lat' dir='ltr'><strong>insunt.</strong></span> <span class='ocrx_word' id='word_1_448' title='bbox 2767 2991 3027 3059; x_wconf 82' lang='lat' dir='ltr'><strong>Quocirca</strong></span> <span class='ocrx_word' id='word_1_449' title='bbox 3068 3007 3187 3062; x_wconf 71' lang='lat' dir='ltr'><strong>quae</strong></span> <span class='ocrx_word' id='word_1_450' title='bbox 3226 2989 3389 3048; x_wconf 87' lang='lat' dir='ltr'><strong>simul</strong></span> <span class='ocrx_word' id='word_1_451' title='bbox 3418 3007 3560 3049; x_wconf 67' lang='lat' dir='ltr'><strong>verm</strong></span> 
     </span>
    </p>
   </div>
   <div class='ocr_carea' id='block_1_61' title="bbox 1978 3081 3553 3153">
    <p class='ocr_par' dir='ltr' id='par_1_61' title="bbox 1978 3081 3553 3153">
     <span class='ocr_line' id='line_1_61' title="bbox 1978 3081 3553 3153; baseline 0.001 -17"><span class='ocrx_word' id='word_1_452' title='bbox 1978 3092 2102 3137; x_wconf 89' lang='lat' dir='ltr'><strong>sunt</strong></span> <span class='ocrx_word' id='word_1_453' title='bbox 2149 3083 2432 3138; x_wconf 65' lang='lat' dir='ltr'><strong>contrariae</strong></span> <span class='ocrx_word' id='word_1_454' title='bbox 2478 3097 2587 3138; x_wconf 92' lang='lat' dir='ltr'><strong>non</strong></span> <span class='ocrx_word' id='word_1_455' title='bbox 2638 3092 2783 3137; x_wconf 89' lang='lat' dir='ltr'><strong>sunt.</strong></span> <span class='ocrx_word' id='word_1_456' title='bbox 2818 3082 3022 3139; x_wconf 86' lang='lat' dir='ltr'><strong>Sensus</strong></span> <span class='ocrx_word' id='word_1_457' title='bbox 3062 3081 3278 3153; x_wconf 89' lang='lat' dir='ltr'><strong>quidem</strong></span> <span class='ocrx_word' id='word_1_458' title='bbox 3323 3082 3412 3138; x_wconf 87' lang='lat' dir='ltr'><strong>hic</strong></span> <span class='ocrx_word' id='word_1_459' title='bbox 3451 3092 3553 3149; x_wconf 82' lang='lat' dir='ltr'><strong>est,</strong></span> 
     </span>
    </p>
   </div>
   <div class='ocr_carea' id='block_1_62' title="bbox 288 3160 3556 3238">
    <p class='ocr_par' dir='ltr' id='par_1_62' title="bbox 288 3160 3556 3238">
     <span class='ocr_line' id='line_1_62' title="bbox 288 3160 3556 3238; baseline -0.003 -9"><span class='ocrx_word' id='word_1_460' title='bbox 288 3174 456 3229; x_wconf 83' lang='lat' dir='ltr'><strong>torias</strong></span> <span class='ocrx_word' id='word_1_461' title='bbox 484 3185 611 3226; x_wconf 91' lang='lat' dir='ltr'><strong>vero</strong></span> <span class='ocrx_word' id='word_1_462' title='bbox 639 3184 729 3224; x_wconf 86' lang='lat' dir='ltr'><strong>eas</strong></span> <span class='ocrx_word' id='word_1_463' title='bbox 753 3183 872 3236; x_wconf 62' lang='lat' dir='ltr'><strong>quae</strong></span> <span class='ocrx_word' id='word_1_464' title='bbox 909 3183 1027 3222; x_wconf 91' lang='lat' dir='ltr'><strong>cum</strong></span> <span class='ocrx_word' id='word_1_465' title='bbox 1057 3165 1344 3219; x_wconf 88' lang='lat' dir='ltr'><strong>afﬁrmatio</strong></span> <span class='ocrx_word' id='word_1_466' title='bbox 1382 3165 1701 3219; x_wconf 87' lang='lat' dir='ltr'><strong>universalis</strong></span> <span class='ocrx_word' id='word_1_467' title='bbox 1727 3176 1871 3222; x_wconf 88' lang='lat' dir='ltr'><strong>esset</strong></span> <span class='ocrx_word' id='word_1_468' title='bbox 1894 3160 1945 3228; x_wconf 73' lang='grc' dir='ltr'>ο</span> <span class='ocrx_word' id='word_1_469' title='bbox 1975 3174 2134 3230; x_wconf 87' lang='lat' dir='ltr'><strong>verba</strong></span> <span class='ocrx_word' id='word_1_470' title='bbox 2165 3182 2340 3229; x_wconf 86' lang='lat' dir='ltr'><strong>autem</strong></span> <span class='ocrx_word' id='word_1_471' title='bbox 2367 3176 2446 3228; x_wconf 92' lang='lat' dir='ltr'><strong>sic</strong></span> <span class='ocrx_word' id='word_1_472' title='bbox 2472 3182 2741 3228; x_wconf 86' lang='lat' dir='ltr'><strong>constant.</strong></span> <span class='ocrx_word' id='word_1_473' title='bbox 2765 3172 3101 3227; x_wconf 78' lang='lat' dir='ltr'><strong>Manifestum</strong></span> <span class='ocrx_word' id='word_1_474' title='bbox 3139 3181 3224 3228; x_wconf 89' lang='lat' dir='ltr'><strong>est</strong></span> <span class='ocrx_word' id='word_1_475' title='bbox 3251 3184 3450 3238; x_wconf 87' lang='lat' dir='ltr'><strong>autem,</strong></span> <span class='ocrx_word' id='word_1_476' title='bbox 3472 3174 3556 3229; x_wconf 85' lang='lat' dir='ltr'><strong>in.</strong></span> 
     </span>
    </p>
   </div>
   <div class='ocr_carea' id='block_1_63' title="bbox 289 3257 1867 3334">
    <p class='ocr_par' dir='ltr' id='par_1_63' title="bbox 289 3257 1867 3334">
     <span class='ocr_line' id='line_1_63' title="bbox 289 3257 1867 3334; baseline -0.003 -16"><span class='ocrx_word' id='word_1_477' title='bbox 289 3261 624 3334; x_wconf 88' lang='lat' dir='ltr'><strong>particularis</strong></span> <span class='ocrx_word' id='word_1_478' title='bbox 653 3260 863 3329; x_wconf 84' lang='lat' dir='ltr'><strong>negatio</strong></span> <span class='ocrx_word' id='word_1_479' title='bbox 911 3259 1254 3313; x_wconf 82' lang='lat' dir='ltr'><strong>inveniretur.</strong></span> <span class='ocrx_word' id='word_1_480' title='bbox 1289 3264 1462 3326; x_wconf 83' lang='lat' dir='ltr'><strong>Atque</strong></span> <span class='ocrx_word' id='word_1_481' title='bbox 1509 3257 1609 3311; x_wconf 89' lang='lat' dir='ltr'><strong>hoc</strong></span> <span class='ocrx_word' id='word_1_482' title='bbox 1652 3259 1867 3326; x_wconf 87' lang='lat' dir='ltr'><strong>quidem</strong></span> 
     </span>
    </p>
   </div>
   <div class='ocr_carea' id='block_1_64' title="bbox 288 3350 1864 3429">
    <p class='ocr_par' dir='ltr' id='par_1_64' title="bbox 288 3350 1864 3429">
     <span class='ocr_line' id='line_1_64' title="bbox 288 3350 1864 3429; baseline -0.005 -17"><span class='ocrx_word' id='word_1_483' title='bbox 288 3356 597 3429; x_wconf 88' lang='lat' dir='ltr'><strong>plenissime</strong></span> <span class='ocrx_word' id='word_1_484' title='bbox 623 3354 821 3409; x_wconf 91' lang='lat' dir='ltr'><strong>dictum</strong></span> <span class='ocrx_word' id='word_1_485' title='bbox 845 3363 943 3417; x_wconf 90' lang='lat' dir='ltr'><strong>est,</strong></span> <span class='ocrx_word' id='word_1_486' title='bbox 969 3366 1064 3405; x_wconf 88' lang='lat' dir='ltr'><strong>nec</strong></span> <span class='ocrx_word' id='word_1_487' title='bbox 1083 3352 1272 3420; x_wconf 85' lang='lat' dir='ltr'><strong>aliquis</strong></span> <span class='ocrx_word' id='word_1_488' title='bbox 1299 3351 1350 3404; x_wconf 90' lang='lat' dir='ltr'><strong>in</strong></span> <span class='ocrx_word' id='word_1_489' title='bbox 1381 3350 1559 3405; x_wconf 88' lang='lat' dir='ltr'><strong>verbis</strong></span> <span class='ocrx_word' id='word_1_490' title='bbox 1581 3364 1732 3404; x_wconf 86' lang='lat' dir='ltr'><strong>error</strong></span> <span class='ocrx_word' id='word_1_491' title='bbox 1760 3360 1864 3414; x_wconf 87' lang='lat' dir='ltr'><strong>est,</strong></span> 
     </span>
    </p>
   </div>
   <div class='ocr_carea' id='block_1_65' title="bbox 288 3442 1869 3511">
    <p class='ocr_par' dir='ltr' id='par_1_65' title="bbox 288 3442 1869 3511">
     <span class='ocr_line' id='line_1_65' title="bbox 288 3442 1869 3511; baseline -0.006 -6"><span class='ocrx_word' id='word_1_492' title='bbox 288 3449 383 3505; x_wconf 81' lang='lat' dir='ltr'><strong>sed</strong></span> <span class='ocrx_word' id='word_1_493' title='bbox 414 3463 513 3503; x_wconf 90' lang='lat' dir='ltr'><strong>nos</strong></span> <span class='ocrx_word' id='word_1_494' title='bbox 533 3456 591 3501; x_wconf 92' lang='lat' dir='ltr'><strong>ut</strong></span> <span class='ocrx_word' id='word_1_495' title='bbox 615 3455 808 3501; x_wconf 69' lang='lat' dir='ltr'><strong>caetera</strong></span> <span class='ocrx_word' id='word_1_496' title='bbox 835 3443 963 3497; x_wconf 89' lang='lat' dir='ltr'><strong>nihil</strong></span> <span class='ocrx_word' id='word_1_497' title='bbox 1011 3443 1315 3509; x_wconf 83' lang='lat' dir='ltr'><strong>ambiguum</strong></span> <span class='ocrx_word' id='word_1_498' title='bbox 1373 3442 1755 3511; x_wconf 86' lang='lat' dir='ltr'><strong>relinquentes,</strong></span> <span class='ocrx_word' id='word_1_499' title='bbox 1787 3443 1869 3511; x_wconf 82' lang='lat' dir='ltr'><strong>ip-</strong></span> 
     </span>
    </p>
   </div>
   <div class='ocr_carea' id='block_1_66' title="bbox 288 3535 1863 3611">
    <p class='ocr_par' dir='ltr' id='par_1_66' title="bbox 288 3535 1863 3611">
     <span class='ocr_line' id='line_1_66' title="bbox 288 3535 1863 3611; baseline -0.005 -14"><span class='ocrx_word' id='word_1_500' title='bbox 288 3557 468 3597; x_wconf 70' lang='lat' dir='ltr'><strong>sorum</strong></span> <span class='ocrx_word' id='word_1_501' title='bbox 497 3554 708 3611; x_wconf 91' lang='lat' dir='ltr'><strong>quoque</strong></span> <span class='ocrx_word' id='word_1_502' title='bbox 737 3538 1020 3594; x_wconf 89' lang='lat' dir='ltr'><strong>verborum</strong></span> <span class='ocrx_word' id='word_1_503' title='bbox 1052 3550 1267 3590; x_wconf 86' lang='lat' dir='ltr'><strong>sensum</strong></span> <span class='ocrx_word' id='word_1_504' title='bbox 1298 3550 1591 3603; x_wconf 85' lang='lat' dir='ltr'><strong>eorumque</strong></span> <span class='ocrx_word' id='word_1_505' title='bbox 1622 3535 1863 3589; x_wconf 88' lang='lat' dir='ltr'><strong>ordinem</strong></span> 
     </span>
    </p>
   </div>
   <div class='ocr_carea' id='block_1_67' title="bbox 286 3629 1865 3707">
    <p class='ocr_par' dir='ltr' id='par_1_67' title="bbox 286 3629 1865 3707">
     <span class='ocr_line' id='line_1_67' title="bbox 286 3629 1865 3707; baseline -0.004 -16"><span class='ocrx_word' id='word_1_506' title='bbox 286 3635 677 3707; x_wconf 85' lang='lat' dir='ltr'><strong>prosequimur.</strong></span> <span class='ocrx_word' id='word_1_507' title='bbox 702 3633 793 3687; x_wconf 87' lang='lat' dir='ltr'><strong>Ait</strong></span> <span class='ocrx_word' id='word_1_508' title='bbox 816 3632 955 3686; x_wconf 89' lang='lat' dir='ltr'><strong>enim</strong></span> <span class='ocrx_word' id='word_1_509' title='bbox 990 3647 1003 3683; x_wconf 91' lang='lat'><strong>:</strong></span> <span class='ocrx_word' id='word_1_510' title='bbox 1055 3632 1229 3695; x_wconf 74' lang='lat' dir='ltr'><strong>Quare</strong></span> <span class='ocrx_word' id='word_1_511' title='bbox 1258 3630 1303 3684; x_wconf 90' lang='lat' dir='ltr'><strong>si</strong></span> <span class='ocrx_word' id='word_1_512' title='bbox 1333 3630 1383 3682; x_wconf 91' lang='lat' dir='ltr'><strong>in</strong></span> <span class='ocrx_word' id='word_1_513' title='bbox 1415 3629 1668 3697; x_wconf 77' lang='lat' dir='ltr'><strong>Opinione</strong></span> <span class='ocrx_word' id='word_1_514' title='bbox 1694 3646 1751 3685; x_wconf 92' lang='lat' dir='ltr'><strong>se</strong></span> <span class='ocrx_word' id='word_1_515' title='bbox 1789 3632 1865 3701; x_wconf 79' lang='lat' dir='ltr'><strong>sic</strong></span> 
     </span>
    </p>
   </div>
   <div class='ocr_carea' id='block_1_68' title="bbox 287 3719 1863 3791">
    <p class='ocr_par' dir='ltr' id='par_1_68' title="bbox 287 3719 1863 3791">
     <span class='ocr_line' id='line_1_68' title="bbox 287 3719 1863 3791; baseline -0.002 -11"><span class='ocrx_word' id='word_1_516' title='bbox 287 3726 466 3791; x_wconf 82' lang='lat' dir='ltr'><strong>habet,</strong></span> <span class='ocrx_word' id='word_1_517' title='bbox 499 3725 549 3778; x_wconf 89' lang='lat' dir='ltr'><strong>id</strong></span> <span class='ocrx_word' id='word_1_518' title='bbox 582 3734 665 3779; x_wconf 91' lang='lat' dir='ltr'><strong>est</strong></span> <span class='ocrx_word' id='word_1_519' title='bbox 704 3721 845 3791; x_wconf 88' lang='lat' dir='ltr'><strong>quod</strong></span> <span class='ocrx_word' id='word_1_520' title='bbox 867 3721 1049 3791; x_wconf 81' lang='lat' dir='ltr'><strong>Opinio</strong></span> <span class='ocrx_word' id='word_1_521' title='bbox 1095 3719 1392 3788; x_wconf 86' lang='lat' dir='ltr'><strong>negationis</strong></span> <span class='ocrx_word' id='word_1_522' title='bbox 1422 3722 1686 3773; x_wconf 87' lang='lat' dir='ltr'><strong>contraria</strong></span> <span class='ocrx_word' id='word_1_523' title='bbox 1719 3722 1863 3777; x_wconf 80' lang='lat' dir='ltr'><strong>inve-</strong></span> 
     </span>
    </p>
   </div>
   <div class='ocr_carea' id='block_1_69' title="bbox 285 3812 1862 3887">
    <p class='ocr_par' dir='ltr' id='par_1_69' title="bbox 285 3812 1862 3887">
     <span class='ocr_line' id='line_1_69' title="bbox 285 3812 1862 3887; baseline -0.006 -12"><span class='ocrx_word' id='word_1_524' title='bbox 285 3819 430 3875; x_wconf 87' lang='lat' dir='ltr'><strong>nitur</strong></span> <span class='ocrx_word' id='word_1_525' title='bbox 457 3816 692 3887; x_wconf 90' lang='lat' dir='ltr'><strong>opinioni</strong></span> <span class='ocrx_word' id='word_1_526' title='bbox 719 3812 1112 3877; x_wconf 88' lang='lat' dir='ltr'><strong>afﬁrmationis,</strong></span> <span class='ocrx_word' id='word_1_527' title='bbox 1144 3812 1319 3881; x_wconf 89' lang='lat' dir='ltr'><strong>potius</strong></span> <span class='ocrx_word' id='word_1_528' title='bbox 1348 3826 1505 3880; x_wconf 89' lang='lat' dir='ltr'><strong>quam</strong></span> <span class='ocrx_word' id='word_1_529' title='bbox 1532 3812 1862 3866; x_wconf 88' lang='lat' dir='ltr'><strong>contrarium</strong></span> 
     </span>
    </p>
   </div>
   <div class='ocr_carea' id='block_1_70' title="bbox 284 3904 1863 3978">
    <p class='ocr_par' dir='ltr' id='par_1_70' title="bbox 284 3904 1863 3978">
     <span class='ocr_line' id='line_1_70' title="bbox 284 3904 1863 3978; baseline -0.002 -15"><span class='ocrx_word' id='word_1_530' title='bbox 284 3921 491 3978; x_wconf 86' lang='lat' dir='ltr'><strong>ponens</strong></span> <span class='ocrx_word' id='word_1_531' title='bbox 536 3905 820 3961; x_wconf 89' lang='lat' dir='ltr'><strong>afﬁrmatio</strong></span> <span class='ocrx_word' id='word_1_532' title='bbox 851 3904 1010 3975; x_wconf 89' lang='lat' dir='ltr'><strong>(Sunt</strong></span> <span class='ocrx_word' id='word_1_533' title='bbox 1036 3912 1209 3957; x_wconf 89' lang='lat' dir='ltr'><strong>autem</strong></span> <span class='ocrx_word' id='word_1_534' title='bbox 1239 3904 1322 3956; x_wconf 76' lang='lat' dir='ltr'><strong>ita:</strong></span> <span class='ocrx_word' id='word_1_535' title='bbox 1350 3918 1467 3971; x_wconf 61' lang='lat' dir='ltr'><strong>quas</strong></span> <span class='ocrx_word' id='word_1_536' title='bbox 1497 3912 1625 3957; x_wconf 86' lang='lat' dir='ltr'><strong>sunt</strong></span> <span class='ocrx_word' id='word_1_537' title='bbox 1647 3904 1697 3957; x_wconf 92' lang='lat' dir='ltr'><strong>in</strong></span> <span class='ocrx_word' id='word_1_538' title='bbox 1728 3919 1863 3960; x_wconf 87' lang='lat' dir='ltr'><strong>voce</strong></span> 
     </span>
    </p>
   </div>
   <div class='ocr_carea' id='block_1_71' title="bbox 285 3999 1863 4067">
    <p class='ocr_par' dir='ltr' id='par_1_71' title="bbox 285 3999 1863 4067">
     <span class='ocr_line' id='line_1_71' title="bbox 285 3999 1863 4067; baseline -0.002 -12"><span class='ocrx_word' id='word_1_539' title='bbox 285 4000 669 4055; x_wconf 81' lang='lat' dir='ltr'><strong>afﬁrmatioues</strong></span> <span class='ocrx_word' id='word_1_540' title='bbox 715 4009 767 4053; x_wconf 92' lang='lat' dir='ltr'><strong>et</strong></span> <span class='ocrx_word' id='word_1_541' title='bbox 796 3999 1106 4067; x_wconf 86' lang='lat' dir='ltr'><strong>negationes</strong></span> <span class='ocrx_word' id='word_1_542' title='bbox 1132 4005 1272 4050; x_wconf 66' lang='lat' dir='ltr'><strong>notas</strong></span> <span class='ocrx_word' id='word_1_543' title='bbox 1299 4011 1479 4050; x_wconf 87' lang='lat' dir='ltr'><strong>earum</strong></span> <span class='ocrx_word' id='word_1_544' title='bbox 1512 4012 1628 4065; x_wconf 67' lang='lat' dir='ltr'><strong>quas</strong></span> <span class='ocrx_word' id='word_1_545' title='bbox 1657 4007 1783 4052; x_wconf 92' lang='lat' dir='ltr'><strong>sunt</strong></span> <span class='ocrx_word' id='word_1_546' title='bbox 1807 3999 1863 4052; x_wconf 90' lang='lat' dir='ltr'><strong>in</strong></span> 
     </span>
    </p>
   </div>
   <div class='ocr_carea' id='block_1_72' title="bbox 286 4101 1857 4170">
    <p class='ocr_par' dir='ltr' id='par_1_72' title="bbox 286 4101 1857 4170">
     <span class='ocr_line' id='line_1_72' title="bbox 286 4101 1857 4170; baseline -0.003 -10"><span class='ocrx_word' id='word_1_547' title='bbox 286 4105 481 4160; x_wconf 79' lang='lat' dir='ltr'><strong>anima.</strong></span> <span class='ocrx_word' id='word_1_548' title='bbox 511 4102 640 4157; x_wconf 82' lang='lat' dir='ltr'><strong>Nam</strong></span> <span class='ocrx_word' id='word_1_549' title='bbox 680 4104 812 4157; x_wconf 87' lang='lat' dir='ltr'><strong>sicut</strong></span> <span class='ocrx_word' id='word_1_550' title='bbox 841 4102 893 4165; x_wconf 86' lang='lat' dir='ltr'><strong>in</strong></span> <span class='ocrx_word' id='word_1_551' title='bbox 932 4116 1063 4155; x_wconf 86' lang='lat' dir='ltr'><strong>voce</strong></span> <span class='ocrx_word' id='word_1_552' title='bbox 1088 4101 1373 4154; x_wconf 79' lang='lat' dir='ltr'><strong>affirmatio</strong></span> <span class='ocrx_word' id='word_1_553' title='bbox 1400 4109 1453 4155; x_wconf 90' lang='lat' dir='ltr'><strong>et</strong></span> <span class='ocrx_word' id='word_1_554' title='bbox 1504 4102 1716 4169; x_wconf 87' lang='lat' dir='ltr'><strong>negatio</strong></span> <span class='ocrx_word' id='word_1_555' title='bbox 1755 4110 1857 4170; x_wconf 91' lang='lat' dir='ltr'><strong>est,</strong></span> 
     </span>
    </p>
   </div>
   <div class='ocr_carea' id='block_1_73' title="bbox 283 4190 1859 4267">
    <p class='ocr_par' dir='ltr' id='par_1_73' title="bbox 283 4190 1859 4267">
     <span class='ocr_line' id='line_1_73' title="bbox 283 4190 1859 4267; baseline -0.004 -16"><span class='ocrx_word' id='word_1_556' title='bbox 283 4196 355 4252; x_wconf 82' lang='lat' dir='ltr'><strong>ita</strong></span> <span class='ocrx_word' id='word_1_557' title='bbox 395 4198 605 4267; x_wconf 80' lang='lat' dir='ltr'><strong>quoque</strong></span> <span class='ocrx_word' id='word_1_558' title='bbox 630 4194 786 4249; x_wconf 89' lang='lat' dir='ltr'><strong>etiam</strong></span> <span class='ocrx_word' id='word_1_559' title='bbox 827 4194 880 4246; x_wconf 91' lang='lat' dir='ltr'><strong>in</strong></span> <span class='ocrx_word' id='word_1_560' title='bbox 910 4193 1183 4262; x_wconf 87' lang='lat' dir='ltr'><strong>opinione,</strong></span> <span class='ocrx_word' id='word_1_561' title='bbox 1222 4206 1342 4245; x_wconf 89' lang='lat' dir='ltr'><strong>cum</strong></span> <span class='ocrx_word' id='word_1_562' title='bbox 1392 4190 1506 4258; x_wconf 86' lang='lat' dir='ltr'><strong>ipse</strong></span> <span class='ocrx_word' id='word_1_563' title='bbox 1551 4192 1760 4246; x_wconf 88' lang='lat' dir='ltr'><strong>animus</strong></span> <span class='ocrx_word' id='word_1_564' title='bbox 1805 4192 1859 4245; x_wconf 89' lang='lat' dir='ltr'><strong>in</strong></span> 
     </span>
    </p>
   </div>
   <div class='ocr_carea' id='block_1_74' title="bbox 280 4280 1858 4358">
    <p class='ocr_par' dir='ltr' id='par_1_74' title="bbox 280 4280 1858 4358">
     <span class='ocr_line' id='line_1_74' title="bbox 280 4280 1858 4358; baseline -0.003 -16"><span class='ocrx_word' id='word_1_565' title='bbox 280 4289 602 4358; x_wconf 84' lang='lat' dir='ltr'><strong>cogitatione</strong></span> <span class='ocrx_word' id='word_1_566' title='bbox 647 4300 741 4339; x_wconf 91' lang='lat' dir='ltr'><strong>sua</strong></span> <span class='ocrx_word' id='word_1_567' title='bbox 773 4285 968 4353; x_wconf 83' lang='lat' dir='ltr'><strong>aliquid</strong></span> <span class='ocrx_word' id='word_1_568' title='bbox 996 4280 1242 4348; x_wconf 79' lang='lat' dir='ltr'><strong>afﬁrmat,</strong></span> <span class='ocrx_word' id='word_1_569' title='bbox 1291 4291 1383 4336; x_wconf 90' lang='lat' dir='ltr'><strong>aut</strong></span> <span class='ocrx_word' id='word_1_570' title='bbox 1411 4282 1609 4351; x_wconf 84' lang='lat' dir='ltr'><strong>aliquid</strong></span> <span class='ocrx_word' id='word_1_571' title='bbox 1656 4291 1858 4352; x_wconf 89' lang='lat' dir='ltr'><strong>negat,</strong></span> 
     </span>
    </p>
   </div>
   <div class='ocr_carea' id='block_1_75' title="bbox 281 4364 1863 4450">
    <p class='ocr_par' dir='ltr' id='par_1_75' title="bbox 281 4364 1863 4450">
     <span class='ocr_line' id='line_1_75' title="bbox 281 4364 1863 4450; baseline -0.004 -16"><span class='ocrx_word' id='word_1_572' title='bbox 281 4364 419 4450; x_wconf 78' lang='lat' dir='ltr'><strong>quod</strong></span> <span class='ocrx_word' id='word_1_573' title='bbox 453 4393 551 4432; x_wconf 89' lang='lat' dir='ltr'><strong>nos</strong></span> <span class='ocrx_word' id='word_1_574' title='bbox 575 4377 678 4431; x_wconf 88' lang='lat' dir='ltr'><strong>alio</strong></span> <span class='ocrx_word' id='word_1_575' title='bbox 700 4376 817 4431; x_wconf 91' lang='lat' dir='ltr'><strong>loco</strong></span> <span class='ocrx_word' id='word_1_576' title='bbox 840 4376 1151 4445; x_wconf 85' lang='lat' dir='ltr'><strong>diligentius</strong></span> <span class='ocrx_word' id='word_1_577' title='bbox 1179 4372 1550 4443; x_wconf 81' lang='lat' dir='ltr'><strong>expediemus,</strong></span> <span class='ocrx_word' id='word_1_578' title='bbox 1579 4387 1709 4442; x_wconf 82' lang='lat' dir='ltr'><strong>ergo</strong></span> <span class='ocrx_word' id='word_1_579' title='bbox 1735 4389 1863 4443; x_wconf 80' lang='lat' dir='ltr'><strong>quo-</strong></span> 
     </span>
    </p>
   </div>
   <div class='ocr_carea' id='block_1_76' title="bbox 282 4467 1851 4535">
    <p class='ocr_par' dir='ltr' id='par_1_76' title="bbox 282 4467 1851 4535">
     <span class='ocr_line' id='line_1_76' title="bbox 282 4467 1851 4535; baseline -0.003 -10"><span class='ocrx_word' id='word_1_580' title='bbox 282 4472 424 4525; x_wconf 86' lang='lat' dir='ltr'><strong>niam</strong></span> <span class='ocrx_word' id='word_1_581' title='bbox 474 4468 859 4523; x_wconf 85' lang='lat' dir='ltr'><strong>afﬁrmatioues</strong></span> <span class='ocrx_word' id='word_1_582' title='bbox 907 4475 963 4522; x_wconf 90' lang='lat' dir='ltr'><strong>et</strong></span> <span class='ocrx_word' id='word_1_583' title='bbox 1010 4467 1322 4535; x_wconf 85' lang='lat' dir='ltr'><strong>negationes</strong></span> <span class='ocrx_word' id='word_1_584' title='bbox 1369 4479 1487 4533; x_wconf 66' lang='lat' dir='ltr'><strong>qua:</strong></span> <span class='ocrx_word' id='word_1_585' title='bbox 1534 4472 1661 4519; x_wconf 88' lang='lat' dir='ltr'><strong>sunt</strong></span> <span class='ocrx_word' id='word_1_586' title='bbox 1706 4480 1851 4531; x_wconf 88' lang='lat' dir='ltr'><strong>voce,</strong></span> 
     </span>
    </p>
   </div>
   <div class='ocr_carea' id='block_1_77' title="bbox 283 4559 1860 4629">
    <p class='ocr_par' dir='ltr' id='par_1_77' title="bbox 283 4559 1860 4629">
     <span class='ocr_line' id='line_1_77' title="bbox 283 4559 1860 4629; baseline -0.004 -10"><span class='ocrx_word' id='word_1_587' title='bbox 283 4574 424 4619; x_wconf 64' lang='lat' dir='ltr'><strong>notas</strong></span> <span class='ocrx_word' id='word_1_588' title='bbox 452 4578 634 4618; x_wconf 90' lang='lat' dir='ltr'><strong>earum</strong></span> <span class='ocrx_word' id='word_1_589' title='bbox 674 4571 798 4617; x_wconf 89' lang='lat' dir='ltr'><strong>sunt</strong></span> <span class='ocrx_word' id='word_1_590' title='bbox 827 4561 1234 4614; x_wconf 84' lang='lat' dir='ltr'><strong>aiﬁrmationum</strong></span> <span class='ocrx_word' id='word_1_591' title='bbox 1273 4559 1354 4613; x_wconf 90' lang='lat' dir='ltr'><strong>vel</strong></span> <span class='ocrx_word' id='word_1_592' title='bbox 1380 4559 1719 4629; x_wconf 86' lang='lat' dir='ltr'><strong>negationum</strong></span> <span class='ocrx_word' id='word_1_593' title='bbox 1741 4574 1860 4629; x_wconf 68' lang='lat' dir='ltr'><strong>quas</strong></span> 
     </span>
    </p>
   </div>
   <div class='ocr_carea' id='block_1_78' title="bbox 281 4651 1862 4725">
    <p class='ocr_par' dir='ltr' id='par_1_78' title="bbox 281 4651 1862 4725">
     <span class='ocr_line' id='line_1_78' title="bbox 281 4651 1862 4725; baseline -0.004 -13"><span class='ocrx_word' id='word_1_594' title='bbox 281 4667 404 4712; x_wconf 81' lang='lat' dir='ltr'><strong>sunt</strong></span> <span class='ocrx_word' id='word_1_595' title='bbox 431 4657 482 4710; x_wconf 92' lang='lat' dir='ltr'><strong>in</strong></span> <span class='ocrx_word' id='word_1_596' title='bbox 513 4654 734 4725; x_wconf 84' lang='lat' dir='ltr'><strong>anima),</strong></span> <span class='ocrx_word' id='word_1_597' title='bbox 761 4653 1098 4707; x_wconf 82' lang='lat' dir='ltr'><strong>manileslum</strong></span> <span class='ocrx_word' id='word_1_598' title='bbox 1126 4660 1208 4707; x_wconf 81' lang='lat' dir='ltr'><strong>est</strong></span> <span class='ocrx_word' id='word_1_599' title='bbox 1236 4653 1487 4720; x_wconf 88' lang='lat' dir='ltr'><strong>quoniam</strong></span> <span class='ocrx_word' id='word_1_600' title='bbox 1517 4659 1598 4705; x_wconf 93' lang='lat' dir='ltr'><strong>est</strong></span> <span class='ocrx_word' id='word_1_601' title='bbox 1627 4651 1862 4706; x_wconf 82' lang='lat' dir='ltr'><strong>afﬁrma-</strong></span> 
     </span>
    </p>
   </div>
   <div class='ocr_carea' id='block_1_79' title="bbox 283 4753 1859 4827">
    <p class='ocr_par' dir='ltr' id='par_1_79' title="bbox 283 4753 1859 4827">
     <span class='ocr_line' id='line_1_79' title="bbox 283 4753 1859 4827; baseline -0.003 -14"><span class='ocrx_word' id='word_1_602' title='bbox 283 4760 414 4815; x_wconf 89' lang='lat' dir='ltr'><strong>tioni</strong></span> <span class='ocrx_word' id='word_1_603' title='bbox 445 4758 708 4813; x_wconf 89' lang='lat' dir='ltr'><strong>contraria</strong></span> <span class='ocrx_word' id='word_1_604' title='bbox 737 4756 950 4827; x_wconf 87' lang='lat' dir='ltr'><strong>quidem</strong></span> <span class='ocrx_word' id='word_1_605' title='bbox 974 4756 1187 4825; x_wconf 85' lang='lat' dir='ltr'><strong>negatio</strong></span> <span class='ocrx_word' id='word_1_606' title='bbox 1216 4754 1359 4809; x_wconf 88' lang='lat' dir='ltr'><strong>circa</strong></span> <span class='ocrx_word' id='word_1_607' title='bbox 1400 4753 1541 4810; x_wconf 89' lang='lat' dir='ltr'><strong>idem</strong></span> <span class='ocrx_word' id='word_1_608' title='bbox 1586 4756 1859 4810; x_wconf 88' lang='lat' dir='ltr'><strong>universa-</strong></span> 
     </span>
    </p>
   </div>
   <div class='ocr_carea' id='block_1_80' title="bbox 282 4846 1857 4916">
    <p class='ocr_par' dir='ltr' id='par_1_80' title="bbox 282 4846 1857 4916">
     <span class='ocr_line' id='line_1_80' title="bbox 282 4846 1857 4916; baseline -0.003 -11"><span class='ocrx_word' id='word_1_609' title='bbox 282 4851 366 4914; x_wconf 88' lang='lat' dir='ltr'><strong>lis,</strong></span> <span class='ocrx_word' id='word_1_610' title='bbox 399 4851 538 4905; x_wconf 81' lang='lat' dir='ltr'><strong>circa</strong></span> <span class='ocrx_word' id='word_1_611' title='bbox 570 4849 708 4904; x_wconf 89' lang='lat' dir='ltr'><strong>idem</strong></span> <span class='ocrx_word' id='word_1_612' title='bbox 732 4857 908 4903; x_wconf 90' lang='lat' dir='ltr'><strong>autem</strong></span> <span class='ocrx_word' id='word_1_613' title='bbox 936 4846 1139 4901; x_wconf 88' lang='lat' dir='ltr'><strong>addidit</strong></span> <span class='ocrx_word' id='word_1_614' title='bbox 1179 4861 1246 4900; x_wconf 88' lang='lat' dir='ltr'><strong>ne</strong></span> <span class='ocrx_word' id='word_1_615' title='bbox 1281 4846 1591 4916; x_wconf 87' lang='lat' dir='ltr'><strong>disjunctim</strong></span> <span class='ocrx_word' id='word_1_616' title='bbox 1619 4847 1857 4901; x_wconf 89' lang='lat' dir='ltr'><strong>afﬁrma-</strong></span> 
     </span>
    </p>
   </div>
   <div class='ocr_carea' id='block_1_81' title="bbox 281 4938 1858 5008">
    <p class='ocr_par' dir='ltr' id='par_1_81' title="bbox 281 4938 1858 5008">
     <span class='ocr_line' id='line_1_81' title="bbox 281 4938 1858 5008; baseline -0.003 -12"><span class='ocrx_word' id='word_1_617' title='bbox 281 4943 454 4996; x_wconf 89' lang='lat' dir='ltr'><strong>tiones</strong></span> <span class='ocrx_word' id='word_1_618' title='bbox 483 4950 537 4995; x_wconf 89' lang='lat' dir='ltr'><strong>et</strong></span> <span class='ocrx_word' id='word_1_619' title='bbox 589 4941 897 5008; x_wconf 83' lang='lat' dir='ltr'><strong>negationes</strong></span> <span class='ocrx_word' id='word_1_620' title='bbox 927 4940 1222 4992; x_wconf 88' lang='lat' dir='ltr'><strong>contrarias</strong></span> <span class='ocrx_word' id='word_1_621' title='bbox 1267 4938 1587 5002; x_wconf 88' lang='lat' dir='ltr'><strong>diceremus,</strong></span> <span class='ocrx_word' id='word_1_622' title='bbox 1647 4939 1743 4994; x_wconf 85' lang='lat' dir='ltr'><strong>sed</strong></span> <span class='ocrx_word' id='word_1_623' title='bbox 1784 4940 1858 4994; x_wconf 88' lang='lat' dir='ltr'><strong>ait</strong></span> 
     </span>
    </p>
   </div>
   <div class='ocr_carea' id='block_1_82' title="bbox 281 5029 1857 5099">
    <p class='ocr_par' dir='ltr' id='par_1_82' title="bbox 281 5029 1857 5099">
     <span class='ocr_line' id='line_1_82' title="bbox 281 5029 1857 5099; baseline 0 -14"><span class='ocrx_word' id='word_1_624' title='bbox 281 5030 775 5085; x_wconf 84' lang='lat' dir='ltr'><strong>afﬁrmationem-et</strong></span> <span class='ocrx_word' id='word_1_625' title='bbox 800 5029 1135 5099; x_wconf 83' lang='lat' dir='ltr'><strong>negationem</strong></span> <span class='ocrx_word' id='word_1_626' title='bbox 1166 5041 1287 5083; x_wconf 85' lang='lat' dir='ltr'><strong>esse</strong></span> <span class='ocrx_word' id='word_1_627' title='bbox 1326 5029 1393 5084; x_wconf 89' lang='lat' dir='ltr'><strong>de</strong></span> <span class='ocrx_word' id='word_1_628' title='bbox 1423 5044 1523 5081; x_wconf 87' lang='lat' dir='ltr'><strong>una</strong></span> <span class='ocrx_word' id='word_1_629' title='bbox 1562 5030 1857 5098; x_wconf 87' lang='lat' dir='ltr'><strong>eademque</strong></span> 
     </span>
    </p>
   </div>
   <div class='ocr_carea' id='block_1_83' title="bbox 277 5127 1857 5201">
    <p class='ocr_par' dir='ltr' id='par_1_83' title="bbox 277 5127 1857 5201">
     <span class='ocr_line' id='line_1_83' title="bbox 277 5127 1857 5201; baseline 0 -15"><span class='ocrx_word' id='word_1_630' title='bbox 277 5148 357 5196; x_wconf 87' lang='lat' dir='ltr'><strong>re,</strong></span> <span class='ocrx_word' id='word_1_631' title='bbox 379 5141 434 5186; x_wconf 91' lang='lat' dir='ltr'><strong>et</strong></span> <span class='ocrx_word' id='word_1_632' title='bbox 456 5130 598 5185; x_wconf 87' lang='lat' dir='ltr'><strong>illam</strong></span> <span class='ocrx_word' id='word_1_633' title='bbox 620 5130 833 5201; x_wconf 89' lang='lat' dir='ltr'><strong>quidem</strong></span> <span class='ocrx_word' id='word_1_634' title='bbox 857 5128 1228 5183; x_wconf 87' lang='lat' dir='ltr'><strong>uuiversaliter</strong></span> <span class='ocrx_word' id='word_1_635' title='bbox 1253 5127 1544 5189; x_wconf 89' lang='lat' dir='ltr'><strong>afﬁrmare,</strong></span> <span class='ocrx_word' id='word_1_636' title='bbox 1568 5128 1709 5183; x_wconf 90' lang='lat' dir='ltr'><strong>illam</strong></span> <span class='ocrx_word' id='word_1_637' title='bbox 1732 5145 1857 5186; x_wconf 87' lang='lat' dir='ltr'><strong>vero</strong></span> 
     </span>
    </p>
   </div>
   <div class='ocr_carea' id='block_1_84' title="bbox 277 5220 1856 5296">
    <p class='ocr_par' dir='ltr' id='par_1_84' title="bbox 277 5220 1856 5296">
     <span class='ocr_line' id='line_1_84' title="bbox 277 5220 1856 5296; baseline -0.002 -17"><span class='ocrx_word' id='word_1_638' title='bbox 277 5225 650 5281; x_wconf 87' lang='lat' dir='ltr'><strong>nniversaliter</strong></span> <span class='ocrx_word' id='word_1_639' title='bbox 664 5237 880 5296; x_wconf 85' lang='lat' dir='ltr'><strong>negare.</strong></span> <span class='ocrx_word' id='word_1_640' title='bbox 901 5223 1096 5277; x_wconf 82' lang='lat' dir='ltr'><strong>Earum</strong></span> <span class='ocrx_word' id='word_1_641' title='bbox 1114 5231 1291 5277; x_wconf 87' lang='lat' dir='ltr'><strong>autem</strong></span> <span class='ocrx_word' id='word_1_642' title='bbox 1313 5220 1428 5276; x_wconf 63' lang='lat' dir='ltr'><strong>haec</strong></span> <span class='ocrx_word' id='word_1_643' title='bbox 1451 5230 1574 5275; x_wconf 90' lang='lat' dir='ltr'><strong>sunt</strong></span> <span class='ocrx_word' id='word_1_644' title='bbox 1589 5222 1856 5290; x_wconf 81' lang='lat' dir='ltr'><strong>exempla,</strong></span> 
     </span>
    </p>
   </div>
   <div class='ocr_carea' id='block_1_85' title="bbox 277 5313 1856 5387">
    <p class='ocr_par' dir='ltr' id='par_1_85' title="bbox 277 5313 1856 5387">
     <span class='ocr_line' id='line_1_85' title="bbox 277 5313 1856 5387; baseline -0.003 -14"><span class='ocrx_word' id='word_1_645' title='bbox 277 5333 331 5373; x_wconf 86' lang='lat' dir='ltr'><strong>ut</strong></span> <span class='ocrx_word' id='word_1_646' title='bbox 357 5319 407 5374; x_wconf 89' lang='lat' dir='ltr'><strong>ei</strong></span> <span class='ocrx_word' id='word_1_647' title='bbox 437 5332 558 5387; x_wconf 58' lang='lat' dir='ltr'><strong>quae</strong></span> <span class='ocrx_word' id='word_1_648' title='bbox 582 5325 666 5372; x_wconf 91' lang='lat' dir='ltr'><strong>est</strong></span> <span class='ocrx_word' id='word_1_649' title='bbox 691 5316 941 5387; x_wconf 88' lang='lat' dir='ltr'><strong>quoniam</strong></span> <span class='ocrx_word' id='word_1_650' title='bbox 969 5329 1131 5370; x_wconf 88' lang='lat' dir='ltr'><strong>omne</strong></span> <span class='ocrx_word' id='word_1_651' title='bbox 1166 5315 1362 5369; x_wconf 84' lang='lat' dir='ltr'><strong>bonum</strong></span> <span class='ocrx_word' id='word_1_652' title='bbox 1394 5313 1592 5368; x_wconf 89' lang='lat' dir='ltr'><strong>bonutn</strong></span> <span class='ocrx_word' id='word_1_653' title='bbox 1630 5322 1743 5379; x_wconf 90' lang='lat' dir='ltr'><strong>est,</strong></span> <span class='ocrx_word' id='word_1_654' title='bbox 1777 5315 1856 5369; x_wconf 88' lang='lat' dir='ltr'><strong>vel</strong></span> 
     </span>
    </p>
   </div>
   <div class='ocr_carea' id='block_1_86' title="bbox 271 5407 1854 5481">
    <p class='ocr_par' dir='ltr' id='par_1_86' title="bbox 271 5407 1854 5481">
     <span class='ocr_line' id='line_1_86' title="bbox 271 5407 1854 5481; baseline -0.003 -16"><span class='ocrx_word' id='word_1_655' title='bbox 271 5412 528 5481; x_wconf 79' lang='lat' dir='ltr'><strong>quoniam</strong></span> <span class='ocrx_word' id='word_1_656' title='bbox 558 5411 735 5466; x_wconf 91' lang='lat' dir='ltr'><strong>omnis</strong></span> <span class='ocrx_word' id='word_1_657' title='bbox 764 5409 924 5465; x_wconf 89' lang='lat' dir='ltr'><strong>homo</strong></span> <span class='ocrx_word' id='word_1_658' title='bbox 954 5410 1124 5462; x_wconf 89' lang='lat' dir='ltr'><strong>bonus</strong></span> <span class='ocrx_word' id='word_1_659' title='bbox 1144 5416 1226 5461; x_wconf 88' lang='lat' dir='ltr'><strong>est</strong></span> <span class='ocrx_word' id='word_1_660' title='bbox 1242 5446 1258 5473; x_wconf 90' lang='lat'><strong>,</strong></span> <span class='ocrx_word' id='word_1_661' title='bbox 1282 5422 1346 5461; x_wconf 87' lang='lat' dir='ltr'><strong>ea</strong></span> <span class='ocrx_word' id='word_1_662' title='bbox 1366 5420 1485 5475; x_wconf 64' lang='lat' dir='ltr'><strong>quas</strong></span> <span class='ocrx_word' id='word_1_663' title='bbox 1502 5415 1584 5461; x_wconf 90' lang='lat' dir='ltr'><strong>est</strong></span> <span class='ocrx_word' id='word_1_664' title='bbox 1605 5407 1854 5475; x_wconf 87' lang='lat' dir='ltr'><strong>quoniam</strong></span> 
     </span>
    </p>
   </div>
   <div class='ocr_carea' id='block_1_87' title="bbox 274 5498 1856 5569">
    <p class='ocr_par' dir='ltr' id='par_1_87' title="bbox 274 5498 1856 5569">
     <span class='ocr_line' id='line_1_87' title="bbox 274 5498 1856 5569; baseline -0.002 -12"><span class='ocrx_word' id='word_1_665' title='bbox 274 5504 502 5569; x_wconf 90' lang='lat' dir='ltr'><strong>nullum,</strong></span> <span class='ocrx_word' id='word_1_666' title='bbox 552 5502 603 5556; x_wconf 91' lang='lat' dir='ltr'><strong>id</strong></span> <span class='ocrx_word' id='word_1_667' title='bbox 631 5511 714 5557; x_wconf 89' lang='lat' dir='ltr'><strong>est</strong></span> <span class='ocrx_word' id='word_1_668' title='bbox 757 5501 961 5556; x_wconf 90' lang='lat' dir='ltr'><strong>nullum</strong></span> <span class='ocrx_word' id='word_1_669' title='bbox 985 5500 1183 5555; x_wconf 89' lang='lat' dir='ltr'><strong>bonum</strong></span> <span class='ocrx_word' id='word_1_670' title='bbox 1212 5499 1409 5552; x_wconf 87' lang='lat' dir='ltr'><strong>bonum</strong></span> <span class='ocrx_word' id='word_1_671' title='bbox 1431 5507 1544 5563; x_wconf 85' lang='lat' dir='ltr'><strong>est,</strong></span> <span class='ocrx_word' id='word_1_672' title='bbox 1588 5498 1856 5554; x_wconf 86' lang='lat' dir='ltr'><strong>contraria</strong></span> 
     </span>
    </p>
   </div>
   <div class='ocr_carea' id='block_1_88' title="bbox 272 5591 1853 5666">
    <p class='ocr_par' dir='ltr' id='par_1_88' title="bbox 272 5591 1853 5666">
     <span class='ocr_line' id='line_1_88' title="bbox 272 5591 1853 5666; baseline -0.004 -13"><span class='ocrx_word' id='word_1_673' title='bbox 272 5610 374 5664; x_wconf 87' lang='lat' dir='ltr'><strong>cst,</strong></span> <span class='ocrx_word' id='word_1_674' title='bbox 399 5598 477 5653; x_wconf 84' lang='lat' dir='ltr'><strong>vel</strong></span> <span class='ocrx_word' id='word_1_675' title='bbox 510 5612 650 5666; x_wconf 66' lang='lat' dir='ltr'><strong>quae,</strong></span> <span class='ocrx_word' id='word_1_676' title='bbox 680 5596 877 5661; x_wconf 89' lang='lat' dir='ltr'><strong>nullus,</strong></span> <span class='ocrx_word' id='word_1_677' title='bbox 906 5595 1008 5650; x_wconf 86' lang='lat' dir='ltr'><strong>hoc</strong></span> <span class='ocrx_word' id='word_1_678' title='bbox 1042 5606 1121 5648; x_wconf 92' lang='lat' dir='ltr'><strong>est</strong></span> <span class='ocrx_word' id='word_1_679' title='bbox 1144 5593 1319 5648; x_wconf 91' lang='lat' dir='ltr'><strong>nullus</strong></span> <span class='ocrx_word' id='word_1_680' title='bbox 1350 5591 1531 5658; x_wconf 87' lang='lat' dir='ltr'><strong>homo,</strong></span> <span class='ocrx_word' id='word_1_681' title='bbox 1556 5591 1725 5645; x_wconf 87' lang='lat' dir='ltr'><strong>bonus</strong></span> <span class='ocrx_word' id='word_1_682' title='bbox 1752 5600 1853 5646; x_wconf 90' lang='lat' dir='ltr'><strong>est.</strong></span> 
     </span>
    </p>
   </div>
   <div class='ocr_carea' id='block_1_89' title="bbox 274 5682 1856 5750">
    <p class='ocr_par' dir='ltr' id='par_1_89' title="bbox 274 5682 1856 5750">
     <span class='ocr_line' id='line_1_89' title="bbox 274 5682 1856 5750; baseline 0.001 -11"><span class='ocrx_word' id='word_1_683' title='bbox 274 5690 699 5745; x_wconf 67' lang='lat' dir='ltr'><strong>Contradictoria</strong></span> <span class='ocrx_word' id='word_1_684' title='bbox 746 5698 924 5744; x_wconf 89' lang='lat' dir='ltr'><strong>autem</strong></span> <span class='ocrx_word' id='word_1_685' title='bbox 967 5699 1083 5750; x_wconf 86' lang='lat' dir='ltr'><strong>aut,</strong></span> <span class='ocrx_word' id='word_1_686' title='bbox 1133 5702 1234 5740; x_wconf 92' lang='lat' dir='ltr'><strong>non</strong></span> <span class='ocrx_word' id='word_1_687' title='bbox 1265 5684 1444 5739; x_wconf 85' lang='lat' dir='ltr'><strong>omnis</strong></span> <span class='ocrx_word' id='word_1_688' title='bbox 1470 5726 1486 5750; x_wconf 87' lang='lat'><strong>,</strong></span> <span class='ocrx_word' id='word_1_689' title='bbox 1538 5682 1590 5740; x_wconf 89' lang='lat' dir='ltr'><strong>id</strong></span> <span class='ocrx_word' id='word_1_690' title='bbox 1629 5692 1712 5738; x_wconf 89' lang='lat' dir='ltr'><strong>est</strong></span> <span class='ocrx_word' id='word_1_691' title='bbox 1748 5698 1856 5741; x_wconf 90' lang='lat' dir='ltr'><strong>non</strong></span> 
     </span>
    </p>
   </div>
   <div class='ocr_carea' id='block_1_90' title="bbox 274 5777 1857 5848">
    <p class='ocr_par' dir='ltr' id='par_1_90' title="bbox 274 5777 1857 5848">
     <span class='ocr_line' id='line_1_90' title="bbox 274 5777 1857 5848; baseline -0.003 -9"><span class='ocrx_word' id='word_1_692' title='bbox 274 5783 449 5840; x_wconf 86' lang='lat' dir='ltr'><strong>otuuis</strong></span> <span class='ocrx_word' id='word_1_693' title='bbox 466 5783 629 5842; x_wconf 88' lang='lat' dir='ltr'><strong>homo</strong></span> <span class='ocrx_word' id='word_1_694' title='bbox 649 5782 822 5843; x_wconf 86' lang='lat' dir='ltr'><strong>bonus</strong></span> <span class='ocrx_word' id='word_1_695' title='bbox 850 5791 955 5846; x_wconf 80' lang='lat' dir='ltr'><strong>est,</strong></span> <span class='ocrx_word' id='word_1_696' title='bbox 978 5790 1165 5840; x_wconf 81' lang='lat' dir='ltr'><strong>contra</strong></span> <span class='ocrx_word' id='word_1_697' title='bbox 1191 5794 1309 5841; x_wconf 83' lang='lat' dir='ltr'><strong>eam</strong></span> <span class='ocrx_word' id='word_1_698' title='bbox 1330 5792 1452 5848; x_wconf 79' lang='lat' dir='ltr'><strong>quae</strong></span> <span class='ocrx_word' id='word_1_699' title='bbox 1487 5777 1653 5847; x_wconf 88' lang='lat' dir='ltr'><strong>dicit,</strong></span> <span class='ocrx_word' id='word_1_700' title='bbox 1680 5778 1857 5837; x_wconf 76' lang='lat' dir='ltr'><strong>omnis</strong></span> 
     </span>
    </p>
   </div>
   <div class='ocr_carea' id='block_1_91' title="bbox 1972 3267 3554 3340">
    <p class='ocr_par' dir='ltr' id='par_1_91' title="bbox 1972 3267 3554 3340">
     <span class='ocr_line' id='line_1_91' title="bbox 1972 3267 3554 3340; baseline -0.001 -15"><span class='ocrx_word' id='word_1_701' title='bbox 1972 3270 2106 3340; x_wconf 90' lang='lat' dir='ltr'><strong>quit,</strong></span> <span class='ocrx_word' id='word_1_702' title='bbox 2133 3268 2384 3338; x_wconf 88' lang='lat' dir='ltr'><strong>quoniam</strong></span> <span class='ocrx_word' id='word_1_703' title='bbox 2406 3277 2459 3322; x_wconf 89' lang='lat' dir='ltr'><strong>et</strong></span> <span class='ocrx_word' id='word_1_704' title='bbox 2480 3283 2663 3323; x_wconf 89' lang='lat' dir='ltr'><strong>veram</strong></span> <span class='ocrx_word' id='word_1_705' title='bbox 2691 3280 2831 3323; x_wconf 71' lang='lat' dir='ltr'><strong>verte</strong></span> <span class='ocrx_word' id='word_1_706' title='bbox 2855 3284 2961 3322; x_wconf 92' lang='lat' dir='ltr'><strong>non</strong></span> <span class='ocrx_word' id='word_1_707' title='bbox 2994 3267 3251 3338; x_wconf 88' lang='lat' dir='ltr'><strong>contingit</strong></span> <span class='ocrx_word' id='word_1_708' title='bbox 3278 3281 3400 3323; x_wconf 89' lang='lat' dir='ltr'><strong>esse</strong></span> <span class='ocrx_word' id='word_1_709' title='bbox 3425 3282 3554 3324; x_wconf 83' lang='lat' dir='ltr'><strong>con-</strong></span> 
     </span>
    </p>
   </div>
   <div class='ocr_carea' id='block_1_92' title="bbox 1972 3359 3553 3430">
    <p class='ocr_par' dir='ltr' id='par_1_92' title="bbox 1972 3359 3553 3430">
     <span class='ocr_line' id='line_1_92' title="bbox 1972 3359 3553 3430; baseline 0.001 -14"><span class='ocrx_word' id='word_1_710' title='bbox 1972 3362 2214 3425; x_wconf 87' lang='lat' dir='ltr'><strong>trariam,</strong></span> <span class='ocrx_word' id='word_1_711' title='bbox 2241 3359 2294 3415; x_wconf 93' lang='lat' dir='ltr'><strong>id</strong></span> <span class='ocrx_word' id='word_1_712' title='bbox 2326 3369 2409 3415; x_wconf 86' lang='lat' dir='ltr'><strong>est</strong></span> <span class='ocrx_word' id='word_1_713' title='bbox 2442 3359 2577 3414; x_wconf 90' lang='lat' dir='ltr'><strong>duas</strong></span> <span class='ocrx_word' id='word_1_714' title='bbox 2606 3373 2761 3415; x_wconf 88' lang='lat' dir='ltr'><strong>veras</strong></span> <span class='ocrx_word' id='word_1_715' title='bbox 2802 3360 3197 3430; x_wconf 83' lang='lat' dir='ltr'><strong>propositiones</strong></span> <span class='ocrx_word' id='word_1_716' title='bbox 3238 3376 3345 3415; x_wconf 89' lang='lat' dir='ltr'><strong>non</strong></span> <span class='ocrx_word' id='word_1_717' title='bbox 3395 3375 3553 3429; x_wconf 89' lang='lat' dir='ltr'><strong>posse</strong></span> 
     </span>
    </p>
   </div>
   <div class='ocr_carea' id='block_1_93' title="bbox 1970 3451 3546 3521">
    <p class='ocr_par' dir='ltr' id='par_1_93' title="bbox 1970 3451 3546 3521">
     <span class='ocr_line' id='line_1_93' title="bbox 1970 3451 3546 3521; baseline -0.002 -12"><span class='ocrx_word' id='word_1_718' title='bbox 1970 3469 2091 3510; x_wconf 89' lang='lat' dir='ltr'><strong>esse</strong></span> <span class='ocrx_word' id='word_1_719' title='bbox 2110 3453 2433 3518; x_wconf 86' lang='lat' dir='ltr'><strong>contrarias,</strong></span> <span class='ocrx_word' id='word_1_720' title='bbox 2452 3466 2551 3506; x_wconf 85' lang='lat' dir='ltr'><strong>nec</strong></span> <span class='ocrx_word' id='word_1_721' title='bbox 2568 3452 2899 3521; x_wconf 89' lang='lat' dir='ltr'><strong>opinionem,</strong></span> <span class='ocrx_word' id='word_1_722' title='bbox 2923 3465 3025 3506; x_wconf 88' lang='lat' dir='ltr'><strong>nec</strong></span> <span class='ocrx_word' id='word_1_723' title='bbox 3040 3451 3546 3507; x_wconf 83' lang='lat' dir='ltr'><strong>contradictionem.</strong></span> 
     </span>
    </p>
   </div>
   <div class='ocr_carea' id='block_1_94' title="bbox 1972 3544 3549 3617">
    <p class='ocr_par' dir='ltr' id='par_1_94' title="bbox 1972 3544 3549 3617">
     <span class='ocr_line' id='line_1_94' title="bbox 1972 3544 3549 3617; baseline -0.003 -14"><span class='ocrx_word' id='word_1_724' title='bbox 1972 3548 2024 3603; x_wconf 88' lang='lat' dir='ltr'><strong>Si</strong></span> <span class='ocrx_word' id='word_1_725' title='bbox 2057 3549 2238 3617; x_wconf 75' lang='lat' dir='ltr'><strong>Opinio</strong></span> <span class='ocrx_word' id='word_1_726' title='bbox 2266 3561 2372 3601; x_wconf 91' lang='lat' dir='ltr'><strong>non</strong></span> <span class='ocrx_word' id='word_1_727' title='bbox 2402 3553 2485 3599; x_wconf 88' lang='lat' dir='ltr'><strong>est</strong></span> <span class='ocrx_word' id='word_1_728' title='bbox 2504 3559 2629 3600; x_wconf 86' lang='lat' dir='ltr'><strong>vera</strong></span> <span class='ocrx_word' id='word_1_729' title='bbox 2658 3559 2801 3599; x_wconf 75' lang='lat' dir='ltr'><strong>verte</strong></span> <span class='ocrx_word' id='word_1_730' title='bbox 2828 3544 3097 3597; x_wconf 85' lang='lat' dir='ltr'><strong>contraria</strong></span> <span class='ocrx_word' id='word_1_731' title='bbox 3116 3582 3133 3610; x_wconf 87' lang='lat'><strong>,</strong></span> <span class='ocrx_word' id='word_1_732' title='bbox 3182 3545 3349 3599; x_wconf 87' lang='lat' dir='ltr'><strong>multo</strong></span> <span class='ocrx_word' id='word_1_733' title='bbox 3377 3546 3549 3613; x_wconf 82' lang='lat' dir='ltr'><strong>magis</strong></span> 
     </span>
    </p>
   </div>
   <div class='ocr_carea' id='block_1_95' title="bbox 1970 3618 3545 3706">
    <p class='ocr_par' dir='ltr' id='par_1_95' title="bbox 1970 3618 3545 3706">
     <span class='ocr_line' id='line_1_95' title="bbox 1970 3618 3545 3706; baseline -0.004 -11"><span class='ocrx_word' id='word_1_734' title='bbox 1970 3656 2069 3695; x_wconf 89' lang='lat' dir='ltr'><strong>nec</strong></span> <span class='ocrx_word' id='word_1_735' title='bbox 2094 3637 2451 3695; x_wconf 87' lang='lat' dir='ltr'><strong>contradictio</strong></span> <span class='ocrx_word' id='word_1_736' title='bbox 2480 3650 2602 3706; x_wconf 71' lang='lat' dir='ltr'><strong>quae</strong></span> <span class='ocrx_word' id='word_1_737' title='bbox 2630 3650 2695 3691; x_wconf 79' lang='lat' dir='ltr'><strong>ex</strong></span> <span class='ocrx_word' id='word_1_738' title='bbox 2736 3633 3078 3703; x_wconf 92' lang='lat' dir='ltr'><strong>opinionibus</strong></span> <span class='ocrx_word' id='word_1_739' title='bbox 3116 3618 3285 3689; x_wconf 85' lang='lat' dir='ltr'><strong>venit.</strong></span> <span class='ocrx_word' id='word_1_740' title='bbox 3315 3635 3545 3689; x_wconf 88' lang='lat' dir='ltr'><strong>Contra-</strong></span> 
     </span>
    </p>
   </div>
   <div class='ocr_carea' id='block_1_96' title="bbox 1966 3725 3546 3797">
    <p class='ocr_par' dir='ltr' id='par_1_96' title="bbox 1966 3725 3546 3797">
     <span class='ocr_line' id='line_1_96' title="bbox 1966 3725 3546 3797; baseline -0.004 -8"><span class='ocrx_word' id='word_1_741' title='bbox 1966 3732 2257 3790; x_wconf 90' lang='lat' dir='ltr'><strong>dictionem</strong></span> <span class='ocrx_word' id='word_1_742' title='bbox 2285 3738 2461 3785; x_wconf 89' lang='lat' dir='ltr'><strong>autem</strong></span> <span class='ocrx_word' id='word_1_743' title='bbox 2495 3730 2580 3783; x_wconf 86' lang='lat' dir='ltr'><strong>hic</strong></span> <span class='ocrx_word' id='word_1_744' title='bbox 2610 3742 2705 3797; x_wconf 91' lang='lat' dir='ltr'><strong>pro</strong></span> <span class='ocrx_word' id='word_1_745' title='bbox 2724 3726 3105 3782; x_wconf 87' lang='lat' dir='ltr'><strong>contrarietate</strong></span> <span class='ocrx_word' id='word_1_746' title='bbox 3135 3725 3332 3795; x_wconf 87' lang='lat' dir='ltr'><strong>posuit.</strong></span> <span class='ocrx_word' id='word_1_747' title='bbox 3380 3725 3456 3781; x_wconf 89' lang='lat' dir='ltr'><strong>De</strong></span> <span class='ocrx_word' id='word_1_748' title='bbox 3483 3740 3546 3782; x_wconf 81' lang='lat' dir='ltr'><strong>ea</strong></span> 
     </span>
    </p>
   </div>
   <div class='ocr_carea' id='block_1_97' title="bbox 1965 3819 3546 3893">
    <p class='ocr_par' dir='ltr' id='par_1_97' title="bbox 1965 3819 3546 3893">
     <span class='ocr_line' id='line_1_97' title="bbox 1965 3819 3546 3893; baseline -0.004 -9"><span class='ocrx_word' id='word_1_749' title='bbox 1965 3827 2109 3884; x_wconf 81' lang='lat' dir='ltr'><strong>enim</strong></span> <span class='ocrx_word' id='word_1_750' title='bbox 2140 3840 2244 3879; x_wconf 89' lang='lat' dir='ltr'><strong>non</strong></span> <span class='ocrx_word' id='word_1_751' title='bbox 2272 3824 2549 3893; x_wconf 86' lang='lat' dir='ltr'><strong>agebatur.</strong></span> <span class='ocrx_word' id='word_1_752' title='bbox 2574 3819 2868 3877; x_wconf 70' lang='lat' dir='ltr'><strong>Contrarias</strong></span> <span class='ocrx_word' id='word_1_753' title='bbox 2898 3820 3040 3875; x_wconf 90' lang='lat' dir='ltr'><strong>enim</strong></span> <span class='ocrx_word' id='word_1_754' title='bbox 3094 3827 3222 3875; x_wconf 91' lang='lat' dir='ltr'><strong>sunt</strong></span> <span class='ocrx_word' id='word_1_755' title='bbox 3243 3833 3360 3889; x_wconf 67' lang='lat' dir='ltr'><strong>quae</strong></span> <span class='ocrx_word' id='word_1_756' title='bbox 3402 3819 3546 3878; x_wconf 78' lang='lat' dir='ltr'><strong>circa</strong></span> 
     </span>
    </p>
   </div>
   <div class='ocr_carea' id='block_1_98' title="bbox 1969 3912 3544 3990">
    <p class='ocr_par' dir='ltr' id='par_1_98' title="bbox 1969 3912 3544 3990">
     <span class='ocr_line' id='line_1_98' title="bbox 1969 3912 3544 3990; baseline -0.006 -15"><span class='ocrx_word' id='word_1_757' title='bbox 1969 3922 2213 3990; x_wconf 86' lang='lat' dir='ltr'><strong>opposita</strong></span> <span class='ocrx_word' id='word_1_758' title='bbox 2243 3924 2388 3979; x_wconf 90' lang='lat' dir='ltr'><strong>sunt,</strong></span> <span class='ocrx_word' id='word_1_759' title='bbox 2417 3914 2471 3970; x_wconf 89' lang='lat' dir='ltr'><strong>id</strong></span> <span class='ocrx_word' id='word_1_760' title='bbox 2499 3924 2581 3970; x_wconf 86' lang='lat' dir='ltr'><strong>est</strong></span> <span class='ocrx_word' id='word_1_761' title='bbox 2630 3928 2791 3969; x_wconf 89' lang='lat' dir='ltr'><strong>omne</strong></span> <span class='ocrx_word' id='word_1_762' title='bbox 2837 3912 3164 3967; x_wconf 88' lang='lat' dir='ltr'><strong>contrarium</strong></span> <span class='ocrx_word' id='word_1_763' title='bbox 3216 3923 3298 3966; x_wconf 90' lang='lat' dir='ltr'><strong>est</strong></span> <span class='ocrx_word' id='word_1_764' title='bbox 3329 3913 3544 3980; x_wconf 58' lang='lat' dir='ltr'><strong>opposi-</strong></span> 
     </span>
    </p>
   </div>
   <div class='ocr_carea' id='block_1_99' title="bbox 1965 4003 3543 4072">
    <p class='ocr_par' dir='ltr' id='par_1_99' title="bbox 1965 4003 3543 4072">
     <span class='ocr_line' id='line_1_99' title="bbox 1965 4003 3543 4072; baseline -0.007 -4"><span class='ocrx_word' id='word_1_765' title='bbox 1965 4021 2096 4069; x_wconf 91' lang='lat' dir='ltr'><strong>tum.</strong></span> <span class='ocrx_word' id='word_1_766' title='bbox 2134 4009 2287 4066; x_wconf 88' lang='lat' dir='ltr'><strong>Circa</strong></span> <span class='ocrx_word' id='word_1_767' title='bbox 2321 4018 2498 4063; x_wconf 87' lang='lat' dir='ltr'><strong>autem</strong></span> <span class='ocrx_word' id='word_1_768' title='bbox 2527 4008 2717 4062; x_wconf 85' lang='lat' dir='ltr'><strong>eadem</strong></span> <span class='ocrx_word' id='word_1_769' title='bbox 2766 4004 3028 4072; x_wconf 84' lang='lat' dir='ltr'><strong>contingit</strong></span> <span class='ocrx_word' id='word_1_770' title='bbox 3074 4018 3256 4058; x_wconf 89' lang='lat' dir='ltr'><strong>verum</strong></span> <span class='ocrx_word' id='word_1_771' title='bbox 3296 4003 3543 4057; x_wconf 91' lang='lat' dir='ltr'><strong>eumdem</strong></span> 
     </span>
    </p>
   </div>
   <div class='ocr_carea' id='block_1_100' title="bbox 1964 4096 3544 4171">
    <p class='ocr_par' dir='ltr' id='par_1_100' title="bbox 1964 4096 3544 4171">
     <span class='ocr_line' id='line_1_100' title="bbox 1964 4096 3544 4171; baseline -0.007 -12"><span class='ocrx_word' id='word_1_772' title='bbox 1964 4104 2164 4171; x_wconf 89' lang='lat' dir='ltr'><strong>dicere,</strong></span> <span class='ocrx_word' id='word_1_773' title='bbox 2195 4102 2398 4157; x_wconf 90' lang='lat' dir='ltr'><strong>idcirco</strong></span> <span class='ocrx_word' id='word_1_774' title='bbox 2452 4100 2593 4171; x_wconf 90' lang='lat' dir='ltr'><strong>quod</strong></span> <span class='ocrx_word' id='word_1_775' title='bbox 2620 4098 2688 4154; x_wconf 89' lang='lat' dir='ltr'><strong>de</strong></span> <span class='ocrx_word' id='word_1_776' title='bbox 2728 4099 2811 4152; x_wconf 90' lang='lat' dir='ltr'><strong>bis</strong></span> <span class='ocrx_word' id='word_1_777' title='bbox 2840 4096 2969 4151; x_wconf 89' lang='lat' dir='ltr'><strong>solis</strong></span> <span class='ocrx_word' id='word_1_778' title='bbox 2994 4105 3047 4151; x_wconf 91' lang='lat' dir='ltr'><strong>et</strong></span> <span class='ocrx_word' id='word_1_779' title='bbox 3076 4096 3289 4165; x_wconf 88' lang='lat' dir='ltr'><strong>negatio</strong></span> <span class='ocrx_word' id='word_1_780' title='bbox 3323 4106 3378 4150; x_wconf 90' lang='lat' dir='ltr'><strong>et</strong></span> <span class='ocrx_word' id='word_1_781' title='bbox 3400 4096 3544 4149; x_wconf 77' lang='lat' dir='ltr'><strong>afﬁr-</strong></span> 
     </span>
    </p>
   </div>
   <div class='ocr_carea' id='block_1_101' title="bbox 1960 4188 3545 4269">
    <p class='ocr_par' dir='ltr' id='par_1_101' title="bbox 1960 4188 3545 4269">
     <span class='ocr_line' id='line_1_101' title="bbox 1960 4188 3545 4269; baseline -0.004 -18"><span class='ocrx_word' id='word_1_782' title='bbox 1960 4190 2126 4251; x_wconf 86' lang='lat' dir='ltr'><strong>matio</strong></span> <span class='ocrx_word' id='word_1_783' title='bbox 2147 4210 2291 4250; x_wconf 79' lang='lat' dir='ltr'><strong>verae</strong></span> <span class='ocrx_word' id='word_1_784' title='bbox 2318 4192 2476 4249; x_wconf 90' lang='lat' dir='ltr'><strong>simul</strong></span> <span class='ocrx_word' id='word_1_785' title='bbox 2505 4206 2626 4247; x_wconf 87' lang='lat' dir='ltr'><strong>esse</strong></span> <span class='ocrx_word' id='word_1_786' title='bbox 2654 4198 2896 4259; x_wconf 88' lang='lat' dir='ltr'><strong>possunt,</strong></span> <span class='ocrx_word' id='word_1_787' title='bbox 2914 4204 3032 4257; x_wconf 72' lang='lat' dir='ltr'><strong>quae</strong></span> <span class='ocrx_word' id='word_1_788' title='bbox 3050 4188 3221 4243; x_wconf 86' lang='lat' dir='ltr'><strong>eidem</strong></span> <span class='ocrx_word' id='word_1_789' title='bbox 3244 4190 3403 4269; x_wconf 77' lang='lat' dir='ltr'><strong>simul</strong></span> <span class='ocrx_word' id='word_1_790' title='bbox 3426 4204 3545 4245; x_wconf 89' lang='lat' dir='ltr'><strong>esse</strong></span> 
     </span>
    </p>
   </div>
   <div class='ocr_carea' id='block_1_102' title="bbox 1960 4281 3546 4356">
    <p class='ocr_par' dir='ltr' id='par_1_102' title="bbox 1960 4281 3546 4356">
     <span class='ocr_line' id='line_1_102' title="bbox 1960 4281 3546 4356; baseline -0.005 -11"><span class='ocrx_word' id='word_1_791' title='bbox 1960 4288 2251 4356; x_wconf 88' lang='lat' dir='ltr'><strong>contingit,</strong></span> <span class='ocrx_word' id='word_1_792' title='bbox 2293 4285 2447 4341; x_wconf 88' lang='lat' dir='ltr'><strong>simul</strong></span> <span class='ocrx_word' id='word_1_793' title='bbox 2492 4293 2668 4338; x_wconf 88' lang='lat' dir='ltr'><strong>autem</strong></span> <span class='ocrx_word' id='word_1_794' title='bbox 2713 4281 2888 4337; x_wconf 73' lang='lat' dir='ltr'><strong>eidem</strong></span> <span class='ocrx_word' id='word_1_795' title='bbox 2929 4296 3033 4336; x_wconf 90' lang='lat' dir='ltr'><strong>non</strong></span> <span class='ocrx_word' id='word_1_796' title='bbox 3069 4281 3327 4350; x_wconf 91' lang='lat' dir='ltr'><strong>contingit</strong></span> <span class='ocrx_word' id='word_1_797' title='bbox 3367 4283 3546 4337; x_wconf 84' lang='lat' dir='ltr'><strong>inesse</strong></span> 
     </span>
    </p>
   </div>
   <div class='ocr_carea' id='block_1_103' title="bbox 1961 4372 3544 4443">
    <p class='ocr_par' dir='ltr' id='par_1_103' title="bbox 1961 4372 3544 4443">
     <span class='ocr_line' id='line_1_103' title="bbox 1961 4372 3544 4443; baseline -0.003 -8"><span class='ocrx_word' id='word_1_798' title='bbox 1961 4380 2265 4443; x_wconf 84' lang='lat' dir='ltr'><strong>contraria,</strong></span> <span class='ocrx_word' id='word_1_799' title='bbox 2328 4385 2388 4431; x_wconf 94' lang='lat' dir='ltr'><strong>ut</strong></span> <span class='ocrx_word' id='word_1_800' title='bbox 2441 4374 2787 4430; x_wconf 89' lang='lat' dir='ltr'><strong>concludatur</strong></span> <span class='ocrx_word' id='word_1_801' title='bbox 2841 4372 3090 4443; x_wconf 90' lang='lat' dir='ltr'><strong>quoniam</strong></span> <span class='ocrx_word' id='word_1_802' title='bbox 3142 4372 3211 4429; x_wconf 88' lang='lat' dir='ltr'><strong>de</strong></span> <span class='ocrx_word' id='word_1_803' title='bbox 3249 4373 3441 4442; x_wconf 89' lang='lat' dir='ltr'><strong>quibus</strong></span> <span class='ocrx_word' id='word_1_804' title='bbox 3490 4383 3544 4431; x_wconf 90' lang='lat' dir='ltr'><strong>et</strong></span> 
     </span>
    </p>
   </div>
   <div class='ocr_carea' id='block_1_104' title="bbox 1964 4464 3544 4538">
    <p class='ocr_par' dir='ltr' id='par_1_104' title="bbox 1964 4464 3544 4538">
     <span class='ocr_line' id='line_1_104' title="bbox 1964 4464 3544 4538; baseline -0.004 -10"><span class='ocrx_word' id='word_1_805' title='bbox 1964 4471 2249 4528; x_wconf 89' lang='lat' dir='ltr'><strong>afﬁrmatio</strong></span> <span class='ocrx_word' id='word_1_806' title='bbox 2268 4478 2323 4525; x_wconf 91' lang='lat' dir='ltr'><strong>et</strong></span> <span class='ocrx_word' id='word_1_807' title='bbox 2348 4469 2558 4538; x_wconf 86' lang='lat' dir='ltr'><strong>negatio</strong></span> <span class='ocrx_word' id='word_1_808' title='bbox 2577 4466 2732 4522; x_wconf 89' lang='lat' dir='ltr'><strong>simul</strong></span> <span class='ocrx_word' id='word_1_809' title='bbox 2751 4479 2889 4520; x_wconf 81' lang='lat' dir='ltr'><strong>verae</strong></span> <span class='ocrx_word' id='word_1_810' title='bbox 2916 4474 3061 4531; x_wconf 86' lang='lat' dir='ltr'><strong>sunt,</strong></span> <span class='ocrx_word' id='word_1_811' title='bbox 3093 4479 3154 4520; x_wconf 90' lang='lat' dir='ltr'><strong>ea</strong></span> <span class='ocrx_word' id='word_1_812' title='bbox 3181 4464 3352 4519; x_wconf 89' lang='lat' dir='ltr'><strong>eidem</strong></span> <span class='ocrx_word' id='word_1_813' title='bbox 3385 4465 3544 4521; x_wconf 85' lang='lat' dir='ltr'><strong>simul</strong></span> 
     </span>
    </p>
   </div>
   <div class='ocr_carea' id='block_1_105' title="bbox 1885 4538 3545 4636">
    <p class='ocr_par' dir='ltr' id='par_1_105' title="bbox 1885 4538 3545 4636">
     <span class='ocr_line' id='line_1_105' title="bbox 1885 4538 3545 4636; baseline -0.007 -13"><span class='ocrx_word' id='word_1_814' title='bbox 1885 4538 1940 4599; x_wconf 78' lang='lat' dir='ltr'><strong>D</strong></span> <span class='ocrx_word' id='word_1_815' title='bbox 1965 4568 2139 4623; x_wconf 87' lang='lat' dir='ltr'><strong>inesse</strong></span> <span class='ocrx_word' id='word_1_816' title='bbox 2178 4575 2435 4636; x_wconf 86' lang='lat' dir='ltr'><strong>possunt,</strong></span> <span class='ocrx_word' id='word_1_817' title='bbox 2478 4561 2743 4616; x_wconf 88' lang='lat' dir='ltr'><strong>contraria</strong></span> <span class='ocrx_word' id='word_1_818' title='bbox 2782 4572 2909 4613; x_wconf 89' lang='lat' dir='ltr'><strong>vero</strong></span> <span class='ocrx_word' id='word_1_819' title='bbox 2947 4557 3106 4613; x_wconf 90' lang='lat' dir='ltr'><strong>simul</strong></span> <span class='ocrx_word' id='word_1_820' title='bbox 3145 4556 3320 4612; x_wconf 87' lang='lat' dir='ltr'><strong>eidem</strong></span> <span class='ocrx_word' id='word_1_821' title='bbox 3368 4556 3545 4615; x_wconf 86' lang='lat' dir='ltr'><strong>inesse</strong></span> 
     </span>
    </p>
   </div>
   <div class='ocr_carea' id='block_1_106' title="bbox 1966 4649 3543 4728">
    <p class='ocr_par' dir='ltr' id='par_1_106' title="bbox 1966 4649 3543 4728">
     <span class='ocr_line' id='line_1_106' title="bbox 1966 4649 3543 4728; baseline -0.004 -14"><span class='ocrx_word' id='word_1_822' title='bbox 1966 4676 2069 4714; x_wconf 91' lang='lat' dir='ltr'><strong>non</strong></span> <span class='ocrx_word' id='word_1_823' title='bbox 2134 4667 2386 4728; x_wconf 88' lang='lat' dir='ltr'><strong>possunt;</strong></span> <span class='ocrx_word' id='word_1_824' title='bbox 2447 4652 2566 4725; x_wconf 74' lang='lat' dir='ltr'><strong>quae</strong></span> <span class='ocrx_word' id='word_1_825' title='bbox 2618 4666 2748 4722; x_wconf 85' lang='lat' dir='ltr'><strong>ergo</strong></span> <span class='ocrx_word' id='word_1_826' title='bbox 2806 4649 2966 4707; x_wconf 89' lang='lat' dir='ltr'><strong>simul</strong></span> <span class='ocrx_word' id='word_1_827' title='bbox 3018 4664 3162 4705; x_wconf 68' lang='lat' dir='ltr'><strong>vera</strong></span> <span class='ocrx_word' id='word_1_828' title='bbox 3222 4659 3378 4719; x_wconf 89' lang='lat' dir='ltr'><strong>sunt,</strong></span> <span class='ocrx_word' id='word_1_829' title='bbox 3436 4666 3543 4707; x_wconf 92' lang='lat' dir='ltr'><strong>non</strong></span> 
     </span>
    </p>
   </div>
   <div class='ocr_carea' id='block_1_107' title="bbox 1964 4748 3543 4827">
    <p class='ocr_par' dir='ltr' id='par_1_107' title="bbox 1964 4748 3543 4827">
     <span class='ocr_line' id='line_1_107' title="bbox 1964 4748 3543 4827; baseline -0.003 -18"><span class='ocrx_word' id='word_1_830' title='bbox 1964 4764 2188 4827; x_wconf 91' lang='lat' dir='ltr'><strong>possunt</strong></span> <span class='ocrx_word' id='word_1_831' title='bbox 2238 4768 2356 4807; x_wconf 88' lang='lat' dir='ltr'><strong>esse</strong></span> <span class='ocrx_word' id='word_1_832' title='bbox 2407 4751 2697 4806; x_wconf 88' lang='lat' dir='ltr'><strong>contraria.</strong></span> <span class='ocrx_word' id='word_1_833' title='bbox 2748 4748 2942 4803; x_wconf 88' lang='lat' dir='ltr'><strong>Noster</strong></span> <span class='ocrx_word' id='word_1_834' title='bbox 2989 4762 3203 4817; x_wconf 90' lang='lat' dir='ltr'><strong>quoque</strong></span> <span class='ocrx_word' id='word_1_835' title='bbox 3257 4749 3406 4804; x_wconf 89' lang='lat' dir='ltr'><strong>labor</strong></span> <span class='ocrx_word' id='word_1_836' title='bbox 3432 4749 3543 4818; x_wconf 83' lang='lat' dir='ltr'><strong>jam</strong></span> 
     </span>
    </p>
   </div>
   <div class='ocr_carea' id='block_1_108' title="bbox 1962 4839 3543 4917">
    <p class='ocr_par' dir='ltr' id='par_1_108' title="bbox 1962 4839 3543 4917">
     <span class='ocr_line' id='line_1_108' title="bbox 1962 4839 3543 4917; baseline -0.005 -14"><span class='ocrx_word' id='word_1_837' title='bbox 1962 4846 2249 4917; x_wconf 88' lang='lat' dir='ltr'><strong>tranquillo</strong></span> <span class='ocrx_word' id='word_1_838' title='bbox 2289 4854 2496 4900; x_wconf 86' lang='lat' dir='ltr'><strong>constat</strong></span> <span class='ocrx_word' id='word_1_839' title='bbox 2558 4850 2732 4912; x_wconf 90' lang='lat' dir='ltr'><strong>portu.</strong></span> <span class='ocrx_word' id='word_1_840' title='bbox 2774 4839 2915 4903; x_wconf 81' lang='lat' dir='ltr'><strong>Nihil</strong></span> <span class='ocrx_word' id='word_1_841' title='bbox 2968 4842 3113 4895; x_wconf 90' lang='lat' dir='ltr'><strong>enim</strong></span> <span class='ocrx_word' id='word_1_842' title='bbox 3161 4843 3241 4911; x_wconf 88' lang='lat' dir='ltr'><strong>(ut</strong></span> <span class='ocrx_word' id='word_1_843' title='bbox 3290 4841 3543 4911; x_wconf 85' lang='lat' dir='ltr'><strong>arbitror)</strong></span> 
     </span>
    </p>
   </div>
   <div class='ocr_carea' id='block_1_109' title="bbox 1961 4932 3543 5008">
    <p class='ocr_par' dir='ltr' id='par_1_109' title="bbox 1961 4932 3543 5008">
     <span class='ocr_line' id='line_1_109' title="bbox 1961 4932 3543 5008; baseline -0.006 -11"><span class='ocrx_word' id='word_1_844' title='bbox 1961 4942 2204 4999; x_wconf 88' lang='lat' dir='ltr'><strong>relictum</strong></span> <span class='ocrx_word' id='word_1_845' title='bbox 2236 4948 2317 4994; x_wconf 91' lang='lat' dir='ltr'><strong>est</strong></span> <span class='ocrx_word' id='word_1_846' title='bbox 2351 4939 2489 5008; x_wconf 92' lang='lat' dir='ltr'><strong>quod</strong></span> <span class='ocrx_word' id='word_1_847' title='bbox 2545 4935 2611 4990; x_wconf 91' lang='lat' dir='ltr'><strong>ad</strong></span> <span class='ocrx_word' id='word_1_848' title='bbox 2666 4935 2874 5003; x_wconf 86' lang='lat' dir='ltr'><strong>plenam</strong></span> <span class='ocrx_word' id='word_1_849' title='bbox 2926 4933 3083 5003; x_wconf 86' lang='lat' dir='ltr'><strong>hujus</strong></span> <span class='ocrx_word' id='word_1_850' title='bbox 3129 4932 3249 4987; x_wconf 88' lang='lat' dir='ltr'><strong>libri</strong></span> <span class='ocrx_word' id='word_1_851' title='bbox 3302 4932 3543 4988; x_wconf 90' lang='lat' dir='ltr'><strong>notitiam</strong></span> 
     </span>
    </p>
   </div>
   <div class='ocr_carea' id='block_1_110' title="bbox 1968 5023 3543 5105">
    <p class='ocr_par' dir='ltr' id='par_1_110' title="bbox 1968 5023 3543 5105">
     <span class='ocr_line' id='line_1_110' title="bbox 1968 5023 3543 5105; baseline -0.008 -15"><span class='ocrx_word' id='word_1_852' title='bbox 1968 5034 2272 5105; x_wconf 90' lang='lat' dir='ltr'><strong>pertineret.</strong></span> <span class='ocrx_word' id='word_1_853' title='bbox 2316 5031 2493 5098; x_wconf 85' lang='lat' dir='ltr'><strong>Quare</strong></span> <span class='ocrx_word' id='word_1_854' title='bbox 2524 5028 2570 5083; x_wconf 85' lang='lat' dir='ltr'><strong>si</strong></span> <span class='ocrx_word' id='word_1_855' title='bbox 2607 5041 2718 5081; x_wconf 90' lang='lat' dir='ltr'><strong>rem</strong></span> <span class='ocrx_word' id='word_1_856' title='bbox 2753 5027 3078 5096; x_wconf 86' lang='lat' dir='ltr'><strong>propositam</strong></span> <span class='ocrx_word' id='word_1_857' title='bbox 3110 5023 3285 5079; x_wconf 88' lang='lat' dir='ltr'><strong>studio</strong></span> <span class='ocrx_word' id='word_1_858' title='bbox 3320 5023 3543 5093; x_wconf 84' lang='lat' dir='ltr'><strong>diligen-</strong></span> 
     </span>
    </p>
   </div>
   <div class='ocr_carea' id='block_1_111' title="bbox 1966 5117 3542 5198">
    <p class='ocr_par' dir='ltr' id='par_1_111' title="bbox 1966 5117 3542 5198">
     <span class='ocr_line' id='line_1_111' title="bbox 1966 5117 3542 5198; baseline -0.007 -15"><span class='ocrx_word' id='word_1_859' title='bbox 1966 5130 2140 5198; x_wconf 83' lang='lat' dir='ltr'><strong>tiaque</strong></span> <span class='ocrx_word' id='word_1_860' title='bbox 2173 5126 2509 5196; x_wconf 88' lang='lat' dir='ltr'><strong>perfecimus,</strong></span> <span class='ocrx_word' id='word_1_861' title='bbox 2532 5124 2632 5175; x_wconf 87' lang='lat' dir='ltr'><strong>erit</strong></span> <span class='ocrx_word' id='word_1_862' title='bbox 2659 5119 2884 5191; x_wconf 89' lang='lat' dir='ltr'><strong>perutile</strong></span> <span class='ocrx_word' id='word_1_863' title='bbox 2920 5118 3004 5172; x_wconf 92' lang='lat' dir='ltr'><strong>his</strong></span> <span class='ocrx_word' id='word_1_864' title='bbox 3029 5117 3117 5188; x_wconf 89' lang='lat' dir='ltr'><strong>qui</strong></span> <span class='ocrx_word' id='word_1_865' title='bbox 3148 5118 3333 5171; x_wconf 89' lang='lat' dir='ltr'><strong>harum</strong></span> <span class='ocrx_word' id='word_1_866' title='bbox 3360 5130 3542 5173; x_wconf 88' lang='lat' dir='ltr'><strong>rerum</strong></span> 
     </span>
    </p>
   </div>
   <div class='ocr_carea' id='block_1_112' title="bbox 1964 5206 3541 5284">
    <p class='ocr_par' dir='ltr' id='par_1_112' title="bbox 1964 5206 3541 5284">
     <span class='ocr_line' id='line_1_112' title="bbox 1964 5206 3541 5284; baseline -0.01 -9"><span class='ocrx_word' id='word_1_867' title='bbox 1964 5218 2186 5277; x_wconf 87' lang='lat' dir='ltr'><strong>scientia</strong></span> <span class='ocrx_word' id='word_1_868' title='bbox 2254 5213 2774 5284; x_wconf 79' lang='lat' dir='ltr'><strong>coutplcctendarum</strong></span> <span class='ocrx_word' id='word_1_869' title='bbox 2837 5210 3126 5280; x_wconf 84' lang='lat' dir='ltr'><strong>cupiditate</strong></span> <span class='ocrx_word' id='word_1_870' title='bbox 3197 5206 3541 5263; x_wconf 89' lang='lat' dir='ltr'><strong>tenebuntur.</strong></span> 
     </span>
    </p>
   </div>
   <div class='ocr_carea' id='block_1_113' title="bbox 1965 5300 3541 5374">
    <p class='ocr_par' dir='ltr' id='par_1_113' title="bbox 1965 5300 3541 5374">
     <span class='ocr_line' id='line_1_113' title="bbox 1965 5300 3541 5374; baseline -0.01 -5"><span class='ocrx_word' id='word_1_871' title='bbox 1965 5312 2061 5369; x_wconf 87' lang='lat' dir='ltr'><strong>Sin</strong></span> <span class='ocrx_word' id='word_1_872' title='bbox 2100 5326 2226 5366; x_wconf 89' lang='lat' dir='ltr'><strong>vero</strong></span> <span class='ocrx_word' id='word_1_873' title='bbox 2277 5310 2449 5364; x_wconf 90' lang='lat' dir='ltr'><strong>minus</strong></span> <span class='ocrx_word' id='word_1_874' title='bbox 2493 5306 2549 5361; x_wconf 91' lang='lat' dir='ltr'><strong>id</strong></span> <span class='ocrx_word' id='word_1_875' title='bbox 2576 5306 2897 5369; x_wconf 81' lang='lat' dir='ltr'><strong>.eﬂ&#39;ccimus,</strong></span> <span class='ocrx_word' id='word_1_876' title='bbox 2933 5302 3075 5374; x_wconf 90' lang='lat' dir='ltr'><strong>quod</strong></span> <span class='ocrx_word' id='word_1_877' title='bbox 3123 5301 3277 5356; x_wconf 90' lang='lat' dir='ltr'><strong>nobis</strong></span> <span class='ocrx_word' id='word_1_878' title='bbox 3304 5300 3541 5369; x_wconf 82' lang='lat' dir='ltr'><strong>proposi-</strong></span> 
     </span>
    </p>
   </div>
   <div class='ocr_carea' id='block_1_114' title="bbox 1968 5391 3539 5465">
    <p class='ocr_par' dir='ltr' id='par_1_114' title="bbox 1968 5391 3539 5465">
     <span class='ocr_line' id='line_1_114' title="bbox 1968 5391 3539 5465; baseline -0.008 -5"><span class='ocrx_word' id='word_1_879' title='bbox 1968 5416 2079 5460; x_wconf 87' lang='lat' dir='ltr'><strong>tum</strong></span> <span class='ocrx_word' id='word_1_880' title='bbox 2126 5402 2253 5464; x_wconf 88' lang='lat' dir='ltr'><strong>fuit,</strong></span> <span class='ocrx_word' id='word_1_881' title='bbox 2307 5410 2363 5454; x_wconf 92' lang='lat' dir='ltr'><strong>ut</strong></span> <span class='ocrx_word' id='word_1_882' title='bbox 2404 5399 2812 5455; x_wconf 78' lang='lat' dir='ltr'><strong>obscurissimas</strong></span> <span class='ocrx_word' id='word_1_883' title='bbox 2873 5394 3030 5465; x_wconf 87' lang='lat' dir='ltr'><strong>hujus</strong></span> <span class='ocrx_word' id='word_1_884' title='bbox 3074 5393 3194 5448; x_wconf 90' lang='lat' dir='ltr'><strong>libri</strong></span> <span class='ocrx_word' id='word_1_885' title='bbox 3246 5391 3539 5448; x_wconf 85' lang='lat' dir='ltr'><strong>sententias</strong></span> 
     </span>
    </p>
   </div>
   <div class='ocr_carea' id='block_1_115' title="bbox 1959 5485 3539 5565">
    <p class='ocr_par' dir='ltr' id='par_1_115' title="bbox 1959 5485 3539 5565">
     <span class='ocr_line' id='line_1_115' title="bbox 1959 5485 3539 5565; baseline -0.01 -7"><span class='ocrx_word' id='word_1_886' title='bbox 1959 5499 2335 5565; x_wconf 89' lang='lat' dir='ltr'><strong>enodaremus,</strong></span> <span class='ocrx_word' id='word_1_887' title='bbox 2363 5496 2527 5551; x_wconf 88' lang='lat' dir='ltr'><strong>labori</strong></span> <span class='ocrx_word' id='word_1_888' title='bbox 2569 5502 2752 5549; x_wconf 88' lang='lat' dir='ltr'><strong>nostro</strong></span> <span class='ocrx_word' id='word_1_889' title='bbox 2778 5490 2906 5547; x_wconf 90' lang='lat' dir='ltr'><strong>nihil</strong></span> <span class='ocrx_word' id='word_1_890' title='bbox 2934 5498 2990 5545; x_wconf 91' lang='lat' dir='ltr'><strong>ut</strong></span> <span class='ocrx_word' id='word_1_891' title='bbox 3013 5487 3102 5543; x_wconf 89' lang='lat' dir='ltr'><strong>alii</strong></span> <span class='ocrx_word' id='word_1_892' title='bbox 3129 5486 3388 5550; x_wconf 89' lang='lat' dir='ltr'><strong>nocituro,</strong></span> <span class='ocrx_word' id='word_1_893' title='bbox 3412 5494 3466 5541; x_wconf 88' lang='lat' dir='ltr'><strong>et</strong></span> <span class='ocrx_word' id='word_1_894' title='bbox 3492 5485 3539 5543; x_wconf 87' lang='lat' dir='ltr'><strong>si</strong></span> 
     </span>
    </p>
   </div>
   <div class='ocr_carea' id='block_1_116' title="bbox 1959 5590 2727 5665">
    <p class='ocr_par' dir='ltr' id='par_1_116' title="bbox 1959 5590 2727 5665">
     <span class='ocr_line' id='line_1_116' title="bbox 1959 5590 2727 5665; baseline -0.013 -13"><span class='ocrx_word' id='word_1_895' title='bbox 1959 5611 2063 5653; x_wconf 89' lang='lat' dir='ltr'><strong>non</strong></span> <span class='ocrx_word' id='word_1_896' title='bbox 2091 5591 2374 5665; x_wconf 83' lang='lat' dir='ltr'><strong>Oportebit,</strong></span> <span class='ocrx_word' id='word_1_897' title='bbox 2403 5590 2727 5659; x_wconf 89' lang='lat' dir='ltr'><strong>obloquitur.</strong></span> 
     </span>
    </p>
   </div>
   <div class='ocr_carea' id='block_1_117' title="bbox 2032 5758 3545 5844">
    <p class='ocr_par' dir='ltr' id='par_1_117' title="bbox 2032 5758 3545 5844">
     <span class='ocr_line' id='line_1_117' title="bbox 2032 5758 3545 5844; baseline -0.007 -15"><span class='ocrx_word' id='word_1_898' title='bbox 2032 5773 2085 5829; x_wconf 86' lang='grc' dir='ltr'><strong><em>Ν</em></strong></span> <span class='ocrx_word' id='word_1_899' title='bbox 2090 5790 2114 5828; x_wconf 82' lang='lat' dir='ltr'><strong>e</strong></span> <span class='ocrx_word' id='word_1_900' title='bbox 2134 5770 2257 5844; x_wconf 81' lang='lat' dir='ltr'><strong>quid</strong></span> <span class='ocrx_word' id='word_1_901' title='bbox 2280 5771 2332 5825; x_wconf 89' lang='lat' dir='ltr'><strong>in</strong></span> <span class='ocrx_word' id='word_1_902' title='bbox 2354 5771 2431 5825; x_wconf 70' lang='lat' dir='ltr'><strong>Itis</strong></span> <span class='ocrx_word' id='word_1_903' title='bbox 2460 5767 2627 5827; x_wconf 78' lang='lat' dir='ltr'><strong>Anicii</strong></span> <span class='ocrx_word' id='word_1_904' title='bbox 2652 5760 3079 5835; x_wconf 66' lang='lat' dir='ltr'><strong>ManliiSeverini</strong></span> <span class='ocrx_word' id='word_1_905' title='bbox 3105 5760 3274 5821; x_wconf 77' lang='lat' dir='ltr'><strong>Boetii</strong></span> <span class='ocrx_word' id='word_1_906' title='bbox 3298 5758 3545 5832; x_wconf 69' lang='lat' dir='ltr'><strong>operibus</strong></span> 
     </span>
    </p>
   </div>
  </div>
