4060 6330
528 267 634 320 65‘.)

1766 277 1874 334 AN.
1918 278 2126 335 MANL.
2166 275 2318 336 θεν.
2360 279 2586 336 BOETII

3727 283 3816 342 648

528 383 686 453 possit
709 386 927 456 amplius
973 391 1198 458 requiri,
1256 394 1483 460 priorum
1515 400 1562 446 et
1593 396 1927 462 posteriorum
1970 398 2109 448 Ana-
2143 407 2191 468 Α
2219 405 2459 462 donatos,
2493 398 2842 465 adjunximus,
2878 403 3060 471 ubique
3096 408 3348 465 studentes
3374 426 3437 467 tte
3459 424 3629 476 nostri!

529 477 801 548 lyticorum
828 481 1114 536 Aristotelis
1168 482 1325 538 libros
1365 485 1644 540 Latinitate
1692 487 1753 542 ab
1786 487 1879 542 hoc
1908 498 2111 542 auctore

2221 489 2445 544 defuisse
2466 491 2724 545 videamur

884 738 1465 845 PRIORUM
1517 736 2546 848 ANALYTICOBUM
2602 744 3445 865 ARISTOTELIS

1958 906 2170 968 LIBRI
2227 907 2388 970 DUO

1076 1045 1237 1121 AN.
1321 1046 1670 1121 MANL.
1749 1047 1983 1120 SEV.
2053 1045 2455 1119 BOETIO
2530 1048 3272 1136 INTEBPRETE.

2018 1186 2304 1202 _——.

1703 1267 2044 1351 LIBER
2120 1264 2568 1350 PRIMUS

1922 1395 2414 1420 ,_____._._

1036 1421 1261 1520 CAP'UT
1300 1465 1592 1525 PRIMUM.

742 1571 819 1626 De
858 1577 1223 1644 prapositione,
1257 1583 1468 1636 termino
1497 1594 1542 1636 et
1572 1583 1892 1656 syllogismo.

595 1687 832 1745 Primum
859 1693 1144 1750 dicendum
1173 1698 1314 1754 circa
1337 1701 1461 1770 quid
1503 1711 1556 1758 et
1600 1704 1666 1760 de
1695 1721 1800 1775 quo
1831 1717 1912 1762 est
1941 1708 2106 1762 inlcn-
2139 1688 2184 1748 Β

525 1778 619 1846 ιίο,
642 1782 894 1849 quoniam
923 1784 1065 1842 circa
1085 1787 1592 1849 demonstrationem
1636 1806 1690 1850 et
1711 1797 1777 1852 de
1825 1799 2104 1869 disciplina

525 1869 944 1931 demonstrativa
970 1888 1071 1933 est.
1107 1879 1310 1938 Deinde
1335 1885 1800 1945 determinandum
1831 1894 1954 1961 quid
1985 1909 2106 1962 pro-

524 1962 750 2031 positio,
784 1975 839 2021 et
884 1968 1009 2038 quid
1070 1973 1350 2039 terminus,
1399 1980 1523 2048 quid
1561 1982 1956 2052 syllogismus,
1988 1988 2107 2055 quis

523 2053 813 2122 perlectus,
844 2069 898 2114 et
926 2061 1043 2130 quis
1074 2063 1435 2134 imperfectus.
1480 2071 1671 2128 Postea
1695 2090 1824 2130 vero
1850 2078 1977 2146 quid
2007 2053 2108 2134 test

524 2142 577 2198 in
603 2153 712 2200 toto
729 2162 868 2214 esse,
904 2154 988 2208 vel
1015 2169 1122 2209 non
1153 2171 1274 2214 esse
1301 2158 1404 2215 hoc
1429 2161 1480 2216 in
1511 2164 1626 2232 illo,
1651 2175 1704 2221 et
1725 2169 1850 2237 quid
1869 2142 2107 2228 dicimus
2203 2195 2205 2198 ‘

524 2235 592 2291 de
613 2242 779 2310 omni,
805 2254 896 2298 aut
922 2245 988 2302 de
1012 2248 1160 2306 nullo
1189 2253 1493 2320 praedicari.
1519 2257 1822 2329 Propositio
1873 2278 1999 2334 ergo
2023 2275 2106 2322 est

524 2332 696 2386 oratio
725 2333 1060 2407 afﬁrmativa,
1101 2342 1183 2397 vel
1225 2346 1466 2414 negativa
1519 2349 1743 2420 alicujus
1792 2354 1858 2410 de
1903 2332 2102 2426 aliquo.

525 2430 653 2491 Haec
673 2445 848 2492 autem
871 2449 960 2495 aut
980 2446 1316 2516 universalis,
1345 2459 1437 2505 aut
1458 2455 1810 2527 particularis,
1841 2471 1932 2516 aut
1961 2463 2106 2519 indc-

528 2521 698 2579 ﬁnita.
731 2527 865 2585 Dico
892 2542 1071 2589 autem
1095 2521 1718 2614 univcrsalemi'quidem,
1745 2563 1865 2604 cum
1908 2553 2105 2624 aliquid

526 2617 702 2681 omni,
764 2630 856 2675 aut
901 2625 1029 2679 nulli
1088 2629 1296 2696 inesse;
1355 2637 1728 2702 particularem
1776 2659 1927 2710 vero,
1982 2662 2103 2704 cum

524 2707 704 2776 alicui,
734 2722 824 2767 aut
853 2731 959 2772 non
991 2719 1171 2787 alicui,
1203 2733 1295 2778 aut
1339 2742 1445 2782 non
1496 2734 1640 2786 omni
1695 2734 1892 2793 inesse.
1949 2740 2105 2797 Inde-

525 2799 727 2859 ﬁnitam
758 2816 959 2875 autem,
988 2826 1106 2867 cum
1125 2815 1250 2884 quid
1279 2817 1475 2888 inesse,
1521 2824 1602 2879 vel
1634 2842 1737 2880 non
1771 2828 1946 2886 inesse
1990 2836 2102 2905 sig-

525 2895 728 2963 niﬁcat,
775 2901 888 2957 sive
919 2904 1231 2977 universali,
1281 2915 1361 2967 vel
1412 2917 1743 2984 particulari,
1778 2933 1834 2976 ut
1885 2936 2103 2981 contra-

525 2986 724 3043 riorum
747 2993 990 3048 eamdem
1015 3011 1135 3053 esse
1153 2999 1510 3073 disciplinam,
1533 3017 1625 3062 aut
1645 3012 1967 3082 voluptatem
1996 3033 2104 3074 non

2218 1467 2434 1538 quidem
2465 1473 2770 1523 necessaria
2801 1484 2896 1540 per
2937 1474 3209 1543 subjectos
3257 1487 3543 1554 terminos,
3569 1505 3676 1550 non
3715 1512 3796 1553 au-

2221 1570 2326 1616 tem
2359 1571 2568 1630 sumpta
2597 1571 2723 1617 sunt
2748 1579 2844 1632 per
2891 1572 3306 1636 propositiones.
3366 1578 3423 1632 In
3471 1590 3586 1637 toto
3630 1597 3796 1645 autem

2214 1665 2337 1709 esse
2370 1653 2594 1707 alterum
2620 1654 2672 1706 in
2702 1655 2893 1723 altero,
2929 1668 2985 1712 et
3006 1660 3073 1717 de
3095 1667 3238 1719 omni
3269 1670 3549 1736 praedicari
3578 1676 3795 1742 alterum

2211 1745 2279 1800 de
2306 1746 2474 1800 altero
2510 1745 2651 1800 idem
2677 1755 2776 1801 est.
2829 1749 3064 1806 Dicimus
3116 1767 3292 1812 autem
3331 1761 3397 1816 de
3427 1767 3573 1820 omni
3607 1772 3796 1837 praedi.

2211 1839 2344 1903 cari,
2373 1838 2587 1906 quando
2620 1839 2750 1892 nihil
2783 1850 2866 1896 est
2898 1858 3113 1901 sumere
3156 1850 3404 1923 subjecti,
3453 1855 3521 1912 de
3563 1876 3670 1930 quo
3701 1878 3796 1919 non

2211 1928 2418 1990 dicatur
2443 1929 2694 1998 alterum,
2721 1939 2775 1986 et
2794 1932 2863 1988 de
2886 1935 3034 1989 nullo
3061 1939 3331 1998 similiter.

2847 2048 3076 2107 CAPUT
3116 2054 3176 2108 ll.

2378 2137 2453 2191 De
2475 2140 2797 2195 conversione
2824 2141 3175 2201 absolutarum
3203 2155 3636 2221 propositionum.

2279 2250 2542 2322 Quoniam
2593 2262 2775 2309 autem
2831 2259 3018 2317 omnis
3060 2265 3353 2332 propositio
3411 2280 3538 2340 est,
3580 2283 3675 2331 aut
3736 2278 3795 2334 de

2209 2341 2410 2408 inesse,
2459 2353 2550 2397 aut
2601 2359 2664 2398 ex
2722 2350 3043 2406 necessitate
3100 2355 3298 2423 inesse,
3350 2372 3441 2415 aut
3492 2367 3797 2441 contingere

2207 2435 2415 2502 inesse;
2470 2436 2658 2493 harum
2687 2449 2888 2506 autem,
2922 2442 3004 2498 hae
3034 2447 3245 2514 quidem
3273 2452 3642 2528 afﬁrmativm,
3699 2461 3795 2517 illa

2207 2534 2386 2581 autem
2435 2529 2704 2598 negativa:
2756 2534 3048 2590 secundum
3096 2554 3523 2616 unamquamque
3564 2553 3794 2620 appella-

2209 2619 2438 2687 tionem;
2495 2637 2680 2678 rursus
2735 2633 2911 2680 autem
2969 2628 3405 2692 allirmativarum
3445 2651 3498 2695 et
3531 2619 3794 2713 neigativa-

2207 2725 2347 2779 rum,
2379 2714 2498 2769 alia:
2543 2724 2669 2771 sunt
2715 2719 3069 2790 universales,
3119 2728 3239 2783 alia:
3279 2733 3647 2805 particulares,
3677 2741 3794 2796 alia:

2206 2801 2521 2860 indetinitze:
2543 2807 2902 2866 universalem
2918 2815 3134 2882 quidem
3154 2821 3471 2888 privativam
3494 2826 3560 2883 de
3574 2801 3793 2900 eovquod

2207 2903 2290 2950 est
2310 2897 2504 2963 inesse,
2524 2915 2744 2957 necesse
2763 2913 2845 2959 est
2867 2906 2919 2960 in
2945 2911 3183 2968 terminis
3201 2920 3465 2974 converti.
3491 2921 3555 2977 Ut
3573 2924 3616 2978 si
3646 2927 3792 2981 nulla

2206 2986 2451 3057 voluptas
2471 2999 2554 3045 est
2575 2991 2798 3062 bonum,
2816 3011 2990 3068 neque
3017 3001 3214 3059 bonum
3244 3011 3468 3081 nullum,
3485 3016 3590 3071 erit
3612 3017 3792 3090 volup-

525 3093 644 3134 esse
668 3080 888 3140 bonum.
922 3085 1110 3142 Ditiert
1138 3100 1314 3146 autem
1347 3080 1786 3155 demonstrativa“
1812 3110 2104 3176 propositio
2131 3098 2179 3165 C
2209 3089 2309 3138 ⁸³³⁵⁸
2331 3083 2734 3143 Ρτωάίθθιίνωη
2752 3100 2928 3148 autem
2943 3101 3180 3154 conveni
3205 3104 3416 3172 quidem
3435 3113 3788 3169 necessarium

529 3183 559 3222 a
589 3169 887 3243 dialectica,
907 3183 1158 3246 quoniam
1183 3182 1600 3246 demonstrativa
1629 3195 1842 3262 quidem
1871 3203 2104 3270 sumptio

531 3262 752 3319 alterius
795 3270 961 3335 partis
989 3274 1430 3333 contradictionis
1459 3294 1560 3337 est.
1602 3285 1718 3340 Non
1766 3290 1908 3344 enim
1939 3291 2106 3350 inter-

526 3363 697 3422 rogat,
729 3358 822 3411 sed
845 3363 1054 3429 sumit,
1091 3366 1181 3435 qui
1241 3368 1591 3429 demonstrat.
1645 3378 1926 3437 DialeCtica
1976 3402 2104 3445 vero

525 3443 869 3518 Interrogatio
891 3457 1326 3518 contradictionis
1345 3474 1445 3520 est.
1474 3467 1610 3524 Nihil
1637 3482 1814 3529 autem
1857 3479 2021 3535 refert
2048 3492 2106 3539 ut

524 3539 617 3595 ﬁat
646 3557 711 3598 ex
743 3554 963 3628 utraque
992 3551 1368 3625 syllogismus;
1399 3577 1520 3617 nam
1551 3574 1604 3619 et
1632 3569 1722 3636 qui
1749 3569 2101 3642 demonstrat,

523 3639 578 3686 et
603 3635 692 3702 qui
723 3635 1034 3710 interrOgat,
1062 3646 1358 3718 syllogizat,
1387 3666 1605 3712 sumens
1627 3635 1825 3730 aliquid
1841 3663 1907 3719 de
1926 3635 2103 3736 aliquo

521 3736 664 3794 esse,
693 3728 775 3782 vel
811 3745 914 3784 non
950 3747 1089 3790 esse.
1139 3740 1318 3806 Quare
1369 3747 1472 3800 erit
1521 3728 1849 3820 syllogistica
1887 3759 2099 3825 quidem

523 3819 842 3885 propOsitio,
864 3823 1182 3892 simpliciter
1207 3832 1490 3891 afﬁrmatio
1513 3841 1597 3894 vel
1629 3846 1846 3912 negatio
1875 3819 2101 3920 alicujus

523 3908 592 3963 de
619 3911 798 3981 aliquo
824 3917 1118 3974 secundum
1161 3922 1362 3980 dictum
1396 3932 1632 3986 modum.
1671 3908 2099 3999 Diemonstrativa

519 4014 651 4055 vero
679 4004 724 4057 si
745 4019 870 4060 vera
902 4007 992 4075 sit,
1019 4020 1072 4065 et
1104 4027 1198 4080 per
1217 4016 1415 4083 primas
1448 4029 1839 4092 prapositiones
1865 4025 2097 4104 sumpta.

519 4091 1040 4179 Dialecticapautem
1096 4115 1434 4176 percontanti
1488 4118 1700 4186 quidem
1752 4123 2100 4198 interrogatio

519 4188 953 4248 contradictionis
988 4207 1089 4264 est,
1122 4200 1456 4273 syllogizanti
1508 4224 1638 4266 vero
1663 4217 1894 4285 sumptio
1938 4188 2101 4290 avppa-

520 4281 689 4334 rentis
714 4291 771 4336 et
799 4286 1109 4357 probabilis,
1137 4296 1587 4362 quemadmodum
1639 4304 1690 4359 in
1740 4281 1954 4378 Topicis
1975 4281 2100 4367 dic-

521 4386 635 4433 tum
665 4391 766 4437 est.
794 4384 930 4450 Quid
978 4401 1061 4446 est
1105 4408 1232 4465 ergo
1284 4405 1602 4471 pr0positio,
1652 4418 1703 4463 et
1746 4412 1874 4480 quid
1923 4413 2097 4470 differt

2209 3185 2310 3244 est,
2340 3193 2444 3233 non
2469 3188 2644 3236 tamen
2675 3184 3070 3259 universaliter,
3096 3195 3191 3248 sed
3223 3197 3275 3250 in
3308 3209 3481 3267 parte,
3507 3213 3586 3269 ut,
3609 3206 3654 3261 si
3678 3222 3787 3261 om-

2206 3272 2292 3327 nis
2336 3275 2576 3344 voluptas
2599 3287 2683 3333 est
2722 3279 2943 3348 bonum,
2973 3293 3028 3340 et
3049 3287 3242 3344 bonum
3288 3294 3502 3363 aliquod
3532 3301 3787 3370 voluptas.

2206 3363 2590 3422 Particularem
2634 3378 2813 3426 autem
2871 3375 3240 3434 afﬁrmativam
3294 3385 3509 3452 quidem
3561 3394 3787 3449 converti

2207 3469 2428 3513 necesse
2471 3468 2552 3515 est
2589 3465 3000 3531 particulariler.
3043 3469 3175 3526 Nam
3218 3474 3262 3528 si
3315 3477 3556 3548 voluptas
3599 3483 3786 3554 aliqua,

2206 3548 2425 3618 bonum,
2465 3561 2520 3609 et
2548 3555 2746 3610 bonum
2787 3559 3000 3631 aliquod
3025 3563 3127 3618 erit
3155 3567 3419 3638 voluptas.
3471 3548 3784 3633 Privativatn

2205 3656 2333 3698 vero
2365 3662 2470 3701 non
2497 3657 2580 3702 est
2628 3654 3013 3708 necessarium.
3046 3656 3162 3711 Non
3205 3661 3346 3716 enim
3389 3665 3432 3718 si
3484 3666 3645 3724 homo
3688 3686 3787 3726 non

2203 3734 2343 3792 inest
2373 3739 2531 3794 alicui
2554 3741 2793 3809 animali,
2821 3747 3088 3802 etanimal
3106 3765 3210 3805 non
3234 3752 3546 3813 inestalicui
3571 3759 3785 3819 homini.

2202 3828 2436 3884 Primum
2468 3846 2596 3902 ergo
2639 3833 2709 3888 sit
2740 3835 2996 3904 privativa
3027 3841 3344 3900 universalis
3369 3863 3400 3900 a
3424 3848 3451 3900 b
3475 3855 3781 3920 propositio,

2201 3919 2245 3974 si
2274 3935 2403 3990 ergo
2425 3922 2552 3977 nulli
2576 3923 2604 3976 b
2633 3925 2770 3980 inest
2798 3945 2845 3992 a,
2881 3945 3052 3999 neque
3080 3949 3112 3985 α
3141 3935 3275 3988 nulli
3300 3937 3459 3994 inerit
3501 3943 3554 3994 ὁ.
3579 3919 3711 3998 Iliam
3741 3945 3782 4000 si

2200 4013 2358 4068 alicui
2406 4015 2542 4070 inest
2592 4026 2648 4072 ut
2679 4035 2728 4086 c,
2775 4036 2879 4075 non
2915 4038 3099 4079 verum
3132 4029 3234 4082 erit
3264 4032 3466 4086 nullum
3516 4037 3544 4087 b
3590 4052 3709 4096 esse
3735 4057 3780 4094 α.

2199 4104 2330 4159 Nam
2360 4122 2385 4158 ε
2414 4122 2599 4162 eorum
2624 4125 2742 4179 quae
2766 4121 2891 4167 sunt
2917 4115 2944 4166 b
2973 4115 3190 4184 aliquod
3219 4131 3321 4175 est.
3351 4121 3408 4177 Si
3439 4140 3568 4180 vero
3589 4129 3731 4183 omni
3759 4132 3783 4182 b

2199 4197 2338 4251 inest
2362 4216 2416 4266 a,
2442 4211 2496 4256 et
2521 4200 2548 4252 ὁ
2571 4201 2730 4256 alicui
2759 4221 2791 4257 α
2820 4204 2979 4273 inest,
3006 4223 3127 4289 nam
3157 4211 3201 4265 si
3227 4213 3376 4278 nulli,
3402 4231 3578 4286 neque
3608 4235 3636 4271 o
3661 4220 3782 4276 nulli

2200 4291 2228 4344 ὁ
2253 4291 2428 4359 inerit,
2475 4294 2568 4350 sed
2601 4297 2832 4365 positum
2856 4311 2972 4356 erat
3010 4305 3152 4359 omni
3182 4305 3377 4363 inesse.
3408 4309 3669 4370 Similiter
3695 4331 3782 4370 au-

2200 4391 2307 4439 tem
2339 4395 2394 4441 et
2436 4387 2479 4441 si
2513 4390 2848 4456 particularis
2878 4402 2960 4448 est
2999 4399 3311 4465 propositio,
3362 4416 3482 4457 nam
3520 4405 3566 4458 si
3597 4407 3730 4462 inest
3754 4427 3782 4462 α

517 4474 843 4546 syllogiStica
903 4497 933 4534 a
977 4484 1396 4548 demonstrativa
1447 4507 1500 4551 et
1531 4473 1831 4572 dialectica,
1867 4506 2095 4576 diligen-
2124 4478 2176 4538 D
2201 4473 2358 4576 smmi
2409 4476 2554 4576 δ’,θι
2641 4479 3012 4576 a“°‘ll_e°“""
3061 4501 3179 4555 qum
3219 4500 3342 4544 sum
3385 4509 3417 4544 α
3457 4507 3675 4551 necesse
3704 4508 3782 4552 es‘

517 4566 620 4620 tius
641 4570 855 4636 quidem
887 4575 938 4629 in
969 4584 1314 4649 sequentibus
1357 4588 1583 4647 dicetur.
1637 4597 1717 4650 Ad
1772 4579 2088 4664 praesentem

517 4675 647 4715 vero
674 4663 972 4736 utilitatem,
1007 4675 1335 4734 sufﬁcienter
1380 4685 1533 4740 nobis
1562 4687 1915 4746 dcterminata
1958 4695 2087 4765 sint,

517 4768 634 4824 qua:
673 4773 814 4813 nunc
859 4761 997 4819 dicta
1055 4781 1196 4826 sunt.
1245 4773 1555 4832 Terminum
1607 4792 1786 4838 autent
1838 4801 1992 4856 voco,
2038 4789 2090 4845 in

512 4860 669 4916 quem
696 4853 986 4912 resolvitur
1007 4865 1321 4932 propositio,
1348 4877 1405 4922 ut
1436 4872 1798 4945 prmdicatum,
1819 4888 1873 4934 et
1894 4881 1959 4935 de
1979 4853 2092 4952 quo

512 4944 854 5015 praedicatur,
879 4951 965 5005 vel
993 4959 1258 5026 apposito,
1297 4963 1377 5017 vel
1416 4976 1662 5034 separato
1689 4986 1825 5035 csse,
1854 4974 1934 5028 vel
1985 4991 2092 5032 non

511 5049 650 5092 esse.
686 5040 1040 5115 Syllogismus
1062 5063 1144 5106 est
1175 5056 1346 5110 oratio
1390 5058 1440 5111 in
1472 5075 1594 5129 qua,
1625 5063 1941 5131 quibusdam
1998 5083 2092 5137 po.

509 5128 651 5197 sitis,
681 5133 823 5190 aliud
847 5139 1100 5206 quiddam
1141 5145 1208 5200 ab
1238 5146 1319 5201 his
1347 5165 1464 5218 qua:
1493 5128 1685 5220 posita
1728 5167 1850 5211 sunt
1881 5174 1947 5214 ex
1991 5175 2088 5216 ne-

506 5222 758 5280 cessitate
790 5230 1005 5299 accidit,
1041 5247 1111 5286 eo
1155 5238 1293 5303 quod
1323 5239 1436 5294 hrec
1457 5253 1600 5296 sunt.
1658 5245 1784 5300 Dico
1815 5257 1990 5304 autem
2022 5267 2090 5306 eo

505 5313 648 5381 quod
672 5314 786 5370 ιιωο
808 5331 951 5388 sunt,
987 5334 1209 5393 propter
1240 5328 1354 5382 haec
1391 5333 1652 5389 accidere.
1708 5336 1933 5406 Pr0ptcr
1976 5342 2090 5398 lucc

503 5419 633 5461 vero
662 5411 928 5484 accidere,
954 5425 1037 5471 est
1080 5418 1279 5474 nullius
1308 5423 1647 5481 extrinsecus
1687 5433 1900 5486 termini
1947 5434 2089 5489 indi-

501 5511 648 5567 gere,
677 5511 733 5556 ut
753 5503 844 5558 tiat
867 5510 1247 5565 necessarium.
1275 5512 1574 5571 Perfectum
1610 5534 1738 5576 vero
1770 5539 1902 5579 voco
1923 5527 2086 5597 syllo-

501 5592 756 5662 gismum,
791 5600 878 5668 qui
925 5602 1124 5658 nullius
1167 5605 1299 5661 alius
1349 5606 1568 5681 indiget,
1618 5625 1811 5683 prater
1850 5633 1910 5673 ea
1967 5637 2085 5691 qua:

500 5695 710 5756 sumpta
736 5698 879 5755 sunt,
914 5702 972 5748 ut
999 5705 1257 5765 appareat
1279 5702 1663 5758 necessarium.
1707 5707 2082 5778 Imperfectum

498 5787 657 5848 vero,
691 5783 783 5852 qui
813 5785 1015 5859 indiget
1044 5799 1137 5848 aut
1185 5792 1343 5850 unius
1374 5802 1465 5852 aut
1493 5797 1764 5863 olurium.
1813 5819 1928 5864 oua:
1959 5821 2056 5865 sun

2201 4565 2413 4632 inesse;
2441 4569 2488 4623 si
2518 4571 2658 4625 enim
2687 4573 2838 4641 nulli,
2865 4590 2964 4629 nec
2989 4592 3020 4629 o
3048 4579 3177 4632 nulli
3204 4582 3362 4636 inerit
3388 4584 3434 4636 ὁ.
3472 4585 3526 4639 Si
3549 4596 3722 4642 autem
3752 4606 3782 4643 ιι

2202 4657 2360 4713 alicui
2387 4674 2573 4714 eorum
2595 4676 2714 4731 qua:
2743 4672 2866 4718 sunt
2892 4665 2919 4718 Ι)
2950 4681 3055 4722 non
3107 4668 3269 4736 inest,
3315 4688 3419 4728 non
3451 4667 3680 4736 necesse
3703 4692 3780 4736 est

2202 4757 2254 4805 et
2278 4749 2305 4800 b
2338 4749 2492 4804 alicui
2523 4768 2553 4804 a
2589 4768 2694 4808 non
2721 4755 2920 4824 inesse,
2955 4760 3074 4813 utsi
3109 4761 3135 4813 b
3158 4763 3374 4831 quidem
3406 4767 3475 4822 sit
3504 4770 3720 4838 animal,
3747 4791 3778 4827 α

2203 4858 2328 4897 vero
2374 4845 2553 4912 homo,
2597 4849 2759 4905 homo
2805 4853 2945 4908 enim
2990 4871 3096 4913 non
3127 4862 3275 4917 omni
3307 4865 3543 4936 animali,
3592 4869 3780 4927 animal

2204 4947 2330 4988 vero
2351 4935 2495 4990 omni
2529 4936 2729 4995 homini
2756 4941 2913 4998 inest.

2814 5053 3038 5112 CAPUT
3077 5058 3162 5116 III.

2403 5137 2480 5194 De
2509 5145 2829 5198 conversione
2851 5151 3265 5217 prapositiouum
3287 5156 3351 5210 de
3377 5161 3528 5215 modo

2271 5253 2472 5309 Eodem
2504 5265 2680 5312 autem
2711 5260 2870 5317 modo
2896 5276 2956 5318 se
2986 5264 3204 5323 habebit
3233 5271 3283 5325 in
3307 5278 3631 5332 necessariis
3660 5295 3772 5350 pro,

2198 5333 2566 5414 positionibus,
2616 5363 2737 5404 nam
2777 5353 3097 5413 universalis
3127 5361 3341 5430 quidem
3374 5367 3632 5435 privativa
3667 5373 3776 5425 nni-

2194 5439 2469 5495 versaliter
2499 5445 2847 5502 convertitur.
2879 5447 3333 5512 Aftirmativarum
3356 5468 3536 5516 autem
3559 5474 3777 5533 utraque

2189 5533 2597 5601 particulariter.
2639 5537 2770 5592 Nam
2824 5541 2865 5594 si
2918 5557 3140 5601 necesse
3189 5559 3268 5603 est
3296 5568 3326 5603 a
3358 5555 3492 5609 nulli
3521 5555 3548 5608 b
3585 5558 3774 5621 inesse,

2189 5639 2406 5680 necesse
2446 5635 2528 5681 cst
2567 5638 2620 5682 et
2659 5630 2686 5682 ὁ
2717 5631 2846 5684 nulli
2879 5651 2910 5685 a
2940 5634 3154 5702 inesse;
3190 5642 3237 5694 si
3284 5644 3425 5699 enim
3457 5647 3620 5704 alicui
3651 5667 3772 5704 ςυη-

2189 5719 2362 5790 tingit,
2391 5730 2446 5776 et
2471 5738 2500 5774 a
2522 5722 2678 5778 alicui
2701 5726 2729 5778 b
2757 5729 3052 5799 continget.
3078 5733 3134 5788 Si
3160 5744 3338 5791 autem
3361 5754 3427 5794 ex
3463 5747 3776 5800 necessitate

2188 5828 2219 5866 α
2244 5813 2390 5868 omni
2441 5813 2524 5870 vel
2573 5815 2728 5874 alicui
2762 5819 2790 5873 ό
2823 5819 2982 5882 inest.
3030 5835 3080 5880 ct
3112 5826 3139 5879 ὁ
3167 5827 3324 5888 alicui
3370 5851 3401 5887 η
3425 5850 3648 5898 necesse
3696 5848 3775 5897 est
