4090 6342
315 399 419 460 651

957 398 1271 458 PRIORUM
1310 394 1857 457 ANALYTICORUM
1896 394 2347 461 ARISTOTELIS
2384 398 2961 462 INTERPRETATIO.

3492 406 3599 468 642

314 515 519 582 ioesse,
536 510 721 570 namsi
736 490 927 569 nones
942 512 1670 583 necessitateinest,nequea
1686 510 1844 567 alicui
1870 509 1899 565 ὁ
1928 498 2338 581 Aconsequens
2386 522 2489 580 est,
2539 516 2771 572 medium
2821 532 2952 574 vero
2990 517 3124 575 nulli
3160 527 3453 590 postremo,
3484 539 3596 581 non

314 624 384 667 ex
413 608 733 665 necessitate
761 608 939 665 inerit.
967 610 1310 667 Particularis
1342 624 1474 667 vero
1506 609 1763 680 privativa
1797 622 1905 664 non

314 702 667 769 convertitur,
692 712 909 773 propter
929 680 1173 759 eamdem
1188 716 1426 768 causam,
1450 711 1665 773 propter
1680 716 1838 773 quam
1852 709 1906 758 et

315 810 478 867 supra
499 795 751 851 diximus.
770 793 827 850 In
847 794 1277 866 contingentibus
1295 810 1444 863 vero,
1461 795 1713 866 quoniam
1727 792 1906 853 multi-

315 891 529 962 pliciter
562 890 762 946 dicitur
806 890 1141 962 contingere,
1176 906 1300 947 nam
1345 899 1401 947 et
1426 890 1807 956 necessarium,
1850 898 1906 945 et
1955 906 1961 911 '

314 999 424 1039 non
451 973 843 1052 necessarium,
884 992 938 1039 et
985 983 1244 1055 possibile
1290 983 1604 1053 contingere
1642 981 1901 1049 dicimus;

314 1077 368 1132 in
397 1073 733 1131 altirmativis
751 1074 991 1146 quidem,
1013 1076 1261 1132 similiter
1284 1088 1344 1133 se
1367 1075 1585 1133 habebit
1600 1066 1898 1131 secundum

314 1169 719 1225 conversionem
745 1168 798 1223 in
827 1169 1095 1224 omnibus.
1111 1168 1245 1225 Nam
1266 1168 1313 1225 si
1339 1186 1373 1225 α
1391 1168 1537 1226 omni
1559 1175 1654 1224 aut
1681 1166 1842 1225 alicui
1872 1167 1903 1222 b

314 1254 594 1331 contingit,
627 1270 677 1316 et
702 1260 730 1313 b
759 1260 920 1316 alicui
948 1277 980 1314 a
1003 1260 1284 1331 contingit,
1316 1261 1363 1317 si
1391 1260 1534 1318 enim
1563 1260 1720 1327 nulli,
1752 1274 1906 1317 neca

315 1352 449 1407 nulli
480 1352 531 1421 ὸ,
561 1361 833 1408 ostensum
860 1361 944 1409 est
981 1357 1123 1409 enim
1174 1352 1277 1409 huc
1320 1354 1488 1423 prius.
1539 1354 1598 1409 ln
1643 1354 1904 1424 negativis

314 1460 444 1500 vero
492 1461 594 1501 non
637 1444 903 1511 similiter,
953 1445 1047 1500 sed
1075 1460 1407 1517 quaecunque
1432 1444 1648 1515 quidem
1687 1447 1901 1502 contin-

313 1552 443 1607 gere
472 1537 739 1605 dicuntur,
766 1552 833 1593 ex
860 1551 927 1593 eo
946 1538 1087 1607 quod
1118 1553 1183 1593 ex
1208 1536 1531 1594 necessitate
1554 1552 1661 1593 non
1694 1536 1897 1604 insunt,

313 1634 399 1688 vel
446 1634 499 1694 in
528 1647 594 1689 eo
623 1631 763 1703 quod
794 1647 898 1687 non
930 1647 993 1687 ex
1037 1631 1356 1688 necessitate
1401 1633 1584 1687 insunt
1630 1631 1899 1687 similiter.

316 1725 389 1781 Ut
418 1726 464 1780 si
486 1726 604 1796 quis
620 1724 762 1779 dicat
785 1723 1056 1781 hominem
1079 1724 1393 1796 contingere
1411 1738 1517 1780 non
1539 1737 1661 1780 esse
1680 1738 1898 1794 equum,

313 1826 407 1872 aut
433 1816 615 1873 album
645 1816 776 1871 nulli
803 1815 994 1872 tunicae
1026 1817 1220 1873 inesse.
1253 1817 1452 1873 Horum
1484 1817 1629 1873 enim
1654 1816 1756 1873 hoc
1781 1817 1901 1889 qui-

2009 606 2111 661 erit
2136 608 2480 679 syllogismus
2509 613 2924 670 extremitatum.
2974 613 3119 670 Nihil
3158 615 3299 670 enim
3348 630 3597 675 necessa-

2009 699 2145 755 rium
2170 702 2386 771 accidit,
2414 719 2481 762 eo
2504 707 2645 777 quod
2677 708 2791 765 haec
2815 717 2961 779 sunt,
2983 726 3105 766 nam
3134 719 3190 766 et
3210 711 3356 766 omni
3389 721 3440 768 et
3461 713 3597 769 nulli

2006 794 2263 866 contingit
2288 797 2518 866 primum
2546 811 2818 869 posuemo
2847 803 3050 872 inesse,
3075 819 3244 876 quare
3266 820 3439 877 neque
3470 823 3597 878 pare

2009 883 2256 955 ticulare,
2290 904 2463 961 neque
2487 891 2787 951 universale
2819 895 2879 951 ﬁt
2907 899 3294 955 necessarium.
3321 898 3455 955 Cum
3493 915 3593 955 au-

2009 985 2112 1032 tem
2144 979 2275 1035 nihil
2306 993 2387 1038 est
2416 986 2800 1055 necessarium,
2822 1004 2918 1059 per
2943 988 3058 1045 hzec
3084 1006 3191 1046 non
3222 993 3323 1047 erit
3342 993 3595 1063 syllogis-

2007 1084 2147 1126 mus.
2199 1071 2437 1130 Termini
2470 1091 2599 1133 vero
2626 1078 2746 1149 ejus
2770 1082 2913 1151 quod
2958 1091 3041 1139 est
3067 1085 3210 1139 omni
3249 1085 3447 1152 inesse,
3481 1088 3595 1142 aui-

2007 1161 2137 1231 mal,
2160 1163 2343 1233 homo,
2373 1183 2542 1239 equus
2566 1185 2581 1236 ;
2610 1171 2729 1241 ejus
2756 1187 2882 1229 vero
2912 1175 3052 1246 quod
3082 1185 3165 1233 est
3189 1178 3340 1247 nulli,
3369 1178 3592 1246 animal,

2009 1252 2190 1323 homo,
2226 1256 2383 1327 lapis.
2433 1262 2656 1329 Quando
2700 1280 2831 1321 vero
2868 1281 2969 1323 nec
2991 1268 3222 1338 primum
3264 1270 3462 1339 medio,
3497 1286 3596 1327 nec

2006 1346 2244 1403 medium
2269 1359 2546 1420 postremo
2568 1356 2661 1410 ulli
2686 1357 2839 1423 inest,
2867 1374 2968 1415 nec
2989 1360 3068 1416 sic
3094 1362 3200 1417 erit
3228 1347 3594 1433 syllogismus.

2008 1437 2247 1495 Termini
2297 1458 2427 1501 vero
2476 1456 2532 1501 ut
2578 1448 2780 1517 inesse,
2807 1451 3054 1518 scientia,
3085 1452 3246 1523 linea,
3297 1455 3597 1523 medicina;

2006 1542 2067 1589 ut
2093 1549 2200 1590 non
2226 1537 2424 1605 inesse,
2467 1540 2713 1611 scientia,
2766 1542 2931 1614 linea,
2966 1544 3163 1601 unitas.
3200 1546 3599 1604 Universalibus

2006 1628 2167 1700 igitur
2195 1632 2549 1689 existentibus
2581 1634 2844 1703 terminis,
2887 1638 3226 1696 manifestum
3266 1650 3349 1696 est
3394 1642 3446 1696 in
3498 1642 3598 1697 hac

2007 1721 2176 1790 ﬁgura
2199 1723 2412 1792 quando
2440 1726 2564 1792 erit,
2596 1722 2650 1783 et
2690 1728 2903 1798 quando
2935 1744 3043 1789 non
3093 1732 3197 1788 erit
3226 1733 3590 1806 syIIOgismus,

2006 1820 2063 1868 et
2114 1816 2365 1884 quoniam
2418 1833 2541 1873 cum
2588 1828 2671 1874 est
2709 1821 3073 1892 syllogismus,
3126 1827 3487 1881 necessarium
3518 1836 3600 1883 est

314 1909 440 1965 dent
465 1923 532 1965 ex
555 1909 874 1965 necessitate
898 1909 1060 1975 inest,
1093 1908 1224 1964 illud
1266 1924 1398 1965 vero
1427 1925 1537 1966 non
1564 1925 1629 1966 ex
1660 1912 1900 1968 necessi-
1936 1893 1987 1955 Β
2015 1907 2272 1963 terminos
2302 1909 2380 1964 sic
2406 1924 2466 1965 $0
2496 1910 2717 1979 habere,
2746 1921 2803 1967 ιιι
2827 1912 3081 1981 (ΙίΧίιηυεν
3107 1924 3163 1972 ει
3190 1917 3269 1972 Sic
3306 1930 3365 1973 εδ
3390 1918 3598 1974 habens

314 2013 426 2059 tate
447 2004 607 2072 inest,
636 2010 691 2060 et
714 2003 958 2059 similiter
983 2005 1313 2060 convertitur
1340 2004 1660 2075 propositio.
1694 2004 1826 2061 Nam
1857 2004 1906 2061 si

313 2095 576 2165 contingit
630 2095 758 2150 nulli
808 2094 1015 2151 homini
1042 2110 1236 2165 equum
1286 2097 1483 2175 inesse,
1531 2106 1587 2153 et
1630 2085 1907 2155 hominem

313 2189 574 2260 contingit
617 2189 749 2245 nulli
791 2202 929 2260 equo
974 2191 1175 2259 inesse,
1221 2199 1277 2247 et
1315 2192 1362 2247 si
1409 2191 1588 2249 album
1643 2193 1909 2265 contingit

314 2282 452 2338 nulli
483 2281 697 2349 tunicae,
746 2292 799 2338 et
842 2282 1021 2338 tunica
1048 2282 1311 2353 contingit
1356 2284 1487 2339 nulli
1515 2284 1659 2353 albo,
1689 2286 1736 2341 si
1756 2286 1907 2342 enim

316 2377 476 2432 alicui
503 2377 827 2442 necessario,
851 2385 907 2432 et
931 2377 1107 2432 album
1132 2378 1324 2433 tunicae
1345 2377 1506 2434 alicui
1533 2379 1694 2435 inerit
1720 2392 1788 2435 ex
1812 2395 1911 2437 ne-

313 2469 590 2533 cessitate,
640 2468 742 2523 hoc
788 2469 930 2523 enim
958 2478 1235 2525 ostensum
1281 2477 1365 2525 est
1411 2469 1584 2539 prius.
1639 2468 1912 2528 Similiter

315 2568 499 2616 autem
528 2569 583 2619 et
612 2560 666 2617 in
694 2561 998 2631 particulari
1030 2563 1293 2631 negativa.
1328 2562 1671 2635 Quaecunque
1695 2579 1824 2620 vero
1851 2575 1915 2621 ut
1941 2555 1951 2566 ’

313 2655 370 2709 in
402 2653 663 2724 pluribus,
690 2663 744 2708 et
768 2654 821 2708 in
852 2669 917 2710 eo
942 2654 1084 2725 quod
1113 2664 1235 2711 nata
1267 2662 1390 2710 sunt
1414 2655 1664 2712 dicuntur
1693 2657 1918 2713 contin—

314 2761 446 2816 gere
489 2746 781 2802 secundum
808 2762 966 2816 quem
994 2749 1214 2802 modum
1244 2748 1669 2807 determinamus
1691 2732 1910 2807 contin-

314 2822 472 2909 gens,
523 2853 631 2893 non
677 2837 926 2895 similiter
950 2853 1009 2896 se
1039 2839 1255 2896 habebit
1291 2842 1349 2895 in
1377 2843 1651 2911 privativis
1675 2857 1912 2899 conver-

313 2927 576 2984 sionibus.
606 2927 711 2983 Sed
738 2938 793 2985 et
812 2928 1131 2987 universalis
1154 2929 1367 3003 quidem
1401 2934 1664 3003 privativa
1714 2949 1913 3005 propov

314 3018 446 3075 sitio
476 3034 579 3082 non
607 3021 963 3091 convertitur,
1012 3024 1348 3093 particularis
1380 3040 1509 3081 vero
1549 3027 1908 3084 convertitur.

316 3110 435 3167 Hoc
462 3122 639 3167 autem
681 3115 783 3168 erit
831 3114 1172 3171 manifestum
1217 3117 1430 3186 quando
1474 3117 1545 3173 de
1573 3118 1911 3189 contingenti

315 3202 582 3261 dicemus.
612 3203 763 3260 Nunc
790 3215 969 3262 autem
1000 3207 1155 3264 nobis
1197 3217 1403 3265 tantum
1434 3210 1653 3266 sitcum
1685 3210 1753 3266 iis
1784 3226 1907 3281 quas

2012 1998 2352 2067 manifestum
2400 2002 2647 2073 quoniam
2694 2004 3180 2076 eritsyllogismus.
3213 2008 3269 2064 Si
3303 2020 3483 2066 autem
3510 2010 3599 2066 hic

2012 2091 2228 2161 quidem
2256 2096 2607 2153 terminorum
2653 2098 3045 2166 universaliter,
3087 2101 3225 2157 alius
3254 2118 3384 2159 vero
3434 2106 3601 2173 parti-

2014 2184 2271 2244 culariter
2294 2188 2361 2243 ad
2390 2188 2572 2257 alium,
2596 2191 2809 2261 quando
2825 2191 3127 2249 universale
3146 2193 3360 2264 quidem
3384 2197 3601 2267 ponitur

2012 2275 2081 2331 ad
2113 2277 2367 2351 majorem
2394 2282 2783 2339 extremitatem
2810 2284 2888 2340 vel
2915 2283 3340 2355 praedicativum,
3374 2286 3458 2342 vel
3493 2287 3599 2356 pri-

2013 2369 2271 2437 vativum,
2301 2372 2621 2441 particulare
2641 2390 2769 2431 vero
2788 2375 2856 2431 ad
2880 2376 3141 2435 minorem
3166 2378 3599 2449 praedicativum,

2018 2477 2245 2535 necesse
2288 2476 2370 2521 εει
2410 2467 2778 2538 syllogismum
2838 2484 2958 2527 esse
3009 2469 3328 2541 perfectum.
3377 2472 3603 2540 Quando

2018 2568 2147 2609 vero
2168 2555 2235 2610 ad
2256 2556 2518 2613 minorem
2542 2560 2626 2613 vel
2646 2558 2884 2628 quolibet
2914 2560 3075 2617 modo
3098 2562 3254 2618 aliter
3290 2571 3348 2619 se
3374 2563 3604 2621 habeant

2018 2648 2256 2715 termini,
2295 2650 2627 2728 impossibile
2655 2665 2754 2709 εει.
2788 2652 2917 2709 Dico
2943 2663 3122 2709 autem
3144 2655 3402 2725 majorem
3426 2666 3604 2713 extre-

2016 2738 2255 2795 mitatem
2287 2740 2500 2810 quidem
2534 2742 2587 2797 in
2619 2758 2722 2812 qua
2753 2744 2985 2799 medium
3016 2754 3121 2812 est,
3155 2746 3417 2802 minorem
3453 2762 3603 2816 vero,

2016 2847 2136 2902 qua:
2160 2832 2261 2888 sub
2289 2834 2465 2891 medio
2509 2844 2611 2891 est.
2644 2834 2773 2890 lusit
2820 2837 2961 2892 enim
2992 2854 3023 2890 a
3052 2837 3266 2908 quidem
3299 2839 3445 2893 omni
3489 2841 3539 2906 ὁ,
3572 2839 3602 2893 b
3696 2838 3704 2843 ’

2016 2935 2197 2982 autem
2243 2926 2399 2983 alicui
2426 2945 2473 2995 ε,
2522 2943 2651 3000 ergo
2676 2930 2721 2983 si
2746 2938 2829 2987 est
2857 2930 2926 2985 de
2951 2930 3096 2986 omni
3128 2930 3428 3002 praedicari,
3460 2933 3605 3002 q’uod

2016 3018 2071 3075 in
2104 3020 2364 3093 principio
2394 3021 2594 3078 dictum
2624 3031 2727 3091 est,
2760 3037 2981 3080 necesse
2999 3033 3091 3081 'est
3114 3040 3146 3079 α
3176 3024 3333 3079 alicui
3356 3041 3383 3079 ε
3405 3025 3604 3081 inesse.

2017 3112 2088 3166 Et
2113 3112 2159 3168 si
2185 3130 2219 3167 a
2244 3112 2458 3184 quidem
2492 3115 2623 3170 nulli
2653 3115 2682 3168 ὁ
2728 3114 2891 3180 inest,
2922 3116 2951 3169 ὁ
2971 3130 3098 3171 vero
3127 3116 3286 3171 alicui
3316 3132 3363 3183 ε,
3391 3131 3610 3178 necesse

2018 3212 2101 3260 est
2128 3221 2161 3258 a
2190 3204 2350 3261 alicui
2370 3222 2396 3259 c
2427 3222 2533 3262 non
2581 3207 2781 3276 inesse,
2812 3207 3227 3264 determinatum
3274 3219 3360 3266 est
3385 3210 3530 3265 enim
3556 3216 3610 3268 et

316 3298 457 3357 dicta
501 3311 649 3368 sunt,
702 3305 1064 3371 manifestum,
1122 3308 1375 3377 quoniam
1421 3309 1733 3381 contingere
1776 3307 1910 3366 nulli

2018 3295 2089 3353 de
2115 3297 2282 3365 nullo,
2314 3298 2583 3369 quomodo
2632 3272 2883 3366 dicimus,
2914 3316 3081 3372 quare
3133 3300 3240 3357 erit
3268 3301 3610 3373 syllogismus

317 3402 410 3449 aut
455 3394 615 3450 alicui
672 3411 778 3452 non
828 3397 1008 3453 inesse
1048 3398 1422 3455 aiﬁrmativam
1471 3400 1634 3457 habet
1660 3402 1915 3474 ﬁguram,

318 3500 443 3542 nam
476 3498 531 3545 et
565 3490 829 3560 contingit
854 3490 954 3560 ipsi
982 3500 1064 3547 est
1084 3476 1331 3547 similiter
1357 3492 1653 3565 ordinatur.
1696 3494 1791 3549 Est
1817 3512 1916 3551 au-

319 3589 452 3647 tem,
484 3581 887 3653 quibuscunque
917 3581 1168 3652 adjacens
1214 3583 1555 3654 prredieatur,
1593 3585 1913 3641 afﬁrmatio-

316 3685 443 3727 nem
472 3686 685 3742 semper
714 3672 858 3741 facit,
881 3683 936 3729 et
960 3676 1200 3739 omnino,
1225 3683 1283 3729 ut
1306 3684 1420 3730 :est
1446 3690 1554 3731 non
1579 3676 1799 3741 bonum,
1823 3678 1915 3734 vel

319 3772 403 3819 est
431 3778 538 3819 non
582 3764 783 3832 album,
816 3765 902 3821 vel
931 3765 1266 3837 simpliciter,
1302 3777 1384 3823 est
1412 3782 1520 3823 non
1552 3764 1675 3823 hoc.
1720 3767 1918 3826 Osten-

317 3855 476 3913 detur
515 3866 695 3914 autem
736 3868 793 3915 et
836 3857 939 3915 hoc
985 3875 1081 3930 per
1109 3859 1412 3933 sequentia,
1444 3862 1738 3919 secundum
1785 3877 1918 3920 con—

321 3950 603 4010 versiones
637 3962 814 4010 autem
840 3953 1091 4010 similiter
1118 3969 1177 4012 se
1202 3955 1475 4013 habebunt
1500 3957 1557 4013 in
1587 3957 1729 4015 aliis.

944 4067 1172 4125 CAPUT
1212 4069 1307 4129 IV.

324 4153 409 4213 De
436 4159 597 4214 modis
649 4160 975 4232 syllogisticis
1015 4171 1069 4303 te;Y
1092 4163 1406 4235 asylioyislis
1452 4164 1698 4221 absolutis
1732 4169 1914 4237 prima

1072 4250 1236 4303 gurte.

1072 4250 1236 4303 gum.

398 4343 493 4400 llis
535 4355 664 4400 vero
708 4344 1081 4402 determinatis
1110 4346 1351 4403 dicemus
1390 4349 1506 4419 jam
1555 4363 1650 4418 per
1696 4365 1818 4420 quae
1855 4361 1917 4407 et

321 4435 537 4507 quando
585 4447 641 4493 et
681 4438 951 4509 quomodo
1003 4438 1064 4495 ﬁt
1095 4441 1270 4496 omnis
1308 4440 1669 4512 syllogismus,
1725 4452 1914 4513 postea

320 4542 458 4582 vero
501 4526 783 4585 dicendum
824 4529 894 4585 de
932 4529 1412 4589 demonstratione.
1448 4533 1602 4589 Prius
1640 4535 1785 4590 enim
1842 4537 1913 4593 de

320 4618 632 4691 syllogismo
661 4622 946 4678 dicendum
992 4639 1152 4695 quam
1199 4624 1267 4692 de
1307 4624 1787 4694 demonstratione,
1846 4645 1913 4686 eo

320 4715 467 4784 quod
490 4715 842 4773 universalior
869 4727 953 4774 est
979 4720 1344 4792 syllogismus,
1374 4736 1498 4778 nam
1520 4722 1912 4783 demonstratio

319 4807 536 4879 quidem
583 4810 929 4883 syllogismus
979 4814 1197 4883 quidam
1239 4823 1350 4882 est;
1384 4817 1728 4888 syllogismus
1781 4835 1913 4876 vero

317 4914 431 4954 non
456 4901 633 4955 omnis
660 4901 1067 4960 demonstratio.
1100 4906 1325 4973 Quando
1354 4907 1514 4979 igitur
1550 4919 1662 4967 tres
1692 4912 1915 4969 termini

316 4989 401 5047 sic
419 5006 480 5048 se
502 4992 699 5049 habent
741 4996 807 5051 ad
842 4996 1090 5064 invicem,
1114 5007 1174 5055 ut
1192 5008 1248 5057 et
1267 5010 1572 5071 postremus
1617 5006 1686 5061 sit
1715 5007 1769 5063 in
1798 5016 1912 5064 toto

316 5084 520 5152 medio,
542 5095 597 5142 et
614 5086 823 5144 medius
845 5090 897 5145 in
917 5098 1028 5146 toto
1050 5094 1221 5162 primo
1238 5094 1529 5160 velsit,vel
1552 5112 1657 5153 non
1689 5099 1784 5167 sit,
1816 5116 1915 5158 ne-

314 5194 473 5235 cesse
494 5190 578 5237 eSt
602 5184 998 5240 extremitatum
1022 5186 1315 5256 perlectum
1335 5203 1458 5245 esse
1505 5190 1910 5262 syllogismum.

314 5272 467 5330 Yoco
497 5284 675 5332 autem
705 5277 942 5335 medium
969 5281 1111 5350 quod
1137 5290 1191 5338 et
1220 5282 1397 5354 ipsum
1428 5284 1481 5339 in
1513 5286 1640 5351 alio,
1670 5293 1730 5341 et
1757 5287 1908 5344 aliud

312 5365 373 5421 in
400 5367 519 5437 ipso
547 5377 652 5438 est,
680 5371 823 5441 quod
854 5372 924 5428 ‘et
953 5374 1222 5443 positione
1250 5376 1488 5433 medium
1514 5386 1625 5444 est;
1656 5388 1906 5435 extrema

311 5471 453 5515 vero
494 5461 637 5529 quod
682 5471 737 5517 et
774 5463 949 5533 ipsum
995 5466 1047 5522 in
1098 5468 1225 5537 alio,
1258 5476 1315 5523 et
1365 5469 1555 5542 inquo
1600 5470 1745 5527 aliud
1795 5480 1904 5527 est.

312 5551 375 5608 Si
418 5553 562 5609 enim
595 5571 628 5608 a
674 5556 743 5611 de
790 5559 937 5614 omni
991 5560 1042 5629 b,
1086 5569 1142 5617 et
1191 5563 1220 5616 ὁ
1265 5561 1333 5619 de
1380 5565 1542 5619 omni.
1582 5581 1628 5629 τ,
1684 5578 1908 5626 necesse

309 5653 400 5699 est
458 5663 491 5701 ιι
538 5647 605 5703 de
654 5651 801 5705 omni
862 5668 890 5705 c
941 5652 1242 5722 przedicari.
1301 5655 1456 5712 Prius
1511 5658 1652 5713 enim
1702 5657 1907 5714 dictum

309 5744 399 5792 est
452 5743 722 5811 quomodo
782 5744 849 5801 de
910 5748 1054 5803 omni
1108 5748 1355 5805 dicimus.
1420 5752 1679 5809 Similiter
1726 5761 1909 5810 autem

308 5838 371 5887 et
396 5832 443 5886 si
472 5848 505 5886 a
545 5832 612 5889 de
640 5837 785 5892 nullo
807 5837 856 5905 ὁ,
895 5840 922 5893 b
949 5850 1125 5898 autem
1168 5842 1238 5898 de
1289 5844 1434 5900 omni
1475 5862 1525 5912 c,
1576 5847 1826 5917 quoniam
1876 5863 1911 5899 α

312 5923 445 5981 nulli
475 5926 700 5985 cinerit.
751 5928 809 5988 Si
834 5942 1011 5991 autem
1045 5936 1273 6003 primum
1304 5937 1520 6007 quidem
1549 5940 1694 5995 omni
1728 5940 1908 5995 medio

1939 4670 1995 4731 D

2021 3389 2309 3460 perlectus.
2383 3392 2640 3449 Similiter
2720 3401 2901 3449 autem
2947 3402 3001 3451 et
3062 3395 3109 3450 si
3155 3393 3491 3451 indeﬁnitum
3539 3395 3610 3454 sit

2021 3482 2051 3537 ὸ
2095 3500 2122 3537 c
2163 3485 2582 3555 praedicativum,
2630 3500 2755 3542 nam
2793 3486 2933 3541 idem
2983 3485 3087 3542 erit
3130 3487 3475 3557 syllogismus
3526 3488 3610 3544 in-

2020 3576 2244 3635 deﬁnito
2283 3589 2338 3635 et
2380 3579 2685 3651 particulari
2717 3588 2950 3650 sumpto.
2972 3582 3028 3636 Si
3049 3588 3229 3636 autem
3250 3581 3319 3637 ad
3342 3582 3605 3639 minorem

2021 3669 2419 3725 extremitatem
2466 3670 2771 3727 universale
2803 3680 3031 3740 ponatur
3072 3674 3155 3728 vel
3186 3672 3608 3741 praedicatirum,

2020 3763 2108 3818 vel
2160 3763 2504 3834 privativum,
2535 3777 2642 3820 non
2684 3763 2789 3820 erit
2813 3762 3157 3835 syllogismus
3182 3779 3356 3835 neque
3382 3780 3502 3822 cum
3530 3764 3601 3820 alo

2021 3858 2309 3925 ﬁrmativa,
2356 3872 2529 3931 neque
2583 3858 2850 3929 negativa,
2903 3872 3077 3929 neque
3107 3857 3403 3927 indeﬁnita,
3437 3873 3609 3930 neque

2019 3960 2358 4034 particularis
2388 3961 2479 4029 sit,
2504 3959 2624 4016 utsi
2648 3976 2681 4014 a
2712 3959 2926 4030 quidem
2953 3959 3111 4015 alicui
3134 3959 3164 4013 ὁ
3187 3959 3349 4027 inest,
3381 3959 3467 4015 vel
3500 3974 3607 4015 non

2022 4054 2184 4126 inest,
2216 4056 2246 4109 b
2275 4064 2451 4111 autem
2480 4055 2625 4111 omni
2665 4071 2693 4109 c
2727 4054 2885 4111 inest.
2917 4052 3157 4109 Termini
3188 4062 3247 4108 ut
3278 4056 3473 4119 inesse,
3514 4054 3606 4110 lio-

2021 4166 2173 4215 num,
2207 4150 2445 4217 habitus,
2501 4148 2819 4219 prudentia;
2866 4146 2955 4203 ubi
3006 4163 3111 4203 non
3156 4146 3357 4213 inesse,
3385 4146 3607 4217 bonum,

2020 4243 2256 4311 habitus,
2297 4243 2657 4312 indisciplina.
2688 4243 2925 4298 Rursum
2963 4240 3009 4297 si
3040 4241 3069 4293 b
3095 4240 3312 4311 quidem
3344 4240 3475 4297 nulli
3502 4258 3552 4309 c,
3578 4258 3606 4298 ι

2022 4352 2151 4395 vero
2173 4337 2329 4392 alicui
2361 4337 2390 4391 b
2412 4338 2571 4404 inest,
2600 4336 2686 4393 vel
2715 4351 2821 4391 non
2851 4336 3010 4404 inest,
3037 4335 3123 4390 vel
3144 4336 3417 4392 nonomni
3445 4337 3607 4405 inest,

2021 4448 2124 4488 nec
2148 4432 2226 4488 sic
2245 4432 2724 4503 eritsyllogismus.
2743 4428 2984 4486 Termini
3008 4430 3152 4485 omni
3176 4429 3378 4499 inesse,
3402 4430 3607 4498 album,

2023 4538 2214 4594 equus,
2240 4538 2477 4597 cygnus;
2508 4523 2640 4578 nulli
2670 4522 2871 4589 inesse,
2896 4521 3097 4589 album,
3141 4536 3331 4593 equus,
3386 4537 3606 4579 corvus.

2022 4629 2167 4686 Idem
2194 4638 2372 4687 autem
2402 4638 2454 4685 et
2483 4628 2527 4683 si
2554 4645 2585 4681 a
2615 4628 2644 4682 b
2674 4626 3005 4683 indeﬁnitum
3048 4626 3138 4682 sit.
3164 4626 3275 4683 Nec
3303 4627 3514 4696 quando
3542 4628 3609 4685 ad

2022 4722 2282 4793 majorem
2331 4722 2724 4778 extremitatem
2765 4718 2982 4790 quidem
3036 4718 3335 4775 universale
3383 4728 3609 4790 ponatur

2022 4818 2106 4873 vel
2135 4814 2555 4886 praedicativum,
2588 4812 2673 4868 vel
2704 4812 3045 4884 privativum,
3077 4812 3143 4868 ad
3186 4812 3447 4869 minorem
3475 4826 3607 4868 vero

2022 4908 2342 4979 particulare
2386 4908 2724 4976 privativum,
2756 4921 2859 4963 non
2882 4908 2985 4963 erit
3010 4907 3360 4979 syllogismus
3389 4906 3473 4962 vel
3523 4906 3609 4961 iu-

2021 5002 2264 5070 delinito,
2316 5003 2399 5058 vel
2432 5003 2740 5073 particulari
2772 5010 3010 5074 sumpto.
3043 5001 3203 5058 Velut
3235 5002 3282 5057 si
3330 5018 3362 5055 α
3386 5001 3608 5072 quidem
3660 5054 3667 5059 .

2022 5096 2166 5153 omni
2200 5096 2227 5150 b
2272 5095 2430 5163 inest,
2461 5096 2489 5147 b
2517 5103 2692 5150 autem
2735 5094 2890 5150 alicui
2941 5110 2970 5147 ο
3006 5108 3114 5149 non
3164 5094 3323 5159 inest,
3376 5092 3459 5147 vel
3497 5106 3608 5149 non

2021 5189 2166 5245 omni
2192 5188 2350 5243 inest.
2380 5188 2478 5243 Cui
2508 5188 2653 5243 enim
2702 5187 2865 5249 alicui
2894 5202 3001 5243 non
3032 5189 3175 5243 inest
3224 5184 3480 5249 medium,
3505 5185 3609 5241 hoc

2019 5296 2181 5338 omne
2227 5292 2281 5336 et
2325 5281 2528 5336 nullum
2570 5290 2829 5352 sequatur
2857 5280 3109 5350 primum.
3161 5278 3433 5333 Ponantnr
3457 5278 3608 5333 enim

2019 5373 2258 5439 termini,
2291 5372 2509 5440 animal,
2558 5371 2741 5438 homo,
2782 5372 2987 5439 album,
3018 5369 3213 5427 deinde
3242 5380 3298 5426 et
3321 5369 3389 5425 de
3414 5369 3608 5440 quibus

2018 5466 2157 5524 albis
2178 5480 2284 5521 non
2316 5466 2637 5536 praedicatur
2659 5466 2844 5531 homo,
2875 5471 3157 5521 sumantur
3176 5475 3379 5533 cygnus
3400 5471 3455 5518 et
3482 5462 3604 5526 nix;

2016 5576 2145 5632 ergo
2164 5560 2361 5615 animal
2379 5559 2447 5616 de
2463 5575 2566 5615 uno
2582 5557 2797 5631 quidem
2820 5556 2967 5613 omni
2989 5553 3335 5625 praedicatur,
3356 5552 3424 5609 de
3435 5553 3605 5609 altero

2016 5670 2145 5711 vero
2173 5654 2340 5721 nullo,
2384 5666 2547 5724 quare
2595 5666 2701 5707 non
2750 5651 2853 5705 erit
2901 5647 3264 5719 syllogismus.
3297 5645 3531 5702 Rursum
3573 5659 3606 5696 a

2016 5753 2232 5824 quidem
2264 5752 2397 5808 nulli
2428 5753 2455 5805 ὸ
2488 5751 2633 5813 insit,
2660 5749 2689 5801 ὁ
2718 5757 2898 5802 autent
2930 5744 3088 5799 alicui
3133 5759 3161 5797 ε
3210 5758 3317 5798 non
3362 5742 3507 5807 insit,
3551 5747 3607 5797 ct

2016 5847 2125 5900 sint
2157 5846 2392 5910 termini,
2425 5843 2800 5903 inanimatum,
2834 5838 3016 5901 homo,
3046 5834 3247 5901 album,
3300 5832 3492 5888 deinde
3515 5846 3606 5887 su-

2016 5946 2229 6000 mantur
2273 5938 2413 6003 alba,
2445 5936 2512 5995 de
2540 5933 2734 6003 quibus
2777 5947 2885 5989 non
2940 5929 3258 6002 praedicatur
3297 5926 3479 5992 homo,
3509 5939 3599 5997 cy-
