4060 6330
512 281 617 337 6ιὸ

1736 279 1847 336 AN.
1886 279 2095 337 MANL.
2139 281 2293 339 SEV.
2339 280 2560 336 BOETII

3673 269 3775 332 ω.

513 416 650 475 guns
677 411 731 458 et
775 416 890 464 nix;
926 413 1046 454 nam
1076 396 1423 452 inanimatam
1470 394 1539 452 de
1571 393 1671 450 hoc
1696 394 1913 465 quidem
1944 395 2091 449 omni
2119 397 2171 457 Α
2196 397 2418 457 animal,
2451 395 2639 462 homo;
2667 409 2772 449 non
2806 395 2999 460 inesse,
3030 393 3193 461 linea,
3226 393 3446 459 animm,
3484 392 3639 463 .apis.
3670 393 3767 449 ila-

514 497 850 567 praedicatur,
899 493 967 547 de
996 492 1087 546 illo
1133 504 1259 545 vero
1302 489 1470 543 nullo.
1523 488 1797 559 Amplius:
1830 490 2085 558 quoniam

515 590 846 645 indelinitum
870 595 951 642 est
981 584 1133 639 alicui
1158 598 1341 637 eorum
1365 597 1484 654 qua:
1505 594 1631 637 sunt
1650 598 1677 635 c
1702 598 1805 637 non
1837 584 2010 636 inesse
2034 582 2082 644 b,

514 699 696 739 verum
725 692 803 735 est
832 689 1011 735 autem
1047 687 1102 731 et
1132 678 1442 744 iiulIi'inest,
1469 688 1521 731 et
1547 678 1590 730 si
1626 692 1727 730 non
1757 678 1920 741 omni,
1958 693 2088 744 quo-

513 777 653 830 niam
684 774 837 828 alicui
886 786 992 826 non
1035 769 1444 840 inest,sumptis
1486 778 1660 824 autem
1713 770 1793 823 his
1842 769 2085 823 terminis

513 869 653 921 velut
683 864 811 920 nulli
862 866 1053 925 inesse,
1110 876 1214 915 non
1269 861 1327 914 ﬁt
1378 860 1715 931 sleOgismus
1764 860 1891 927 (hoc
1941 861 2084 914 enim

512 959 708 1012 dictum
735 965 816 1008 est
842 954 1009 1025 prius)
1040 950 1549 1021 manifestum;ergo
1578 952 1919 1021 estquoniam
1946 951 1997 1003 in
2025 966 2091 1005 eo

513 1053 653 1124 quod
682 1054 758 1105 sic
782 1065 841 1106 se
866 1050 1063 1104 habent
1094 1048 1302 1104 termini
1338 1061 1441 1101 non
1472 1047 1573 1101 erit
1602 1045 1970 1117 syllogismus,
2006 1060 2092 1099 es-

513 1155 595 1202 set
619 1147 759 1201 enim
788 1153 841 1199 et
872 1144 923 1198 in
956 1143 1055 1197 his.
1087 1142 1345 1197 Similiter
1372 1150 1545 1195 autem
1589 1138 1923 1205 ostendetur,
1953 1146 2009 1191 et
2045 1138 2092 1192 si

515 1238 814 1291 universale
845 1243 1070 1304 ponatur
1096 1232 1430 1303 privativum.
1468 1231 1651 1299 Neque
1688 1231 1829 1287 enim
1863 1231 1906 1283 si
1934 1230 2095 1284 ambo

515 1326 790 1382 intervalla
819 1306 1161 1394 .particularia
1196 1323 1552 1393 prmdicative,
1585 1321 1669 1377 vel
1722 1322 1981 1391 privative
2011 1321 2095 1375 di-

515 1431 720 1482 cantur,
750 1433 837 1475 aut
863 1420 960 1473 hoc
984 1418 1196 1489 quidem
1222 1417 1640 1488 prmdicativum,
1671 1414 1800 1469 illud
1826 1429 1954 1469 vero
1978 1415 2096 1483 pri-

519 1514 769 1577 vativum,
795 1512 874 1565 vel
902 1510 1001 1563 hoc
1028 1509 1244 1579 quidem
1275 1507 1630 1573 indeﬁnitum,
1656 1506 1785 1560 illud
1813 1521 1938 1561 vero
1966 1506 2099 1561 deﬁ-

518 1610 708 1673 nitum,
771 1607 851 1661 vel
905 1608 1061 1659 ambo
1116 1604 1407 1670 indeﬁnita,
1460 1619 1566 1657 non
1609 1604 1713 1658 erit
1753 1602 2098 1673 syllogismus

517 1705 663 1758 nullo
688 1702 867 1756 modo.
899 1701 1133 1755 Termini
1156 1715 1282 1754 vero
1312 1714 1625 1753 communes
1674 1700 1936 1765 omnium,
1977 1699 2095 1753 ani-

2198 490 2449 544 nilestum
2481 502 2606 558 ergo
2636 488 2886 558 quoniam
2917 487 2962 540 si
2991 486 3048 540 ﬁt
3075 488 3421 558 syllogismus
3464 500 3530 541 ex
3562 487 3770 541 univer-

2197 583 2395 637 salibus
2424 581 2689 649 terminis,
2721 596 2941 635 necesse
2972 590 3051 634 est
3079 583 3336 635 terminos
3358 581 3436 634 sic
3466 595 3527 634 se
3560 579 3767 647 habere,

2197 685 2254 728 ut
2296 675 2346 728 in
2401 675 2661 742 principio
2708 674 2959 727 diximus.
3007 673 3179 728 Aliter
3204 672 3345 727 enim
3379 688 3438 727 se
3462 672 3772 728 habentibus

2198 769 2441 823 terminis
2474 783 2578 822 non
2625 768 2682 821 ﬁt
2727 768 3000 822 conclusio
3052 768 3375 821 necessaria.
3409 766 3464 821 Si
3501 778 3679 820 autem
3712 767 3773 821 ad

2196 861 2421 915 alterum
2467 861 2535 914 sit
2573 858 2949 912 universaliter
2978 857 3234 921 medium,
3265 857 3481 926 quando
3510 856 3578 911 ad
3613 855 3776 924 majus

2199 952 2412 1019 quidem
2438 953 2595 1007 fuerit
2636 950 3017 1006 nniversaliter
3044 951 3124 1003 vel
3174 949 3537 1018 pmdieative,
3564 949 3647 1004 vel
3678 949 3777 1019 pri-

2200 1048 2392 1109 vative,
2423 1044 2487 1098 ad
2516 1045 2689 1098 minus
2717 1053 2895 1099 autem
2923 1053 2974 1098 et
2997 1041 3412 1112 particulariter,
3436 1054 3489 1096 et
3523 1046 3777 1109 opposite

2200 1143 2486 1198 universali
2520 1143 2676 1213 (dico
2705 1152 2880 1196 autem
2930 1142 3219 1211 oppositae,
3242 1141 3286 1196 si
3326 1138 3634 1194 universale
3664 1137 3777 1206 qui-

2200 1236 2319 1291 dem
2376 1236 2692 1305 privativum
2747 1234 3066 1303 particulare
3119 1231 3563 1303 pricdicativnm,
3610 1229 3695 1285 vel
3736 1229 3778 1285 si

2203 1328 2511 1383 universale
2563 1327 2961 1397 pra~dicativum
2991 1367 3004 1389 ,
3061 1326 3381 1396 particulare
3404 1324 3778 1394 privativum),

2205 1434 2426 1476 necesse
2453 1431 2533 1475 est
2564 1420 2929 1491 syllogismum
2956 1419 3069 1474 ﬁeri
3103 1419 3420 1488 privativum
3446 1418 3778 1487 particulari~

2205 1524 2308 1570 ter.
2338 1513 2469 1568 Nam
2509 1514 2552 1568 si
2580 1529 2631 1567 m
2660 1513 2790 1569 nulli
2815 1513 3027 1582 quidem
3058 1528 3114 1577 ιι,
3144 1528 3180 1565 a:
3204 1522 3380 1566 autem
3423 1513 3582 1565 alicui
3631 1514 3777 1579 inest,

2205 1622 2428 1663 necesse
2452 1618 2534 1662 est
2558 1625 2591 1660 τι
2619 1608 2777 1662 alicui
2798 1625 2834 1661 ,τ
2860 1623 2966 1661 non
2994 1610 3188 1663 inesse.
3207 1607 3469 1674 Quoniam
3493 1607 3643 1662 enim
3662 1621 3781 1660 cono

2208 1702 2431 1755 vertitur
2461 1699 2795 1771 privativum,
2831 1700 2962 1754 nulli
2994 1716 3042 1751 m
3074 1699 3254 1763 inerit,
3288 1715 3323 1752 η
3354 1715 3403 1751 m
3432 1713 3566 1753 vero
3592 1711 3782 1767 suppo-

518 1797 645 1861 ῐηιίΙ,
669 1797 866 1858 album.
889 1808 1076 1862 equus,
1107 1793 1328 1857 animal.
1355 1792 1556 1856 album.
1582 1791 2094 1861 lapis-Manifestum
2128 1785 2180 1853 Β
2205 1793 2433 1850 nebatur
2469 1794 2626 1848 alicui
2656 1809 2693 1847 π
2720 1794 2917 1857 inesse,
2961 1807 3128 1863 quare
3158 1808 3190 1845 η
3225 1793 3380 1845 alicui
3429 1805 3617 1845 eorum
3672 1807 3781 1861 qua:

517 1898 599 1944 est
629 1888 789 1957 igitur
812 1900 877 1941 ex
907 1886 968 1939 iis
998 1901 1116 1953 qmc.
1146 1885 1288 1938 dicta
1314 1892 1437 1937 sunt
1466 1884 1716 1951 quoniam
1745 1883 1787 1938 si
1821 1883 1891 1937 sit
1928 1884 2096 1954 syllo-

517 1983 719 2053 gismus
773 1980 825 2034 in
868 1979 966 2033 hac
1007 1977 1171 2047 ﬁgura
1199 1977 1558 2047 particularis,
1592 1977 1843 2046 quoniam
1876 1992 2099 2032 necesse

517 2062 600 2132 est
643 2074 899 2130 terminos
939 2072 1015 2126 sic
1045 2086 1103 2126 se
1135 2071 1353 2136 habere,
1402 2083 1455 2125 ut
1482 2072 1743 2126 diximus.
1767 2070 1935 2125 Aliter
1956 2071 2097 2124 enim

519 2181 578 2221 se
604 2164 941 2229 habentibus,
960 2162 1104 2217 nullo
1123 2162 1327 2236 [modo]
1345 2165 1418 2216 lit.
1446 2162 1625 2217 Palam
1650 2173 1825 2217 autem
1846 2162 2098 2232 quoniam

521 2272 708 2311 omnes
730 2257 818 2326 qui
845 2255 898 2309 in
918 2256 1015 2308 hac
1034 2264 1156 2308 sunt
1183 2253 1482 2325 syllogismi
1504 2252 1726 2322 perfecti
1751 2264 1894 2320 sunt,
1913 2267 2101 2309 omnes

519 2350 662 2406 enim
688 2348 1038 2419 perliciuntur
1066 2362 1157 2417 per
1179 2362 1237 2401 ea
1261 2361 1378 2417 qua:
1404 2361 1468 2400 ex
1504 2346 1761 2415 principio
1785 2353 2096 2413 sumuntur,

523 2450 577 2497 et
605 2442 855 2512 quoniam
885 2441 1059 2495 omnia
1093 2439 1417 2510 problemata
1453 2440 1809 2493 ostenduntur
1839 2454 1935 2509 per
1964 2438 2104 2494 hanc

525 2534 745 2604 ﬁguram
782 2550 796 2588 :
828 2533 1019 2589 etenim
1052 2533 1197 2587 omni
1235 2540 1289 2587 et
1323 2530 1488 2595 nulli,
1526 2531 1683 2586 alicui
1715 2539 1769 2586 et
1811 2546 1915 2587 non
1943 2530 2103 2586 alicui

525 2628 719 2684 inesse.
751 2627 892 2684 Voco
918 2637 1094 2684 autem
1122 2626 1423 2697 huiusmodi
1458 2628 1703 2696 ﬁguram,
1742 2627 1991 2697 primam.

1153 2737 1380 2792 CAPUT
1421 2737 1487 2794 V.

706 2833 783 2888 De
809 2831 1114 2905 syllogismis
1143 2831 1388 2884 absolutis
1409 2830 1461 2883 in
1485 2832 1709 2884 secunda
1740 2830 1928 2901 ﬁgura.

597 2926 820 2993 Quando
867 2938 994 2977 vero
1039 2921 1179 2976 idem
1234 2920 1356 2973 huic
1403 2922 1547 2974 omni
1589 2919 1826 2989 quidem,
1875 2919 1950 2974 illi
1982 2934 2111 2974 vero

531 3019 658 3073 nulli
692 3019 848 3079 inest,
882 3016 963 3069 vel
1006 3015 1192 3082 utique
1219 3013 1387 3075 omni,
1419 3011 1504 3065 vel
1538 3012 1689 3081 nulli,
1726 3011 1947 3081 ﬁguram
1993 3013 2112 3081 qui-

531 3111 653 3163 dem
702 3105 1007 3175 hujusmodi
1056 3118 1190 3157 voco
1222 3103 1532 3157 secundam.
1569 3101 1799 3157 Medium
1827 3112 2005 3157 autem
2056 3103 2110 3157 in

533 3200 632 3265 hac
661 3199 782 3253 dico
822 3195 962 3265 quod
994 3196 1059 3249 de
1089 3202 1312 3263 utraque
1361 3194 1712 3264 praedicatur;
1745 3193 2111 3249 extremitates

532 3306 661 3361 vero
697 3292 761 3345 de
791 3289 982 3358 quibus
1022 3287 1214 3343 dicitur
1244 3286 1367 3355 hoc,
1405 3287 1660 3357 majorem
1684 3287 1898 3358 quidem
1933 3297 2113 3345 extre-

535 3385 797 3449 mitatem,
842 3395 957 3451 quae
999 3382 1149 3449 juxta
1204 3379 1434 3433 medium
1478 3381 1643 3449 posita
1690 3390 1792 3441 est,
1848 3379 2113 3437 minorem

537 3491 693 3541 vero,
724 3490 841 3545 quae
872 3474 1078 3544 longius
1122 3473 1223 3527 sita
1273 3481 1354 3528 est
1381 3487 1409 3526 a
1441 3473 1638 3529 medio.
1682 3471 1903 3529 Ponitur
1932 3483 2112 3530 autem

536 3569 770 3626 medium
800 3567 943 3623 foras
983 3565 1196 3637 quidem
1243 3568 1639 3620 extremitatum
1663 3610 1677 3635 ,
1711 3566 1938 3635 primum
1984 3582 2115 3622 vero

535 3663 824 3733 positione.
848 3659 1120 3714 Perfectus
1150 3658 1310 3726 igitur
1331 3673 1435 3713 non
1468 3658 1570 3713 crit
1596 3657 1936 3728 syllogismus
1967 3659 2117 3715 nullo

536 3756 693 3811 modo
738 3756 794 3809 in
822 3754 921 3807 hac
952 3753 1138 3822 ﬁgura,
1181 3752 1433 3820 possibile
1459 3766 1591 3806 vero
1618 3751 1721 3807 erit
1749 3763 1804 3807 et
1836 3756 2116 3809 universa-

536 3850 705 3909 libus,
752 3857 805 3900 et
854 3861 956 3898 non
1005 3845 1396 3899 universalibus
1446 3846 1797 3900 existentibus
1848 3849 2113 3903 terminis.

538 3936 936 3996 Universalibus
952 3936 1114 4005 igitur
1134 3938 1377 3991 terminis
1394 3937 1499 3991 erit
1521 3938 1879 4007 syllogismus.
1902 3941 2116 4009 quando

537 4032 767 4089 medium
798 4030 919 4084 huic
948 4027 1162 4099 quidem
1184 4032 1352 4093 omni,
1384 4027 1458 4082 illi
1482 4042 1611 4083 vero
1643 4030 1777 4084 nulli
1801 4030 1982 4094 inerit,
2014 4032 2117 4088 etsi

538 4124 603 4177 ad
633 4122 898 4176 utrumvis
921 4122 991 4176 sit
1016 4111 1357 4190 privativum,
1394 4119 1550 4173 aliter
1580 4135 1710 4175 vero
1756 4121 1902 4176 nullo
1933 4122 2113 4177 modo.

539 4215 861 4271 Prmdicetur
881 4216 1021 4270 enim
1038 4230 1089 4267 m
1112 4214 1179 4269 de
1194 4231 1225 4267 η
1247 4213 1461 4283 quidem
1487 4214 1653 4279 nullo,
1670 4214 1738 4269 de
1752 4231 1787 4268 ,τ
1803 4230 1928 4270 vero
1947 4217 2114 4283 omni,

538 4310 787 4380 quoniam
834 4308 990 4377 igitur
1015 4309 1342 4364 convertitur
1370 4306 1659 4377 privativa,
1696 4309 1823 4363 nulli
1857 4326 1906 4363 ιιι
1959 4311 2119 4367 inerit

539 4425 593 4473 ιι,
626 4416 679 4461 at
708 4423 756 4459 m
778 4408 922 4463 omni
953 4423 988 4460 ω
1014 4406 1433 4476 supponebatur,
1455 4420 1620 4473 quare
1648 4422 1680 4457 ιι
1708 4405 1837 4459 nulli
1866 4421 1902 4459 π
1923 4405 2111 4459 inerit:

538 4499 638 4559 hoc
667 4499 807 4553 enim
838 4505 1109 4551 ostensum
1134 4506 1216 4551 est
1238 4496 1402 4565 prius.
1439 4495 1666 4549 Rursum
1698 4496 1739 4549 si
1769 4511 1866 4547 mn
1899 4497 2117 4565 quidem

539 4591 683 4644 omni
709 4591 867 4656 inest,
896 4606 932 4643 ω
956 4604 1087 4643 vero
1115 4588 1263 4653 nulli,
1299 4602 1471 4657 neque
1498 4604 1529 4640 η
1558 4604 1594 4641 a:
1623 4587 1751 4641 nulli
1780 4588 1956 4642 inerit.
1982 4588 2113 4643 Nam

537 4683 580 4734 si
613 4698 659 4735 m
688 4682 816 4735 nulli
844 4696 899 4746 π,
926 4695 1096 4747 neque
1119 4695 1155 4731 ω
1180 4679 1311 4733 nulli
1341 4696 1373 4732 η
1397 4679 1577 4747 inerit,
1609 4689 1663 4732 at
1688 4695 1814 4735 vero
1840 4697 1890 4734 m
1916 4669 2118 4734 omnin

538 4775 729 4837 iuerat,
762 4786 924 4839 quare
952 4788 989 4824 π
1030 4771 1156 4824 nulli
1189 4773 1364 4826 inerit.
1415 4771 1574 4826 Facta
1606 4784 1685 4827 est
1713 4773 1856 4827 enim
1904 4789 2117 4830 rursum

540 4864 707 4932 prima
731 4862 918 4932 ﬁgura.
937 4862 1197 4929 Quoniam
1214 4873 1390 4917 autem
1419 4864 1752 4919 convertitur
1774 4867 2114 4938 privativum,

538 4970 711 5012 neme
733 4972 764 5008 ιι
795 4954 926 5009 nulli
962 4970 1000 5008 ω
1030 4954 1208 5022 inerit,
1240 4969 1403 5023 quare
1433 4958 1535 5011 erit
1565 4957 1703 5012 idem
1734 4959 2074 5029 syllogismus
2099 5003 2115 5029 ,

537 5054 620 5101 est
638 5055 814 5101 autem
844 5045 1127 5100 ostendere
1155 5044 1269 5099 haec
1299 5055 1355 5101 et
1384 5046 1448 5101 ad
1482 5049 1809 5117 impossibile
1834 5051 2115 5109 ducentes.

544 5140 804 5203 Quoniam
829 5154 954 5210 ergo
984 5138 1045 5194 ﬁt
1071 5138 1413 5210 syllogismus
1439 5144 1515 5195 sic
1561 5157 1620 5195 se
1653 5142 1970 5199 habentibus
2002 5156 2114 5201 ter-

538 5234 695 5288 minis
727 5234 1087 5298 manilestum,
1125 5232 1217 5288 sed
1265 5248 1366 5287 non
1398 5233 1685 5302 perlectus,
1717 5250 1822 5291 non
1856 5239 1999 5292 enim
2030 5253 2116 5294 so~

538 5331 646 5387 lum
672 5347 738 5384 er
770 5332 835 5387 iis
878 5346 998 5402 qua:
1035 5331 1102 5385 ab
1130 5330 1280 5385 initio
1307 5340 1515 5399 sumpta
1559 5340 1703 5395 sunt,
1745 5331 1838 5386 sed
1884 5347 1949 5388 ex
1996 5334 2117 5388 aliis

536 5425 810 5495 perﬁcitur
840 5424 1224 5481 necessarium.
1273 5421 1329 5478 Si
1361 5431 1537 5478 autem
1571 5439 1617 5475 m
1661 5424 1730 5479 de
1760 5426 1903 5478 omni
1946 5443 1976 5477 η
2005 5437 2059 5480 et
2080 5442 2119 5481 ω

537 5519 875 5587 praedicetur,
910 5535 1014 5575 non
1065 5519 1169 5575 erit
1207 5519 1564 5589 syllogismus.
1610 5518 1850 5571 Termini
1904 5520 2115 5588 inesse,

537 5612 831 5667 substantia
852 5656 866 5680 ,
898 5616 1093 5669 animal
1113 5657 1129 5680 ,
1155 5616 1291 5669 ratio
1321 5631 1335 5680 ;
1375 5629 1476 5667 non
1525 5614 1705 5668 inesse
1724 5654 1737 5675 ,
1773 5612 2070 5668 substantia
2100 5656 2117 5682 ,

539 5706 757 5763 animal.
782 5706 937 5771 lapis.
969 5708 1226 5775 medium,
1255 5709 1575 5763 substantia.
1604 5706 1714 5762 Nec
1743 5707 1958 5776 quando
1986 5706 2056 5761 de
2084 5723 2119 5760 ιι

535 5809 641 5855 nec
663 5798 731 5855 de
760 5812 795 5852 τ
822 5798 969 5854 nullo
997 5800 1314 5871 praedicatur
1342 5817 1411 5857 ιη.
1445 5799 1684 5859 Termini
1717 5799 1915 5869 inesse,
1947 5798 2116 5869 linea,

2205 1895 2328 1941 sunt
2352 1902 2389 1940 ω
2412 1901 2519 1940 non
2557 1886 2736 1961 inerit.
2775 1884 2858 1939 Fit
2887 1888 3028 1940 enim
3059 1884 3399 1955 syllogismus
3443 1900 3539 1953 per
3564 1884 3783 1954 primam

2206 1979 2449 2049 ﬁguram,
2486 1978 2687 2034 Rursus
2716 1978 2758 2033 si
2784 1995 2817 2032 ιι
2851 1979 3066 2049 quidem
3107 1978 3360 2044 omnim,
3398 1994 3436 2031 εις
3474 1993 3603 2033 vero
3632 1979 3782 2033 alicui
3868 2028 3877 2039 ,

2207 2089 2312 2129 non
2340 2075 2496 2138 inest,
2530 2088 2750 2129 necesse
2776 2085 2856 2129 est
2880 2074 3087 2127 nalicui
3112 2084 3148 2126 τ
3170 2087 3271 2126 non
3306 2073 3501 2128 inesse.
3534 2073 3668 2127 Nam
3692 2074 3783 2128 si:

2207 2171 2348 2224 omni
2365 2170 2503 2223 inest
2521 2185 2574 2233 η,
2593 2169 2912 2238 praedicatur
2932 2178 3107 2221 autem
3120 2177 3173 2223 οι
3188 2183 3235 2218 m
3259 2167 3323 2220 de
3336 2169 3551 2231 omnin,
3570 2183 3784 2223 necesse

2208 2272 2290 2319 est
2316 2279 2366 2315 m
2386 2261 2531 2317 omni
2558 2278 2594 2315 at
2624 2261 2825 2326 inesse,
2858 2261 3258 2329 suppouebatnr
3284 2270 3462 2314 autem
3495 2260 3659 2315 alicui
3687 2276 3784 2315 non

2209 2354 2407 2409 inesse.
2436 2352 2501 2406 Et
2541 2354 2584 2407 si
2618 2369 2665 2406 m
2695 2369 2729 2406 η
2755 2353 2898 2407 omni
2937 2350 3149 2421 quidem
3190 2353 3353 2418 inest,
3379 2368 3417 2405 π
3457 2362 3639 2407 autem
3688 2369 3785 2411 non

2209 2449 2379 2514 omni,
2402 2450 2504 2503 crit
2530 2448 2891 2519 syllogismus,
2913 2444 3163 2517 quoniam
3184 2459 3286 2499 non
3317 2444 3465 2499 omni
3493 2463 3532 2499 ,τ
3564 2448 3709 2502 inest
3736 2465 3782 2502 ιι.

2211 2543 2611 2599 Demonstratio
2655 2550 2830 2596 autem
2871 2541 3079 2595 eadem.
3111 2540 3164 2593 Si
3209 2549 3387 2593 autem
3421 2539 3487 2594 de
3512 2557 3551 2593 ,τ
3579 2541 3787 2609 quidem

2213 2638 2391 2703 omni,
2416 2635 2485 2691 de
2514 2654 2546 2690 η
2577 2649 2705 2690 vero
2749 2650 2853 2689 non
2883 2634 3026 2687 omni
3074 2632 3394 2703 praedicatur
3423 2649 3472 2685 m
3492 2674 3509 2701 ,
3544 2649 3653 2688 non
3693 2636 3789 2691 erit

2212 2730 2575 2801 syllogismus.
2593 2726 2828 2782 Termini
2851 2724 3051 2788 inesse,
3073 2725 3289 2791 animal,
3319 2723 3639 2791 substantia,
3664 2740 3790 2780 cor-

2215 2843 2330 2883 vus.
2366 2827 2478 2883 Non
2505 2827 2704 2891 inesse,
2730 2822 2946 2888 animal,
2975 2822 3175 2885 album,
3205 2835 3426 2875 corvus.
3455 2821 3557 2875 Nec
3577 2820 3789 2890 quando

2213 2921 2280 2975 de
2300 2936 2336 2974 x
2359 2918 2575 2990 quidem
2610 2916 2779 2983 nullo,
2802 2916 2869 2970 de
2896 2932 2925 2967 η
2948 2928 3073 2969 vero
3098 2913 3298 2984 aliquo.
3325 2914 3559 2968 Termini
3590 2913 3793 2981 inesse,

2214 3014 2435 3081 animal,
2477 3010 2805 3076 substantia,
2840 3009 2996 3079 lapis.
3040 3006 3155 3061 Non
3186 3010 3381 3072 inesse,
3414 3007 3639 3071 animal,
3672 3006 3793 3060 sub-

2218 3108 2444 3172 stantia,
2480 3105 2723 3160 scicntia.
2765 3104 2989 3168 Quando
3018 3102 3176 3172 igitur
3218 3101 3524 3169 oppositum
3553 3108 3636 3154 est
3674 3099 3792 3153 uni«

2141 3164 2190 3231 Β
2220 3196 2430 3253 versale
2458 3194 2784 3265 particulari,
2818 3194 3016 3247 dictum
3040 3164 3125 3247 list
3160 3164 3370 3262 quando
3400 3192 3523 3255 erit,
3557 3201 3613 3245 et
3635 3205 3791 3257 quan-

2220 3290 2412 3346 donon
2442 3290 2545 3345 erit
2570 3287 2928 3361 syllogismus.
2949 3285 3173 3353 Quando
3194 3294 3371 3339 autem
3395 3283 3593 3338 similis
3622 3284 3792 3354 ﬁgurae

2219 3393 2413 3447 fuerint
2435 3389 2839 3460 propositiones,
2874 3397 2929 3441 ιιι
2958 3386 3128 3441 amba:
3156 3385 3424 3454 privativze
3456 3384 3538 3438 vel
3561 3383 3792 3437 afﬁrma-

2223 3483 2362 3547 tivae,
2397 3480 2541 3535 nullo
2562 3481 2721 3534 modo
2748 3481 2850 3534 erit
2878 3477 3235 3548 syllogismus.
3260 3474 3383 3531 Sint
3401 3475 3545 3530 enim
3575 3474 3794 3544 primum

2223 3575 2515 3645 privativa},
2546 3582 2599 3628 et
2634 3569 2930 3626 universale
2975 3579 3204 3639 ponatur
3241 3567 3305 3621 ad
3334 3567 3591 3636 majorem
3631 3574 3796 3621 extre-

2222 3669 2480 3731 mitatem,
2514 3676 2567 3719 ut
2592 3683 2639 3718 m
2664 3682 2693 3717 ιι
2725 3660 2937 3734 quidem
2966 3661 3117 3729 nulli,
3137 3679 3172 3716 π
3196 3670 3373 3716 autem
3407 3661 3562 3715 alicui
3590 3677 3692 3715 non
3724 3662 3795 3715 in-

2221 3763 2289 3817 sit
2306 3780 2318 3816 :
2334 3760 2590 3829 contingit
2610 3773 2737 3829 ergo
2753 3766 2806 3812 et
2822 3756 2990 3821 omni,
3013 3766 3065 3811 et
3091 3755 3221 3809 nulli
3240 3772 3274 3809 ιε
3296 3754 3471 3810 inesse
3496 3772 3546 3807 η.
3566 3754 3796 3809 Termini

2222 3854 2435 3923 quidem
2466 3852 2592 3906 nulli
2621 3854 2814 3915 inesse,
2847 3850 3076 3921 nigrum,
3110 3848 3219 3911 nix.
3253 3847 3473 3903 animal.
3497 3848 3655 3902 Omni
3680 3864 3796 3904 vero

2223 3949 2420 4011 inesse,
2454 3960 2557 3998 non
2589 3953 2670 3997 est
2708 3958 2939 4007 sumere,
2966 3942 3010 3998 si
3054 3960 3100 3994 m
3127 3941 3283 3995 alicui
3320 3941 3533 4011 quidem
3561 3957 3599 3994 ω
3628 3942 3795 4004 inest,

2223 4037 2378 4092 alicui
2411 4044 2585 4090 autem
2612 4052 2737 4098 non.
2772 4034 2900 4088 Nam
2923 4035 2967 4089 si
2998 4033 3145 4089 omni
3186 4050 3221 4086 π
3250 4034 3389 4087 inest
3414 4050 3467 4098 η,
3500 4043 3553 4087 et
3583 4050 3632 4086 m
3653 4034 3798 4100 nulli,

2222 4148 2255 4184 γι
2284 4131 2444 4186 etiam
2475 4145 2525 4181 m
2554 4127 2681 4182 nulli
2719 4144 2754 4180 π
2781 4126 2966 4190 inerit;
3000 4124 3091 4180 sed
3124 4125 3354 4194 positum
3382 4133 3498 4179 erat
3538 4124 3697 4178 alicui
3729 4125 3799 4178 in-

2223 4238 2361 4290 esse,
2396 4240 2501 4278 non
2550 4223 2705 4293 igitur
2734 4221 2811 4275 sic
2854 4233 3068 4274 sumere
3120 4217 3379 4287 contingit
3421 4217 3697 4272 terminos.
3729 4217 3800 4271 Ex

2224 4317 2501 4373 indeﬁnito
2542 4325 2717 4371 autem
2773 4313 3159 4369 ostendendum
3206 4322 3306 4367 est.
3348 4311 3611 4379 Quoniam
3664 4311 3800 4367 enim

2226 4429 2408 4469 verum
2430 4420 2511 4469 est
2532 4430 2582 4466 m
2606 4426 2710 4465 non
2741 4410 2916 4465 inesse
2938 4408 3093 4464 alicui
3118 4424 3175 4473 π,
3191 4417 3244 4463 et
3264 4408 3307 4461 si
3334 4405 3462 4461 nulli
3494 4406 3657 4472 inest,
3678 4405 3803 4460 nulli

2228 4523 2357 4563 vero
2395 4521 2514 4564 cum
2563 4504 2687 4559 insit
2738 4517 2841 4556 non
2890 4502 2991 4557 erit
3043 4500 3421 4571 syllogismus,
3466 4498 3803 4552 manifestum

2231 4599 2481 4669 quoniam
2513 4611 2687 4667 neque
2718 4610 2857 4650 nunc
2875 4596 2997 4651 erit.
3026 4594 3252 4649 Rursum
3277 4593 3319 4647 si
3349 4590 3725 4661 praedicarim,
3756 4598 3804 4646 et

2233 4692 2531 4749 universale
2574 4698 2805 4761 ponatur
2835 4689 3097 4753 similiter,
3131 4697 3190 4742 ut
3228 4704 3277 4740 ιιι
3313 4681 3471 4741 omni
3504 4687 3722 4757 quidem
3752 4703 3803 4749 η,

2229 4804 2265 4842 x
2290 4797 2465 4841 autem
2506 4784 2658 4839 alicui
2692 4782 2837 4847 insit,
2864 4780 3121 4850 contingit
3153 4795 3281 4849 ergo
3316 4788 3371 4834 et
3398 4779 3569 4846 omni,
3601 4788 3655 4832 et
3681 4776 3807 4833 nulli

2230 4894 2266 4933 a:
2289 4881 2487 4933 inesse.
2514 4875 2756 4932 Termini
2787 4873 2915 4927 nulli
2949 4874 3146 4937 inesse,
3169 4871 3369 4937 album,
3393 4885 3621 4942 cygnus,
3655 4869 3804 4939 lapis.

2230 4971 2386 5025 Omni
2417 4985 2542 5023 vero
2572 4983 2677 5023 non
2705 4967 2807 5021 erit
2849 4979 3063 5019 sumere
3092 4962 3371 5029 terminos,
3415 4971 3636 5032 propter
3662 4978 3807 5017 cam-

2229 5061 2349 5116 deni
2378 5074 2593 5115 caiisam
2622 5073 2782 5131 quam
2826 5064 2879 5111 et
2909 5056 3077 5125 prius,
3111 5055 3204 5110 sed
3236 5071 3295 5109 ex
3331 5054 3610 5109 indeﬁnito
3657 5070 3807 5108 mon-

2225 5155 2505 5209 strandum
2545 5160 2646 5208 est.
2677 5152 2731 5207 Si
2763 5159 2941 5205 autem
2970 5147 3275 5203 universale
3313 5147 3379 5201 ad
3419 5148 3684 5201 minorem
3714 5159 3807 5198 cx-

2228 5248 2548 5301 tremitatem
2580 5256 2684 5307 est,
2714 5253 2765 5298 et
2813 5258 2861 5295 m
2889 5258 2926 5297 as
2965 5241 3178 5311 quidem
3213 5240 3377 5306 nulli,
3412 5255 3447 5293 η
3488 5254 3622 5294 vero
3653 5234 3807 5292 alicui

2226 5355 2332 5392 non
2384 5342 2555 5403 inest,
2596 5337 2856 5405 contingit
2902 5352 2968 5401 η,
3000 5344 3053 5389 et
3100 5332 3244 5388 omni
3274 5341 3331 5385 et
3371 5331 3503 5385 nulli
3547 5331 3799 5385 :rinesse.

2228 5431 2463 5485 Termini
2492 5432 2689 5497 inesse,
2711 5429 2912 5493 album,
2948 5428 3168 5493 animal,
3208 5440 3437 5490 corvus;
3467 5439 3573 5481 non
3612 5425 3806 5488 inesse,

2227 5524 2431 5587 album,
2462 5525 2618 5591 lapis,
2648 5537 2861 5577 corvus.
2896 5521 3155 5577 Similiter
3182 5530 3359 5575 autem
3392 5527 3447 5575 et
3474 5520 3519 5573 si
3546 5518 3806 5589 praedica-

2230 5618 2349 5670 tiva:
2382 5616 2575 5670 iuerint
2607 5615 3018 5683 propositiones.
3049 5613 3285 5689 Termini
3338 5628 3442 5667 non
3486 5614 3690 5676 ine-se,
3729 5609 3809 5663 al-

2228 5707 2352 5761 bum
2377 5748 2391 5771 ,
2422 5707 2647 5773 animal,
2682 5708 2802 5771 nix;
2836 5706 3045 5772 inesse,
3081 5705 3256 5760 album
3280 5747 3293 5769 ,
3326 5704 3522 5760 animal
3548 5745 3562 5767 ,
3588 5713 3812 5772 cygnus.

2217 5798 2563 5858 'ﬂanilestum
2597 5808 2679 5856 est
2714 5799 2877 5871 ignur
2900 5800 3151 5870 quoniam
3184 5815 3224 5857 si
3264 5796 3454 5855 similis
3486 5797 3675 5867 ﬁgura:
3702 5792 3813 5853 sini
