4060 6330
160 3972 169 3977 _
262 3904 543 3969 cessitate,
592 3921 756 3975 quare
795 3907 952 3961 alicui
984 3924 1011 3960 r
1043 3907 1201 3962 inerit
1229 3927 1281 3979 p.
1325 3907 1393 3963 Et
1432 3910 1477 3963 si
1506 3925 1532 3960 r
1559 3908 1702 3964 omni
1733 3911 1851 3980 qui-

234 264 334 322 645
859 262 1161 322 PRIORUM
1198 259 1732 325 ANALYTICORUM
1773 258 2218 319 ARISTOTELIS
2255 256 2825 318 INTERPRETATIO.
3014 304 3021 311 .
3408 258 3512 316 646

234 380 626 451 propositiones
645 420 661 447 ,
694 389 746 440 et
791 379 907 435 haec
935 381 1149 450 quidem
1190 378 1502 436 universalis
1522 421 1535 442 ,
1568 377 1660 431 illa
1689 389 1817 430 vero
1844 378 1893 436 Α
1922 384 2098 429 auth
2129 374 2212 429 hic
2238 376 2451 445 quidem
2480 376 2551 429 sit
2579 372 2958 430 universaliter
2985 371 3052 427 ad
3079 371 3346 441 medium,
3376 373 3513 429 alter

235 471 604 543 particularis,
660 472 910 541 quoniam
942 474 1094 528 nullo
1143 472 1301 528 modo
1344 473 1403 526 ﬁt
1454 470 1818 542 syllogismus.
1926 482 2054 522 vero
2084 467 2493 536 psrticulariter,
2525 468 2568 521 si
2602 477 2824 535 uterque
2864 465 2935 519 sit
2974 464 3379 533 prtedicativus,
3413 480 3507 520 ne—

233 568 341 624 Sed
372 582 471 622 nec
498 568 541 621 si
590 566 780 635 alicui,
813 568 1026 636 utrique
1057 569 1216 633 inest,
1261 568 1342 621 vel
1396 581 1500 620 non
1546 566 1702 626 inest,
1733 561 1817 616 vel
1924 574 2076 615 cesse
2099 570 2179 615 est
2207 560 2322 615 ﬁeri
2346 560 2744 629 syllogismum,
2774 560 2899 636 etsi
2931 558 3187 613 alteruter
3213 558 3281 611 sit
3302 558 3517 611 univer-

239 662 362 717 huic
404 660 620 730 quidem
650 660 813 725 inest,
856 635 949 716 illi,
973 676 1104 717 vero
1134 675 1262 725 non,
1298 659 1376 712 vel
1427 656 1602 711 neutri
1634 654 1815 721 omni,
1930 652 2063 706 salis
2094 652 2474 716 terminorum;
2506 667 2627 705 nam
2657 653 2698 706 si
2731 669 2759 705 r
2785 635 2930 705 omni
2958 667 2982 703 δ
3012 650 3172 715 insit,
3204 668 3238 721 p
3262 664 3389 704 vero
3418 648 3518 703 ali-

232 755 317 809 vcl
346 752 655 809 indeﬁnitse.
689 752 928 807 Termini
970 759 1147 806 autem
1189 764 1502 805 communes
1542 747 1779 801 omnium
1802 787 1819 813 ,
1926 744 2011 797 cui
2044 760 2101 808 δ,
2130 756 2349 798 necesse
2378 755 2458 796 est
2484 753 2537 798 et
2567 761 2599 813 p
2625 743 2784 799 alicui
2814 760 2839 795 ν
2867 743 3072 803 ineSse,
3108 756 3231 797 nam
3262 743 3514 811 quoniam
3556 733 3561 737 ’

234 848 439 911 album,
471 843 688 911 animal,
738 844 919 911 homo,
952 843 1154 908 album,
1187 841 1412 907 animal,
1445 839 1819 894 inanimatum.
1927 834 2259 889 convertitur
2294 832 2637 902 afﬁrmativa,
2674 833 2832 887 inerit
2860 850 2885 887 ε
2915 834 3071 889 alicui
3104 852 3156 903 p,
3185 847 3350 902 quare
3382 848 3517 902 quo-

235 936 572 993 Manifestum
596 944 679 990 est
708 934 867 1005 igitur
897 949 960 988 ex
1004 932 1275 1003 praedictis
1306 932 1555 1000 quoniam
1590 931 1634 983 si
1659 928 1735 984 sic
1763 943 1823 983 se
1927 924 2071 980 niam
2114 942 2143 979 r
2183 924 2329 981 omni
2372 942 2397 980 s
2434 926 2608 991 inest,
2639 942 2663 979 s
2692 934 2867 979 autem
2895 926 3052 981 alicui
3086 944 3139 994 p,
3167 934 3219 979 et
3246 942 3273 978 r
3301 924 3456 978 alicui
3485 942 3518 995 p

236 1028 443 1081 habent
466 1026 674 1081 termini
707 1026 772 1079 ad
817 1026 1069 1090 invicem,
1101 1033 1159 1079 ut
1188 1024 1386 1077 dictum
1418 1030 1522 1087 est,
1563 1022 1620 1075 ﬁt
1660 1021 1826 1092 syllo-
1930 1018 2125 1087 inerit,
2154 1032 2323 1089 quare
2352 1026 2406 1073 et
2446 1035 2481 1087 p
2511 1016 2666 1072 alicui
2709 1033 2757 1070 r.
2806 1017 3038 1072 Rursum
3079 1018 3123 1071 si
3162 1034 3189 1071 r
3213 1017 3371 1072 alicui
3400 1033 3456 1085 ε,
3486 1034 3520 1086 ρ

236 1123 442 1191 gismus
469 1134 533 1174 ex
576 1120 918 1185 necessitate,
947 1128 1005 1173 et
1037 1119 1081 1173 si
1122 1120 1178 1172 ﬁt
1202 1118 1566 1190 syll0gismus,
1598 1130 1824 1172 necesse
1931 1126 2059 1166 vero
2089 1112 2236 1168 omni
2275 1130 2299 1168 ι
2330 1112 2487 1180 insit,
2517 1126 2739 1168 necesse
2780 1119 2863 1168 est
2907 1125 2957 1167 et
2998 1131 3028 1181 p
3068 1112 3227 1167 alicui
3256 1130 3281 1164 r
3310 1112 3520 1175 inesse,

236 1220 321 1267 est
350 1212 607 1266 terminos
631 1212 707 1265 sic
729 1225 787 1266 se
814 1208 1036 1265 habere.
1070 1210 1252 1264 Palam
1284 1221 1461 1265 autem
1486 1219 1541 1265 et
1571 1208 1821 1279 quoniam
1932 1220 2053 1259 nam
2081 1202 2223 1260 idem
2246 1205 2439 1260 modus
2460 1204 2954 1260 demonstrationis.
2978 1205 3069 1259 Est
3095 1214 3270 1260 autem
3296 1208 3520 1258 demon-

238 1319 429 1360 omnes
469 1304 764 1373 imperfecti
797 1315 946 1389 sunt.
973 1305 1060 1373 qui
1094 1305 1145 1358 in
1173 1304 1274 1358 bac
1314 1304 1478 1373 ﬁgura
1506 1312 1633 1357 sunt
1662 1302 1827 1374 syllo-
1931 1305 2105 1351 Slrare
2137 1307 2190 1351 et
2222 1311 2317 1366 per
2360 1296 2725 1366 impossibile,
2771 1306 2827 1352 et
2852 1296 3217 1367 expositione,
3264 1297 3522 1367 quemad-

236 1397 626 1467 gismi;onmes
643 1396 786 1450 enim
810 1388 1159 1466 perﬁciuntur
1173 1398 1459 1465 assumptis
1480 1395 1825 1467 quibusdam,
1932 1389 2151 1443 mOdum
2177 1389 2232 1443 in
2263 1388 2549 1460 prioribus.
2585 1390 2642 1445 Si
2668 1398 2848 1446 autem
2881 1405 3018 1444 unus
3048 1388 3261 1459 quidem
3291 1390 3360 1445 sit
3383 1405 3523 1459 pra:-

238 1504 362 1559 qum
391 1488 475 1543 vel
502 1488 685 1542 insunt
707 1488 951 1543 terminis
978 1504 1041 1542 ex
1072 1490 1413 1553 necessitate,
1442 1489 1525 1542 vel
1556 1498 1826 1559 ponuntur
1932 1480 2229 1549 dicativus,
2262 1481 2402 1536 alius
2425 1495 2555 1537 vero
2586 1476 2880 1551 privativus
2900 1522 2915 1547 ,
2946 1480 3316 1536 univerSnliter
3344 1489 3521 1534 autem

238 1580 388 1635 velut
411 1579 766 1650 bypotheses,
798 1589 853 1634 ut
882 1580 1094 1650 quando
1126 1596 1221 1650 per
1264 1580 1597 1650 impossibile
1644 1588 1827 1635 osten—
1933 1569 2342 1639 praedicativus,
2373 1570 2585 1641 quando
2631 1572 2807 1626 minor
2835 1571 3050 1641 quidem
3086 1570 3241 1625 fuerit
3268 1569 3526 1639 prmdica-
3614 1634 3619 1641 ί

239 1671 444 1727 dimus.
474 1671 540 1727 Et
583 1673 835 1743 quoniam
882 1688 988 1727 non
1016 1670 1075 1727 ﬁt
1099 1671 1453 1728 afﬁrmativus
1485 1674 1825 1745 syllogismus

1959 1663 2103 1728 ivus,
2135 1664 2238 1717 erit
2265 1662 2645 1734 syllogismus;
2681 1678 2803 1717 nam
2832 1664 2875 1717 si
2904 1661 3099 1737 r‘omni
3131 1678 3182 1730 δ,
3214 1679 3247 1732 p
3274 1676 3404 1716 vero
3430 1661 3526 1714 ali-

238 1772 344 1831 per
365 1761 499 1816 hanc
528 1761 770 1832 ﬁguram,
802 1761 895 1817 sed
924 1776 1112 1819 omnes
1146 1763 1420 1834 privativi,
1450 1774 1505 1819 et
1549 1765 1829 1819 universa-
1854 1766 1909 1830 Β
1932 1754 2019 1809 cui
2051 1773 2074 1809 ε
2105 1768 2211 1809 non
2240 1754 2409 1824 inest,
2463 1765 2689 1811 necesse
2727 1765 2808 1811 est
2833 1774 2866 1826 p
2901 1755 3061 1811 alicui
3090 1772 3116 1808 r
3160 1768 3262 1809 non
3311 1755 3522 1819 inesse,

242 1854 347 1920 les,
380 1864 430 1909 et
450 1854 823 1924 particulares.
1935 1844 1979 1899 si
2013 1844 2154 1899 enim
2188 1862 2220 1913 p
2248 1846 2395 1899 omni
2424 1862 2472 1913 r,
2522 1854 2576 1901 et
2602 1864 2629 1898 r
2659 1845 2804 1900 omni
2834 1864 2889 1915 δ,
2922 1856 2977 1901 et
3016 1865 3049 1916 p
3091 1846 3234 1900 omni
3276 1862 3301 1899 ι
3330 1844 3522 1910 inerit,

856 1943 1081 2000 CAPUT
1122 1944 1209 2001 Vl,
1935 1936 2027 1990 sed
2059 1950 2165 1990 non
2194 1936 2387 1991 inerat.
2415 1935 2739 1992 Monstratur
2759 1945 2937 1993 autem
2960 1946 3011 1992 et
3041 1938 3159 1992 sine
3185 1935 3528 2004 deductione,

470 2037 546 2091 De
570 2036 879 2109 syllogismis
924 2037 1173 2093 absolutis
1212 2039 1373 2093 tertia:
1402 2039 1603 2109 ﬁgurae.
1936 2038 1980 2092 si
2011 2046 2250 2091 sumatur
2278 2036 2481 2106 aliquid
2518 2050 2705 2091 eorum
2733 2052 2853 2109 quae
2895 2044 3020 2091 sunt
3048 2054 3072 2090 ε
3093 2080 3105 2101 ,
3139 2038 3224 2091 cui
3255 2055 3286 2108 p
3314 2050 3420 2091 non
3446 2034 3528 2090 in-

318 2139 371 2196 Si
399 2150 574 2195 autem
598 2136 770 2195 eidem
802 2139 903 2195 hoc
930 2139 1142 2210 quidem
1171 2141 1337 2207 omni,
1371 2142 1497 2195 illud
1524 2156 1660 2196 vero
1699 2142 1828 2196 nulli
1936 2150 2036 2193 est.
2088 2138 2311 2207 Quando
2361 2153 2499 2194 vero-
2534 2138 2705 2209 major
2756 2137 2920 2195 fuerit
2968 2138 3373 2208 praedicativus,
3423 2150 3531 2192 non

247 2233 408 2301 inist,
444 2233 524 2286 vel
556 2232 715 2287 ambo
742 2232 888 2286 omni
913 2231 996 2287 vel
1028 2232 1177 2297 nulli,
1223 2232 1441 2302 figuram
1488 2234 1699 2304 quidem
1732 2235 1829 2289 liu-
1939 2239 2044 2293 erit
2072 2238 2445 2308 syllogismus,
2489 2247 2545 2292 ut
2575 2238 2621 2293 si
2663 2257 2696 2307 p
2737 2239 2866 2293 insit
2893 2238 3037 2293 omni
3067 2254 3128 2306 ε,
3164 2254 3190 2292 r
3219 2246 3397 2292 autem
3435 2234 3533 2290 ali-

246 2326 477 2397 jusmodi
521 2340 653 2379 voco
685 2325 914 2381 tertiam.
949 2325 1176 2380 Medium
1205 2336 1383 2380 autem
1424 2327 1475 2380 in
1529 2326 1627 2381 hac
1675 2328 1827 2397 dico,

249 2432 358 2488 quo
380 2417 537 2472 ambo
561 2416 950 2487 prmdicamus;
982 2418 1349 2472 extremitates
1378 2433 1528 2489 vero,
1553 2434 1671 2489 qua:
1700 2435 1834 2488 pra:-

248 2510 497 2565 dicantur
519 2525 533 2572 ;
553 2508 807 2578 majorem
839 2519 1015 2563 autem
1043 2509 1455 2576 extremitatem,
1479 2525 1597 2579 quae
1625 2511 1834 2578 longius

249 2612 337 2660 est
377 2602 592 2667 media;
655 2602 917 2656 minorem
970 2616 1131 2668 vero,
1162 2617 1284 2671 qua:
1334 2602 1571 2671 propius.
1613 2602 1836 2657 Ponitur

251 2698 431 2752 antem
460 2694 692 2750 medium
718 2693 861 2749 foras
891 2694 1103 2763 quidem
1134 2696 1554 2760 estremitatum,
1588 2695 1837 2750 ultimum

254 2801 389 2842 vero
438 2786 699 2857 positione
723 2795 827 2842 est.
859 2785 1132 2842 Perfectus
1163 2788 1322 2858 igitur
1367 2803 1472 2842 non
1524 2789 1582 2841 ﬁt
1619 2787 1841 2858 syllogi-

251 2895 437 2943 smus,
470 2893 568 2934 nec
592 2878 645 2933 in
676 2862 775 2933 liae
820 2876 1007 2949 ﬁgura,
1049 2880 1321 2949 possibilis
1347 2894 1475 2934 vero
1504 2880 1606 2935 erit
1639 2890 1693 2935 et
1723 2880 1840 2935 uni-

253 2972 562 3037 versaliter,
597 2981 651 3026 et
699 2988 801 3026 non
847 2969 1215 3028 universaliter
1267 2974 1513 3028 terminis
1565 2974 1845 3029 existenti-

252 3067 361 3123 lms
412 3062 478 3117 ad
530 3062 781 3118 medium.
835 3062 1219 3119 Universaliter
1267 3064 1480 3134 quidem
1535 3065 1750 3134 quando
1789 3073 1846 3121 et

1937 2339 2021 2394 cui
2045 2328 2196 2394 snon
2217 2339 2363 2393 insit.
2394 2337 2637 2392 Termini
2660 2352 2788 2393 vero
2817 2340 2962 2394 omni
2994 2340 3187 2403 inesse,
3210 2338 3531 2404 animatum,

1940 2437 2103 2492 homo
2125 2477 2140 2503 ,
2168 2436 2389 2491 animal.
2424 2436 2565 2491 Nulli
2596 2452 2760 2506 vero,
2793 2452 2900 2492 non
2925 2444 3011 2493 est
3034 2451 3247 2493 sumere
3271 2437 3532 2492 terminos

1938 2539 1985 2591 si
2017 2554 2041 2589 r
2072 2541 2206 2592 inest
2233 2536 2394 2592 alicui
2422 2538 2637 2606 quidem
2665 2553 2717 2602 ε,
2746 2538 2907 2593 alicui
2933 2548 3111 2606 autem
3140 2553 3269 2594 non.
3301 2539 3359 2595 Si
3388 2539 3530 2595 enim

1941 2632 2091 2686 omni
2118 2648 2143 2685 ε
2184 2632 2320 2687 inest
2350 2648 2407 2700 rp,
2434 2648 2462 2685 r
2489 2641 2666 2686 autem
2694 2631 2855 2686 alicui
2882 2648 2907 2685 ε
2928 2674 2943 2700 ,
2975 2640 3028 2686 et
3054 2647 3088 2701 ρ
3118 2632 3274 2686 inerit
3297 2632 3455 2687 alicui
3482 2646 3532 2699 r,

1943 2724 2038 2780 sed
2065 2724 2294 2795 positum
2316 2730 2433 2779 erat
2452 2724 2583 2778 nulli
2600 2740 2628 2776 r
2648 2723 2845 2779 inesse.
2873 2723 2977 2779 Sed
3001 2724 3452 2794 quemadmodum
3478 2726 3534 2779 in

1947 2815 2221 2886 prioribus
2263 2816 2549 2871 dicendum
2590 2825 2709 2881 est;
2746 2830 2869 2871 nam
2913 2831 3034 2871 cum
3075 2816 3406 2871 indeﬁnitum
3455 2826 3537 2873 est

1944 2908 2107 2963 alicui
2156 2923 2261 2963 non
2308 2907 2517 2974 inesse,
2551 2919 2613 2969 et
2653 2906 2797 2978 quod
2846 2907 2979 2962 nulli
3021 2908 3189 2973 inest,
3225 2921 3411 2963 verum
3453 2918 3538 2964 est

1949 2999 2128 3054 dicere
2157 2998 2311 3053 alicui
2341 3013 2447 3053 non
2471 2999 2681 3065 inesse,
2705 2999 2837 3052 nulli
2864 3013 2993 3054 vero
3017 3014 3141 3054 cum
3170 3000 3394 3065 inesset,
3428 3015 3535 3054 non

465 3092 478 3169 ξ
530 3092 781 3172 ¹¹¹¹³¹³ξ¹¹¹¹¹⁶
836 3092 1217 3170 ‘f""“'°"".“”
1267 3092 1480 3172 “ff'u'f'f'
1519 3092 1750 3172 ,Ἷυδξξυυ
1789 3092 1846 3121 τ’
1866 3144 1918 3172 ,λ
1951 3103 2069 3150 erat
2094 3093 2466 3165 syllogismus;
2495 3092 2837 3148 manifestum
2863 3107 2993 3163 ergo
3016 3101 3120 3159 est,
3145 3094 3398 3164 quoniam
3431 3109 3537 3149 non

250 3172 292 3229 ’ρ
324 3168 378 3213 οι
408 3175 435 3210 r
464 3158 678 3212 inerunt
724 3157 870 3212 omni
898 3175 953 3225 ε,
983 3160 1231 3229 quOniam
1264 3159 1420 3214 alicui
1452 3153 1477 3213 r
1519 3160 1679 3215 inerit
1706 3179 1740 3233 p
1769 3177 1838 3218 ex

1959 3144 2067 3150 ν--τ
2094 3144 2430 3165 VMa—mn
2452 3144 2466 3160 ν
2495 3144 2837 3148 -------η-ν--η
2870 3144 2986 3163 μην
3022 3144 3120 3159 νη.

1959 3186 2055 3240 erit
2083 3185 2444 3256 syllogismus.
2479 3185 2537 3239 Si
2577 3194 2754 3239 autem
2788 3185 3081 3254 privativus
3111 3188 3180 3238 sit
3210 3186 3535 3240 universalis

256 3251 1049 3346 necessitate,nam‘quoniam
1101 3253 1432 3346 convertitur
1462 3253 1838 3346 prmdicativa,
1953 3251 2248 3342 tenuibus;
2298 3276 2512 3346 quando
2554 3276 2727 3346 major
2765 3251 2981 3346 q‘uidem
3015 3277 3307 3346 ρτίηιίνυε
3338 3276 3534 3341 mem,

261 3341 421 3439 inerit
445 3357 469 3395 ε
495 3340 651 3395 alicui
684 3358 730 3396 r.
757 3341 935 3407 Quare
961 3342 1212 3439 quoniam
1243 3358 1273 3412 μ
1307 3342 1617 3439 Ῐηθῗοιηηί
1643 3361 1667 3397 δ
1687 3386 1703 3411 ν
1733 3354 1788 3399 εἴ
1820 3363 1844 3400 ⁸
1953 3370 2130 3423 minor
2153 3379 2331 3423 autem
2357 3368 2733 3437 praedicativus
2757 3411 2773 3437 ,
2805 3368 2909 3423 erit
2930 3368 3288 3439 syllogismus.
3316 3369 3372 3423 Si
3396 3372 3539 3424 enim

259 3434 418 3533 alicui
447 3451 491 3499 r,
520 3448 740 3489 necesse
763 3443 845 3489 est
872 3452 904 3505 ρ
928 3435 1086 3489 alicui
1123 3451 1149 3488 r
1172 3436 1367 3490 inesse.
1402 3435 1483 3491 Fit
1505 3438 1649 3492 enim
1682 3438 1847 3508 syllo-
1954 3481 1988 3533 ρ
2037 3462 2165 3516 num
2212 3478 2267 3526 δ’
2290 3434 2570 3517 στἐυιθηι
2620 3434 2778 3515 θηρσί
2826 3434 2975 3515 ίηεεί
3010 3434 3091 3526 δ’-
3121 3471 3175 3515 ει
3226 3480 3260 3532 ρ
3308 3462 3465 3517 alicui
3515 3478 3541 3514 ν

258 3525 462 3624 siam,“
502 3540 598 3595 per
638 3528 862 3596 primam
912 3528 1156 3595 ﬁguram“
1188 3527 1285 3583 Εδί
1314 3538 1489 3585 autem
1535 3539 1588 3586 θί
1619 3547 1715 3601 Per
1748 3533 1849 3586 im"
1956 3570 2063 3610 non
2096 3556 2273 3611 inerit.
2318 3555 2549 3610 Rursum
2578 3556 2719 3610 enim
2749 3554 2919 3623 prima
2946 3554 3050 3607 erit
3082 3554 3278 3623 ﬁgura,
3307 3570 3333 3605 ν
3360 3571 3385 3608 s
3417 3568 3541 3624 pro-

218 3658 221 3659 ν
261 3622 549 3692 possibile,
595 3634 647 3680 et
691 3625 1025 3693 expositione
1071 3625 1245 3681 facere
1290 3626 1845 3684 demonstrationem:
1958 3648 2225 3717 positione
2254 3662 2534 3702 conversa_
2572 3622 2796 3714 Quando
2824 3656 3000 3702 autem
3035 3622 3209 3701 ηιίῇοτ
3237 3622 3540 3717 fuerin)“-

260 3718 307 3771 si
340 3717 481 3771 enim
511 3717 671 3772 ambo
692 3718 839 3772 omni
868 3736 891 3771 ε
920 3720 1099 3773 insunt
1124 3760 1139 3784 ,
1170 3720 1212 3773 si
1240 3729 1481 3774 sumatur
1509 3720 1720 3790 aliquod
1749 3736 1848 3776 eo-

1959 3739 2201 3804 vativus,
2231 3754 2336 3793 non
2376 3740 2479 3794 erit
2505 3737 2867 3809 syllogismus.
2913 3736 3150 3793 Termini
3193 3739 3402 3803 inesse,
3430 3739 3545 3792 ani-

263 3825 382 3865 rnm
411 3826 529 3880 quae
556 3819 680 3865 sunt
708 3827 759 3875 ε,
796 3823 849 3864 ιιι
877 3827 911 3864 η
954 3810 1077 3866 huic
1115 3820 1169 3866 et
1210 3828 1243 3874 ῃ
1270 3821 1323 3865 et
1363 3828 1389 3863 r
1420 3812 1631 3866 inerunt
1657 3826 1725 3867 ex
1754 3826 1848 3868 ne-

1959 3831 2102 3894 mal,
2134 3832 2315 3899 homo,
2355 3832 2547 3885 ferum.
2589 3831 2703 3886 Non
2754 3833 2962 3899 inesse,
3006 3831 3237 3899 animal,
3284 3831 3543 3899 scientia,

1957 3925 2158 3993 ferum,
2183 3926 2413 3981 medium
2445 3927 2497 3981 in
2520 3926 2759 3993 utrisque
2784 3925 2981 3980 ferum.
3010 3926 3115 3980 Nec
3145 3925 3357 3994 quando
3384 3925 3542 3979 ambo

1963 4019 2209 4088 privativi
2239 4029 2529 4088 ponuntur,
2558 4030 2641 4073 est
2667 4029 2844 4073 autem
2871 4034 3008 4072 unus
3034 4018 3246 4086 quidem
3271 4017 3545 4072 universa-

1963 4112 2057 4175 lis,
2100 4112 2233 4166 alter
2264 4126 2390 4167 vero
2422 4112 2779 4181 particularis.
2813 4111 3050 4167 Termini
3079 4110 3253 4165 inesse
3277 4156 3290 4179 ,
3335 4113 3548 4182 quando

1963 4207 2140 4260 minor
2164 4214 2246 4259 est
2266 4205 2583 4260 universalis
2609 4204 2675 4259 ad
2706 4203 2960 4268 medium,
2993 4204 3210 4268 animat,
3248 4206 3407 4259 homo
3426 4249 3441 4271 ,
3470 4204 3547 4260 fe-

1966 4313 2119 4363 rum,
2161 4312 2265 4350 non
2306 4297 2514 4360 inesse,
2546 4297 2773 4360 animal,
2808 4295 3059 4361 scientia,
3092 4294 3287 4373 ferum.
3330 4295 3552 4363 Quando

1963 4400 2145 4445 autem
2194 4390 2389 4458 major,
2421 4405 2526 4443 non
2576 4391 2750 4444 inesse
2778 4387 3026 4457 quidem,
3048 4401 3276 4454 corvus,
3320 4389 3409 4441 nix
3430 4430 3443 4453 ,
3473 4389 3553 4441 al-

1967 4481 2130 4548 bum;
2162 4481 2341 4537 inesse
2366 4497 2494 4536 vero
2523 4496 2628 4535 non
2657 4491 2737 4536 est
2767 4496 2983 4536 sumere
3011 4483 3054 4536 si
3080 4498 3113 4533 θ’
3149 4482 3303 4536 nlicui
3336 4482 3554 4551 quidem

269 4549 505 4619 animal,
551 4566 753 4621 equus,
805 4552 999 4616 homo;
1044 4572 1147 4608 non
1180 4556 1387 4622 inesse,
1418 4554 1651 4621 animal,
1687 4555 1848 4610 inani-

1967 4530 2094 4537 ---η
2117 4530 2130 4548 ,
2162 4530 2339 4537 ηπ--
2379 4530 2489 4536 .---
2524 4530 2628 4535 ---η
2663 4530 2737 4536 ν--
2768 4530 2980 4536 πω---
3012 4530 3054 4536 --
3086 4530 3094 4533 -
3151 4530 3303 4536 πη--
3339 4530 3554 4551 ηψπ.--

1970 4576 2114 4630 inest
2139 4591 2194 4639 ε,
2222 4574 2580 4628 alicui'autem
2609 4589 2712 4627 non
2741 4574 2899 4629 inest.
2931 4574 2987 4629 Si
3018 4576 3160 4628 enim
3190 4592 3221 4644 p
3249 4577 3394 4628 omni
3421 4592 3448 4627 r
3478 4576 3557 4629 in-

269 4651 503 4711 matum,
552 4643 742 4712 homo,
786 4661 960 4716 neque
989 4649 1202 4717 quando
1237 4655 1396 4704 ambo
1434 4650 1500 4705 de
1532 4650 1680 4705 nullo
1720 4667 1744 4703 δ
1770 4651 1853 4705 di-

270 4744 484 4799 cuntur,
517 4752 621 4789 nun
654 4737 759 4791 erit
806 4740 1165 4810 syllogismus.
1212 4741 1447 4797 Termini
1492 4744 1669 4800 inesse
1692 4784 1707 4810 ,
1740 4745 1855 4799 ani-

272 4828 410 4893 mal,
440 4843 638 4898 equus,
673 4830 1043 4897 inanimatum;
1076 4850 1180 4889 non
1210 4838 1414 4902 inesse,
1464 4837 1651 4903 homo,
1686 4853 1856 4908 equus

272 4921 655 4990 inanimatum,
694 4926 956 4992 medium,
996 4927 1368 4985 inanimatum.
1399 4930 1735 4989 Manifestum
1773 4946 1858 4989 est.

273 5017 433 5085 igitur
458 5027 512 5071 ct
542 5018 592 5071 iu
622 5018 720 5073 hac
752 5018 916 5089 ﬁgura
944 5032 997 5075 et
1026 5025 1239 5092 quando
1271 5025 1404 5092 erit,
1436 5036 1488 5080 et
1510 5028 1723 5094 quando
1755 5043 1861 5082 non

270 5112 372 5163 crit
404 5110 742 5180 syllogismus
793 5128 857 5189 ex
904 5115 1297 5172 universalibus
1341 5119 1606 5172 terminis.
1637 5118 1864 5185 Quando

272 5202 415 5254 cnim
440 5202 595 5255 umbo
620 5205 829 5258 termini
856 5215 981 5260 sunt
1004 5206 1349 5277 praedicativi,
1376 5210 1476 5263 erit
1499 5208 1861 5280 syll0gismus,

273 5293 526 5359 quoniam
574 5294 711 5348 inest
737 5296 893 5350 alicui
918 5299 1227 5353 extremitas
1255 5301 1614 5367 extremitati;
1649 5302 1866 5371 quando
1980 5322 2216 5380 manu“,
2260 5314 2460 5368 album,
2496 5314 2829 5369 Manifestum
2861 5321 2945 5368 θοι
2969 5313 3149 5383 igitur,
3182 5322 3237 5367 ει
3277 5313 3328 5366 in
3363 5314 3461 5367 hac
3502 5314 3563 5366 ﬁ-

274 5400 405 5437 veru
452 5386 728 5454 pl'iVMlVl,
763 5404 868 5443 non
894 5392 997 5444 erit
1034 5392 1404 5461 syllogismus;
1437 5394 1652 5463 quando
1682 5407 1848 5449 autem

1978 5419 2140 5473 gnra,
2174 5404 2385 5475 quando
2412 5406 2511 5459 erit
2539 5446 2552 5469 ,
2585 5413 2638 5459 et
2679 5403 2891 5473 quando
2923 5420 3027 5459 non
3058 5404 3157 5459 erit
3187 5405 3557 5475 syll0gismus,

275 5478 363 5532 hic
391 5479 603 5548 quidem
639 5482 928 5550 privativus
949 5526 963 5551 ,
996 5485 1081 5539 ille
1108 5500 1238 5540 vero
1266 5487 1645 5553 afﬁrmativus;
1674 5489 1717 5542 si
1745 5503 1864 5542 ma-
1975 5504 2035 5551 et
2078 5494 2324 5564 quoniam
2367 5483 2686 5551 habentibus
2727 5511 2786 5551 se
2817 5496 3090 5566 terminis,
3124 5506 3180 5551 ιιι
3208 5496 3408 5550 dictum
3445 5506 3560 5563 εει,

270 5572 362 5643 jor
389 5574 602 5643 quidem
637 5576 793 5631 fuert
821 5580 1128 5648 privativus,
1159 5582 1292 5636 alter
1327 5597 1455 5637 vero
1481 5584 1827 5638 alﬁrmativus
1847 5625 1867 5650 ,
1983 5592 2042 5644 ﬁt
2072 5591 2416 5661 syllogismus
2444 5607 2511 5646 ex
2546 5591 2885 5659 necessitate,
2916 5597 2972 5645 et
3001 5591 3047 5645 si
3091 5592 3158 5645 sit
3188 5590 3525 5662 syllogismus
3546 5631 3560 5656 ,

272 5666 746 5737 eritsyllogismus
767 5714 781 5739 ,
825 5673 1077 5739 quoniam
1122 5674 1276 5729 alicui
1311 5691 1415 5729 nun
1448 5677 1585 5731 inest
1612 5679 1848 5731 extremi

1982 5697 2203 5737 necesse
2238 5693 2318 5735 est
2362 5683 2618 5737 terminos
2648 5680 2724 5736 sic
2760 5697 2819 5736 se
2859 5683 3071 5739 habere.
3119 5682 3453 5739 Manifestum
3482 5695 3565 5739 est

277 5770 364 5817 tas
392 5761 737 5818 extremitati.
785 5761 841 5819 Si
889 5772 1068 5822 autem
1092 5780 1125 5821 e
1163 5781 1453 5836 converso,
1484 5784 1587 5825 non
1632 5771 1750 5823 erit.
1808 5769 1864 5824 Si
1986 5775 2149 5830 etiam
2173 5814 2189 5842 ,
2218 5773 2342 5843 quia
2371 5788 2561 5833 omnes
2588 5772 2885 5842 imperfecti
2908 5758 3033 5831 sunt
3062 5777 3115 5836 in
3138 5780 3243 5834 bac
3267 5787 3432 5847 ngura
3456 5775 3570 5846 syl-

1922 5862 1951 5877 Ὃ

264 3995 391 4062 dem
423 4012 479 4061 ε,
512 4014 543 4065 p
571 4006 747 4052 autem
778 3999 957 4053 nullis
985 4000 1158 4065 inest,
1188 4001 1292 4053 erit
1315 4000 1686 4071 syllogismus,
1719 4015 1852 4071 quo-

268 4086 413 4140 niam
442 4104 475 4155 p
502 4087 659 4141 alicui
683 4105 709 4141 r
736 4106 838 4143 non
884 4090 1047 4145 inerit
1074 4107 1139 4144 ex
1171 4091 1512 4147 necessitate.
1544 4092 1675 4146 Nam
1708 4093 1850 4147 idem

267 4179 460 4233 modus
487 4180 593 4259 erit
631 4180 1128 4248 demonstrationis,
1171 4197 1430 4237 conversa
1472 4200 1499 4235 r
1537 4200 1562 4237 ο
1604 4184 1853 4253 proposi-

267 4271 432 4325 tione.
466 4272 790 4327 Ostendetur
814 4285 990 4330 autem
1013 4285 1068 4330 et
1093 4291 1185 4345 per
1213 4276 1569 4346 impossibile,
1599 4278 1857 4349 quemad-

269 4363 483 4417 modum
508 4363 560 4417 in
586 4364 872 4433 prioribus.
901 4367 954 4421 Si
980 4377 1157 4422 autem
1180 4368 1308 4421 insit
1328 4385 1373 4433 r,
1407 4384 1426 4416 ς
1453 4370 1668 4438 quidem
1700 4369 1855 4433 nulli,

269 4474 304 4525 p
332 4471 456 4510 vero
482 4460 673 4512 omnis
693 4501 705 4524 ,
733 4477 837 4513 non
864 4463 968 4515 erit
992 4464 1356 4532 syllogismus.
1384 4463 1621 4518 Termini
1652 4465 1851 4532 inesse,

1970 4667 2074 4732 sit,
2103 4683 2130 4719 r
2157 4677 2335 4720 autem
2366 4666 2526 4721 alicui
2548 4682 2600 4732 ε,
2629 4675 2683 4721 et
2712 4683 2743 4729 p
2774 4668 2928 4720 inerit
2952 4666 3107 4720 alieni
3130 4683 3176 4719 ι.
3209 4665 3444 4721 Positum
3475 4674 3559 4722 est

1970 4765 2150 4811 autem
2201 4756 2360 4821 nulli,
2412 4756 2503 4811 sed
2553 4772 2621 4810 ex
2668 4756 2946 4812 indeﬁnito
2992 4759 3398 4813 monstrandum
3446 4768 3549 4813 est.

1972 4850 2156 4922 Neque
2196 4850 2243 4905 si
2273 4858 2492 4920 uterque
2520 4850 2684 4905 alicui
2719 4850 2897 4906 medio
2928 4852 3097 4919 inest,
3128 4852 3211 4905 vel
3251 4868 3354 4907 non
3387 4852 3554 4915 inest,

1974 4947 2060 5001 vel
2085 4961 2221 5000 unus
2260 4940 2480 5014 quidem
2512 4947 2675 5012 inest,
2710 4947 2848 5001 alter
2873 4961 3001 5001 vero
3028 4962 3131 5001 non
3164 4946 3329 5010 inest,
3361 4945 3441 4999 vel
3475 4945 3560 5000 hic

1976 5037 2425 5108 quidemalicui,
2466 5039 2555 5093 ille
2600 5054 2733 5094 vero
2776 5055 2880 5093 non
2918 5038 3100 5101 omni,
3146 5038 3225 5092 vel
3259 5036 3555 5102 indeﬁnite,

1978 5131 2127 5186 nullo
2156 5132 2313 5185 modo
2338 5133 2440 5186 erit
2461 5117 2823 5200 syllogismus.
2849 5132 3088 5187 Termini
3111 5141 3287 5185 autem
3310 5134 3557 5185 caminu-

1981 5237 2078 5276 nes
2108 5221 2375 5286 omnium,
2405 5222 2631 5286 animal,
2668 5223 2826 5278 homo
2850 5264 2864 5288 ,
2891 5222 3103 5288 album,
3135 5222 3359 5287 animal,
3391 5221 3534 5275 inani
