4090 6342
292 304 399 362 θιθ

937 294 1244 383 ΡΒΙΟΒΒΜ
1285 292 1826 356 ANALYTICORUM
1846 280 2325 356 .ARISTOTELIS
2364 294 2938 353 INTERPRETATIO.
2970 370 2973 373 _

3475 300 3583 357 650

290 416 607 478 universalis
649 412 965 487 propositio.
1015 412 1098 470 Sit
1135 422 1315 469 autem
1344 415 1519 484 primo
1564 413 1888 468 universalis
1913 416 1971 477 Α
1996 423 2145 479 sunt.
2171 431 2197 467 c
2222 427 2326 467 non
2358 412 2516 467 inerit
2543 412 2593 467 ι».
2618 412 2851 468 Rursum
2883 412 2955 467 sit
2984 411 3350 482 prtcdicativa,
3382 423 3436 471 et
3466 418 3586 471 nui-

289 510 618 576 nccessaria,
647 518 703 563 et
730 524 763 562 a
800 506 1015 579 quidem
1043 505 1191 563 omni
1218 507 1248 561 ὁ
1274 506 1404 563 insit
1426 521 1492 562 ex
1531 507 1880 573 necessitate,

289 607 319 661 b
348 612 526 659 autem
548 601 710 657 alicui
740 617 767 655 c
792 600 924 657 insit
942 599 1137 666 solum,
1172 613 1396 657 necesse
1415 610 1499 655 est
1517 614 1646 671 ergo
1667 617 1699 653 a
1722 599 1881 656 alicui

288 712 317 750 ε
336 700 514 751 inesse
538 708 607 749 ex
628 690 972 757 necessitate,
994 705 1117 746 nam
1140 706 1167 743 c
1187 690 1286 747 sub
1308 690 1337 743 b
1362 698 1466 760 est,
1490 691 1519 745 ὸ
1540 698 1718 746 autem
1736 689 1882 746 omni
1921 712 1939 726 ο

288 808 319 843 α
351 789 526 843 inerat
553 800 621 841 ex
646 784 990 842 necessitate.
1035 783 1298 861 Similiter
1323 791 1503 840 autem
1532 794 1587 841 et
1616 784 1663 838 si
1701 784 1881 854 priva-

290 884 431 938 tivus
459 880 810 953 syllogismus
836 879 927 945 sit,
961 893 1085 933 nam
1115 877 1304 965 eadem
1332 877 1438 934 erit
1464 877 1883 935 demonstratio.

288 976 346 1031 Si
376 985 555 1029 autem
602 971 940 1043 particularis
974 980 1059 1028 est
1084 972 1421 1040 necessaria,
1465 984 1574 1027 non
1601 971 1707 1027 erit
1748 985 1881 1026 con-

284 1068 460 1125 clusio
510 1067 852 1132 necessaria,
900 1066 1033 1121 nihil
1087 1066 1230 1123 enim
1274 1066 1607 1138 impossibile
1654 1065 1881 1137 evenit,

286 1162 741 1234 quemadmodum
793 1176 893 1218 nec
944 1162 998 1216 in
1050 1161 1443 1218 universalibus
1495 1159 1831 1233 syllogismis
1868 1203 1882 1221 .

287 1256 537 1312 similiter
586 1260 844 1310 autemet
881 1252 932 1309 in
980 1251 1275 1322 privativis.
1336 1252 1611 1322 Termini,
1660 1259 1876 1319 motus,

286 1348 513 1416 animal,
542 1347 751 1404 album.

919 1457 1148 1516 C’APUT
1188 1456 1257 1513 Χ.

292 1578 376 1634 De
391 1578 563 1633 mixtis
582 1591 648 1633 ea:
662 1592 767 1632 una
786 1575 1073 1631 ttccessaria
1093 1580 1142 1628 et
1162 1573 1325 1627 altera
1345 1570 1576 1627 absoluta
1589 1572 1642 1625 in
1662 1570 1888 1627 secunda
1946 1554 1956 1566 ’

990 1647 1184 1718 ﬁgura.

368 1768 424 1821 in
454 1764 689 1821 secunda
718 1772 896 1819 autem
929 1762 1097 1834 ﬁgura
1127 1761 1172 1817 si
1203 1760 1468 1831 privativa
1510 1759 1728 1832 quidem
1759 1774 1888 1830 pro-

290 1861 493 1931 positio
535 1858 862 1914 universalis
892 1856 963 1912 sit
998 1866 1054 1911 et
1097 1856 1400 1911 necessaria
1423 1895 1440 1921 ,
1478 1854 1751 1911 conclusio
1781 1855 1887 1911 erit

293 1954 626 2010 necessarit.
661 1952 717 2009 Si
744 1961 944 2009 .autem
972 1951 1317 2023 praedicativa
1340 1990 1358 2017 ,
1402 1965 1507 2005 non
1556 1949 1884 2006 necessaria.

297 2047 383 2101 Sit
411 2048 556 2100 cnim
587 2045 815 2115 primum
847 2043 1103 2115 privativa
1134 2042 1459 2110 necessaria,
1494 2049 1549 2098 et
1568 2059 1600 2096 a
1620 2041 1648 2095 ὁ
1670 2042 1887 2111 quidem

302 2138 437 2193 nulli
469 2136 762 2206 contingat,
794 2152 820 2189 c
849 2144 1024 2191 autem
1054 2135 1181 2191 insit
1209 2143 1448 2199 tantum;
1476 2134 1726 2205 quoniam
1759 2149 1890 2205 ergo

291 2232 622 2286 convertitur
650 2228 938 2299 privativa,
970 2235 1025 2284 et
1052 2228 1081 2281 b
1111 2228 1241 2283 nulli
1272 2243 1305 2281 a
1332 2227 1617 2298 contingit,
1654 2245 1686 2281 a
1709 2235 1890 2282 autem

292 2324 444 2379 omni
473 2339 499 2377 c
527 2323 688 2391 inest,
720 2336 886 2392 quare
916 2321 1053 2376 nulli
1080 2336 1106 2374 c
1136 2320 1394 2391 contingit
1423 2320 1472 2389 b,
1518 2335 1640 2374 nam
1672 2335 1699 2372 c
1726 2322 1825 2374 sub
1858 2336 1893 2373 a

291 2426 400 2473 est.
452 2415 715 2471 Similiter
738 2424 917 2469 autem
948 2422 1002 2469 et
1028 2413 1073 2468 si
1099 2413 1165 2468 ad
1195 2428 1222 2465 c
1253 2420 1480 2480 ponatur
1525 2411 1846 2482 privativum
1873 2452 1890 2479 ,

292 2525 419 2567 nam
449 2509 496 2565 si
517 2525 550 2563 α
578 2525 605 2562 c
626 2508 757 2564 nulli
781 2507 1077 2578 contingit,
1107 2514 1163 2579 et
1189 2522 1217 2560 ο
1242 2506 1374 2561 nulli
1403 2524 1435 2560 a
1456 2504 1653 2575 poterit
1687 2505 1892 2573 inesse,

293 2620 326 2656 rt
352 2610 536 2657 autem
568 2602 712 2656 omni
743 2600 772 2653 b
801 2600 963 2655 inest.
994 2600 1173 2665 Quare
1201 2598 1333 2653 nulli
1358 2612 1545 2654 eorum
1572 2613 1694 2667 quae
1720 2607 1843 2652 sunt
1863 2598 1893 2654 b

296 2695 563 2765 contingit
592 2711 639 2757 ο,
675 2694 732 2749 ﬁt
756 2692 900 2749 enim
930 2693 1102 2762 prima
1134 2692 1322 2762 ﬁgura.
1350 2691 1583 2747 Rursum
1614 2706 1721 2747 non
1763 2705 1895 2762 ergo

297 2788 525 2859 nequeb
563 2786 662 2855 ipsi
686 2802 735 2852 c,
778 2785 1114 2841 convertitur
1133 2784 1276 2839 enim
1319 2782 1586 2840 similiter.
1621 2782 1679 2840 Si
1709 2791 1891 2839 autem

298 2879 646 2953 praedicativa
689 2878 985 2950 propositio
1013 2885 1097 2933 est
1123 2876 1423 2932 necessaria
1442 2917 1457 2943 ,
1489 2890 1597 2932 non
1631 2875 1732 2931 erit
1757 2890 1894 2931 eon-

298 2974 472 3032 clusio
492 2972 816 3039 necessaria,
844 2971 973 3026 insit
1001 2969 1144 3025 enim
1167 2985 1198 3023 a
1227 2967 1375 3023 omni
1396 2969 1425 3022 b
1456 2983 1523 3024 ex
1549 2966 1894 3035 necessitate,

302 3084 328 3122 ε
357 3076 537 3121 autem
567 3063 701 3120 nulli
726 3062 857 3119 insit
887 3070 1094 3117 tantum
1113 3103 1127 3129 ,
1160 3075 1419 3117 conversa
1446 3075 1575 3131 ergo
1604 3060 1891 3130 privativa,

1960 505 2244 573 ‘versalis,
2270 514 2325 560 et
2353 505 2681 572 necessaria,
2705 513 2761 560 et
2785 514 3013 574 ponatur
3040 502 3104 557 ad
3138 504 3165 556 b
3197 504 3411 575 quidem
3442 520 3587 574 prtu-

1996 597 2309 665 dicativum,
2343 596 2388 651 si
2415 610 2546 665 ergo
2571 595 2779 655 aomni
2811 595 2839 650 b
2871 610 2936 652 ex
2968 596 3287 652 necessitate
3338 596 3510 661 inest,
3560 614 3590 651 c

1995 700 2173 748 autem
2206 689 2369 746 alicui
2397 703 2504 744 non
2527 690 2691 754 inest,
2719 690 2972 760 quoniam
3002 703 3109 744 non
3136 688 3298 745 inerit
3319 688 3347 743 ιι
3374 689 3531 743 alicui
3562 704 3591 743 ε

1994 784 2368 850 manifestum,
2399 782 2494 839 sed
2525 798 2633 840 non
2662 797 2730 838 ex
2752 783 3095 840 necessitate.
3123 776 3254 837 Nam
3281 782 3442 839 iidem
3476 793 3589 839 ter-

1994 878 2128 933 mini
2163 884 2321 931 erunt
2345 874 2414 930 ad
2436 873 2977 940 demonstrationem,
3002 874 3091 945 qui
3116 874 3168 929 in
3197 873 3592 930 universalibus

1993 966 2359 1039 syllogismis:
2393 965 2487 1021 sed
2515 979 2614 1021 nec
2645 966 2690 1021 si
2721 965 2983 1036 privativa
3014 963 3317 1021 necessaria
3351 972 3434 1019 est
3464 978 3597 1033 par-

1960 1036 2291 1116 ticulariter
2321 1067 2568 1129 sumpta,
2615 1056 2718 1113 erit
2762 1057 3037 1113 conclusio
3081 1055 3411 1113 necessaria.
3456 1055 3590 1117 Nam

1997 1167 2100 1223 per
2129 1150 2347 1209 eosdem
2381 1151 2645 1207 terminos
2672 1149 3087 1206 demonstratio.

2611 1286 2837 1344 CAPUT
2878 1287 2966 1342 ΧΙ.

2072 1401 2149 1457 De
2172 1400 2483 1473 syllogismis
2503 1400 2676 1455 mixtis
2698 1417 2761 1454 ea:
2783 1400 2945 1454 altera
2975 1402 3263 1456 necessaria
3284 1409 3330 1455 et
3358 1400 3522 1457 altera

2420 1472 2668 1527 absoluta
2699 1473 2753 1525 in
2782 1474 2930 1528 tertia
2974 1473 3163 1545 ﬁgura.

1997 1566 2007 1580 ’
2070 1584 2128 1640 In
2162 1582 2431 1657 postrema
2464 1591 2642 1640 autem
2670 1583 2837 1655 ﬁgura
2868 1584 3116 1639 terminis
3140 1583 3355 1654 quidem
3381 1584 3596 1642 univcr-

1998 1676 2204 1733 salibus
2238 1676 2303 1731 ad
2335 1676 2606 1739 medium,
2642 1685 2696 1731 et
2727 1676 3087 1747 prmdicativis
3132 1675 3373 1747 utrisque
3405 1692 3597 1747 propoo

1998 1768 2314 1835 sitionibus,
2354 1768 2402 1822 si
2433 1768 2687 1823 utrolibet
2716 1767 2787 1822 sit
2830 1769 3172 1835 necessaria,
3223 1774 3278 1822 et
3322 1767 3598 1823 conclusio

1993 1865 2102 1919 erit
2130 1861 2459 1918 necessaria.
2494 1860 2551 1917 Si
2582 1868 2763 1917 autem
2792 1860 2911 1916 lucc
2952 1859 3169 1929 quidem
3201 1862 3272 1916 sit
3297 1860 3557 1931 privativa
3578 1904 3593 1928 ,

1994 1957 2087 2013 illa
2114 1970 2244 2012 vero
2272 1954 2635 2025 praedicativa,
2670 1954 2887 2024 quando
2911 1953 3170 2022 privativa
3193 1953 3410 2024 quidem
3435 1953 3601 2009 fuerit

1995 2046 2305 2107 necessaria
2325 2088 2340 2113 ,
2369 2055 2422 2103 et
2450 2044 2739 2102 conclusio
2760 2048 2865 2102 erit
2893 2047 3222 2112 necessaria,
3248 2047 3463 2117 quando
3503 2062 3599 2103 au-

1996 2151 2107 2199 tem
2133 2142 2500 2213 praedicativa,
2535 2156 2645 2196 non
2670 2140 2777 2197 erit
2804 2140 3131 2198 necessaria.
3164 2140 3287 2195 Sint
3312 2141 3453 2195 enim
3486 2142 3600 2211 pri-

1998 2248 2150 2288 mum
2196 2242 2440 2302 utrasque
2485 2230 2846 2302 praedicativte
2878 2231 3306 2303 propOsitioncs.
3337 2239 3393 2287 et
3418 2249 3446 2283 ιι
3476 2240 3531 2285 ct
3571 2231 3601 2284 ὁ

1995 2324 2148 2379 omni
2200 2322 2440 2390 cinsint,
2492 2325 2802 2380 necessaria
2854 2332 3035 2380 autem
3075 2325 3147 2378 sit
3183 2340 3215 2377 a
3244 2340 3301 2389 c,
3346 2324 3602 2394 quoniam

1996 2428 2131 2485 ergo
2160 2415 2187 2467 b
2216 2413 2363 2469 omni
2394 2429 2421 2466 c
2444 2413 2602 2479 inest,
2632 2423 2731 2469 etc
2755 2414 2916 2470 alicui
2939 2415 2967 2467 b
2990 2415 3169 2481 inerit,
3199 2429 3264 2469 eo
3302 2415 3442 2486 quod
3471 2430 3603 2471 con-

2003 2507 2238 2561 vertitur
2264 2505 2591 2561 universalis
2640 2506 3056 2576 particulariter.
3088 2509 3265 2573 Quare
3295 2509 3340 2563 si
3390 2525 3421 2561 a
3463 2509 3604 2565 inest

1986 2592 2151 2655 omni
2178 2616 2205 2653 c
2230 2615 2296 2656 ex
2320 2600 2668 2662 necessitate,
2694 2610 2747 2654 et
2777 2616 2805 2653 c
2832 2600 2990 2654 alicui
3023 2601 3073 2667 b,
3104 2608 3159 2655 et
3187 2617 3218 2653 α
3249 2602 3411 2655 ειιίουί
3444 2603 3472 2655 b
3509 2619 3604 2659 ne-

2000 2692 2298 2747 cessarium
2348 2691 2564 2753 inesse.
2600 2706 2724 2745 nam
2758 2693 2786 2745 b
2809 2691 2909 2746 sub
2939 2708 2966 2744 c
3000 2699 3100 2747 est.
3131 2691 3215 2747 Fit
3246 2693 3405 2762 igitur
3434 2694 3604 2764 prima

1986 2776 2197 2854 ﬁgura.
2225 2782 2485 2839 Similiter
2520 2792 2701 2837 autem
2732 2783 3071 2849 OStendetur,
3109 2794 3163 2840 et
3204 2785 3249 2839 si
3277 2784 3305 2838 b
3330 2802 3356 2837 c
3383 2796 3466 2842 est
3501 2803 3600 2845 ne-

1990 2874 2268 2940 cessaria,
2293 2873 2630 2929 convertitur
2651 2874 2795 2929 enim
2820 2891 2847 2928 ε
2874 2875 3031 2929 alicui
3063 2892 3117 2944 a,
3148 2890 3313 2945 quare
3334 2877 3381 2932 si
3402 2878 3547 2935 omni
3577 2895 3608 2934 ο

2004 2966 2149 3022 inest
2170 2966 2199 3020 ὁ
2229 2981 2296 3022 ex
2322 2966 2665 3030 necessitate,
2698 2973 2755 3021 et
2781 2982 2814 3018 α
2844 2967 3001 3021 alicui
3027 2966 3054 3020 b
3078 2967 3239 3023 inerit
3259 2984 3327 3023 ex
3363 2970 3607 3027 necessi-

2008 3065 2137 3113 tate.
2168 3057 2401 3118 Rursum
2422 3057 2491 3112 sit
2521 3074 2552 3111 a
2577 3074 2604 3111 c
2633 3058 2846 3128 quidem
2874 3059 3156 3128 privativa,
3190 3062 3218 3115 b
3245 3078 3271 3116 c
3298 3078 3429 3120 vero
3458 3066 3606 3122 afﬁr—

302 3161 364 3215 m
391 3159 560 3230 prima
589 3158 779 3229 ﬁgura.
828 3157 1114 3212 Ostensum
1143 3163 1227 3211 est
1256 3163 1434 3210 autem
1464 3153 1517 3209 in
1549 3153 1722 3224 prima
1762 3168 1902 3225 quo~
1926 3188 1978 3253 ρ
2007 3150 2229 3217 mativa,
2279 3149 2587 3206 necessaria
2618 3160 2793 3207 autem
2826 3153 3087 3223 privativa
3110 3196 3125 3221 ,
3176 3159 3427 3230 quoniam
3479 3177 3609 3234 ergo

302 3252 455 3308 niam
480 3263 606 3306 cum
636 3263 745 3305 non
786 3255 872 3304 est
909 3249 1217 3304 necessaria
1255 3263 1373 3318 qua:
1397 3247 1463 3301 ad
1516 3246 1781 3317 majorem
1811 3255 1900 3303 est

304 3343 559 3415 privativa
583 3384 599 3408 ,
648 3356 747 3397 nec
774 3340 1052 3397 conclusio
1081 3338 1185 3396 erit
1212 3340 1515 3396 necessaria
1536 3380 1551 3405 ,
1584 3352 1756 3411 quare
1786 3352 1890 3395 nec

306 3436 361 3491 in
392 3435 479 3491 bis
516 3436 618 3491 erit
637 3448 703 3489 ex
744 3431 1087 3488 necessitate.
1121 3431 1365 3502 Amplius
1396 3441 1577 3487 autem
1606 3430 1651 3485 si
1681 3431 1904 3486 conclu-

309 3532 396 3589 sio
418 3538 502 3586 est
530 3527 872 3595 necessaria,
899 3526 1097 3582 accidit
1124 3542 1151 3580 c
1191 3525 1350 3582 alicui
1394 3543 1426 3579 a
1465 3539 1573 3580 non
1612 3523 1792 3580 inesse
1833 3539 1906 3581 ex
1954 3531 1963 3536 '

308 3622 635 3679 necessitate
657 3659 676 3686 ,
716 3622 761 3675 si
790 3618 934 3675 enim
964 3617 991 3671 b
1024 3617 1152 3672 nulli
1184 3634 1211 3671 ο
1243 3617 1385 3672 inest
1432 3631 1498 3671 ex
1547 3615 1903 3681 necessitate,

309 3730 487 3787 neque
512 3731 538 3769 c
569 3714 702 3770 nulli
729 3715 757 3767 ὸ
779 3712 941 3767 inerit
961 3726 1029 3767 ex
1054 3710 1395 3776 necessitate,
1425 3709 1453 3763 ὁ
1478 3719 1657 3764 autem
1686 3706 1841 3764 alicui
1873 3723 1907 3762 α

311 3824 536 3869 necesse
565 3817 649 3864 est
677 3809 875 3874 inesse,
908 3804 1172 3875 siquidem
1204 3811 1259 3859 et
1283 3819 1314 3857 a
1339 3802 1486 3858 omni
1513 3804 1542 3856 b
1569 3817 1637 3857 ex
1661 3799 1906 3857 necessi-

309 3916 424 3961 tate
474 3906 668 3968 inerat,
702 3915 869 3972 quare
889 3917 916 3954 ο
947 3912 1170 3954 necesse
1202 3905 1283 3952 est
1317 3896 1476 3952 alicui
1504 3913 1537 3950 a
1566 3909 1672 3951 non
1702 3882 1905 3963 inesse,

311 3997 411 4054 sed
438 3996 570 4052 nihil
593 3993 842 4065 prohibet
862 4008 895 4044 a
928 3989 1233 4059 huiusmodi
1260 3988 1507 4058 accipere
1527 4027 1542 4053 ,
1572 3987 1657 4043 cui
1686 3986 1832 4041 omni
1878 4001 1908 4039 ε

311 4089 592 4158 contingat
615 4087 810 4143 inesse.
847 4082 1090 4153 Amplius
1109 4089 1165 4137 et
1189 4080 1235 4135 si
1258 4080 1515 4136 terminos
1547 4088 1811 4149 ponentes
1838 4077 1910 4133 sit

312 4178 641 4246 ostendere,
688 4175 939 4247 quoniam
989 4173 1265 4229 conelusio
1317 4187 1423 4226 non
1478 4182 1557 4227 est
1603 4169 1910 4227 necessaria

314 4274 659 4345 simpliciter.
696 4271 763 4327 Et
794 4269 876 4324 liis
891 4266 1267 4332 existentibus,
1299 4263 1660 4321 necessarium
1688 4271 1749 4317 ut
1778 4263 1851 4316 sit
1874 4277 1909 4316 a

315 4366 554 4433 animal,
589 4365 617 4420 b
650 4376 772 4420 vero
802 4363 997 4428 homo,
1042 4377 1068 4414 c
1095 4367 1273 4415 autem
1303 4357 1483 4414 album
1505 4398 1522 4425 ,
1562 4364 1619 4412 et
1657 4354 1911 4411 similiter

316 4459 717 4532 prapositiones
752 4462 981 4524 sumptae
1025 4453 1170 4517 sint,
1208 4450 1472 4521 contingit
1519 4448 1665 4505 enim
1709 4446 1912 4503 animal

2008 3244 2343 3300 convertitur
2364 3243 2709 3311 alﬁrmativa,
2732 3244 2836 3300 erit
2859 3263 2886 3299 ο
2911 3247 3073 3302 alicui
3096 3248 3145 3314 ὁ,
3172 3266 3200 3301 a
3219 3258 3397 3305 autem
3419 3255 3549 3309 nulli
3580 3271 3611 3309 ο

2006 3351 2077 3392 ex
2104 3334 2455 3403 necessitate,
2487 3350 2662 3405 neque
2688 3351 2720 3388 a
2750 3336 2906 3393 ol’cui
2936 3338 2965 3391 lt
2989 3339 3149 3393 inerit
3174 3355 3238 3395 ex
3261 3345 3608 3411 necessitate,

2009 3443 2137 3484 nam
2169 3428 2198 3481 b
2219 3428 2318 3484 sub
2340 3438 2489 3485 cest.
2516 3429 2573 3484 Si
2604 3440 2783 3484 autem
2816 3430 3155 3498 prmdicativa
3180 3434 3249 3489 sit
3273 3440 3609 3507 necessaria,

2012 3536 2121 3576 non
2136 3520 2528 3576 eritconclusio
2544 3523 2867 3576 necessaria.
2884 3522 2964 3578 Sit
2981 3524 3125 3579 enim
3151 3525 3178 3578 ιι
3198 3542 3227 3580 c
3262 3530 3613 3597 praedicativa

2008 3622 2070 3671 et
2089 3614 2390 3670 necessaria
2409 3655 2423 3678 ,
2462 3631 2536 3667 ac
2560 3622 2739 3669 autem
2770 3616 3026 3685 privativa
3054 3627 3108 3673 et
3141 3634 3247 3676 non
3280 3626 3614 3692 necessaria,

2009 3715 2269 3784 quoniam
2297 3726 2425 3783 ergo
2451 3712 2787 3768 convertitur
2808 3714 3127 3770 alﬁrmativa
3148 3756 3165 3783 ,
3195 3716 3356 3772 inerit
3384 3726 3436 3772 et
3468 3735 3494 3772 c
3514 3719 3612 3774 ali-

2008 3805 2102 3862 cui
2126 3804 2153 3857 b
2178 3821 2247 3861 ex
2273 3805 2614 3861 necessitate.
2648 3806 2827 3873 Quare
2854 3806 2901 3861 si
2926 3824 2960 3862 a
2979 3807 3197 3878 quidem
3245 3809 3375 3864 nulli
3420 3824 3612 3868 eorum

2010 3900 2487 3970 qumsuntcinest,
2504 3916 2531 3953 ε
2551 3909 2731 3954 autem
2745 3898 2901 3955 alicui
2936 3914 3121 3957 eorum
3148 3916 3269 3971 quae
3293 3912 3421 3957 sunt
3453 3903 3482 3957 b
3505 3912 3559 3960 et
3581 3919 3617 3961 ιι

2012 3989 2171 4045 alicui
2195 4004 2382 4046 eorum
2400 4005 2518 4061 qua:
2534 3998 2661 4046 sunt
2697 3990 2725 4044 b
2750 4006 2855 4046 non
2888 3992 3081 4058 inerit,
3098 3992 3193 4048 sed
3214 4008 3318 4048 non
3338 4009 3401 4049 ex
3427 4010 3618 4055 neces-

2014 4083 2200 4138 sitate.
2226 4085 2517 4140 Ostensum
2552 4094 2636 4140 est
2664 4085 2811 4139 cnim
2854 4086 2908 4139 in
2940 4087 3112 4154 prima
3162 4086 3328 4157 ﬁgura
3360 4092 3618 4158 quoniam

2018 4178 2282 4249 privativa
2310 4177 2682 4247 propositione
2707 4180 3039 4245 necessaria,
3065 4194 3165 4234 nec
3193 4182 3471 4237 conclusio
3511 4185 3619 4241 erit

2019 4268 2344 4325 necessaria.
2374 4268 2620 4338 Amplius
2646 4276 2827 4324 autem
2854 4278 2909 4323 et
2936 4285 3033 4340 per
3064 4273 3324 4327 terminos
3346 4276 3415 4328 sit
3442 4276 3614 4334 mani-

2020 4362 2238 4430 festum,
2270 4362 2339 4416 sit
2370 4361 2514 4417 enim
2541 4379 2573 4415 a
2615 4362 2832 4432 quidem
2866 4363 3066 4418 bonum
3099 4364 3153 4419 in
3182 4381 3290 4435 quo
3319 4367 3347 4421 ὁ
3376 4368 3573 4427 animal
3594 4413 3612 4435 .

2019 4471 2046 4509 c
2068 4463 2245 4511 autem
2300 4468 2469 4521 equus
2490 4495 2506 4520 ,
2540 4468 2669 4523 ergo
2701 4456 2901 4509 bonum
2933 4456 3150 4525 quidem
3174 4458 3437 4529 contingit
3482 4464 3622 4521 nulli

319 4551 454 4608 nulli
479 4550 603 4606 albo
657 4549 834 4602 inesse
858 4586 873 4609 ,
922 4559 1031 4598 non
1080 4542 1241 4599 inerit
1270 4556 1399 4612 ergo
1427 4556 1529 4597 nec
1566 4540 1728 4595 homo
1775 4536 1909 4594 nulli
1936 4569 1995 4633 D
2022 4563 2160 4619 equo
2199 4547 2376 4602 inesse
2409 4587 2425 4612 ,
2482 4545 2682 4600 animal
2732 4561 2865 4600 vero
2894 4561 3117 4609 necesse
3154 4560 3236 4603 ρει
3277 4553 3419 4604 omni
3476 4568 3618 4624 equo

317 4644 470 4712 alba,
499 4642 592 4698 sed
629 4654 735 4694 non
759 4653 824 4693 ex
858 4636 1200 4692 necessitate.
1231 4634 1505 4703 Contingit
1541 4631 1685 4689 enim
1733 4628 1910 4685 homi-

320 4751 446 4795 nem
478 4732 592 4789 ﬁeri
622 4732 822 4798 album,
850 4742 957 4783 non
990 4736 1165 4782 tamen
1189 4725 1363 4780 donec
1392 4723 1592 4778 animal
1624 4722 1762 4777 nulli
1791 4722 1912 4778 albo

319 4817 474 4890 insit,
501 4838 669 4895 quare
691 4837 814 4879 cum
844 4821 961 4876 haec
986 4819 1116 4884 sint,
1148 4816 1453 4873 necessaria
1485 4816 1591 4871 erit
1615 4814 1913 4879 conclusio,

321 4916 641 4988 simpliciter
665 4924 842 4970 autem
865 4926 969 4967 non
1003 4910 1323 4967 necessaria.
1353 4907 1615 4966 Similiter
1646 4915 1823 4963 autem
1855 4919 1918 4962 se

321 5009 545 5067 habebit
568 5018 622 5063 et
646 5008 700 5062 in
728 5002 1142 5076 particularibus
1168 4999 1525 5073 syllogismis,
1561 4998 1776 5069 quando
1808 4996 1918 5069 pri-

322 5105 499 5159 valiva
548 5101 765 5171 quidem
814 5094 1139 5168 propositio,
1186 5101 1243 5148 et
1270 5089 1592 5147 universalis
1623 5090 1816 5153 fuerit,
1864 5096 1922 5146 et

321 5195 628 5252 necessaria
657 5233 674 5260 ,
732 5200 788 5246 et
835 5186 1116 5245 conclusio
1164 5184 1269 5242 erit
1316 5181 1642 5239 necessaria.
1693 5182 1920 5248 Quando

320 5300 501 5344 autem
527 5283 872 5357 praedicativa
900 5279 1219 5337 universalis
1246 5275 1405 5333 fuerit
1437 5273 1743 5333 necessaria
1763 5316 1778 5343 ,
1806 5274 1919 5343 pri-

319 5382 497 5435 νων.
551 5394 678 5434 vero
721 5375 1056 5447 particularis
1108 5389 1215 5429 non
1258 5370 1599 5438 necessaria,
1647 5384 1759 5425 non
1817 5368 1922 5425 erit

321 5470 603 5528 conclusio
642 5468 964 5524 necessaria.
996 5465 1080 5523 Sit
1104 5465 1252 5522 enim
1282 5463 1514 5534 primum
1548 5462 1829 5533 privativa,
1864 5469 1924 5519 et

322 5562 645 5619 universalis
676 5560 998 5625 necessaria,
1028 5570 1083 5615 et
1109 5576 1143 5614 α
1171 5558 1200 5612 b
1221 5557 1440 5629 quidem
1471 5557 1605 5613 nulli
1642 5556 1922 5628 contingat

321 5656 527 5721 inesse,
556 5671 582 5707 ε
609 5661 785 5708 autem
816 5652 973 5707 alicui
1006 5652 1155 5716 insit.
1198 5650 1451 5723 quoniam
1481 5665 1609 5721 ergo
1639 5651 1920 5707 converti-

323 5756 413 5802 tur
434 5744 726 5815 privativa,
755 5751 810 5799 et
836 5743 864 5797 ὁ
896 5744 1024 5797 nttlli
1063 5761 1097 5797 a
1120 5741 1396 5813 continget
1427 5741 1605 5798 inesse
1625 5783 1639 5810 ,
1673 5759 1705 5796 a
1737 5752 1915 5799 autem

323 5837 485 5894 alicui
516 5854 541 5891 c
564 5837 724 5904 inest,
750 5849 917 5906 quare
945 5848 1009 5889 ex
1039 5833 1358 5890 necessitate
1377 5833 1536 5891 alicui
1566 5848 1754 5891 eorum
1799 5850 1921 5907 qua

780 5953 1050 6016 PATIOL.
1083 5952 1304 6017 LXIV.

2020 4630 2221 4701 inesse,
2253 4636 2349 4691 sed
2378 4651 2483 4691 non
2512 4650 2735 4691 necesse
2762 4645 2847 4690 est
2872 4637 3087 4707 aliquod
3118 4639 3313 4694 animal
3348 4658 3452 4698 non
3494 4661 3619 4703 csse

2019 4730 2244 4793 bOnum,
2277 4726 2545 4796 siquidem
2574 4727 2838 4799 contingit
2869 4743 3031 4784 omne
3061 4744 3188 4786 esse
3238 4731 3453 4789 bonum.
3506 4739 3618 4794 Aut

1993 4822 2067 4901 _si
2095 4835 2200 4875 non
2228 4819 2331 4875 ltoc
2353 4818 2635 4887 possibile,
2670 4818 2765 4876 sed
2793 4819 3041 4890 vigilare,
3069 4821 3150 4878 vel
3173 4823 3407 4880 dormire
3436 4829 3619 4882 terrui-

2025 4929 2155 4971 num
2185 4912 2515 4984 ponendum.
2540 4912 2714 4967 Omne
2752 4913 2897 4968 enim
2924 4913 3125 4971 animal
3156 4919 3505 4987 susceptibile
3533 4932 3621 4977 est
3718 4896 3725 4909 ’

2029 5004 2326 5061 horum.Si
2377 5004 2537 5074 igitur
2590 5004 2807 5061 termini
2849 5006 3228 5063 universaliter
3256 5009 3321 5063 ad
3380 5011 3618 5070 medium

2024 5101 2153 5166 sint,
2184 5099 2386 5153 dictum
2412 5105 2497 5152 est
2523 5097 2739 5168 quando
2760 5098 2864 5156 erit
2894 5101 3173 5157 conclusio
3209 5105 3533 5160 necessaria.
3562 5106 3623 5163 Si

2026 5201 2203 5247 autem
2230 5190 2318 5245 hie
2345 5189 2564 5261 quidem
2591 5192 2911 5248 universalis
2928 5234 2943 5261 ,
2977 5193 3068 5248 ille
3099 5209 3228 5250 vero
3255 5188 3618 5265 particularis,

2028 5284 2403 5357 prmdicativus
2437 5291 2664 5355 uterque
2689 5326 2703 5351 ,
2737 5284 2952 5356 quando
2976 5270 3299 5342 universalis
3332 5286 3494 5343 fuerit
3522 5304 3623 5344 ne-

2029 5376 2321 5443 cessarius,
2351 5384 2407 5431 et
2444 5375 2725 5431 conclusio
2766 5377 2869 5432 erit
2900 5379 3223 5434 necessaria.
3270 5379 3624 5435 Demonstra-

2033 5469 2107 5523 tio
2134 5476 2311 5523 autem
2342 5466 2529 5522 eadem
2554 5482 2674 5539 quae
2698 5470 2865 5539 prius,
2893 5470 3226 5525 convertitur
3250 5471 3392 5527 enim
3418 5480 3474 5527 et
3504 5488 3626 5543 par-

2037 5559 2276 5615 ticularis
2318 5559 2660 5618 afﬁrmativa.
2690 5561 2747 5617 Si
2780 5576 2908 5632 ergo
2951 5576 3174 5617 necesse
3220 5573 3303 5617 est
3339 5564 3368 5617 b
3406 5565 3554 5619 omni
3596 5580 3626 5619 ε

2028 5651 2245 5718 inesse,
2291 5668 2324 5705 a
2352 5660 2529 5708 autem
2560 5654 2663 5708 sub
2707 5669 2735 5707 c
2775 5662 2887 5721 est,
2915 5666 3136 5710 necesse
3165 5665 3247 5709 est
3296 5655 3324 5708 ὑ
3369 5656 3528 5710 alicui
3587 5674 3624 5713 α

2031 5743 2231 5801 inesse.
2260 5744 2319 5802 Si
2357 5756 2534 5802 autem
2567 5746 2595 5801 b
2622 5746 2780 5801 alicui
2806 5763 2837 5799 a
2858 5789 2873 5812 ,
2915 5756 2969 5803 et
2990 5764 3022 5801 α
3051 5747 3211 5802 alicui
3256 5750 3283 5801 b
3316 5750 3492 5806 inesse
3522 5766 3620 5807 ne-

2028 5837 2358 5908 cessarium,
2409 5838 2743 5896 convertitur
2768 5839 2933 5896 enim.
2960 5839 3221 5898 Similiter
3249 5848 3425 5898 autem
3467 5852 3522 5898 et
3567 5844 3619 5900 si

3069 5954 3146 6017 31
