4090 6342
560 344 662 403 OM

1790 333 1901 390 an.
1943 322 2150 390 usus.
2190 326 2341 390 ssv.
2382 312 2607 390 sumit

3729 339 3847 397 652

512 482 515 485 ν
563 482 595 517 a
624 479 648 515 c
674 461 741 515 sit
784 456 1078 513 necessaria
1109 452 1446 518 universalis,
1497 466 1617 506 nam
1666 452 1693 505 b
1732 451 1831 505 sub
1861 466 1888 502 c
1938 460 2039 505 est.
2084 444 2216 509 Si"
2247 462 2464 503 necesse
2487 463 2594 502 non
2623 461 2776 513 esse,
2822 446 3009 501 eadem
3039 455 3217 514 erunt,
3247 447 3330 504 vel
3363 452 3639 522 sequentia
3672 466 3729 509 se
3756 456 3846 512 in-

562 562 738 609 autem
763 547 1098 620 particularis
1118 556 1199 600 est
1223 550 1546 611 necessaria,
1594 557 1701 597 non
1730 542 1835 597 erit
1866 540 2140 595 cooclus'n

561 643 886 702 necessaria.
918 640 1002 696 Sit
1024 639 1171 695 enim
1200 638 1226 691 ὁ
1257 654 1284 692 c
1310 636 1649 707 particularis
1677 645 1735 689 et
1756 634 2082 696 necessaria,
2110 648 2143 685 a

558 749 735 794 autem
761 736 885 791 insit
912 736 1055 789 omni
1085 750 1134 799 ο,
1163 747 1270 788 non
1301 742 1479 787 tamen
1510 747 1574 787 ex
1614 731 1960 794 necessitate,
2008 742 2142 781 con-

556 844 714 886 versa
740 814 868 897 ergo
888 827 917 879 b
939 843 966 880 ε
992 825 1162 896 prima
1190 825 1247 879 ﬁt
1280 827 1467 895 ﬁgura,
1499 832 1553 878 et
1576 822 1902 879 universalis
1924 820 2139 891 quidem

557 920 856 993 propositio
878 934 983 974 non
1008 920 1335 985 necessaria,
1373 918 1716 987 particularis
1744 927 1920 971 autem
1956 930 2143 971 neces-

557 1013 727 1078 saria,
758 1010 971 1083 quando
1017 1018 1196 1065 autem
1232 1011 1309 1065 sic
1337 1024 1397 1064 se
1427 1009 1693 1063 habebant
1722 1006 2139 1077 propositiones,

556 1118 667 1159 non
709 1110 828 1159 erat
871 1103 1144 1157 conclusio
1201 1100 1536 1167 necessaria,
1594 1114 1762 1168 quare
1793 1114 1891 1153 nec
1926 1098 1979 1153 in
2033 1097 2138 1153 his.

556 1197 797 1265 Amplius
821 1205 999 1249 autem
1031 1200 1085 1249 et
1127 1208 1191 1248 ex
1221 1194 1461 1248 terminis
1492 1193 1853 1249 manifestum.
1882 1194 1964 1249 Sit
1993 1191 2135 1247 enim

556 1309 586 1344 ο
617 1291 829 1359 quidem
860 1287 1096 1358 vigilatio
1116 1330 1128 1352 ,
1177 1287 1209 1339 b
1235 1294 1411 1341 autem
1457 1287 1606 1356 bipes
1628 1329 1642 1351 ,
1678 1288 1727 1342 itt
1758 1302 1863 1357 quo
1889 1295 2065 1341 autem
2108 1302 2137 1341 ο

554 1384 749 1439 animal
770 1423 785 1449 ,
827 1397 953 1452 ergo
985 1382 1012 1434 b
1059 1380 1211 1435 alicui
1243 1397 1269 1433 c
1299 1396 1520 1436 necesse
1547 1392 1629 1437 est
1660 1382 1869 1446 inesse,
1895 1398 1927 1433 a
1954 1390 2130 1435 autem

553 1476 699 1530 omni
752 1491 777 1526 c
807 1471 1101 1544 contingit,
1135 1482 1188 1528 et
1216 1491 1247 1526 a
1278 1489 1381 1526 non
1412 1473 1714 1527 necessario
1745 1473 1792 1538 ὁ,
1837 1488 1942 1527 non
1986 1473 2129 1527 enim

555 1579 775 1620 necesse
804 1573 885 1618 est
924 1564 1156 1633 aliquem
1188 1563 1436 1634 bipedem
1474 1564 1711 1619 dormire
1758 1564 1839 1617 vel
1891 1564 2129 1633 vigilare.

554 1658 812 1715 Similiter
864 1665 1040 1709 autem
1095 1670 1189 1724 per
1240 1654 1456 1717 eosdem
1519 1654 1776 1710 terminos
1822 1653 2136 1708 ostendetur

553 1750 712 1803 etiam
742 1748 785 1801 si
818 1765 849 1800 a
892 1763 919 1798 c
955 1747 1023 1800 sit
1050 1744 1383 1815 particularis
1410 1757 1462 1800 ct
1504 1746 1822 1801 necessaria.
1860 1746 1915 1800 Si
1950 1754 2128 1799 autem

2250 545 2437 599 vicem.
2501 545 2570 598 De
2615 544 2759 597 omni
2804 543 2949 598 enim
2997 543 3304 612 afﬁrmatio,
3333 546 3415 600 vel
3442 550 3653 615 negatio
3685 566 3838 605 vera.

2249 636 2366 691 Erit
2412 652 2538 706 ergo
2584 637 2897 706 contingens
2930 637 3313 701 necessarium,
3366 646 3419 691 et
3446 654 3550 692 non
3586 644 3843 695 necessa-

2250 732 2385 784 rium
2413 729 2749 800 contingens.
2792 729 3000 785 Accidit
3044 742 3223 785 autem
3253 745 3443 785 omnes
3472 747 3591 802 qnze
3637 751 3845 788 secun-

2246 821 2371 876 dum
2420 823 2733 891 contingere
2793 830 2919 876 sunt
2980 822 3370 892 propositiones
3443 826 3681 878 converti
3730 826 3843 879 sibi

2245 915 2475 971 invicem
2501 959 2516 982 ,
2568 917 2688 972 dico
2714 914 2892 975 autein
2923 930 3029 970 non
3057 914 3402 969 afﬁrmativas
3429 918 3705 986 negativis.
3737 919 3840 972 sed

2245 1022 2579 1079 quaecunque
2627 1008 2997 1062 afﬁrmati'vam
3043 1005 3237 1061 habent
3272 1006 3490 1076 ﬁguram
3537 1010 3838 1063 secundum

2244 1102 2633 1173 oppositionem
2659 1144 2673 1167 ,
2722 1110 2778 1156 ut
2817 1117 2877 1156 ea
2920 1116 3039 1171 quae
3069 1111 3147 1154 est
3175 1099 3432 1170 contingit
3459 1115 3580 1155 esse
3619 1102 3668 1156 ei
3711 1117 3841 1171 qtae

2243 1204 2325 1248 cst
2352 1195 2612 1264 contingit
2642 1210 2745 1250 non
2778 1209 2919 1259 esse,
2955 1204 3010 1249 et
3039 1210 3105 1248 ea
3128 1208 3245 1261 qutc
3275 1204 3356 1248 est
3392 1196 3647 1264 contingit
3682 1197 3841 1251 omni

2240 1285 2293 1340 ei
2322 1300 2440 1355 quae
2489 1295 2572 1342 est
2615 1286 2881 1357 contingit
2916 1285 3098 1353 'nulli,
3152 1286 3234 1339 vel
3282 1300 3386 1339 non
3419 1288 3594 1349 omni,
3626 1300 3675 1341 et
3708 1304 3841 1355 quae

2243 1376 2420 1441 alicui.
2467 1386 2520 1431 et
2561 1392 2679 1447 qua:
2711 1392 2814 1431 non
2853 1376 3038 1442 alicui,
3083 1377 3272 1431 eodem
3307 1386 3493 1431 autem
3514 1377 3673 1432 modo
3697 1388 3751 1431 ct
3782 1382 3841 1431 'm

2244 1466 2386 1522 aliis.
2430 1467 2690 1534 Quoniam
2742 1468 2889 1522 enim
2931 1467 3079 1536 quod
3121 1476 3204 1523 est
3248 1470 3563 1537 contingens
3609 1484 3713 1522 non
3745 1479 3838 1525 cst

2241 1561 2601 1617 necessarium
2624 1604 2649 1628 ,τ
2684 1561 2907 1632 etquod
2936 1577 3043 1615 non
3069 1570 3157 1617 est
3180 1564 3551 1619 accesserim
3573 1561 3841 1632 possibile

2239 1664 2459 1709 estnon
2510 1668 2668 1718 esse,
2718 1652 3063 1711 manifestus.
3105 1654 3355 1723 quuniam
3405 1656 3448 1708 si
3491 1655 3753 1726 contingit
3799 1672 3841 1710 ι

2241 1747 2417 1803 inesse
2447 1746 2498 1813 b,
2530 1745 2788 1817 contingit
2815 1756 2869 1802 et
2910 1760 3019 1801 non
3040 1745 3254 1809 inesse,
3282 1753 3338 1801 et
3365 1744 3409 1800 si
3440 1745 3584 1800 omni
3611 1747 3836 1800 comin-

552 1842 641 1894 ltic
666 1840 877 1910 quidem
908 1839 1252 1893 terminorum
1285 1839 1356 1893 sit
1383 1837 1785 1906 phtditﬂiiVUS,
1819 1836 1907 1891 ille
1952 1837 2128 1906 priva-
2158 1831 2208 1895 Β
2239 1840 2314 1911 git
2342 1839 2545 1905 inesse,
2587 1847 2642 1893 et
2690 1836 2836 1891 omni
2885 1826 3149 1906 contingit
3190 1852 3301 1891 non.
3325 1836 3520 1892 inesse.
3565 1838 3833 1894 Similiter

550 1934 692 1986 tivus
722 1940 774 1985 «ιι
796 1927 1150 1993 necessarius,
1181 1929 1394 1999 quando
1416 1928 1738 1984 universalis
1766 1929 1922 1984 fuerit
1947 1929 2128 1997 priva-

552 2026 690 2079 tivus
720 2033 773 2077 et
812 2021 1173 2087 necessarius,
1204 2034 1257 2076 et
1277 2020 1554 2077 conclusio
1580 2021 1680 2075 erit
1714 2022 2035 2076 necessaria.
2070 2021 2125 2077 Si

550 2117 688 2174 enim
722 2134 752 2169 ιι
778 2114 907 2169 nulli
930 2130 954 2167 c
976 2130 1041 2169 ex
1065 2115 1385 2170 necessitate
1406 2114 1686 2183 contingit,
1713 2114 1739 2166 b
1763 2125 1938 2167 autem
1968 2113 2126 2167 alicui

550 2226 576 2262 c
601 2211 770 2274 inest,
828 2221 1047 2262 necesse
1083 2214 1163 2259 est
1193 2222 1224 2257 α
1251 2204 1409 2260 alicui
1449 2204 1477 2257 ὁ
1509 2219 1614 2258 non
1655 2204 1863 2270 inesse,
1913 2203 2127 2273 quando

549 2313 724 2357 autem
751 2302 1066 2356 aflirmativa
1093 2298 1395 2355 necessaria
1425 2305 1654 2369 ponetur
1675 2297 1757 2352 vel
1784 2297 2123 2363 universalis,

550 2393 630 2446 vel
660 2393 1025 2465 particularis,
1062 2392 1144 2447 vel
1193 2390 1451 2462 privativa
1485 2389 1854 2459 particularis,
1889 2405 1992 2444 non
2024 2388 2127 2443 erit

548 2487 820 2541 conclusio
868 2484 1190 2540 necessaria.
1226 2485 1357 2538 Nam
1388 2483 1488 2537 alia
1522 2481 1735 2552 quidem
1787 2481 1972 2538 eadem
2007 2496 2125 2553 qua:

514 2584 515 2587 “
548 2591 600 2637 et
624 2582 676 2635 in
703 2580 964 2650 prioribus
987 2578 1247 2634 dicemus.
1274 2576 1513 2634 Termini
1557 2587 1732 2632 autem
1759 2594 1880 2633 cum
1910 2577 2127 2632 univer-

543 2675 672 2729 salis
721 2673 935 2745 quidem
983 2672 1299 2727 al‘ﬁrmativa
1348 2682 1430 2727 est
1470 2671 1809 2734 necessaria,
1857 2668 2121 2740 vigilatio,

542 2766 762 2831 animal,
797 2765 987 2832 homo,
1034 2763 1263 2819 medium
1290 2763 1488 2819 homo:
1520 2778 1638 2818 cum
1684 2774 1860 2818 autem
1892 2763 2127 2832 particu-

514 2854 521 2859 '
546 2857 678 2911 laris
704 2856 1041 2926 prtcdicativa
1057 2856 1379 2924 necessaria,
1401 2839 1665 2923 vigilatio,
1683 2854 1907 2921 animal,
1923 2854 2123 2908 album.

510 2938 515 2945 ’
543 2949 757 3004 Animal
785 2948 927 3002 enim
960 2963 1178 3004 necesse
1208 2956 1287 3003 est
1318 2946 1479 3001 alicui
1508 2946 1630 3003 albo
1658 2948 1855 3013 inesse,
1888 2948 2127 3015 vigilabo

544 3042 723 3096 autem
753 3041 1004 3109 contingit
1040 3039 1200 3103 nulli,
1228 3048 1281 3093 et
1310 3054 1414 3093 non
1440 3052 1662 3093 necesse
1685 3047 1766 3092 est
1802 3038 1961 3092 alicui
2012 3039 2125 3093 ani-

512 3134 515 3135 ⁷
540 3137 665 3191 mali
693 3150 795 3187 non
820 3134 994 3187 inesse
1017 3131 1390 3202 vigilationem.
1412 3130 1635 3198 Quando
1657 3140 1833 3185 autem
1863 3131 2122 3199 privativa

540 3225 880 3295 particularis
910 3231 992 3277 est
1039 3222 1339 3277 necessaria
1361 3262 1374 3287 ,
1428 3221 1611 3293 bipes,
1658 3230 1856 3291 motus,
1889 3222 2118 3289 animal,
2148 3211 2197 3277 ε

543 3318 778 3372 medium
820 3315 1036 3369 animal.
1081 3313 1414 3369 Manifestum
1453 3313 1614 3385 igitur
1642 3312 1892 3384 quoniam
1938 3314 2122 3371 inesse

512 3408 756 3479 'qnidctn
810 3423 914 3461 non
962 3416 1043 3461 est
1095 3405 1469 3478 syllogismus,
1518 3407 1564 3462 si
1609 3415 1850 3477 utrmque
1881 3407 2125 3477 proposi-

539 3500 715 3554 tiones
745 3514 848 3553 non
900 3506 1025 3552 sunt
1077 3497 1221 3565 ineo
1252 3498 1390 3566 quod
1435 3508 1518 3553 est
1559 3497 1772 3560 inesse.
1810 3498 2116 3553 necessaria

536 3601 664 3645 vero
712 3597 823 3656 est,
872 3595 925 3642 et
951 3588 1116 3643 altera
1160 3587 1331 3642 solum
1374 3588 1639 3643 existente
1684 3588 2010 3644 necessaria.
2062 3576 2121 3643 In

533 3681 779 3751 utrisque
823 3691 1000 3736 autem
1052 3680 1387 3736 afﬁrmativis
1429 3689 1483 3735 et
1526 3680 1799 3751 privativis
1838 3681 2121 3738 existenti-

510 3773 639 3828 ‘bus
694 3772 1019 3842 syllogismis
1062 3786 1280 3833 necesse
1317 3783 1399 3828 est
1430 3774 1652 3828 alteram
1694 3775 2119 3841 pr0positionetn

533 3863 766 3918 similem
825 3878 945 3917 esse
990 3863 1346 3918 conclusioni.
1392 3863 1519 3918 Dico
1545 3873 1723 3919 autem
1765 3866 2027 3928 similem,
2074 3866 2120 3920 si

508 3956 716 4011 'inesse
747 3953 959 4019 quidem
986 3995 1000 4018 ,
1059 3952 1431 4007 inexistentem
1454 3994 1467 4016 ,
1501 3953 1546 4006 si
1570 3965 1748 4007 amem
1782 3956 2082 4009 necessaria
2102 3996 2118 4020 ,

531 4045 916 4102 necessaritm.
949 4045 1125 4113 Quare
1153 4056 1205 4099 et
1246 4045 1345 4098 hoc
1376 4045 1570 4114 palam,
1596 4048 1845 4115 quoniam
1878 4064 1982 4102 non
2014 4050 2116 4103 erit

530 4139 807 4194 conclusio
824 4151 995 4206 neque
1013 4138 1336 4203 necessaria,
1356 4152 1530 4208 neque
1555 4139 1749 4207 inesse,
1776 4156 1878 4194 non
1902 4151 2109 4212 sumpta

510 4231 622 4285 ‘vel
647 4228 970 4295 necessaria,
996 4229 1079 4282 vel
1106 4244 1220 4299 quzc
1247 4229 1419 4285 inesse
1441 4231 1703 4300 signiﬁcet
1723 4235 2113 4305 propositione.

529 4320 696 4393 Igitur
725 4322 791 4377 de
823 4322 1139 4377 necessario
1169 4324 1436 4393 quomodo
1469 4327 1560 4394 ﬁt,
1588 4335 1643 4381 et
1672 4342 1829 4396 quam
1862 4326 2115 4382 diﬁ'ercn-

529 4414 656 4469 liam
682 4414 872 4469 habeat
898 4414 961 4468 ad
995 4414 1204 4480 inesse,
1237 4413 1572 4470 sufﬁcienter
1602 4432 1737 4486 pene
1776 4418 1973 4473 dictum
2007 4428 2113 4474 est.

1121 4612 1347 4669 CAPUT
1394 4613 1503 4669 XII.

2038 4754 2063 4771 ἢ

870 4749 947 4805 De
977 4754 1285 4822 contingenti
1327 4770 1430 4808 non
1456 4757 1764 4811 necessario.

598 4928 674 4984 De
696 4928 1045 4997 contingente
1069 4938 1245 4985 autem
1277 4937 1396 4997 post
1431 4929 1547 4983 lucc
1571 4930 1830 4993 dicemus,
1873 4931 2108 5000 quando,

516 5030 577 5083 et
604 5021 892 5092 quomodo,
919 5029 976 5075 et
994 5035 1089 5090 per
1116 5036 1235 5088 qua:
1262 5021 1369 5075 eris
1390 5022 1747 5091 syllogismus.
1779 5023 1913 5079 Dico
1932 5030 2111 5080 autem

523 5113 859 5182 contingere,
884 5121 939 5165 et
967 5110 1321 5181 contingens,
1360 5127 1467 5181 quo
1497 5128 1602 5167 non
1632 5114 1897 5170 existente
1927 5130 2110 5171 necco-

523 5204 691 5270 ssrio,
736 5202 911 5271 posito
965 5210 1147 5256 autem
1189 5201 1399 5269 inesse,
1447 5202 1587 5257 nihil
1620 5205 1723 5261 erit
1767 5216 1981 5274 propter
2012 5206 2113 5262 hoc

523 5294 879 5365 impossibile.
918 5292 1050 5349 Nam
1081 5295 1441 5350 necessarium
1495 5297 1773 5365 κριθίνοοθ
1800 5299 2111 5369 contingere

523 5386 745 5440 dicitur.
777 5385 1043 5452 Quoniam
1071 5395 1248 5439 autem
1278 5386 1379 5440 hoc
1409 5397 1495 5441 est
1510 5390 1852 5457 contingens,
1886 5393 2111 5448 natura.

523 5487 664 5535 stum
709 5493 781 5535 os
825 5477 1271 5535 afﬁrmationibus
1309 5489 1366 5536 et
1412 5483 1790 5550 negationibus
1827 5485 2104 5551 oppositis.

520 5568 655 5625 Nam
705 5585 815 5626 non
864 5571 1125 5641 contingit
1151 5585 1308 5635 esse,
1339 5587 1444 5625 non
1478 5574 1729 5641 possibile
1755 5590 1897 5637 esse,
1929 5584 1982 5629 et
2013 5577 2115 5630 im-

524 5663 784 5732 possibile
827 5677 970 5733 esse,
1014 5672 1067 5719 et
1114 5676 1339 5719 necesse
1378 5674 1459 5718 est
1490 5680 1591 5718 non
1623 5680 1777 5730 esse,
1809 5668 1890 5719 vel
1922 5668 2107 5722 eadem

527 5767 693 5826 sunt,
723 5759 808 5815 vel
853 5769 1148 5830 sequuntur
1196 5774 1256 5815 se
1303 5761 1563 5824 invicem,
1598 5778 1767 5831 quare
1790 5774 1849 5816 es
1872 5768 2111 5834 apposita

524 5848 615 5906 his
644 5850 905 5921 contingit
933 5865 1074 5921 esse,
1123 5862 1178 5913 et
1222 5868 1330 5912 non
1373 5854 1701 5924 impossibile
1741 5872 1881 5921 esse.
1924 5869 1973 5915 et
2006 5874 2109 5914 non

2234 1946 2410 1990 autem
2444 1946 2497 1989 et
2543 1935 2595 1988 in
2630 1934 3045 2005 particularibus
3073 1933 3551 2001 afﬁrmationibus,
3584 1950 3705 1990 nam
3731 1952 3831 1991 ea-

2234 2027 2357 2082 dem
2408 2026 2817 2081 demonstratio.
2858 2025 2996 2081 Sunt
3027 2035 3204 2079 atttem
3236 2025 3536 2094 huiusmodi
3582 2030 3829 2096 proposi-

2234 2121 2409 2174 tiones
2439 2118 2816 2189 praadicativtc,
2844 2133 2965 2173 nam
3006 2118 3318 2187 contingere
3339 2118 3390 2172 ei
3422 2117 3563 2188 quod
3588 2129 3669 2173 est
3699 2135 3828 2176 esse

2231 2213 2478 2268 similiter
2525 2214 2767 2283 ponitur,
2812 2211 3263 2281 quemadmodum
3308 2213 3507 2269 dictum
3533 2224 3615 2270 est
3646 2217 3823 2285 prius.

2233 2313 2611 2369 Detertninatis
2660 2323 2838 2370 autem
2886 2313 2990 2382 bis,
3042 2328 3261 2368 rursum
3291 2314 3520 2371 dicimus
3566 2318 3823 2383 quoniam

2232 2406 2779 2476 contingereduobus
2803 2408 2979 2462 modis
3005 2406 3198 2463 dicitur
3226 2424 3251 2461 :.
3272 2423 3379 2462 uno
3408 2409 3645 2480 quidem,
3673 2412 3823 2479 quod

2232 2498 2548 2569 plerumque
2578 2500 2645 2553 ﬁt
2683 2508 2741 2557 et-
2785 2501 2983 2568 deiicit,
3034 2501 3413 2567 necessarium,
3448 2513 3509 2558 ut
3526 2518 3825 2563 canescere

2231 2590 2508 2647 hominem
2533 2631 2549 2657 ,
2606 2591 2691 2646 vel
2719 2593 2900 2664 augeri
2921 2631 2945 2658 ,
2972 2592 3053 2648 vel
3085 2593 3249 2649 minui
3268 2635 3282 2659 ,
3315 2595 3395 2650 vel
3426 2595 3647 2651 omnino
3670 2598 3822 2665 quod

2229 2691 2415 2738 natum
2452 2693 2534 2740 est
2559 2698 2701 2740 esse.
2744 2684 2859 2739 Hoc
2885 2685 3029 2741 enim
3061 2700 3169 2740 non
3196 2687 3509 2742 continuum
3536 2687 3695 2743 habet
3721 2704 3824 2745 ne—

2230 2776 2547 2841 cessarium,
2596 2792 2662 2833 eo
2707 2775 2851 2846 quod
2886 2792 2989 2832 non
3023 2793 3237 2847 semper.
3265 2789 3347 2834 est
3377 2779 3553 2841 homo,
3584 2795 3707 2837 cum
3736 2790 3824 2837 ta-

2230 2888 2353 2928 men
2402 2873 2565 2928 homo
2608 2882 2718 2938 est,
2758 2882 2851 2927 aut
2889 2887 2953 2929 ex
2996 2873 3333 2938 necessitate,
3363 2884 3537 2929 autut
3565 2874 3623 2928 in
3647 2875 3820 2942 pluri-

2230 2964 2339 3021 bus-
2358 2974 2458 3023 est.
2502 2967 2625 3022 Alio
2648 2976 2827 3022 autem
2857 2966 3016 3021 modo
3046 2967 3305 3022 inﬁnitum
3330 3007 3345 3031 ,
3373 2967 3515 3035 quod
3541 2977 3595 3021 et
3622 2968 3724 3031 sic.
3753 2976 3815 3023 et

2230 3072 2341 3112 non
2386 3059 2465 3113 sic
2506 3059 2793 3128 possibile,
2843 3067 2901 3113 ut
2939 3059 3145 3115 animal.
3186 3059 3485 3124 ambulare,
3514 3060 3601 3114 vel
3625 3060 3817 3117 ambu-

2231 3148 2376 3205 lante
2402 3149 2521 3207 ﬁeri
2570 3160 2775 3207 motum
2824 3159 2980 3205 terra:
3001 3191 3017 3219 ,
3046 3150 3133 3207 vel
3160 3150 3381 3207 omino
3408 3150 3557 3221 quod
3577 3165 3711 3211 esse
3730 3152 3813 3218 ﬁt.

2227 3242 2360 3298 nihil
2393 3242 2537 3298 enim
2567 3242 2735 3313 magis
2760 3242 2839 3299 sic
2870 3253 3055 3299 natum
3080 3254 3185 3307 εει,
3212 3242 3303 3299 vel.
3325 3242 3644 3305 econtrario.
3671 3243 3817 3301 Con-

2226 3333 2453 3391 venitur
2500 3349 2629 3404 ergo
2678 3344 2736 3390 et
2777 3334 3073 3391 secundum
3118 3337 3392 3403 oppositas
3422 3335 3819 3404 propositiones

2229 3434 2511 3497 utrumque
2551 3428 2901 3498 contingens,
2943 3442 3057 3481 non
3090 3436 3267 3487 tamen
3294 3426 3483 3481 eodem
3510 3426 3693 3489 modo.
3716 3427 3816 3483 sed

2225 3519 2367 3590 quod
2412 3529 2593 3575 natum
2641 3520 2861 3588 quidem
2902 3528 3131 3575 estesse
3157 3520 3207 3577 ei
3232 3520 3375 3590 quod
3396 3534 3591 3575 nones
3625 3534 3817 3576 neces-

2226 3612 2561 3667 sitateesse.
2608 3610 2699 3667 Sic
2726 3612 2869 3668 enim
2901 3611 3161 3681 contingit
3188 3625 3293 3666 non
3322 3625 3609 3667 canescere
3639 3609 3817 3665 boni.

2226 3720 2372 3762 nem.
2420 3705 2685 3761 Inﬁnitum
2734 3713 2910 3763 autem
2957 3703 3009 3760 ei
3049 3704 3191 3774 quod
3234 3704 3564 3774 nihil-mags
3593 3704 3812 3771 simul

2225 3795 2320 3853 illo
2347 3798 2529 3853 modo.
2570 3796 2854 3866 Disciplina
2882 3806 3095 3861 autem.
3130 3806 3191 3853 et
3208 3796 3549 3868 syllogismus
3579 3796 3810 3853 demou-

2225 3900 2579 3967 strativus,ex
2605 3899 2827 3955 inﬁnitis
2856 3899 3075 3969 quidem
3099 3914 3203 3955 non
3228 3908 3414 3965 est,“
3438 3898 3579 3970 quod
3608 3898 3810 3954 inordi-

2225 4002 2409 4048 natum
2427 4002 2512 4048 est
2539 3993 2796 4058 medium,
2826 4007 2895 4049 ex
2942 3993 3008 4049 iis
3050 4007 3183 4049 vero
3205 4008 3327 4060 qua
3351 3999 3479 4051 nam
3507 3999 3635 4046 sunt
3658 4006 3805 4056 esse.

2222 4109 2362 4164 pene
2385 4095 2657 4150 orationes
2710 4102 2771 4149 et
2817 4092 3275 4149 considet-stiones
3308 4091 3443 4147 ﬁunt
3472 4090 3541 4147 de
3568 4093 3651 4147 sic
3674 4106 3809 4146 eoa-

2223 4198 2581 4265 tlngentibus,
2615 4213 2678 4252 ex
2717 4197 2819 4252 illis
2850 4207 3033 4251 autem
3051 4195 3305 4265 possibile
3331 4194 3546 4267 quidem
3578 4202 3659 4252 est
3690 4192 3808 4250 ﬁeri

2222 4292 2612 4363 syllogismum.
2646 4301 2752 4345 non
2786 4299 2961 4345 tamen
2992 4291 3127 4345 solet
3155 4288 3343 4360 quaeri.
3376 4288 3501 4344 Hrec
3526 4303 3655 4359 ergo
3674 4287 3808 4345 deﬂ-

2223 4382 2440 4439 nientur
2481 4385 2650 4454 magis
2697 4383 2755 4437 in
2793 4383 3163 4451 sequentibus,
3187 4396 3329 4437 nunc
3354 4394 3530 4438 autem
3560 4380 3807 4437 dicemus

2223 4478 2440 4543 quando
2467 4487 2523 4532 et
2552 4476 2842 4547 quomodo,
2866 4486 2922 4532 et
2945 4478 3065 4545 quis
3086 4477 3189 4531 erit
3213 4476 3561 4545 syllogismus
3578 4490 3646 4531 ex
3675 4489 3806 4530 oon-

2141 4586 2198 4652 υ
2224 4572 2552 4641 ﬁngentibus
2583 4571 3057 4642 propositionibus.
3097 4571 3363 4638 Quoniam
3390 4580 3571 4626 autem
3595 4570 3806 4625 contio.

2228 4674 2363 4730 gere
2401 4662 2502 4717 hoe
2550 4663 2681 4717 huic
2720 4666 2899 4718 messe
2938 4662 3223 4731 dupliciter
3265 4670 3351 4717 est
3382 4662 3626 4731 accipere
3650 4702 3665 4727 .
3716 4670 3807 4721 aut

2222 4754 2367 4809 enim
2420 4754 2504 4809 cui
2558 4755 2696 4810 inest
2743 4756 2865 4821 hoc,
2893 4763 2987 4809 aut
3004 4756 3093 4809 cui
3113 4755 3374 4826 contingit
3403 4757 3573 4825 ipsum
3604 4757 3804 4823 inesse,

2224 4860 2346 4899 nam
2378 4846 2446 4901 de
2473 4860 2580 4917 quo
2607 4846 2666 4913 ὁ,
2695 4863 2725 4901 a
2764 4848 3097 4916 contingere,
3127 4847 3317 4901 horum
3346 4847 3571 4902 alterum
3601 4848 3806 4917 signiﬁ-

2221 4947 2328 5001 cat,
2360 4945 2452 4991 aut
2480 4936 2549 4993 de
2576 4952 2683 5008 quo
2719 4936 2916 4992 dicitur
2944 4938 2996 5002 ϋ,
3039 4946 3127 4991 aut
3157 4938 3367 5007 dequo
3387 4939 3647 5009 contingit
3672 4938 3802 5006 dici,

2224 5028 2292 5082 de
2339 5043 2446 5098 quo
2493 5039 2671 5084 autem
2702 5030 2753 5092 ll,
2781 5046 2813 5083 ο
2842 5030 3177 5099 contingere,
3210 5037 3302 5085 aut
3320 5030 3467 5085 omni
3491 5031 3520 5084 b
3552 5033 3805 5100 possibile

2220 5120 2399 5175 inesse
2446 5134 2498 5188 α,
2549 5122 2683 5176 nihil
2728 5121 2926 5179 (Μῆτις
2975 5123 3311 5178 Manifestum
3358 5124 3516 5194 igitur
3551 5127 3803 5195 quoniam

2220 5210 2509 5281 dupliciter
2547 5213 2752 5270 dicetur
2800 5231 2832 5267 a
2883 5216 3027 5270 ornni
3059 5217 3089 5268 ὁ
3120 5217 3294 5271 inesse
3318 5218 3646 5287 contingere.
3690 5218 3805 5272 Pri-

2219 5320 2366 5360 mum
2415 5320 2545 5376 ergo
2588 5306 2829 5362 dicemus
2881 5308 2931 5363 si
2972 5308 3038 5363 dc
3068 5322 3175 5377 quo
3202 5324 3230 5362 ι
3258 5309 3513 5379 contingit
3543 5310 3592 5367 b.
3645 5319 3692 5362 et
3737 5310 3805 5362 do

2217 5412 2324 5468 quo
2376 5400 2405 5453 ὁ
2449 5400 2708 5471 contingit
2750 5410 2801 5468 a’,
2850 5402 2968 5471 quis
2996 5401 3095 5457 erit
3120 5447 3135 5471 ,
3160 5411 3215 5456 et
3237 5402 3409 5471 qualis
3439 5402 3801 5473 syllogismus,

2220 5494 2299 5547 sic
2329 5492 2472 5547 enim
2507 5502 2746 5564 utraque
2774 5495 3169 5563 propositiones
3197 5472 3481 5549 sumuntur
3508 5494 3804 5551 secundum
3846 5472 3859 5491 ’

2216 5584 2567 5656 contingere,
2594 5587 2809 5656 quando
2837 5596 3015 5641 autem
3046 5587 3111 5641 de
3136 5601 3243 5656 quo
3286 5589 3314 5640 ὑ
3352 5596 3434 5641 est
3460 5588 3714 5655 contingit
3750 5603 3803 5653 α,

2221 5676 2337 5730 hrc
2361 5678 2575 5746 quidem
2608 5680 2803 5744 inesse,
2836 5680 2923 5733 illa
2955 5690 3083 5735 vero
3110 5679 3443 5747 contingens,
3482 5695 3649 5748 quare
3670 5693 3697 5730 a
3729 5680 3804 5732 si-

2220 5768 2435 5821 milibus
2488 5769 2671 5839 ﬁguris
2717 5771 3097 5841 incipiendum,
3143 5772 3590 5844 quemadmodum
3640 5780 3692 5825 ct
3746 5772 3803 5828 in

2215 5861 2351 5915 aliis.
