4060 6330
801 286 1105 347 PRIOBUM
1146 276 1685 343 ANALYTICOIUH
1725 268 2185 333 ARISTOTELIS
2221 263 2793 332 INTERPRETATIO.
3350 259 3465 319 654

763 401 990 459 CAPUT
1028 399 1165 457 XIII.
1784 396 1841 456 Α
1868 388 2015 443 tibus
2040 399 2099 441 se
2128 383 2372 445 terminis
2392 423 2405 448 ,
2447 381 2714 443 nullusvftt
2738 377 3109 452 syllogismus,
3132 391 3260 443 nam
3281 376 3456 436 amitis

172 297 286 354 655

231 527 311 583 De
338 523 652 598 syllogismis
681 537 744 578 ea:
771 520 1014 598 amba‘bus
1041 516 1441 587 contingentibus
1468 515 1521 567 in
1548 514 1713 585 prima

1913 476 2214 546 illogismus
2261 473 2342 529 vel
2395 472 2510 541 ejus
2539 471 2680 542 quod
2705 466 3127 543 estlinesseest,
3155 466 3243 525 vel
3266 482 3335 524 ex
3365 484 3459 522 ne-

1913 570 2122 598 ηοιιζρηιιι
2151 565 2231 598 uol
2264 565 2576 598 nnntinanrn
2632 576 2735 598 nnn
2766 570 2847 598 ρει
2875 569 3048 598 ςιιιιοηι
3079 558 3195 598 nine
3219 559 3353 598 nnml
3379 567 3459 598 ne!

1869 570 2123 625 cessitate
2151 565 2235 621 vel
2264 565 2599 635 contingere,
2632 576 2736 619 non
2766 570 2853 616 est
2873 569 3051 617 autem
3079 559 3196 631 ejus
3219 559 3354 628 quod
3379 567 3465 615 est

1876 661 2054 714 istesse
2079 698 2093 722 ,
2142 671 2318 725 neque
2345 654 2633 709 necessarii
2659 694 2674 720 ,
2709 652 3049 711 manifestum
3074 651 3323 729 quoniam
3355 666 3463 706 non

1874 760 1977 817 est,
2011 743 2864 819 nam.aliirmativusinterimitur
2900 743 3184 817 privativa,
3211 728 3467 825 captiva-

1878 846 2019 903 tivus
2044 841 2391 906 altirmativo,
2432 838 2752 909 relinquitur
2782 852 2910 909 ergo
2940 837 3060 913 ejus
3087 821 3235 909 quod
3257 821 3473 905 cuntin.

1876 954 2003 1010 gere
2051 951 2213 1002 esse,
2260 934 2366 990 hoc
2402 943 2581 988 autem
2633 932 2983 1005 impossibile.
3058 932 3342 993 Ostensum
3384 941 3471 987 est

1877 1032 2017 1087 enim
2044 1029 2299 1101 quoniam
2349 1028 2427 1083 sic
2466 1040 2545 1107 se
2574 1024 2896 1091 habentibus
2940 1024 3205 1094 terminis,
3239 1033 3293 1080 et
3322 1024 3475 1081 omni

1879 1132 2159 1194 postremo
2188 1120 2416 1191 primum
2445 1132 2675 1178 necesse
2704 1117 2905 1189 inesse,
2928 1126 2979 1172 et
3008 1116 3138 1175 nulli
3164 1116 3476 1188 contingere

1881 1216 2080 1283 inesse,
2112 1228 2281 1285 quare
2311 1225 2419 1269 non
2450 1211 2556 1267 erit
2598 1210 2716 1282 ejus
2744 1209 2889 1281 quod
2915 1222 3000 1281 est
3025 1212 3344 1279 contingere
3366 1212 3476 1281 syl-

1881 1308 2141 1381 logismus
2168 1348 2184 1374 ,
2231 1321 2356 1363 nam
2402 1288 2767 1365 necessarium
2819 1318 2923 1358 uno
2974 1313 3095 1363 erat.
3135 1304 3472 1372 contingens.

1882 1401 2222 1459 Manifestum
2252 1409 2432 1456 autem
2464 1409 2521 1457 et
2548 1399 2801 1471 quoniam
2837 1413 2960 1457 cum
2986 1398 3320 1455 universales
3351 1406 3485 1453 sunt

1885 1493 2103 1551 termini
2147 1493 2200 1549 in
2244 1492 2677 1562 contingentibus
2727 1476 3181 1563 propositionibus
3198 1531 3219 1555 ,η
3263 1506 3479 1561 semper

1886 1585 1947 1642 lit
1994 1584 2339 1657 syllogismus
2385 1584 2438 1638 in
2481 1581 2653 1652 prima
2704 1582 2894 1651 ﬁgura,
2925 1582 3039 1637 sive
3068 1580 3483 1653 suntprzrdica-

1890 1681 1985 1735 tivi
2012 1721 2026 1744 ,
2075 1678 2187 1734 sive
2233 1675 2503 1749 privativi.
2544 1674 2743 1731 Verum
2771 1690 2835 1731 ex
2873 1673 3239 1743 praedicativis
3266 1672 3483 1742 quidem

895 593 1082 662 ﬁgura.

253 710 476 779 Quando
505 722 633 780 ergo
660 724 692 761 a
720 705 983 775 contingit
1008 702 1153 757 omni
1194 702 1239 768 b,
1270 709 1324 758 et
1348 701 1376 754 ὁ
1402 699 1547 755 omni
1576 713 1622 762 c,
1656 698 1771 768 syl-

181 808 441 879 logismus
483 804 587 859 erit
627 801 893 872 perlectus
920 841 934 865 ,
967 798 1214 867 quoniam
1262 813 1294 849 a
1338 794 1596 863 contingit
1625 791 1771 846 omni

182 904 433 956 cinesse.
472 897 585 952 lloc
620 906 798 950 autem
844 892 1184 947 manifestum
1213 898 1389 945 estex
1432 885 1768 952 deﬁnitione,

184 1008 311 1047 nam
347 991 662 1059 contingere
691 986 836 1041 omni
868 984 1043 1039 inesse
1089 983 1167 1037 sic
1198 980 1530 1036 dicebamus.
1571 976 1774 1034 Simili-

185 1096 271 1138 ter
296 1092 473 1138 autem
518 1089 573 1137 et
613 1080 657 1134 si
688 1098 719 1134 a
749 1078 963 1150 quidem
1003 1076 1261 1151 contingit
1301 1072 1427 1127 nulli
1458 1071 1507 1138 b,
1539 1069 1566 1124 b
1592 1077 1772 1126 autem

189 1178 338 1232 omni
386 1193 436 1242 c,
479 1173 732 1246 quoniam
763 1189 795 1225 a
824 1170 1083 1240 contingit
1126 1168 1253 1223 nulli
1286 1185 1334 1223 c.
1358 1166 1488 1221 Nam
1519 1166 1585 1219 de
1611 1181 1717 1234 quo
1744 1162 1773 1216 b

187 1269 470 1339 contingit,
499 1285 529 1320 α
560 1281 669 1321 non
717 1264 1050 1334 contingere,
1101 1260 1200 1315 hoc
1231 1271 1343 1315 erat
1368 1259 1569 1314 nullum
1598 1256 1778 1311 dimit-

191 1371 308 1418 tere
333 1359 435 1416 sub
465 1361 493 1413 b
521 1356 964 1430 contingentium.
1007 1352 1232 1421 Quando
1261 1360 1436 1406 autem
1461 1367 1492 1402 a
1521 1346 1782 1417 contingit

191 1452 338 1507 omni
368 1450 417 1514 b,
451 1449 479 1504 b
500 1459 678 1504 autem
709 1447 837 1501 nulli
875 1464 922 1513 c,
956 1461 1052 1514 per
1073 1452 1312 1512 sumptas
1333 1441 1549 1513 quidem
1580 1453 1778 1510 propo-

192 1545 415 1600 sitiones
470 1542 645 1596 nullus
696 1539 754 1594 lit
795 1538 1160 1609 syllogismus,
1205 1548 1461 1590 conversa
1493 1516 1669 1585 autem
1696 1529 1722 1582 b
1753 1544 1780 1582 ο

194 1636 492 1693 secundum
541 1634 853 1702 contingere
880 1673 894 1695 ,
952 1630 1011 1685 lit
1056 1629 1198 1684 idem
1245 1625 1700 1698 quemadmodum
1728 1632 1783 1677 et

197 1729 374 1798 prius,
399 1726 649 1798 quoniam
681 1724 823 1779 enim
865 1720 1127 1791 contingit
1155 1719 1183 1772 b
1213 1719 1343 1773 nulli
1375 1735 1401 1770 c
1431 1718 1626 1784 inesse,
1652 1730 1784 1770 con-
1814 1749 1863 1798 ᾖ
2234 1718 2865 1798 ς’·

1814 1773 1869 1836 ι
1892 1770 2163 1843 perfectus
2190 1810 2205 1833 ,
2238 1784 2307 1823 ex
2340 1766 2619 1837 privativis
2644 1775 2821 1819 autem
2852 1764 3221 1833 imperfectus.
3264 1766 3491 1833 Oportet

196 1820 354 1889 tingit
393 1825 448 1874 et
494 1816 638 1872 omni
685 1817 881 1870 inesse.
965 1813 1075 1867 lloc
1130 1820 1305 1865 autem
1359 1810 1560 1863 dictum
1608 1806 1778 1876 prius.

198 1912 379 1985 Quare
409 1910 451 1963 si
505 1909 531 1961 b
562 1907 776 1986 quidem
804 1905 951 1963 omni
976 1922 1024 1970 c,
1048 1922 1079 1957 α
1117 1912 1292 1957 autem
1317 1903 1461 1955 omni
1488 1899 1537 1964 b,
1570 1914 1782 1954 rursum

202 2003 346 2059 idem
374 2001 430 2054 [it
457 1997 817 2071 syllogismus.
837 1995 1097 2053 Similiter
1118 2006 1292 2049 autem
1319 1993 1419 2049 etsi
1446 1991 1512 2044 ad
1533 1999 1787 2057 utrasque

203 2093 599 2168 propositiones
638 2089 849 2162 negatio
887 2096 1114 2159 ponatur
1140 2101 1262 2141 cum
1289 2084 1605 2153 contingere
1643 2081 1789 2152 (dico

206 2196 386 2242 autem
417 2185 539 2240 utsi
562 2199 594 2237 α
616 2181 872 2252 contingit
901 2178 1030 2234 nulli
1060 2180 1107 2244 b,
1132 2189 1187 2235 et
1217 2179 1244 2231 ὁ
1272 2177 1398 2231 nulli
1427 2176 1673 2247 c),igitur
1696 2188 1791 2244 per

208 2285 452 2347 sumptas
477 2274 693 2348 quidem
728 2273 1115 2343 propositiones
1141 2269 1317 2348 nullus
1350 2269 1405 2322 lit
1428 2268 1789 2341 syllogismus,

210 2347 697 2425 conversisrautem
744 2379 930 2419 rursus
976 2364 1116 2419 idem
1158 2347 1264 2417 erii
1288 2360 1377 2432 qui
1403 2372 1454 2415 et
1487 2360 1652 2430 prius.
1686 2355 1793 2412 Ma-

211 2452 466 2516 nifestum
496 2465 581 2513 est
607 2456 765 2527 igitur
793 2455 1044 2527 quoniam
1078 2453 1362 2524 negatione
1393 2452 1563 2522 posita
1591 2450 1657 2505 ad
1694 2449 1796 2503 mi-

215 2568 404 2608 norem
445 2549 858 2614 extremitatem,
890 2548 971 2603 vel
1002 2546 1065 2603 ad
1093 2556 1342 2614 utrasque
1373 2543 1794 2614 propositiones,

217 2653 312 2698 aut
340 2657 444 2703 non
475 2642 532 2696 lit
558 2640 925 2713 syllogismus,
965 2648 1057 2693 aut
1086 2639 1143 2693 lit
1165 2628 1402 2707 quidem,
1431 2636 1525 2690 sed
1552 2652 1656 2689 non
1676 2649 1802 2704 pcr-

220 2737 426 2803 fectus,
450 2752 513 2792 ex
539 2735 890 2791 conversione
918 2735 1058 2788 cnim
1094 2734 1149 2787 lit
1176 2733 1558 2787 necessarium.
1621 2733 1676 2787 Si
1709 2748 1803 2786 au-

222 2837 333 2883 tem
378 2828 492 2882 limc
540 2828 754 2897 quidem
805 2827 1232 2897 prepositionum
1305 2824 1659 2887 universalis.
1713 2824 1804 2880 illa

220 2934 355 2974 vero
405 2917 738 2989 particulziris
785 2927 1047 2982 sumatur,
1081 2915 1145 2969 ad
1179 2915 1435 2981 majorem
1466 2915 1678 2986 quidem
1707 2931 1805 2969 ex-

223 3009 549 3065 tremitatem
601 3007 768 3077 posita
817 3006 1141 3071 universali,
1175 3006 1514 3076 syllogismus
1550 3006 1651 3059 erit
1684 3020 1809 3075 per-

226 3097 564 3156 l'et-tus.N;im
594 3100 637 3153 si
667 3115 698 3152 a
726 3097 869 3152 omni
901 3096 928 3150 b
957 3097 1240 3167 contingit,
1269 3098 1296 3150 ὁ
1325 3108 1501 3151 autem
1535 3097 1688 3152 alicui
1716 3114 1808 3164 c,a

226 3192 385 3247 alicui
416 3207 444 3244 c
470 3189 763 3259 contingit,
811 3190 910 3243 hoc
937 3190 1127 3243 'autem
1162 3188 1497 3242 inanilestum
1525 3203 1590 3243 ex
1620 3188 1808 3242 delini-
1833 3157 1883 3235 θ

229 3284 376 3338 tione
400 3280 777 3349 contingentis.
823 3280 1052 3334 Rursum
1096 3279 1139 3333 si
1177 3295 1207 3331 a
1248 3278 1503 3349 contingit
1538 3278 1670 3332 nulli
1702 3278 1751 3345 b,
1780 3280 1808 3332 b

229 3385 407 3429 autem
455 3373 715 3442 contingit
757 3371 912 3426 alicui
953 3387 980 3424 ε
1020 3370 1234 3435 inesse,
1267 3385 1487 3425 necesse
1517 3380 1597 3424 est
1622 3386 1654 3423 a
1681 3385 1811 3425 con-

232 3469 436 3538 tingere
482 3465 635 3520 alicui
686 3481 713 3517 c
762 3479 865 3518 non
929 3462 1124 3517 inesse.
1205 3445 1607 3516 DemnnStratio'
1634 3472 1808 3517 autem

231 3557 419 3614 eadem
448 3572 563 3628 quae
593 3556 645 3610 in
679 3555 781 3611 his.
834 3554 888 3609 Si
921 3567 1095 3610 autem
1130 3554 1384 3624 privativa
1415 3563 1657 3609 sumatur
1689 3571 1809 3623 par-

236 3649 472 3705 ticularis
522 3647 836 3719 propositio,
881 3645 1196 3702 universalis
1244 3656 1420 3701 autem
1468 3647 1810 3712 alllrmativa,

238 3743 499 3812 positione
544 3751 721 3797 autem
769 3731 1021 3794 similiter
1069 3753 1128 3793 se
1175 3737 1403 3792 habeant
1435 3738 1812 3808 (utaquidem

235 3833 382 3889 omni
429 3834 458 3889 b
502 3834 798 3906 contingat,
845 3834 875 3887 ὸ
916 3844 1089 3891 autem
1139 3833 1296 3888 alicui
1337 3849 1364 3886 c
1413 3833 1685 3903 contingat
1709 3848 1813 3888 non

235 3926 459 3997 inesse),
485 3940 580 3995 per
619 3935 859 3995 sumptas
904 3923 1117 3995 quidem
1161 3922 1550 3995 propositiones
1600 3939 1708 3979 non
1759 3924 1823 3997 ﬁt~

235 4018 553 4075 manifestus
596 4018 955 4091 syllogismus,
995 4033 1253 4074 conversa
1282 4029 1456 4073 autem
1492 4012 1815 4089 particulari,

238 4122 296 4168 et
348 4111 522 4183 posito
568 4110 596 4165 b
639 4110 796 4167 alicui
846 4128 873 4166 c
920 4111 1229 4181 contingere
1275 4111 1474 4175 inesse,
1503 4110 1686 4166 eadem
1719 4111 1822 4165 erit

238 4205 517 4263 conclusio
559 4218 677 4275 quae
720 4213 772 4259 et
816 4205 994 4274 prius,
1036 4204 1481 4273 quemadmodum
1528 4205 1581 4259 in
1613 4205 1676 4258 iis
1704 4220 1822 4273 quae

245 4313 309 4353 es
342 4296 621 4367 principio.
664 4295 720 4353 Si
749 4310 924 4352 autem
962 4312 1081 4367 quc
1111 4297 1176 4350 ad
1218 4296 1473 4366 majorem
1509 4298 1823 4351 extremita-

248 4400 352 4447 tem
384 4391 717 4462 particularis
756 4399 1017 4459 sumatur,
1067 4405 1185 4461 qua:
1219 4391 1284 4443 atl
1316 4392 1577 4444 minorem
1612 4391 1825 4442 univcr-

245 4483 396 4549 salis,
423 4481 532 4538 sive
578 4492 818 4553 utrinque
859 4491 1138 4537 sumantur
1184 4482 1537 4546 al‘llrmativaa,
1574 4482 1687 4536 sive
1719 4484 1825 4551 pri-

244 4576 456 4644 vativa,
486 4576 598 4631 sive
628 4591 733 4632 non
761 4574 953 4631 similis
980 4575 1163 4646 ﬁgurae
1182 4619 1196 4644 ,
1227 4575 1336 4630 sive
1359 4584 1600 4644 nti-teque
1631 4575 1822 4629 indeli-

249 4669 405 4731 n’tte,
438 4666 521 4722 vel
552 4662 931 4736 particulares,
963 4665 1109 4721 nullo
1150 4667 1305 4720 modo
1332 4668 1433 4721 erit
1459 4666 1824 4738 syllogismus.

248 4758 389 4817 Nihil
416 4758 557 4815 enim
592 4758 837 4829 prohibet
882 4758 909 4812 b
956 4758 1335 4814 transeeudere
1382 4776 1433 4821 a,
1482 4772 1534 4813 et
1561 4774 1666 4813 non
1695 4775 1831 4829 pric-

248 4851 415 4907 dicari
444 4851 511 4906 de
537 4853 731 4922 :cquis,
766 4851 821 4905 in
862 4866 965 4921 quo
996 4850 1136 4904 enim
1170 4850 1196 4904 b
1229 4851 1555 4906 transcendit
1594 4868 1626 4904 a
1657 4860 1831 4905 sumat

249 4963 298 5012 c,
333 4944 453 4999 huic
478 4959 651 5015 neque
680 4943 847 5010 omni,
883 4958 1053 5012 neque
1077 4943 1229 5009 nulli,
1256 4958 1427 5012 neque
1455 4942 1634 5009 alicui,
1660 4957 1832 5012 neque

251 5052 357 5093 non
386 5024 541 5093 alicui
573 5035 829 5105 Contingit
858 5050 889 5086 a
920 5035 1129 5102 inesse,
1162 5034 1422 5105 siquidem
1452 5045 1836 5089 convertuntur

251 5131 545 5187 secundum
596 5131 908 5200 contingere
958 5130 1370 5197 prepositiones,
1423 5138 1476 5183 et
1520 5127 1547 5180 b
1597 5127 1838 5196 pluribus

252 5223 517 5295 contingit
544 5237 700 5293 quam
733 5238 766 5276 a
796 5221 993 5277 inesse.
1022 5221 1264 5289 Amplius
1295 5228 1471 5274 autem
1503 5236 1565 5275 ex
1598 5221 1838 5274 terminis

254 5300 596 5373 manifestum
645 5322 727 5369 est
753 5354 768 5379 ,
814 5328 936 5367 nam
983 5313 1061 5368 sic
1085 5327 1143 5368 se
1171 5311 1489 5367 habentibus
1521 5311 1840 5381 propesitio-

254 5406 415 5462 nibus
456 5405 689 5476 primum
742 5414 1015 5473 postremo
1044 5412 1096 5458 et
1127 5403 1252 5456 nulli
1285 5401 1540 5471 contingit
1563 5443 1576 5468 ,
1611 5415 1661 5456 et
1693 5401 1837 5455 omni

254 5513 321 5553 ex
372 5496 690 5551 necessitate
743 5500 939 5551 inesse.
1007 5494 1243 5549 'l‘ermini
1294 5503 1472 5546 autem
1530 5508 1839 5548 cormunes

255 5590 521 5656 omnium,
570 5590 749 5645 inesse
794 5587 1008 5660 quidem
1042 5603 1106 5641 ex
1138 5586 1471 5645 necessitate,
1517 5584 1734 5649 animal,
1766 5584 1841 5639 al-

257 5681 410 5747 hum,
458 5678 617 5734 homo
644 5724 656 5743 ,
707 5697 810 5735 nou
859 5684 1168 5748 contingere
1208 5692 1352 5739 vero,
1385 5676 1601 5739 animal,
1636 5677 1837 5743 album,

256 5774 447 5831 vestis.
492 5772 823 5829 Manifestum
860 5774 1019 5844 igitur
1047 5773 1294 5841 quoniam
1332 5771 1431 5825 hoc
1458 5768 1612 5823 modo
1644 5769 1839 5823 haben-

1018 5864 1035 5885 Ι

1889 1875 2068 1919 autem
2118 1860 2429 1931 contingere
2471 1873 2689 1917 sumere
2737 1872 2841 1913 non
2894 1858 2944 1918 in
2995 1856 3340 1917 necessariis,
3390 1853 3488 1909 sed

1890 1958 2195 2015 secundum
2214 1957 2411 2015 dictam
2444 1954 2833 2019 deﬁnitionem,
2881 1952 3166 2021 aliquoties
3196 1959 3376 2009 autem
3407 1950 3495 2005 Ia-t

1895 2058 1971 2104 tet
1999 2047 2325 2118 bujusmodi.

2484 2181 2712 2236 CAPUT
2754 2181 2890 2236 ΧΗ.

2484 2181 2712 2237 CAPUT
2754 2180 2890 2237 XIV.

1902 2277 1979 2332 De
1996 2275 2308 2348 syllogismis
2346 2288 2410 2328 eat
2434 2290 2536 2327 una
2573 2274 2806 2348 absoluta
2834 2283 2881 2325 et
2909 2274 3073 2325 altera
3097 2270 3421 2343 contingente
3442 2272 3503 2328 in

2503 2345 2671 2413 prima
2695 2344 2883 2413 ﬁgura.

1974 2461 2029 2516 Si
2057 2468 2235 2516 autem
2268 2459 2384 2514 haec
2417 2457 2635 2527 quidem
2668 2458 2846 2512 inesse
2866 2500 2878 2521 ,
2911 2454 3000 2513 illa
3030 2472 3163 2513 vero
3188 2458 3503 2528 contingor.

1904 2565 2152 2612 sumatur
2201 2554 2631 2625 propositionum
2657 2593 2673 2617 ,
2724 2553 2941 2621 quando
2987 2566 3109 2621 quae
3135 2552 3201 2606 ad
3236 2552 3500 2620 unjorom

1906 2649 2121 2720 quidem
2174 2647 2568 2703 extremitatem
2611 2646 2923 2714 contingere
2961 2644 3343 2713 significaverit
3376 2655 3503 2713 per-

1910 2740 2033 2796 fecti
2061 2750 2219 2796 erunt
2258 2753 2449 2794 omnes
2480 2736 2812 2807 syllogismi,
2846 2744 2900 2791 ει
2927 2736 3291 2807 contingentis
3312 2748 3505 2791 secum

1908 2833 2037 2887 dum
2086 2832 2280 2886 dictam
2332 2830 2835 2891 determinationem
2866 2870 2881 2894 ,
2920 2829 3137 2898 quando
3165 2839 3345 2882 autem
3385 2842 3505 2898 qua

1910 2926 1975 2978 atl
2005 2924 2267 2977 minorem
2292 2965 2305 2986 ,
2338 2932 2392 2977 et
2419 2920 2714 2991 imperfecti
2743 2935 2955 2988 omnes,
2989 2928 3043 2976 ει
3071 2920 3319 2990 privativi
3343 2920 3506 2992 syllo-

1911 3016 2090 3087 gismi,
2122 3030 2228 3069 non
2277 3013 2638 3084 contingentis
2683 3012 2987 3067 secundum
3027 3010 3225 3066 dictam
3252 3011 3508 3071 desertus-

1914 3113 2208 3175 natloncm,
2241 3107 2334 3164 sed
2368 3107 2483 3177 ejus
2525 3106 2666 3176 quod
2698 3114 2783 3161 est
2811 3106 2942 3160 nulli
2962 3145 2977 3169 ,
3007 3114 3101 3160 aut
3128 3119 3235 3160 non
3262 3105 3413 3159 omni
3440 3118 3510 3161 ex

1916 3200 2239 3255 necessitate
2283 3200 2483 3253 inesse.
2535 3198 2590 3253 Si
2621 3197 2764 3253 enim
2816 3196 2970 3261 nulli,
3015 3204 3107 3250 aut
3128 3212 3235 3251 non
3264 3197 3509 3255 omnia

1916 3291 2241 3347 necessitate
2270 3291 2583 3360 contingere
2603 3288 2853 3354 dicimus,
2888 3298 2939 3342 et
2965 3288 3119 3351 nulli,
3146 3296 3202 3342 ει
3229 3302 3334 3341 non
3361 3288 3509 3343 omni

1915 3386 2113 3440 inesse.
2176 3385 2462 3454 Contingat
2510 3383 2653 3437 enim
2702 3398 2735 3434 α
2778 3381 2921 3435 omni
2952 3380 3002 3443 lt,
3035 3380 3267 3435 buten
3310 3379 3456 3435 ωηιιί
3483 3395 3511 3432 ε

1917 3488 2148 3545 ponatur
2180 3476 2389 3539 inesse,
2433 3473 2687 3543 quoniam
2718 3471 2877 3541 igitur
2903 3470 3004 3524 sub
3029 3467 3058 3520 ὁ
3088 3480 3173 3523 est
3200 3485 3248 3533 c,
3274 3486 3307 3522 α
3332 3478 3513 3525 θυι-ω

1915 3568 2179 3634 contingit
2226 3568 2372 3619 otnui
2420 3565 2466 3628 b,
2512 3563 2858 3619 manifestum
2907 3561 3163 3631 quoniam
3210 3570 3266 3615 et
3303 3575 3331 3615 ο
3359 3560 3514 3615 oruni

1917 3658 2182 3726 contingit
2210 3674 2261 3725 a,
2296 3658 2351 3709 lit
2380 3671 2507 3726 ergo
2540 3654 2810 3725 perlectus
2833 3654 3200 3725 syllogismus.
3251 3652 3512 3708 Similiter

1919 3760 2096 3804 autem
2129 3757 2325 3804 etcum
2353 3747 2612 3818 privativa
2640 3756 2718 3799 est
2748 3761 2778 3797 a
2807 3746 2836 3798 ὸ
2866 3745 3195 3813 propositio,
3225 3743 3253 3798 ὁ
3275 3759 3302 3797 c
3328 3752 3512 3798 autem

1920 3839 2236 3895 afﬁrmativa
2262 3880 2277 3905 ,
2329 3848 2384 3893 et
2426 3838 2543 3893 lucc
2584 3835 2797 3907 quidem
2839 3837 3186 3907 contingere,
3235 3835 3325 3889 illa
3386 3847 3516 3891 vero

1924 3935 2106 3989 inesse
2133 3942 2394 3993 sumetur,
2430 3930 2696 4001 perfectus
2726 3930 2827 3986 erit
2847 3930 3221 4001 syllogismus,
3257 3931 3513 3999 quoniam

1924 4042 1955 4078 η
1984 4025 2244 4094 contingit
2267 4022 2398 4077 nulli
2426 4040 2453 4076 c
2482 4022 2682 4077 inesse.
2738 4021 3000 4089 Quoniam
3045 4035 3175 4089 ergo
3206 4020 3383 4076 inesse
3414 4035 3515 4089 po-

1928 4122 2037 4174 sito
2064 4120 2127 4172 ad
2161 4118 2427 4172 minorem
2476 4116 2919 4177 extremitatem,
2962 4113 3183 4184 perfecti
3218 4112 3516 4185 syllogismi

1931 4214 2093 4273 linnt,
2127 4209 2490 4263 manifesmtn.
2529 4206 2687 4272 Quod
2711 4215 2887 4259 autem
2917 4206 3201 4259 contraria:
3229 4219 3295 4259 se
3319 4203 3521 4259 haben-

1933 4318 2012 4359 tes
2053 4314 2207 4358 erunt
2256 4300 2577 4371 syllogismi,
2630 4314 2724 4367 per
2750 4298 3084 4367 inspecturus
3107 4296 3515 4351 monstrandum

1931 4409 2028 4451 est.
2057 4394 2212 4447 simul
2239 4402 2419 4445 autem
2444 4392 2546 4445 erit
2581 4388 2927 4443 manifestum
2956 4397 3013 4443 et
3033 4389 3289 4458 quoniam
3319 4389 3518 4457 imper-

1933 4488 2055 4542 fecti
2074 4528 2087 4549 ,
2141 4501 2262 4539 nam
2288 4488 2526 4541 ostensio
2552 4499 2656 4537 non
2685 4498 2747 4537 ex
2777 4482 3011 4551 sumptis
3039 4482 3515 4551 psopositionibns.

1943 4579 2172 4633 l’rinium
2206 4588 2382 4630 autem
2414 4575 2697 4630 dicendum
2721 4575 2985 4647 quoniam.
3004 4576 3046 4626 si
3077 4588 3202 4627 cum
3232 4584 3314 4627 est
3342 4591 3397 4638 a,
3429 4588 3526 4628 ne-

1934 4685 2086 4725 cesse
2113 4677 2195 4724 est
2220 4684 2338 4723 esse
2376 4668 2422 4731 b,
2447 4676 2639 4722 etcum
2666 4666 2923 4733 possibile
2943 4674 3026 4719 est
3046 4680 3171 4720 esse
3189 4683 3245 4731 α,
3270 4666 3527 4734 possibile

1936 4766 2036 4818 erit
2068 4764 2097 4817 ιν
2127 4780 2187 4817 ex
2235 4763 2575 4817 necessitate.
2610 4760 2694 4815 Sit
2717 4761 2861 4815 etum
2892 4759 2969 4813 sic
2997 4772 3057 4813 se
3082 4758 3404 4815 Mnibus
3434 4774 3522 4813 ro-

1941 4859 2036 4913 hu.
2070 4868 2126 4909 ut
2174 4856 2225 4909 iu
2272 4869 2375 4925 quo
2415 4853 2627 4923 quidem
2676 4871 2709 4906 α
2761 4853 3039 4922 pOSsib'tle.
3069 4851 3267 4920 inquo
3289 4848 3526 4907 autetqu

1943 4947 2275 5019 impossibile
2294 4986 2309 5012 ,
2343 4947 2385 5001 si
2416 4961 2543 5015 ergo
2567 4944 2710 5000 aliud
2740 4943 2995 5014 possibile
3023 4943 3239 5012 quidem
3268 4954 3374 5010 est,
3404 4938 3526 4999 cuni

1943 5038 2196 5110 possibile
2243 5052 2388 5103 esse,
2432 5037 2603 5107 ipsum
2655 5036 2787 5099 lict,
2840 5034 2946 5090 hoc
2993 5049 3124 5089 vero
3171 5033 3525 5102 impossibile,

1944 5130 2195 5203 quoniam
2242 5129 2599 5199 impossibile,
2644 5143 2749 5183 non
2803 5127 2987 5197 utique
3015 5127 3128 5194 ﬂet,
3161 5126 3316 5180 simul
3348 5135 3526 5179 autem

1947 5222 1992 5275 si
2026 5239 2055 5273 ιι
2089 5219 2364 5290 po~sibile,
2400 5228 2455 5274 et
2480 5218 2507 5272 ὑ
2533 5217 2885 5289 impossibile,
2917 5217 3193 5288 continget
3232 5216 3350 5273 fieri
3397 5231 3529 5286 praua

1945 5325 2026 5371 ter
2056 5314 2105 5385 b,
2153 5313 2196 5368 si
2244 5322 2419 5370 autem
2456 5312 2575 5370 fieri
2598 5322 2652 5369 et
2683 5327 2823 5368 esse.
2873 5311 3004 5367 Nam
3038 5308 3180 5382 quod
3211 5308 3287 5375 lit,
3314 5308 3534 5381 quando

1948 5408 2147 5462 factum
2178 5418 2297 5469 est,
2344 5416 2446 5461 est.
2492 5406 2711 5475 Oportet
2740 5412 2915 5461 autem
2948 5402 3193 5473 accipere
3225 5416 3331 5455 non
3360 5400 3534 5455 solum

1949 5502 2001 5555 in
2024 5500 2370 5571 generatione
2404 5498 2656 5569 possibile
2680 5506 2735 5552 et
2765 5494 3116 5565 impossibile,
3147 5494 3242 5548 sed
3272 5503 3326 5549 et
3354 5494 3405 5551 in
3439 5509 3535 5545 ve-

1949 5606 2065 5644 runt
2101 5604 2251 5653 esse,
2306 5600 2357 5645 et
2391 5590 2441 5643 in
2474 5588 2614 5659 quod
2646 5596 2766 5643 actu
2793 5594 2905 5651 est,
2950 5594 3002 5639 et
3031 5599 3351 5655 quocunque
3376 5583 3536 5638 modo

1950 5679 2264 5749 simpliciter
2292 5679 2448 5735 aliter
2480 5680 2675 5734 dicitur
2719 5675 2993 5747 possibile,
3020 5675 3072 5731 iu
3106 5676 3356 5731 omnibus
3388 5675 3530 5729 enim

1951 5771 2202 5826 similiter
2233 5785 2291 5826 se
2324 5770 2558 5827 habebit.
2589 5768 2827 5839 Amplius
2856 5782 2974 5821 cum
3007 5777 3087 5823 est
3117 5786 3168 5835 α,
3201 5767 3226 5820 ι»
3256 5782 3397 5831 esse,
3432 5781 3536 5821 non
