4060 6330
546 470 803 545 tanquam
835 482 945 525 uno
970 463 1150 535 aliquo
1178 459 1450 516 existente
1479 470 1542 520 a,
1573 452 1675 507 erit
1706 449 1757 517 b,
1788 454 1999 517 oportet
2026 442 2143 511 opi-

553 569 690 633 nari,
740 562 869 620 nihil
913 560 1054 615 enim
1107 561 1191 611 est
1223 568 1294 609 ex
1324 547 1642 604 necessitate
1674 558 1779 597 uno
1810 541 1992 609 aliquo
2019 538 2138 592 exi-

550 631 745 728 stente,
776 657 869 712 sed
898 652 1106 709 duobus
1135 648 1201 703 ad
1232 646 1428 705 minus.
1464 652 1523 696 ut
1557 638 1770 708 quando
1816 631 2141 706 propositio-

554 768 653 812 n‘es
694 724 772 807 sic
816 764 874 805 se
922 747 1119 801 habent
1169 742 1257 813 (ut
1280 738 1484 793 dictum
1514 732 1617 802 est)
1650 728 1946 786 secundum
1977 724 2142 795 syllo-

551 850 780 921 gismum
807 886 823 912 ,
875 856 994 897 nam
1045 839 1123 893 sic
1167 835 1361 891 dicitur
1384 831 1452 885 de
1495 831 1550 896 ά,
1584 828 1617 880 d
1647 836 1825 879 autem
1850 822 1919 876 de
1952 836 1999 889 e,
2037 827 2090 873 et
2119 832 2146 870 c

553 945 623 1001 de
650 959 676 996 ε
694 956 763 996 ex
791 936 1134 998 necessitate,
1167 938 1223 985 et
1248 929 1291 983 si
1325 936 1611 991 utrumque
1634 916 1909 990 possibile,
1938 923 1993 969 et
2015 926 2145 966 con-

555 1036 724 1091 clusio
756 1034 860 1087 erit
899 1025 1191 1101 possibilis.
1253 1014 1717 1088 Quemadmodum
1772 1023 1901 1078 ergo
1945 1007 1991 1060 si
2024 1005 2144 1075 quis

558 1136 725 1201 ponat
751 1144 781 1179 a
814 1123 1030 1195 quidem
1077 1115 1476 1189 propositiones
1503 1154 1517 1178 ,
1567 1110 1594 1161 b
1636 1115 1812 1160 autem
1844 1100 2149 1156 conclusio-

561 1238 708 1289 nem,
735 1217 942 1273 accidet
973 1229 1078 1270 non
1106 1212 1280 1265 solum
1311 1226 1343 1262 a
1372 1206 1636 1262 existente
1665 1195 1970 1253 necessario
1990 1234 2004 1259 ,
2038 1201 2091 1247 et
2121 1190 2151 1242 b

560 1316 723 1374 simul
768 1328 884 1368 esse
936 1306 1301 1364 necessarium
1324 1344 1337 1366 ,
1389 1300 1483 1354 sed
1510 1299 1671 1352 etiam
1702 1288 1951 1362 possibili
1982 1285 2154 1356 possi-

562 1410 691 1465 bile.
737 1407 847 1460 lloc
889 1408 1081 1456 autem
1116 1408 1335 1453 ostenso
1386 1390 1733 1445 manifestum
1784 1394 1864 1438 est
1906 1379 2157 1448 quoniam

564 1501 703 1556 falso
756 1497 953 1568 posito,
1006 1501 1060 1546 ct
1106 1506 1211 1545 non
1272 1481 1586 1556 impossibili
1616 1522 1629 1545 ,
1678 1488 1731 1534 et
1776 1474 1917 1547 quod
1965 1469 2161 1527 accidit

567 1563 787 1664 propter
838 1586 1159 1659 positionem
1194 1580 1385 1635 falsum
1416 1576 1519 1631 erit
1546 1616 1560 1641 ,
1592 1582 1646 1628 et
1669 1586 1772 1625 non
1801 1563 2158 1638 impossibile,

568 1657 629 1742 in
650 1657 693 1741 si
723 1702 753 1737 a
787 1657 980 1738 falsum
1021 1676 1234 1746 quidem
1280 1681 1381 1737 est,
1424 1684 1531 1723 non
1575 1676 1752 1721 tamen
1801 1657 2159 1730 impossibile,

571 1793 694 1832 cum
717 1787 895 1831 autem
919 1772 1043 1827 sita
1072 1778 1125 1822 et
1152 1770 1201 1836 ὁ,
1253 1775 1307 1821 et
1359 1764 1386 1817 b
1430 1760 1533 1816 erit
1560 1760 1751 1814 falsum
1786 1753 2024 1825 quidem,
2054 1763 2160 1803 non

573 1884 751 1930 tamen
784 1866 1134 1940 impossibile.

573 1977 657 2025 est
685 1983 737 2031 a,
773 1939 873 2019 est,
898 1962 946 2025 b,
998 1968 1197 2013 etcum
1232 1952 1484 2024 possibile
1510 1960 1590 2005 est
1622 1966 1672 2013 a,
1709 1943 1969 2016 possibile
1997 1949 2079 1996 est
2112 1939 2162 1994 b.

572 2029 815 2115 Positum
848 2063 1025 2107 autem
1056 2057 1137 2104 est
1164 2064 1197 2100 a
1218 2044 1479 2117 possibile
1508 2055 1628 2096 esse
1653 2081 1666 2101 ,
1715 2048 1769 2093 et
1798 2036 1825 2089 b
1851 2035 1955 2089 erit
1998 2029 2170 2102 possi-

571 2152 703 2215 bile,
740 2150 784 2203 si
808 2147 952 2203 enim
986 2139 1325 2212 impossibile
1352 2147 1436 2193 est
1467 2136 1514 2200 b,
1546 2132 1705 2187 simul
1736 2130 1875 2183 idem
1906 2125 2008 2182 erit
2048 2138 2173 2193 pos-

570 2246 733 2311 sibile
760 2254 815 2300 et
843 2237 1202 2311 impossibile.
1246 2229 1626 2289 Determinatis
1652 2235 1831 2281 autem
1864 2223 1949 2289 iis,
1986 2220 2113 2274 insit
2138 2234 2171 2272 α

574 2338 726 2397 omni
757 2337 804 2403 b,
835 2336 863 2388 ὁ
885 2343 1065 2388 autem
1104 2327 1365 2396 contingit
1391 2322 1537 2377 omni
1563 2338 1612 2386 ο,
1643 2330 1867 2373 necesse
1895 2322 1979 2369 est
2005 2330 2037 2365 a
2067 2311 2171 2380 igi-

580 2442 667 2489 tur
709 2429 1021 2499 contingere
1066 2423 1210 2480 omni
1245 2438 1271 2473 c
1303 2420 1499 2473 inesse.
1542 2415 1656 2469 Non
1694 2411 1836 2468 enim
1872 2407 2170 2475 contingat,

580 2526 611 2581 b
642 2533 820 2580 autem
867 2498 1012 2575 omni
1066 2534 1093 2570 ε
1138 2522 1366 2584 ponatur
1398 2511 1608 2570 inesse,
1642 2506 1743 2558 hoc
1776 2512 1951 2555 autem
1982 2498 2174 2552 falsum

582 2619 799 2691 quidem
824 2655 839 2680 ,
887 2627 994 2667 non
1042 2618 1219 2663 tamen
1272 2600 1634 2672 impossibile,
1664 2597 1711 2650 si
1740 2608 1869 2663 ergo
1900 2608 1930 2644 a
1960 2588 2176 2659 quidem

581 2684 690 2769 non
720 2703 981 2775 contingit
1024 2700 1170 2755 omni
1198 2715 1246 2761 ε,
1280 2696 1308 2749 b
1338 2706 1520 2749 autem
1563 2690 1708 2744 omni
1754 2704 1780 2739 c
1828 2684 1973 2749 insit,
2006 2698 2039 2734 a
2069 2695 2176 2735 non

582 2802 730 2860 enini
768 2800 795 2851 b
827 2773 1106 2864 contingit.
1180 2790 1266 2844 Fit
1292 2788 1437 2843 enim
1469 2783 1817 2855 syllogismus
1848 2791 1942 2846 per
1962 2773 2180 2828 tertiam

584 2898 833 2966 ﬁguram.
874 2888 981 2946 Sed
1013 2885 1245 2957 positum
1273 2889 1390 2937 erat
1413 2878 1560 2933 omni
1591 2893 1617 2929 c
1640 2872 1951 2941 contingere
1976 2868 2178 2932 inesse,

586 3000 811 3045 necesse
858 2988 944 3036 est
966 2993 1109 3046 ergo
1138 2992 1170 3028 a
1201 2972 1349 3028 omni
1381 2986 1406 3023 c
1436 2968 1773 3033 contingere.
1842 2962 2003 3016 Falso
2035 2958 2183 3013 enim

588 3081 789 3152 posito,
820 3084 876 3131 et
905 3088 1012 3127 non
1040 3065 1359 3138 impossibili
1386 3105 1400 3127 ,
1427 3060 1568 3132 quod
1599 3057 1793 3112 accidit
1821 3065 1904 3111 est
1936 3050 2186 3121 impossi-

589 3146 724 3234 bile.
788 3169 1051 3227 Possibile
1080 3173 1164 3220 est
1190 3170 1367 3216 autem
1396 3167 1452 3211 et
1477 3155 1701 3224 primam
1736 3152 1961 3220 ﬁguram
2007 3146 2184 3200 facere

592 3262 931 3337 impossibile
978 3265 1236 3329 ponentes
1283 3251 1311 3304 b
1362 3249 1541 3303 inesse
1585 3262 1629 3309 τ,
1684 3258 1806 3297 nam
1847 3240 1949 3294 sib
1979 3237 2126 3292 omni
2160 3252 2187 3289 c

594 3330 758 3424 inest,
792 3374 825 3411 α
850 3361 1027 3409 autem
1056 3346 1201 3403 omni
1230 3344 1256 3398 b
1283 3340 1577 3410 contingit,
1609 3346 1665 3392 et
1694 3332 1839 3392 omni
1864 3348 1890 3384 ε
1918 3330 2193 3396 continget

597 3468 652 3523 α,
685 3448 777 3505 sed
804 3445 1034 3518 positum
1066 3448 1180 3496 erat
1204 3452 1309 3493 non
1334 3433 1491 3503 omni
1514 3427 1771 3499 possibile
1796 3426 1993 3479 inesse.
2021 3420 2194 3487 Opor-

540 3584 545 3589 ι
595 3555 676 3604 tet
699 3550 876 3600 autem
919 3538 1162 3605 accipere
1202 3530 1345 3586 omni
1380 3528 1555 3581 inesse
1583 3537 1689 3578 non
1721 3515 2014 3573 secundum
2054 3522 2193 3566 tem-

598 3658 698 3714 pus
745 3635 1187 3695 determinantes,
1241 3634 1300 3679 ut
1347 3636 1510 3685 nunc,
1561 3623 1652 3671 aut
1700 3616 1750 3667 in
1794 3612 1893 3664 hoc
1925 3618 2193 3675 tempore,

599 3699 695 3792 sed
752 3728 1071 3799 simpliciter
1104 3726 1222 3789 (per
1261 3712 1565 3786 hujusmodi
1616 3708 1757 3764 enim
1790 3699 2193 3774 propositiones

601 3836 657 3880 et
705 3795 1048 3892 syllogismos
1100 3808 1376 3878 iacimus),
1401 3804 1652 3876 quoniam
1709 3795 2000 3853 secundum
2056 3802 2197 3844 nunc

605 3881 819 3982 sumpta
849 3881 1275 3979 propositione,
1326 3916 1433 3952 non
1482 3897 1586 3952 erit
1629 3891 1992 3963 syllogismus.
2055 3881 2198 3936 Nihil

604 3973 746 4061 enini
795 3973 1020 4057 fortasse
1060 3993 1309 4065 prohibet
1352 3988 1673 4057 quandoque
1702 3991 1757 4037 et
1786 3978 1935 4035 omni
1965 3973 2199 4031 moventi

607 4096 882 4152 hominem
914 4093 1113 4153 inesse,
1134 4093 1191 4139 ut
1219 4082 1264 4137 si
1294 4079 1427 4135 nihil
1458 4076 1600 4159 aliud
1636 4082 1940 4135 moveatur,
1974 4078 2199 4121 movens

610 4198 790 4245 autem
838 4182 1095 4251 contingit
1140 4176 1286 4231 omni
1328 4168 1491 4242 equo,
1534 4169 1628 4224 sed
1672 4168 1833 4221 homo
1886 4162 2018 4217 nulli
2060 4173 2202 4230 equo

607 4281 886 4349 contingit.
948 4274 1240 4343 Amplius:
1296 4268 1367 4322 sit
1415 4266 1642 4333 primum
1692 4259 1907 4331 qudem
1956 4254 2200 4318 animal,

612 4374 844 4431 medium
871 4383 999 4423 vero
1026 4378 1280 4429 movens,
1315 4369 1644 4431 postremum
1685 4371 1814 4411 vero
1843 4354 2038 4415 homo,
2071 4365 2203 4419 ergo

613 4464 1008 4539 prepositiones
1032 4458 1248 4529 quidem
1284 4454 1536 4509 similiter
1564 4466 1622 4505 se
1652 4448 1946 4510 habebunt,
1984 4443 2205 4499 conclu-

614 4566 694 4617 sio
724 4574 854 4614 vero
879 4558 983 4612 erit
1011 4550 1313 4610 necessaria
1334 4589 1349 4612 ,
1384 4562 1490 4602 non
1523 4542 1862 4610 contingens.
1910 4540 1984 4593 Ex
2012 4551 2206 4593 neces-

615 4653 773 4705 sitate
835 4647 978 4703 enim
1028 4645 1188 4713 homo
1233 4649 1316 4696 est
1361 4636 1595 4698 animal,
1646 4622 1990 4687 manifestum
2044 4629 2205 4697 igitur

616 4742 871 4814 quoniam
921 4735 1225 4792 universale
1272 4730 1591 4789 sumendum
1639 4726 1975 4795 simpliciter,
2013 4734 2202 4780 etnon

619 4847 859 4905 tempore
889 4828 1331 4886 determinantes.
1368 4825 1599 4877 Rursum
1642 4838 1655 4876 :
1690 4818 2041 4889 sitprivativa
2084 4833 2209 4885 pro-

610 4932 813 5025 Ipositio
847 4930 1164 4990 universalis
1192 4946 1223 4981 a
1254 4928 1311 4992 b,
1348 4934 1402 4981 et
1427 4933 1668 4979 sumatur
1700 4941 1729 4975 η
1759 4923 1973 4993 quidem
2006 4922 2141 4975 nulli
2176 4920 2204 4973 ὁ

620 5046 820 5110 inesse,
856 5042 884 5094 b
908 5044 1084 5092 autem
1134 5032 1409 5101 contingat
1449 5027 1594 5081 omni
1627 5043 1653 5081 c
1685 5027 1879 5080 inesse.
1929 5025 2020 5079 llis
2048 5023 2209 5095 igitur

621 5150 811 5221 positis
852 5157 1077 5199 necesse
1123 5149 1205 5194 est
1251 5153 1283 5189 a
1311 5133 1625 5204 contingere
1655 5131 1785 5185 nulli
1812 5147 1837 5183 ο
1869 5130 2068 5188 inesse.
2101 5141 2210 5181 non

624 5244 767 5301 enim
791 5240 1085 5308 contingat,
1113 5236 1140 5289 b
1164 5241 1344 5288 autem
1372 5237 1602 5300 ponatur
1630 5227 1804 5283 inesse
1827 5243 1853 5278 c
1878 5225 2014 5279 sicut
2044 5223 2211 5293 prius,

625 5348 848 5391 necesse
896 5339 979 5388 est
1023 5329 1183 5400 igitur
1227 5343 1258 5379 a
1306 5323 1458 5397 alicui
1489 5320 1516 5374 b
1543 5322 1753 5386 inesse,
1790 5318 1848 5371 fit
1876 5316 2019 5371 enim
2051 5314 2215 5384 syllo-

626 5429 831 5500 gismus
861 5440 954 5496 per
987 5421 1196 5477 tertiam
1230 5418 1473 5490 ﬁguram.
1517 5415 1631 5469 Hoc
1659 5422 1834 5467 autem
1860 5409 2216 5478 impossibile,

628 5538 795 5591 quare
822 5516 1084 5585 contingit
1113 5532 1167 5579 (ι,
1201 5514 1330 5567 nulli
1362 5529 1409 5566 ε.
1455 5510 1641 5566 Posito
1668 5507 1809 5561 enim
1840 5502 1997 5567 falso,
2029 5510 2083 5557 et
2108 5516 2211 5555 non

632 5610 947 5682 impossibili
976 5650 991 5675 ,
1042 5604 1374 5675 impossibile
1403 5608 1488 5657 est
1528 5600 1667 5669 quod
1700 5596 1914 5652 accidit.
1959 5594 2056 5649 llic
2088 5608 2216 5664 ergo

632 5704 975 5775 syllogismus
1027 5715 1133 5753 non
1178 5706 1259 5752 est
1300 5693 1665 5762 contingentis
1705 5686 2217 5744 sccundumdelini-

635 5799 856 5861 tionem,
908 5795 1002 5851 sed
1053 5791 1182 5847 nulli
1236 5792 1413 5843 inesse
1461 5800 1527 5841 ex
1578 5785 1913 5841 necessitate.
1982 5784 2102 5838 llaec
2137 5792 2221 5837 est

633 5886 990 5942 contradictio
1041 5884 1191 5938 factm
1243 5878 1573 5951 hypothesis.
1654 5878 1892 5954 Positum
1945 5889 2029 5935 est
2069 5880 2214 5935 enim

620 361 649 391 ι’
684 352 687 359 ’
1778 329 1893 388 AN.
1934 322 2141 385 MANL.
2181 328 2183 367 ἲ

2288 317 2335 373 ν.
2377 313 2604 374 ΒΟΕΤΙΙ

2177 438 2224 497 Α
2252 451 2318 491 ex
2349 432 2671 489 necessitate
2718 444 2750 482 a
2795 425 2956 485 alicui
2985 438 3010 478 c
3036 423 3246 487 inesse,
3288 417 3641 497 syllogismus
3668 422 3851 469 autem

1184 1862 1316 1916 Nam
1345 1867 1618 1914 ostensum
1644 1862 1727 1908 est
1750 1848 2003 1921 quoniam
2035 1858 2156 1898 cum
2197 1826 2248 1887 Β

3188 326 3189 329 γ
3225 325 3236 368 ί
3744 294 3853 352 656

2251 544 2346 596 per
2389 521 2721 593 impossibile
2746 562 2760 586 ,
2794 517 3057 590 oppositae
3088 525 3170 569 eSt
3193 493 3669 567 contradictiouis.
3720 506 3853 559 Am-

2249 620 2390 690 plius
2439 627 2617 671 autem
2668 622 2724 667 et
2777 628 2843 667 ex
2897 607 3144 664 terminis
3201 604 3544 659 manifestum
3594 599 3854 669 quoniam

2250 727 2357 767 non
2409 711 2512 765 crit
2548 707 2824 763 conclusio
2873 704 3189 771 contingens
3218 742 3230 761 ,
3274 698 3345 752 sit
3375 697 3525 752 enim
3568 711 3601 747 a
3633 694 3856 764 quidem

2252 817 2487 868 corvus,
2538 799 2591 853 in
2626 812 2730 868 quo
2759 805 2935 850 autem
2966 793 2993 845 b
3025 790 3363 858 intelligens.
3402 788 3451 839 in
3483 800 3593 855 quo
3622 793 3807 837 autem
3835 800 3860 834 ε

2255 897 2441 959 homo,
2479 892 2610 946 nulli
2635 904 2765 960 ergo
2793 888 2820 941 b
2862 888 2999 939 inest
3032 901 3082 947 α,
3116 896 3237 935 nam
3285 878 3489 932 nullum
3523 875 3858 943 intelligens,

2255 1002 2474 1052 corvus,
2531 984 2559 1037 b
2613 992 2791 1037 autem
2839 975 3101 1045 contingit
3140 973 3283 1027 omni
3314 988 3369 1037 c,
3401 970 3548 1024 omni
3581 970 3736 1023 enim
3770 967 3862 1018 ho-

2258 1079 2392 1135 mini
2436 1079 2578 1132 inest
2628 1073 2927 1142 intelligere
2955 1110 2971 1135 ,
3009 1066 3101 1122 sed
3136 1082 3167 1118 a
3198 1081 3261 1119 ex
3295 1063 3623 1118 necessitate
3652 1058 3789 1111 nubi
3818 1074 3863 1125 ε,

2252 1188 2365 1229 non
2393 1172 2553 1242 igitur
2588 1165 2869 1223 conclusio
2913 1162 3251 1229 contingens.
3295 1153 3401 1210 Sed
3427 1167 3529 1207 nec
3554 1151 3865 1205 necessaria

2262 1278 2515 1332 semper:
2548 1260 2618 1315 sit
2644 1257 2786 1314 enim
2818 1273 2850 1308 a
2883 1253 3098 1323 quidem
3144 1264 3386 1315 movens,
3413 1247 3441 1298 b
3468 1256 3653 1300 autem
3684 1243 3865 1297 scien-

2264 1356 2359 1419 tia,
2395 1355 2447 1408 in
2499 1367 2606 1422 quo
2655 1360 2833 1404 autem
2879 1363 2905 1398 c
2953 1345 3145 1409 homo,
3196 1356 3325 1410 ergo
3353 1357 3384 1391 ιι
3416 1337 3641 1407 quidem
3677 1335 3813 1388 nulli
3842 1334 3867 1384 ὁ

2267 1445 2447 1511 inerit,
2500 1445 2525 1495 b
2578 1451 2754 1497 autem
2804 1437 2949 1494 omni
3002 1453 3028 1489 c
3073 1432 3358 1502 contingit,
3390 1440 3445 1485 et
3470 1445 3579 1483 non
3611 1428 3723 1483 erit
3746 1442 3868 1480 con-

2267 1538 2441 1596 clusio
2468 1532 2795 1597 necessaria,
2826 1545 2931 1583 non
2971 1528 3113 1582 enim
3147 1538 3371 1579 necesse
3398 1528 3482 1576 est
3521 1520 3737 1573 nullum
3782 1518 3870 1570 lio-

2269 1631 2469 1684 minem
2498 1623 2724 1687 moveri,
2755 1620 2850 1676 sed
2877 1632 3098 1672 necesse
3119 1623 3201 1670 est
3222 1615 3478 1684 aliquem.
3523 1609 3869 1665 Manifestum

2272 1719 2435 1790 igitur
2464 1717 2716 1789 quoniam
2748 1722 2831 1767 est
2861 1709 3139 1767 conclusio
3175 1707 3293 1776 ejus
3339 1705 3482 1775 quod
3526 1714 3614 1757 est
3643 1702 3783 1757 nulli
3811 1718 3872 1756 ex

2313 1809 2597 1866 ecessitate
2646 1805 2845 1859 inesse.
2907 1798 3237 1856 Sumendnm
3280 1806 3455 1851 autem
3513 1796 3716 1849 melius
3769 1807 3872 1849 ter-

2276 1904 2469 1956 minos.

2347 1992 2401 2046 Si
2435 1997 2616 2044 autem
2664 1984 2983 2056 privativum
3030 1987 3258 2051 ponatur
3300 1977 3366 2033 ad
3400 1976 3669 2047 majorem
3697 1986 3874 2031 extre.

2276 2085 2523 2139 milatent
2576 2080 2892 2147 contingere
2949 2072 3300 2145 signiﬁcans,
3356 2085 3419 2124 ex
3474 2069 3613 2139 ipsis
3664 2068 3875 2138 quidem

2277 2174 2508 2244 sumptis
2556 2166 3018 2241 propositionibus
3048 2206 3062 2231 ,
3128 2164 3309 2217 nullus
3352 2162 3453 2216 erit
3504 2161 3874 2231 S)llogismus,

2277 2281 2537 2324 conversa
2586 2274 2766 2318 autem
2804 2258 3096 2316 secundum
3129 2257 3447 2325 contingens
3480 2256 3874 2325 propositione,

2280 2361 2385 2417 erit
2418 2354 2870 2429 quemadmodum
2907 2353 2957 2406 in
2996 2350 3289 2422 prioribus.
3333 2348 3461 2402 lnsit
3491 2349 3641 2403 enim
3676 2366 3708 2400 a
3738 2350 3878 2404 omni

2283 2456 2334 2522 b,
2372 2454 2400 2506 b
2430 2461 2606 2505 autem
2640 2447 2916 2523 contingat
2954 2444 3083 2498 nulli
3109 2460 3168 2507 c,
3203 2444 3280 2496 sic
3311 2458 3438 2511 ergo
3469 2441 3802 2495 habentibus
3828 2456 3879 2495 ss

2285 2547 2533 2602 terminis
2558 2586 2574 2611 ,
2628 2541 2761 2595 nihil
2806 2539 2910 2594 erit
2940 2537 3326 2593 necessarium.
3368 2534 3421 2588 Si
3449 2544 3633 2587 autem
3662 2549 3883 2589 conver-

2286 2650 2427 2695 tatur
2460 2640 2488 2693 b
2516 2655 2567 2705 ε,
2600 2646 2653 2692 et
2698 2643 2941 2691 sumatur
2970 2633 2997 2685 b
3028 2631 3341 2702 contingere
3369 2629 3516 2683 omni
3561 2646 3621 2694 c,
3662 2628 3753 2683 ﬁet
3785 2629 3884 2700 svio

2285 2735 2547 2806 logismus
2578 2726 3026 2801 quemadmodum
3051 2725 3219 2794 prius,
3251 2722 3496 2777 similiter
3521 2722 3667 2775 enim
3693 2721 3884 2777 habent

2286 2844 2347 2883 se
2395 2825 2610 2882 termini
2663 2823 2950 2893 positione.
3017 2818 3219 2873 Eodem
3268 2825 3448 2870 autem
3494 2815 3657 2869 modo
3685 2826 3884 2869 etcum

2287 2919 2552 2993 privativa
2585 2923 2713 2971 sunt
2742 2922 2968 2983 utraque
3001 2908 3305 2974 intervalla,
3336 2909 3380 2961 si
3412 2925 3441 2960 a
3472 2907 3499 2959 ὑ
3523 2906 3751 2975 quidem
3783 2922 3884 2961 non

2290 3016 2495 3080 inesse,
2531 3013 2558 3066 b
2583 3028 2609 3065 c
2656 3021 2833 3066 autem
2883 3008 3054 3073 nulli,
3095 3006 3407 3074 contingere
3438 3003 3736 3072 signiﬁcat,
3772 3018 3886 3057 nam

2294 3124 2388 3178 per
2409 3123 2471 3162 ca
2506 3105 2720 3177 quidem
2755 3118 2875 3174 qua:
2916 3109 3125 3171 sumpta
3175 3108 3298 3153 sunt
3336 3097 3482 3150 nullo
3516 3095 3683 3149 modo
3714 3096 3775 3151 ﬁt
3810 3112 3885 3150 ne-
3942 3108 3957 3120 ’

2213 3218 2265 3286 ο
2294 3199 2637 3261 Cessarium,
2686 3209 2949 3249 conversa
3002 3203 3181 3247 autem
3230 3188 3523 3244 secundum
3572 3187 3888 3255 contingens

2302 3290 2668 3362 propositione
2701 3289 2807 3342 erit
2832 3283 3208 3355 syllogismus,
3257 3289 3498 3334 sumatur
3538 3279 3686 3333 enim
3718 3297 3749 3332 α
3778 3280 3887 3347 qui-

2298 3385 2444 3450 dem,
2477 3381 2608 3436 nulli
2636 3381 2664 3434 b
2698 3379 2876 3435 inesse
2896 3418 2913 3443 ,
2945 3376 2973 3430 b
3005 3385 3185 3430 autem
3216 3372 3531 3441 contingere
3562 3371 3701 3424 nulti
3726 3388 3775 3434 ε,
3808 3385 3888 3437 per

2302 3477 2417 3527 haec
2458 3471 2675 3542 quidem
2724 3468 2861 3525 nihil
2917 3466 3299 3521 necessarium.
3356 3462 3411 3518 Si
3440 3469 3620 3514 autem
3656 3474 3888 3514 sumatur

2302 3569 2330 3621 b
2380 3568 2525 3622 omni
2569 3582 2596 3619 c
2636 3563 2970 3632 contingere,
3023 3558 3166 3629 quod
3213 3572 3397 3613 verum
3445 3565 3548 3621 est,
3582 3572 3617 3607 α
3654 3555 3685 3608 b
3721 3565 3888 3609 autem

2301 3660 2597 3734 prepositio
2628 3658 2877 3712 similiter
2907 3670 2967 3710 se
3003 3653 3231 3715 habeat,
3266 3663 3451 3705 rursus
3476 3648 3583 3703 erit
3615 3648 3762 3702 idem
3791 3647 3889 3718 syl—

2303 3752 2573 3822 logismus.
2644 3748 2702 3804 Si
2750 3755 2926 3800 autem
2974 3758 3077 3798 non
3129 3744 3305 3797 inesse
3346 3747 3576 3809 ponatur
3611 3739 3643 3791 b
3675 3738 3822 3792 omni
3849 3754 3889 3803 τ,

2303 3853 2357 3899 et
2386 3859 2491 3898 non
2541 3840 2852 3910 contingere
2900 3852 3005 3891 non
3051 3835 3253 3901 inesse,
3287 3848 3391 3887 non
3424 3832 3524 3886 erit
3552 3831 3893 3901 syllogismus

2305 3939 2450 3992 nullo
2497 3935 2675 4000 modo,
2727 3935 2839 3988 sive
2889 3932 3149 4001 privativa
3178 3930 3269 3995 sit,
3319 3927 3433 3983 sive
3462 3926 3791 3981 aflirmativa
3816 3926 3893 3979 o5

2306 4028 2625 4099 propositio.
2667 4024 2905 4080 Termini
2934 4033 3111 4078 autem
3138 4033 3449 4075 communes
3479 4033 3549 4072 ex
3574 4020 3894 4074 necessitate

2304 4120 2518 4189 quidem
2551 4118 2747 4180 inesse,
2778 4115 2980 4181 album,
3014 4112 3233 4177 animai,
3274 4112 3385 4165 nix.
3428 4109 3548 4164 Non
3575 4112 3891 4179 contingere

2306 4225 2509 4276 au'em,
2555 4210 2755 4275 album,
2806 4205 3026 4273 animal,
3070 4206 3179 4274 pix.
3233 4202 3567 4258 Manifestum
3612 4210 3705 4257 est
3750 4202 3899 4271 igitur

2307 4304 2556 4374 quoniam
2590 4316 2709 4355 cum
2764 4297 3096 4354 universales
3120 4304 3261 4352 sunt
3284 4294 3522 4360 termini,
3554 4302 3608 4349 et
3639 4294 3758 4349 haec
3787 4297 3899 4364 qui-

2308 4398 2428 4458 dem
2456 4396 2878 4466 propositionum
2912 4395 3089 4450 inesse
3107 4436 3121 4460 ,
3158 4391 3245 4447 illai
3268 4405 3401 4447 vero
3427 4393 3670 4447 sumitur
3692 4394 3903 4447 contin-

2308 4507 2439 4563 gens
2468 4535 2482 4559 ,
2533 4488 2751 4559 quando
2795 4503 2916 4557 qua:
2964 4487 3030 4542 ad
3078 4486 3342 4541 minorem
3380 4493 3466 4540 est
3495 4487 3900 4541 extremitatem

2236 4585 2621 4671 Dcontiogere
2671 4581 2903 4634 sumitur
2947 4578 3263 4648 propositio,
3313 4590 3528 4645 semper
3572 4575 3632 4630 ﬁt
3665 4576 3905 4648 syllogis-

2315 4692 2467 4737 mus,
2516 4681 2887 4728 verumtamen
2920 4668 3347 4740 quandoquidem
3380 4683 3449 4722 εει
3483 4667 3651 4737 ipsis,
3698 4670 3906 4736 quando

2294 4777 2491 4843 autem
2527 4764 2897 4835 propositione
2936 4777 3227 4827 conversa,
3283 4760 3495 4831 quando
3542 4775 3683 4815 vero
3710 4774 3908 4816 utrum-

2317 4877 2421 4929 que
2454 4860 2641 4913 horum
2665 4900 2679 4923 ,
2712 4866 2764 4913 et
2794 4858 2863 4911 ob
2906 4873 3062 4927 quam
3097 4871 3336 4919 causam,
3361 4855 3618 4911 diximus.
3649 4858 3711 4913 Si
3739 4868 3909 4912 autem

2320 4954 2420 5006 hoc
2435 4951 2656 5021 quidem
2681 4948 3006 5016 universale,
3024 4949 3149 5002 illud
3178 4964 3305 5004 vero
3333 4949 3660 5018 particularc
3687 4953 3912 5004 sumitur

2320 5044 2743 5111 intervallorum,
2759 5042 2972 5113 quando
2993 5043 3059 5097 ad
3084 5043 3340 5113 majorem
3364 5043 3582 5110 quidem
3600 5047 3913 5099 extremus-

2322 5146 2426 5192 tem
2452 5135 2755 5191 univcrsnle
2776 5135 3007 5204 ponitur,
3028 5143 3081 5190 et
3101 5137 3417 5205 contingens
3441 5133 3559 5188 sive
3582 5136 3913 5204 ncgativutu,

2321 5230 2437 5284 sive
2480 5227 2856 5282 alﬁrmativum
2885 5268 2900 5293 ,
2951 5227 3276 5297 particulare
3316 5237 3495 5282 autem
3528 5226 3915 5280 allirnuativuta

2321 5330 2373 5376 et
2400 5323 2599 5385 inesse,
2625 5318 2727 5375 erit
2757 5319 3101 5391 syllogismus
3134 5319 3425 5390 perfectus,
3458 5320 3915 5390 quemadmodum

2323 5420 2522 5467 etcum
2572 5409 2901 5494 universales
2949 5420 3073 5466 sunt
3110 5394 3369 5479 termini,
3392 5411 3797 5467 demonstratio
3826 5430 3919 5467 au-

2327 5511 2431 5557 tem
2472 5501 2660 5558 eadem
2710 5517 2831 5572 quae
2851 5510 2906 5558 et
2938 5503 3102 5572 prius.
3144 5502 3372 5569 Quando
3397 5516 3577 5559 autem
3610 5505 3921 5562 universale

2323 5598 2535 5668 quidem
2582 5595 2742 5652 fuerit
2763 5639 2778 5663 ,
2818 5598 2885 5652 ad
2912 5599 3168 5669 majorem
3200 5599 3597 5656 extremitatem
3631 5601 3845 5667 inesse,
3876 5610 3924 5657 et

2326 5703 2429 5743 non
2461 5687 2802 5758 contingens,
2834 5688 3059 5745 alterum
3084 5705 3214 5747 vero
3244 5692 3597 5760 particulare,
3627 5702 3685 5747 et
3714 5694 3925 5748 contin-

2324 5801 2477 5856 gens,
2509 5786 2622 5841 sive
2650 5782 3002 5853 aiﬁrmative,
3034 5785 3148 5841 sive
3178 5784 3421 5855 negative
3457 5795 3733 5853 ponantur
3762 5796 3927 5843 utne

2326 5892 2449 5949 que,
2496 5877 2611 5933 sive
2658 5875 2775 5932 hinc
2822 5875 3041 5946 quidem
3086 5878 3364 5945 negativa,
3394 5877 3484 5932 illa
3516 5892 3648 5934 vero
3683 5878 3924 5935 afﬁrma

4038 4894 4041 4935 l

4040 4956 4041 4987 ι
