4060 6330
225 358 330 415 '05?
912 358 1217 417 PRIORUM
1258 356 1806 417 ANALYTICORUM
1845 359 2299 421 ARISTOTELIS
2336 364 2909 427 INTERPRETA'NO.
3403 374 3513 430 658

226 479 340 531 tiva
365 517 378 541 ,
425 474 647 529 omnino
691 472 793 529 erit
841 476 1183 547 syllogismus
1212 476 1576 548 imperfectus.
1622 476 1818 532 Verum
1848 478 1900 537 Α
1928 495 2046 548 nes,
2078 481 2388 550 sitprimum
2414 485 2672 554 privativa
2697 489 3362 563 necessaria,etaquidem
3376 493 3509 551 null!

226 570 280 624 hi
312 569 526 639 quidem
560 583 652 638 per
682 569 1011 638 impossibile
1038 570 1412 637 ostenduntur,
1456 568 1533 623 illi
1563 585 1692 625 vero
1721 584 1816 639 per
1921 574 2197 645 contingat
2224 575 2251 629 ὁ
2281 592 2345 630 ex
2369 580 2710 649 necessitate,
2745 582 2773 635 b
2801 592 2981 640 autem
3006 587 3275 656 contingat
3299 586 3505 657 omnis,

228 663 642 719 Conversionem
670 662 1058 732 contingentis,
1108 662 1555 731 quemadmodum
1584 662 1635 716 in
1667 661 1815 731 prio-
1923 684 2145 726 necesse
2182 681 2264 727 esi
2308 671 2470 742 igiiur
2496 692 2527 729 α
2566 677 2693 731 num
2723 692 2751 731 ε
2788 677 2989 737 inesse.
3036 679 3272 738 ponatur
3304 684 3445 739 enim
3476 700 3511 739 ο

208 757 403 812 ‘ribus.
448 756 563 810 Erit
591 765 770 811 autem
806 755 1149 826 syllogismus
1172 771 1266 825 per
1295 756 1730 822 conversionem,
1764 764 1819 812 et
1922 762 2100 818 inesse
2124 773 2217 819 aut
2241 767 2411 835 omni,
2430 776 2522 822 aut
2543 767 2971 841 alicui,positum
3000 781 3179 829 autem
3206 784 3287 837 est
3315 794 3347 831 a
3376 778 3509 835 nulli

225 849 445 919 quando
485 848 807 903 universalis
856 849 1070 917 quidem
1119 848 1184 903 ad
1216 848 1473 919 majorem
1501 849 1816 905 extremita-

1922 863 2237 933 contingere
2268 865 2317 930 b‘,
2348 866 2599 935 quoniam
2628 884 2757 940 ergo
2786 873 3118 929 convertitur
3145 875 3428 945 privativa,
3455 883 3509 931 et

232 953 340 999 tem
370 944 542 1013 posita
566 943 950 1012 signiﬁcaverit
978 943 1175 1010 inesse,
1207 944 1291 999 vel
1315 959 1419 999 non
1452 944 1649 1009 inesse,
1696 957 1818 1013 par-

1922 955 1951 1009 ι
1975 956 2103 1012 nulli
2132 976 2162 1011 a
2199 960 2480 1029 contingit,
2524 978 2554 1014 a
2579 971 2755 1017 autem
2788 968 3022 1034 positum
3045 977 3129 1024 est
3145 943 3331 1024 inesse
3360 985 3387 1023 c
3416 976 3506 1022 aut

229 1036 467 1092 ticularis
496 1050 623 1089 vero
649 1048 770 1089 cum
799 1034 872 1088 sit
902 1034 1183 1103 privativa,
1209 1044 1451 1090 sumatur
1479 1034 1814 1104 contingens,

1919 1049 2101 1117 omni,
2124 1059 2216 1104 aut
2237 1051 2417 1118 alicui,
2444 1068 2609 1121 quare
2633 1054 2789 1120 nulli,
2818 1068 2909 1111 aut
2935 1074 3038 1114 non
3070 1061 3214 1116 omni
3238 1078 3265 1114 c
3292 1062 3507 1118 continu

227 1139 287 1185 ut
309 1130 351 1184 si
383 1146 414 1183 a
442 1128 653 1195 quidem
684 1126 826 1183 omni
858 1126 886 1179 ὸ
914 1125 1077 1205 i'nest,
1106 1126 1191 1182 vel
1223 1142 1330 1181 non
1368 1127 1530 1194 inest,
1564 1128 1591 1180 b
1638 1135 1817 1181 autem

1921 1148 2011 1208 get
2048 1140 2078 1193 b
2120 1140 2299 1197 inesse
2324 1184 2337 1208 ,
2383 1146 2476 1198 sed
2510 1147 2917 1215 supponebatur
2953 1151 3099 1205 omni
3129 1167 3192 1205 ex
3223 1151 3505 1223 principio.

227 1221 387 1277 alicui
418 1219 682 1289 contingit
726 1231 833 1273 non
886 1217 1094 1285 inesse,
1146 1232 1406 1273 conversa
1429 1217 1571 1272 enim
1603 1217 1630 1270 b
1654 1233 1703 1283 c,
1732 1230 1819 1273 se-

1922 1230 2261 1289 Manifestum
2295 1245 2471 1291 autem
2498 1239 2750 1307 quoniam
2795 1250 2851 1296 et
2879 1242 2995 1311 ejus
3025 1245 3165 1314 quod
3189 1217 3271 1300 est
3296 1217 3508 1301 contin-

228 1318 461 1374 cundum
511 1315 823 1384 contingere
870 1312 930 1369 ﬁt
979 1311 1342 1383 syllogismus.
1381 1308 1607 1378 Quando
1636 1318 1815 1364 autem

1920 1336 2050 1391 gere
2078 1340 2182 1378 non
2207 1325 2387 1382 inesse
2414 1328 2471 1382 lit
2495 1328 2861 1401 syllogismus,
2891 1308 3153 1404 siquidem
3174 1350 3280 1390 non
3304 1336 3502 1393 inesse.

231 1429 336 1468 non
372 1414 546 1468 inesse
594 1424 836 1468 sumetur
866 1409 1265 1483 partieulariter
1298 1408 1469 1480 posita
1499 1407 1814 1479 propositio,

1919 1421 2151 1480 Rursum
2175 1427 2244 1481 sit
2269 1427 2584 1486 aﬂirmativa
2601 1432 2818 1502 quidem
2848 1436 3143 1504 propositio
3172 1438 3500 1506 necessaria,

227 1522 337 1562 ηοη
371 1507 471 1563 erit
518 1507 884 1578 εἲηοτόίειηιιεο
954 1504 1192 1561 Termini
1227 1504 1421 1570 ίηεεεθν
1466 1502 1669 1567 aulum:
1702 1502 1817 1555 ani‘
1920 1518 2264 1588 etaquidem
2296 1523 2573 1592 contingat
2601 1524 2735 1579 nulli
2762 1526 2790 1579 θ
2824 1502 3033 1594 inesse,
3088 1529 3116 1581 ὁ
3156 1538 3332 1584 autem
3379 1502 3507 1585 insit

225 1602 367 1667 malo
417 1603 676 1700 [mm
720 1602 900 1700 ίηθξεε
944 1611 1146 1667 “mem:
1194 1598 1399 1700 δξδυξηι
1446 1597 1666 1700 ³¹¹Ῑ¹¹¹³¹ς
1702 1598 1811 1700 Pii:
1918 1620 2063 1675 omni
2110 1637 2137 1673 c
2163 1637 2231 1676 ex
2265 1624 2607 1680 necessitate.
2649 1625 2790 1696 Ergo
2830 1627 2888 1682 ﬁt
2912 1629 3257 1699 syllogismus
3283 1631 3503 1700 quidem

226 1710 325 1766 Per
354 1695 687 1791 ίῐὶάθίῖῐξῖίυλη
713 1696 889 1791 ,θηίηῖ-
908 1704 991 1791 ξθει
1015 1693 1273 1749 sumenda
1312 1690 1722 1791 def“°'_‘5"a‘i°°
1754 1688 1814 1746 Si
1919 1712 2209 1781 perfectus,
2236 1714 2328 1769 sed
2359 1731 2464 1770 non
2492 1716 2611 1787 ejus
2631 1688 2773 1788 quod
2794 1729 2879 1775 est
2905 1688 3011 1775 non
3043 1688 3240 1789 inesse,
3265 1688 3357 1776 sed
3390 1722 3509 1791 eius

225 1794 409 1882 aluei“
462 1785 763 1882 universali“:
801 1786 1018 1882 (Ιξιίάθηι
1064 1793 1292 1882 Donati"
1330 1784 1398 1882 afl
1429 1785 1690 1882 ηιίηοῗεω
1718 1797 1814 1882 οξ·
1842 1873 1886 1882 _
1918 1804 2061 1874 quod
2104 1814 2189 1861 est
2224 1784 2539 1880 contingere
2568 1784 2674 1865 non
2718 1811 2915 1868 inesse.
2964 1811 3095 1867 Nam
3126 1823 3181 1868 et
3210 1784 3508 1882 propositio

225 1878 601 1976 tremitatem,
632 1879 1151 1976 particulareautem
1186 1876 1249 1976 ad
1274 1874 1528 1976 majorem
1560 1876 1672 1929 sive
1703 1873 1812 1976 pri-
1841 1873 1891 1935 B
1916 1873 1996 1954 sic
2026 1910 2239 1969 summa
2273 1904 2377 1969 ρει,
2394 1873 2513 1973 q'mc
2541 1898 2607 1959 ad
2637 1905 2895 1975 majorem
2918 1916 3000 1962 es,
3020 1873 3509 1976 exlrcxéim'em,”

226 1967 461 2024 vativum
488 2012 502 2037 ,
550 1970 669 2026 sive
722 1968 1097 2025 al‘iirmativum
1125 2014 1139 2037 ,
1173 1970 1288 2023 sive
1313 1966 1647 2037 contingens,
1696 1966 1810 2071 sive
1916 1989 1983 2044 ad
2015 1966 2498 2062 impdssibi'e'lion
2527 2006 2611 2052 es,
2639 1966 2838 2055 (Μέθη
2881 2018 2893 2053 ε
2944 2016 3067 2055 nam
3118 2002 3163 2056 si
3214 1966 3443 2071 ponam;
3472 2016 3506 2054 α

225 2060 406 2115 inesse
454 2061 760 2164 υξτυξηνίθι
810 2061 965 2164 ηυξηξ
984 2058 1659 2164 ηξθξθυθτίίδνίθῧίδωω*
1703 2055 1810 2163 Ne."
1914 2055 2310 2153 inesse'ullic,
2362 2089 2597 2157 positum
2643 2100 2728 2145 est
2771 2100 2950 2147 autem
2999 2100 3055 2148 et
3083 2109 3114 2145 α
3146 2055 3508 2164 bco'ntingere

227 2165 346 2254 sum
378 2150 770 2255 particularest
820 2152 905 2208 vel
950 2151 1245 2207 ίηάθῧιιῖιεε
1273 2159 1538 2255 venentur
1568 2151 1811 2221 Proposi-
1914 2150 2305 2245 nulliinesse,
2352 2150 2484 2236 nihil
2516 2182 2710 2238 accidit
2755 2198 2852 2253 per
2882 2185 2997 2240 haec
3041 2150 3410 2255 impossibile:
3448 2186 3506 2240 Si

227 2242 422 2310 tiones,
467 2245 583 2301 sive
629 2245 943 2315 contingere
993 2256 1262 2315 sumptte,
1298 2245 1410 2301 sive
1447 2247 1624 2302 inesse
1649 2289 1664 2314 ,
1715 2261 1813 2303 seu

1916 2276 2095 2324 autem
2117 2268 2185 2325 ad
2216 2271 2479 2327 minorem
2503 2242 2902 2331 extremitatem
2926 2242 3158 2346 ponatur
3183 2276 3504 2346 privativum

226 2338 574 2404 permutatim
594 2378 607 2399 ,
654 2352 752 2392 nec
780 2338 859 2391 sic
888 2338 993 2393 erit
1022 2338 1394 2409 syllogismus,
1425 2340 1813 2397 demonstratio

1916 2361 2131 2431 quando
2154 2364 2467 2432 contingere
2483 2365 2700 2434 quidem
2727 2338 3133 2435 signiﬁcaverit,
3161 2338 3506 2438 syllogismus

227 2435 404 2481 autem
434 2427 623 2481 eadem
651 2442 771 2498 quae
799 2428 850 2483 in
882 2427 1168 2498 prioribus.
1192 2429 1430 2485 Termini
1459 2440 1636 2485 autem
1664 2445 1811 2486 como

1917 2455 2137 2524 eritper
2180 2455 2611 2523 conversionem,
2644 2458 3097 2527 quemadmodum
3130 2461 3182 2515 in
3213 2460 3504 2530 prioribus.

227 2532 415 2620 ξηυηθδ
435 2518 611 2574 messe
636 2518 872 2620 quiia".
896 2535 964 2575 εκ
990 2522 1330 2620 ηθεθδδίξθίθν
1354 2522 1572 2620 39mm"
1602 2522 1809 2620 ³¹δ¹ξ¹⁰ι
1918 2518 2142 2613 Quando
2158 2557 2336 2602 autem
2361 2562 2467 2603 non
2484 2518 2817 2620 contingere,
2846 2566 2954 2606 non
2968 2552 3144 2607 eritex
3158 2518 3504 2620 necessitate,

227 2607 420 2713 {‘Pmﬂ;
460 2626 578 2713 Am“
614 2612 925 2713 εοηίξηξθτθ
954 2627 1103 2713 vero:
1128 2613 1349 2713 anima},
1380 2614 1583 2713 “mima
1610 2614 1835 2713 ίίξηίθδξ
1917 2651 2019 2693 nec
2039 2638 2253 2711 quando
2272 2647 2497 2709 utraque
2522 2607 2735 2708 quidem
2771 2643 3070 2713 propositio
3089 2644 3371 2713 privativa,
3394 2607 3505 2700 non

227 2699 567 2804 Manifestum
619 2714 702 2758 est
722 2704 909 2804 igitur
942 2704 1195 2775 quoniam
1228 2705 1514 2761 universali
1542 2706 1714 2775 posito
1743 2703 1811 2760 ad
1919 2742 2004 2788 es,
2033 2699 2211 2787 a'mém
2238 2699 2558 2803 continge";
2583 2735 2729 2804 quod
2754 2699 2818 2789 ἑά
2853 2699 3119 2792 ὧίηοηῐξι
3139 2745 3243 2792 εει,
3267 2699 3507 2795 Τθσζηηηί

226 2795 483 2865 majorem
509 2798 907 2853 extremitatem
937 2815 1149 2871 semper
1191 2800 1293 2857 erit
1333 2801 1695 2873 syllogismus,
1743 2801 1812 2856 ad

1918 2834 2098 2881 autem
2119 2824 2298 2880 inesse
2319 2826 3155 2896 quidem,album,animal,nix;
3188 2843 3297 2884 non
3327 2829 3506 2886 inesse

226 2900 489 2945 “morem
521 2897 698 2945 amem
729 2907 1022 2961 “""qm‘m-
1918 2919 2159 2989 quidem,
2186 2920 2387 2988 album,
2408 2912 2635 2989 animal,
2664 2922 2775 2991 pix.
2810 2921 3013 2977 Eodem
3046 2916 3227 2978 autem
3253 2922 3415 2979 modo
3442 2937 3506 2980 se

830 3003 1060 3062 CAPUT
1098 3005 1213 3061 XV.
1917 3014 2156 3080 habebit,
2173 3022 2227 3069 et
2248 3014 2299 3068 in
2319 3015 2728 3082 particularibus
2743 3016 3090 3088 syllogismis.
3108 3017 3334 3085 Quando
3355 3017 3500 3073 enim

309 3091 497 3149 Mixtio
526 3096 793 3151 necessarii
821 3104 867 3150 et
898 3097 1232 3168 contingentis
1261 3112 1317 3151 tn
1346 3098 1511 3167 prima
1538 3098 1726 3168 ﬁgura.

1917 3109 2081 3165 fuerit
2098 3110 2363 3180 privativa
2388 3111 2716 3178 necessaria,
2732 3118 2787 3166 et
2806 3111 3081 3167 conclusio
3108 3111 3212 3168 erit
3224 3111 3340 3182 ejus
3361 3110 3507 3182 quod

295 3205 520 3273 Quando
547 3215 722 3262 autem
750 3206 1088 3279 haecquidem
1105 3208 1525 3279 propositionum
1539 3223 1605 3265 ex
1618 3222 1808 3265 neces-
1837 3255 1884 3279 η
1915 3212 2000 3258 est
2018 3217 2121 3260 non
2148 3204 2353 3270 inesse,
2372 3214 2430 3258 ut
2452 3204 2498 3258 si
2521 3221 2551 3257 a
2573 3207 2791 3274 quidem
2822 3205 2953 3260 nulli
2986 3205 3015 3259 ὁ
3045 3206 3308 3276 contingit
3329 3206 3509 3262 inesse

304 3255 515 3273 ιι------
548 3255 722 3262 -----Ἵ
751 3255 1776 3279 --νν--ι---νωπηνα-νων·--κ---η-

225 3298 385 3354 sitate
412 3300 618 3365 inesse,
660 3301 745 3356 vel
793 3317 900 3355 non
947 3300 1158 3369 inesse,
1208 3302 1300 3357 illa
1331 3317 1460 3358 vero
1498 3304 1809 3373 contingere

2148 3255 2353 3270 --η-η,
2453 3255 2497 3258 __
2526 3255 2547 3257 η
2579 3255 2791 3274 ,_-_----
2988 3255 3003 3259 -
3049 3255 3307 3276 --------,,--
3329 3255 3504 3262 ----__-

1916 3309 1984 3350 ex
2008 3295 2349 3361 necessitate,
2372 3296 2401 3349 ὁ
2430 3306 2609 3351 autem
2638 3295 2794 3351 alicui
2814 3313 2842 3350 c
2860 3297 3133 3368 contingat
3162 3298 3340 3353 inesse
3360 3339 3375 3364 ,
3405 3311 3504 3353 ne-

224 3389 509 3460 signiticat,
546 3392 892 3462 syllogismus
922 3394 1138 3461 quidem
1165 3394 1268 3448 erit
1296 3394 1399 3448 hoc
1425 3394 1584 3449 modo
1607 3393 1811 3450 baben-
1918 3402 2073 3443 cessa
2100 3395 2183 3444 est
2211 3403 2244 3440 α
2269 3388 2430 3444 alicui
2459 3403 2647 3443 eorum
2688 3404 2808 3459 qum
2835 3399 2960 3445 sunt
3000 3408 3027 3444 ο
3067 3407 3172 3445 non
3204 3392 3406 3447 inesse.
3448 3391 3509 3449 Si

225 3482 370 3536 tibus
400 3499 459 3539 se
482 3484 747 3540 terminis.
778 3486 845 3539 Et
871 3485 1161 3555 perfectus,
1202 3484 1419 3555 quando
1447 3485 1514 3539 ad
1547 3487 1808 3542 minorem
1918 3480 2060 3534 enim
2079 3495 2111 3532 a
2128 3480 2272 3534 omni
2289 3495 2316 3532 c
2338 3480 2500 3546 inest,
2520 3480 2651 3534 nulli
2676 3480 2865 3535 autem
2885 3482 3147 3551 contingit
3167 3482 3219 3549 b,
3242 3493 3297 3537 et
3319 3485 3345 3535 b
3368 3482 3504 3537 nulli

224 3576 623 3631 extremitatem
666 3587 895 3646 ponetur
935 3578 1260 3637 necessaria.
1284 3568 1575 3634 Conclusio
1603 3587 1807 3646 autem,

1918 3589 1952 3625 a
1990 3572 2254 3640 contingit
2281 3570 2458 3627 inesse
2491 3589 2504 3624 :
2537 3586 2703 3639 quare
2730 3572 2775 3626 si
2817 3572 2961 3625 omni
2992 3588 3019 3623 c
3045 3572 3186 3626 inest
3226 3589 3289 3638 a,
3317 3572 3446 3627 nulli
3479 3586 3508 3625 ε

224 3668 268 3722 si
300 3667 621 3739 praedicativi
652 3679 779 3725 sunt
807 3670 1020 3740 quidem
1051 3671 1293 3737 termini,
1339 3671 1725 3739 contingentis,
1755 3679 1813 3725 et
1919 3664 2247 3733 contingitb,
2265 3664 2359 3719 sed
2380 3664 2610 3733 positum
2631 3673 2751 3719 erat
2767 3656 3508 3735 alicuieontingere.Quando

221 3772 334 3812 non
374 3758 548 3815 inesse
575 3759 699 3824 erit,
728 3759 839 3814 sive
861 3760 1271 3827 nniversaliter,
1304 3760 1416 3815 sive
1443 3774 1549 3813 non
1578 3759 1807 3814 univer-
1880 3774 1887 3777 ‘
1918 3767 2098 3813 autem
2126 3758 2461 3827 particularis
2486 3757 2811 3812 afﬁrmativa
2843 3758 3145 3813 necessaria
3175 3757 3352 3821 fuerit,
3386 3770 3508 3826 qua:

220 3848 411 3904 saliter
441 3859 736 3919 ponantur,
769 3850 814 3905 si
843 3860 1022 3906 autem
1052 3851 1159 3906 sint
1192 3851 1293 3906 hoc
1320 3852 1536 3921 quidem
1577 3850 1811 3905 afﬁrma-
1920 3852 1975 3906 in
2007 3851 2268 3921 privativo
2297 3858 2377 3906 est
2405 3849 2749 3921 syllogismo,
2779 3861 2834 3905 ut
2854 3852 2882 3904 b
2914 3867 2959 3916 c,
2985 3859 3075 3905 aut
3106 3849 3425 3905 universalis
3450 3848 3508 3904 in

224 3941 415 4006 tivum,
435 3941 560 3996 illud
580 3958 707 3998 vero
723 3940 1676 4013 privativum,quandoafﬁrmativum
1695 3941 1812 4012 qui-
1919 3942 2267 4008 aitirmativo,
2298 3950 2407 3997 uta
2436 3942 2497 4009 ὁ,
2535 3957 2642 3996 non
2673 3941 2778 3997 erit
2806 3941 3376 4012 inessersyllogismns.
3402 3940 3509 3996 De-

219 4032 991 4101 demfueritnecessarium,et
1010 4034 1370 4104 contingentis
1392 4032 1809 4099 eritconclusio,
1920 4035 2238 4090 monstratio
2265 4044 2445 4089 autem
2476 4034 2665 4089 eadem
2697 4050 2818 4104 qua:
2846 4036 2897 4089 in
2927 4034 3211 4105 prioribus.
3240 4034 3296 4089 Si
3326 4044 3506 4089 autem

219 4134 281 4179 ct
314 4139 421 4177 non
446 4125 562 4192 ejus
600 4126 738 4191 quod
766 4135 847 4180 est
877 4140 983 4180 non
1016 4126 1211 4181 inesse.
1242 4125 1464 4192 Quando
1493 4134 1672 4179 autem
1701 4123 1813 4193 pri-
1920 4128 2223 4183 universale
2250 4125 2467 4196 quidem
2486 4136 2717 4195 ponatur
2738 4128 2804 4181 ad
2828 4127 3092 4181 minorem
3111 4126 3507 4181 extremitatem

221 4218 463 4271 vativum
494 4216 940 4282 necessarium,et
962 4215 1317 4286 contingentis
1339 4230 1444 4270 non
1468 4222 1679 4279 esse,et
1704 4228 1813 4268 non
1921 4219 2005 4275 vel
2035 4217 2413 4273 afﬁrmativum
2444 4217 2527 4272 vel
2557 4216 2876 4287 privativum
2907 4218 3245 4287 contingens,
3269 4218 3505 4287 particu-

221 4312 407 4367 inesse
427 4351 443 4375 ,
496 4310 609 4364 sive
651 4308 979 4364 universales
999 4353 1014 4377 ,
1065 4310 1178 4363 sive
1205 4323 1313 4362 non
1345 4307 1675 4361 universales
1705 4305 1815 4360 sint
1922 4312 2223 4367 lareautem
2240 4309 2623 4378 necessarium,
2644 4324 2750 4364 non
2772 4309 2873 4365 erit
2890 4309 3252 4380 syllogismus.
3268 4308 3508 4367 Termini

224 4404 465 4458 termini.
514 4400 836 4471 Contingere
888 4410 1065 4455 autem
1116 4401 1168 4455 in
1216 4399 1563 4454 conclusione
1619 4395 1812 4453 eodem
1922 4411 2101 4458 autem
2126 4404 2304 4457 inesse
2334 4403 2551 4471 quidem
2573 4417 2641 4457 ex
2664 4401 3007 4461 necessitate,
3050 4401 3506 4468 animal,album,

223 4494 393 4550 modo
420 4493 788 4563 accipiendum
820 4501 902 4547 est
921 4507 1029 4563 quo
1068 4492 1121 4547 in
1165 4491 1450 4561 prioribus.
1480 4490 1609 4560 Ejus
1632 4497 1812 4543 autem
1921 4496 2124 4563 homo;
2170 4509 2275 4549 non
2306 4495 2618 4566 contingere
2647 4503 2851 4562 autem,
2884 4492 3115 4560 animal,
3163 4493 3342 4549 album
3362 4536 3377 4561 ,
3423 4504 3507 4549 tu-

224 4583 373 4655 quod
403 4593 578 4638 estex
613 4585 940 4639 necessitate
988 4596 1095 4637 non
1127 4582 1325 4648 inesse,
1376 4596 1481 4635 non
1511 4580 1613 4635 erit
1645 4579 1815 4649 sylloo
1848 4645 1893 4655 _
1922 4587 2061 4643 nica.
2111 4587 2336 4655 Quando
2384 4586 2628 4641 simiiiier
2668 4586 2973 4641 universale
3012 4582 3228 4654 quidem
3280 4593 3363 4640 εει
3408 4599 3506 4640 ne.

223 4675 456 4745 εἱειηυε.
489 4675 631 4729 διίυά
661 4676 804 4731 enim
828 4683 1061 4750 θειτηορ,
1087 4689 1153 4729 εἰ
1184 4673 1506 4729 ιιθεεεείῑδιθ
1534 4672 1729 4735 inesse.
1761 4677 1818 4726 ει
1844 4645 1898 4707 Β
1924 4682 2238 4744 eessarium,
2275 4680 2593 4750 particulare
2612 4688 2787 4733 autem
2820 4679 3159 4748 contingens,
3177 4692 3299 4733 cum
3332 4677 3508 4747 priva-

224 4783 294 4822 ex
320 4767 642 4821 necessitate
679 4780 785 4821 non
818 4764 1309 4843 inesseXQuoniam
1341 4765 1501 4835 igitur
1531 4764 1821 4819 universa-

1925 4774 2091 4828 tivum
2118 4771 2335 4843 quidem
2362 4780 2444 4827 est
2465 4770 2787 4835 universale,
2814 4772 2991 4826 inesse
3020 4770 3235 4841 quidem
3267 4771 3504 4840 termini,

226 4859 371 4915 libus
401 4857 739 4913 aflirmativis
774 4856 1127 4914 existentibus
1171 4856 1414 4913 terminis
1451 4872 1558 4912 non
1592 4856 1652 4911 ﬁt
1688 4869 1821 4911 con—
1927 4863 2147 4928 animai,
2190 4862 2395 4929 album,
2428 4876 2659 4926 corvus;
2690 4876 2795 4916 non
2826 4861 3023 4929 inesse,
3057 4863 3278 4939 animal,
3300 4863 3503 4929 album,

226 4953 399 5008 clusio
440 4952 737 5008 necessaria
758 4996 772 5019 ,
806 4952 1146 5007 manifestum
1175 4966 1190 5006 :
1231 4951 1358 5005 insit
1387 4951 1532 5005 enim
1562 4966 1591 5003 a
1617 4948 1764 5004 omni
1788 4947 1820 5001 ὸ
1929 4954 2190 5025 pix.Cum
2212 4963 2389 5008 autem
2416 4952 3006 5020 atﬁrmativum,inesse
3026 4942 3261 5023 quidem,
3281 4953 3506 5021 animal,

226 5060 301 5101 ex
336 5045 674 5110 necessitate,
707 5044 735 5097 b
758 5053 935 5098 autem
966 5044 1239 5113 contingat
1264 5042 1406 5097 omni
1441 5058 1487 5108 c,
1515 5042 1619 5097 erit
1656 5040 1822 5111 igitur

1928 5047 2132 5113 album,
2150 5061 2373 5117 cygnus;
2388 5061 2494 5101 non
2513 5047 2825 5117 contingere
2845 5057 3046 5115 autem,
3062 5047 3279 5113 animal,
3304 5047 3509 5115 album;

225 5134 571 5205 syllogismus
609 5134 987 5205 imperfectus,
1028 5136 1281 5205 quoniam
1308 5152 1339 5189 a
1368 5132 1628 5203 contingit
1666 5133 1814 5187 omni
1929 5143 2041 5195 nix,
2089 5140 2198 5195 Nec
2226 5139 2440 5208 quando
2466 5138 2760 5194 indefinita:
2782 5132 3069 5194 Sumuntur
3091 5140 3507 5210 prepositiones,

228 5244 257 5281 c
284 5229 481 5284 inesse.
505 5229 768 5293 Quoniam
788 5237 964 5284 autem
993 5228 1359 5296 imperfectus,
1386 5245 1450 5283 ex
1476 5227 1818 5283 demonstra-
1929 5242 2022 5287 aut
2062 5241 2303 5301 utrmque
2339 5229 2689 5299 particulares
2712 5271 2727 5297 ,
2775 5245 2880 5284 non
2907 5231 2985 5284 sic
3016 5231 3116 5285 erit
3144 5229 3505 5299 syllogismus.

229 5320 380 5375 tione
405 5321 601 5391 palam,
634 5324 823 5378 eodem
862 5325 1002 5379 enim
1028 5323 1186 5379 modo
1211 5322 1522 5377 ostendetur
1549 5335 1653 5389 quo
1678 5327 1734 5375 et
1763 5319 1817 5373 in
1928 5324 2167 5379 Termini
2192 5331 2710 5387 autemcommunes,
2736 5320 2912 5377 inesse
2936 5320 3399 5392 quidem,animal,
3434 5320 3511 5373 al-

231 5413 521 5482 prioribus.
545 5415 775 5469 Rursum
797 5434 827 5467 a
858 5416 1073 5486 quidem
1101 5416 1373 5484 contingat
1388 5413 1530 5469 omni
1563 5412 1591 5465 b
1618 5414 1818 5475 inesse,
1928 5418 2080 5485 bum,
2099 5418 2260 5473 homo
2279 5434 2293 5482 ;
2313 5401 2417 5472 non
2438 5417 2614 5473 inesse
2634 5427 2839 5483 autem,
2862 5417 3079 5481 animal,
3102 5416 3305 5483 album,
3337 5416 3509 5470 inani-

230 5508 263 5559 Ι)
296 5517 471 5561 autem
494 5510 637 5563 omni
657 5526 681 5562 c
711 5508 839 5563 insit
864 5525 930 5564 ex
958 5507 1409 5572 necessitate,erit
1441 5506 1619 5575 itaque
1641 5504 1820 5576 syllo—
1930 5519 2154 5564 matum.
2174 5508 2304 5564 Nam
2325 5517 2379 5565 et
2408 5508 2606 5564 animal
2625 5508 2934 5577 alicuialbo,
2952 5518 3005 5562 et
3022 5506 3511 5561 albuminanimato

229 5602 456 5671 gismus,
483 5606 734 5673 quoniam
768 5623 799 5659 a
826 5606 1099 5675 contingat
1126 5606 1272 5659 omni
1304 5624 1327 5657 ε
1354 5606 1553 5671 inesse,
1586 5602 1679 5657 sed
1713 5615 1819 5656 non
1928 5603 2083 5658 alicui
2113 5612 2197 5660 est
2225 5602 2798 5670 necessariuminesse,
2817 5611 2871 5656 et
2895 5615 3000 5656 non
3021 5600 3281 5669 contingit
3306 5578 3512 5667 inesse:

231 5698 488 5763 quoniam
523 5699 682 5763 inest,
716 5707 770 5752 et
797 5701 1062 5766 perfectus
1087 5698 1299 5767 quidem
1322 5740 1335 5764 ,
1366 5697 1458 5751 scd
1491 5712 1595 5750 non
1628 5696 1825 5764 imper-
1930 5705 1985 5749 et
2008 5696 2061 5749 in
2082 5695 2412 5764 contingenti
2434 5695 2701 5758 similiter,
2720 5707 2885 5762 quare
2912 5692 2977 5745 ad
3000 5689 3178 5745 omnia
3203 5690 3362 5745 utiles
3379 5699 3505 5744 sunt

233 5786 446 5853 fectus,
498 5792 676 5844 statim
712 5793 851 5846 enim
901 5792 1171 5862 perﬁcitur
1220 5808 1284 5848 ex
1342 5792 1601 5861 princpio
1632 5803 1827 5859 propo—
1934 5781 3512 5856 termini.Manifestumergoexiisquatdictasunt,quoniam

234 5879 469 5943 sitiouis.
500 5880 557 5940 Si
581 5892 758 5943 autem
785 5899 891 5943 non
925 5885 1116 5944 similis
1151 5885 1331 5958 figura:
1363 5882 1471 5943 sint
1508 5881 1830 5956 propositio-
1934 5880 2179 5942 similiter
2221 5879 2541 5943 habentibus
2567 5894 2627 5940 se
2670 5877 2944 5949 terminis,
2974 5885 3030 5937 et
3068 5876 3123 5937 in
3150 5891 3218 5939 eo
3244 5873 3385 5953 quod
3428 5880 3523 5959 est.
