4090 6342
28 668 31 813 l

568 323 682 381 659

1804 319 1921 377 ΔΝ.
1958 317 2165 374 MANL.
2206 316 2354 374 θεν.
2399 319 2618 376 ΒΟΕΤΙΙ

3755 332 3862 388 660

571 443 773 509 inesse,
802 451 856 499 et
885 440 938 497 in
967 440 1307 507 necessariis,
1328 447 1385 495 et
1404 438 1484 506 fit,
1509 447 1686 495 etnon
1702 438 1761 494 lit
1786 435 2152 509 syllogismus,
2184 435 2235 496 Α
2259 434 2401 507 cipio
2429 436 2793 505 definivimus,
2820 452 2928 494 non
2958 440 3130 496 solum
3153 455 3217 497 ex
3246 442 3563 500 necessitate
3590 443 3749 501 alicui
3780 446 3855 502 ia-

570 544 937 591 verumtatnen
967 534 1261 589 secundum
1275 532 1452 589 inesse
1472 532 1689 603 quidem
1706 532 1876 603 posita
1897 529 2162 600 privativa

568 631 961 705 propositione,
994 630 1109 699 ejus
1136 631 1277 702 quod
1307 639 1391 685 est
1423 631 1738 700 contingere
1763 639 1880 685 erat
1909 627 2159 698 syllogis-

568 742 713 796 mus,
733 728 1026 784 secundum
1040 730 1404 783 necessarium
1430 737 1607 784 autem
1642 724 1927 795 privativa,
1946 730 2002 777 et
2028 735 2157 789 con-

566 820 797 890 tingere,
827 831 879 877 et
894 837 1001 876 non
1028 822 1225 877 inesse.
1243 820 1424 877 Palam
1436 829 1614 877 autem
1635 829 1690 876 et
1705 818 1955 889 quoniam
1969 830 2158 870 omnes

564 910 865 981 imperfecti
894 912 1224 985 syllogismi,
1268 921 1323 968 et
1361 913 1635 983 quomodo
1678 909 2028 983 perﬁciuntur
2058 922 2158 977 per

562 1002 848 1074 praedictas
880 1004 1094 1075 figuras.

1153 1134 1378 1192 CAPUT
1421 1135 1562 1191 XVI.

561 1225 643 1283 De
665 1227 976 1301 syllogismis
1010 1240 1074 1282 επ
1111 1227 1356 1283 ambabus
1394 1226 1808 1301 contingentibus
1837 1224 1892 1279 in
1923 1224 2153 1280 secunda

1257 1302 1447 1373 ﬁgura.

632 1411 692 1467 in
723 1415 959 1470 secunda
989 1425 1166 1470 autem
1192 1414 1358 1485 figura
1386 1410 1601 1482 quando
1626 1409 2003 1476 contingentes
2031 1405 2151 1475 qni-

558 1502 682 1558 dem
721 1514 1006 1559 sumuntur
1054 1515 1294 1576 utra-que
1350 1501 1781 1575 propositiones,
1827 1498 2004 1553 nullus
2046 1496 2151 1551 erit

555 1596 935 1667 εγηοεξεηιυε,
982 1599 1097 1654 sive
1134 1598 1244 1651 sint
1287 1597 1645 1656 affirmativtc,
1690 1592 1804 1648 sive
1845 1591 2146 1662 privativa).

552 1688 669 1742 sive
682 1686 1161 1755 universales,sive
1187 1684 1801 1758 particul.ircs.Quando
1823 1693 2001 1739 autem
2034 1682 2148 1736 ha‘c

552 1780 772 1849 quidem
804 1781 1000 1847 inesse,
1034 1783 1121 1837 illa
1156 1795 1281 1837 vero
1308 1781 1624 1850 contingere
1654 1777 1919 1847 significat
1939 1814 1955 1841 ,
1988 1774 2143 1829 affir-

552 1871 747 1927 mativa
773 1872 989 1941 quidem
1009 1871 1184 1927 inesse
1211 1872 1568 1943 signiﬁcante,
1584 1885 1854 1939 nunquam
1866 1869 1963 1924 erit
1978 1868 2140 1939 syllo-

549 1964 774 2035 gismus,
809 1966 1064 2035 privativa
1096 1965 1387 2021 universali
1418 1965 1718 2029 existente,
1752 1976 1988 2029 semper.
2032 1959 2139 2013 Eo-

549 2054 675 2112 dem
700 2056 863 2110 modo
891 2065 946 2113 et
963 2056 1179 2126 quando
1208 2055 1323 2111 haec
1349 2054 1569 2125 quidem
1592 2070 1657 2109 ex
1691 2052 2033 2114 necessitate,
2054 2050 2140 2103 ἱιιει

548 2160 681 2203 vero
709 2148 1025 2220 contingere
1055 2159 1392 2214 assumatur,
1421 2156 1633 2218 oportet
1676 2154 1857 2201 autem
1887 2153 1943 2199 et
1973 2144 2026 2198 in
2059 2143 2141 2198 his

547 2236 797 2307 accipere
826 2238 1040 2307 quodin
1054 2236 1918 2305 conclusionibusesteontingens
1958 2248 2141 2304 quem-

545 2327 834 2389 admodum
864 2331 915 2385 in
950 2330 1238 2399 prioribus.
1280 2330 1519 2387 Primum
1543 2330 1704 2402 igitur
1743 2328 2139 2385 ostendendum

545 2421 798 2493 quoniam
828 2438 935 2479 non
966 2424 1302 2480 convertitur
1339 2424 1393 2478 in
1425 2422 1796 2493 contingenti,
1850 2420 2135 2492 privativa,

545 2522 605 2575 ut
627 2515 675 2570 si
697 2526 731 2573 tt
754 2516 1018 2587 contingit
1046 2516 1176 2570 nulli
1208 2516 1258 2580 ὸ,
1296 2532 1402 2571 non
1437 2531 1663 2574 necesse
1682 2524 1766 2573 est
1792 2522 1850 2570 et
1878 2514 1906 2568 b
1928 2513 2139 2570 contin-

543 2621 673 2677 gere
704 2607 837 2665 nulli
857 2624 911 2665 ιι.
938 2607 1176 2667 Ponatur
1195 2609 1339 2664 enim
1371 2607 1477 2663 hoc
1509 2617 1566 2663 et
1586 2609 1864 2677 contingat
1889 2604 1918 2660 b
1946 2604 2079 2661 nulli
2104 2622 2140 2660 α

539 2698 743 2767 inesse.
756 2712 889 2769 ergo
900 2700 1155 2770 quoniam
1172 2709 1561 2758 convertuntur
1573 2715 1696 2771 qum
1706 2708 1832 2755 sunt
1845 2699 1899 2754 in
1912 2712 1978 2754 eo
1993 2697 2137 2769 qhod

540 2799 623 2852 eat
648 2791 967 2862 contingere
992 2793 1385 2850 al‘llrmationes
1406 2793 1802 2863 negationibus.
1834 2799 1892 2848 et
1916 2798 2138 2847 contra-

538 2882 631 2943 rie
648 2923 663 2949 ,
696 2893 751 2943 et
776 2884 1232 2955 eontrnjacentes,
1279 2886 1307 2939 b
1330 2895 1510 2941 autem
1536 2884 1802 2955 contingit
1830 2883 1963 2940 nulli
1992 2900 2024 2936 a
2048 2882 2130 2938 in-

538 2991 681 3044 esse,
722 2977 1071 3041 manifestum
1099 2987 1186 3035 est
1218 2980 1471 3049 quoniam
1499 2987 1556 3034 et
1581 2977 1731 3033 omni
1758 2994 1792 3030 a
1812 2975 2075 3046 contingit
2102 2974 2133 3029 b

538 3067 739 3129 inesse.
772 3069 886 3125 Hoc
914 3079 1093 3129 autem
1123 3070 1316 3126 falsum
1345 3079 1449 3124 est.
1492 3069 1612 3125 Non
1636 3068 1780 3125 enim
1812 3069 1859 3125 si
1880 3068 1983 3125 hoc
2005 3066 2132 3123 huic

538 3159 688 3219 omni
728 3161 1023 3229 contingit,
1074 3171 1130 3216 et
1170 3163 1270 3215 hoc
1294 3161 1421 3216 huic
1441 3162 1715 3231 contingat
1740 3162 2159 3231 necessarium.)

535 3265 707 3322 quare
736 3267 845 3307 non
872 3222 1209 3309 convertitur
1230 3253 1512 3323 privativa.
1532 3222 1778 3324 Amplius
1799 3264 1979 3310 autem
1995 3222 2131 3331 nihil
2154 3222 2209 3289 ὀ

534 3341 786 3414 prohibet
814 3360 848 3398 α
866 3343 1083 3413 quidem
1114 3346 1425 3417 contingere
1455 3347 1586 3403 nulli
1605 3347 1657 3412 b,
1679 3347 1709 3402 ὁ
1728 3357 1911 3403 autem
1924 3345 2132 3403 alicuia

536 3447 605 3491 ex
632 3436 952 3492 necessitate
980 3452 1087 3493 non
1116 3437 1315 3505 inesse,
1339 3447 1403 3494 ut
1428 3437 1609 3493 album
1631 3437 1852 3510 quidem
1866 3439 2133 3510 contingit

534 3525 683 3587 omni
694 3525 902 3583 homini
916 3542 1021 3584 non
1041 3530 1237 3596 inesse,
1257 3543 1382 3585 nam
1401 3529 1645 3586 etinesse
1657 3530 1931 3587 hominem
1946 3539 2129 3586 autem

532 3630 643 3675 non
658 3634 845 3677 verum
857 3629 941 3677 est
950 3622 1156 3690 dicere,
1169 3622 1424 3695 quoniam
1436 3624 1699 3695 contingit
1710 3624 1841 3680 nulli
1854 3624 1998 3692 albo,
2014 3625 2129 3695 plu-

533 3712 689 3770 ribus
726 3715 871 3771 enim
908 3731 974 3771 ex
1016 3719 1341 3774 necessitate
1386 3732 1494 3774 non
1543 3717 1718 3785 inest,
1760 3718 2129 3774 necessarium

535 3812 717 3860 autem
746 3820 854 3860 non
885 3807 1054 3862 inerat
1076 3808 1414 3878 contingens.
1443 3808 1551 3866 Sed
1581 3824 1681 3866 nec
1709 3824 1779 3865 ex
1808 3809 2129 3880 impossibili

532 3896 782 3953 ostendet
804 3909 1148 3966 convertam,
1177 3902 1301 3955 utsi
1330 3902 1455 3971 quis
1481 3909 1632 3971 putet
1656 3901 1907 3971 quoniam
1933 3902 2128 3957 falsum

534 3998 618 4044 est
656 3989 684 4043 ὁ
713 3989 1027 4060 contingere
1056 3991 1187 4047 nulli
1211 4008 1244 4045 α
1274 3992 1487 4060 inesse,
1534 4008 1721 4049 verum
1765 4009 1873 4051 non
1916 3996 2128 4051 contin-

532 4091 662 4148 gere
688 4078 820 4134 nulli
849 4096 905 4148 e,
934 4080 1223 4138 afﬁrmatio
1246 4082 1389 4138 enim
1416 4093 1472 4141 et
1502 4085 1739 4156 negatio,
1761 4087 1807 4141 si
1824 4094 2001 4142 autem
2021 4087 2127 4144 hoc

535 4181 748 4240 verum,
760 4185 831 4227 ex
845 4172 1167 4230 necessitate
1188 4175 1349 4232 alicui
1369 4194 1401 4231 a
1420 4178 1598 4233 inesse
1611 4176 1662 4248 ὁ,
1677 4193 1844 4250 quare
1855 4189 1949 4237 eta
1963 4181 2123 4236 alicui

533 4260 564 4314 b
585 4261 762 4319 inesse
784 4304 799 4330 ,
843 4266 946 4322 hoc
972 4276 1149 4323 autem
1177 4267 1532 4339 impossibile.
1567 4269 1685 4327 Non
1707 4272 1852 4328 enim
1880 4272 1926 4327 si
1954 4289 1986 4327 ιι
2014 4288 2125 4327 non

532 4353 799 4424 contingit
825 4356 960 4411 nulli
985 4358 1015 4411 ὸ
1037 4400 1051 4423 ,
1092 4373 1316 4415 necesse
1341 4371 1424 4417 est
1450 4379 1482 4416 a
1506 4362 1664 4418 alicui
1694 4362 1725 4417 ι
1757 4362 1958 4420 inesse.
1990 4364 2125 4420 Nam

533 4457 644 4501 non
680 4446 992 4517 contingere
1036 4450 1168 4505 nulli
1198 4451 1393 4506 dicitur
1416 4452 1733 4523 dupliciter,
1777 4456 1879 4512 hoc
1904 4456 2123 4525 quidem

530 4534 578 4589 si
608 4550 673 4590 ex
703 4538 1030 4595 necessitate
1056 4540 1214 4596 alicui
1246 4540 1384 4597 incst
1403 4580 1421 4610 ,
1452 4542 1579 4598 illud
1613 4558 1742 4600 vero
1762 4543 1810 4600 si
1836 4561 1901 4601 ex
1930 4562 2123 4603 neces-

2265 540 2406 591 esse,
2435 528 2528 582 sed
2559 538 2613 583 et
2652 547 2717 585 ex
2752 526 3076 589 necessitate
3110 533 3266 589 alicui
3305 550 3411 590 non
3440 537 3617 591 inesse
3640 552 3861 594 sumen-

2263 614 2411 671 dum.
2444 618 2556 672 Iluc
2596 631 2775 675 autem
2807 630 3045 692 sumpto,
3091 623 3227 679 nihil
3268 626 3465 681 accidit
3502 628 3856 698 impossibile,

2262 722 2429 778 quare
2453 726 2555 765 non
2580 711 2639 765 fit
2660 713 3035 781 syllogismus.
3053 713 3388 772 Manifestum
3412 734 3536 789 (rgo
3561 735 3625 774 ex
3650 721 3717 775 iis
3736 736 3858 793 qua

2262 800 2402 854 dit-ta
2442 814 2564 856 sunt
2605 805 2857 871 quoniam
2907 823 3011 861 non
3055 810 3389 864 convertitur
3427 810 3710 879 privativa.
3744 813 3856 868 Hoc

2261 904 2437 949 autem
2464 906 2681 951 osten~o
2710 911 2935 967 ponatur
2959 918 3007 965 α,
3042 903 3070 955 b
3100 901 3313 971 quidem
3342 905 3655 969 contingere
3699 907 3852 978 nulli,

2263 1001 2290 1037 c
2316 1002 2443 1041 vero
2484 991 2651 1056 omni,
2688 1007 2780 1061 per
2811 995 3219 1051 conversionem
3252 1010 3380 1068 ergo
3412 1013 3517 1054 non
3543 1001 3646 1054 erit
3690 999 3856 1072 syllo-

2261 1079 2481 1148 gismus.
2519 1081 2724 1136 Dictum
2767 1094 2850 1138 est
2888 1085 3032 1140 enim
3077 1088 3330 1157 queniam
3376 1104 3481 1143 non
3521 1092 3855 1148 convertitur

2261 1170 2567 1240 ltujusmodi
2597 1178 2911 1246 propositio.
2945 1178 3050 1233 Sed
3079 1194 3177 1235 nec
3204 1196 3302 1249 per
3341 1182 3695 1253 impossibile,
3732 1201 3852 1239 nam

2260 1264 2435 1333 posito
2466 1267 2494 1317 b
2520 1268 2668 1321 omni
2697 1284 2724 1321 c
2753 1272 3067 1341 contingere
3106 1272 3306 1341 inesse,
3339 1272 3475 1329 nihil
3512 1276 3710 1331 accidit
3752 1277 3851 1331 fal-

2259 1370 2398 1422 sum,
2432 1361 2704 1430 continget
2725 1362 2866 1414 enim
2895 1381 2926 1415 α
2954 1372 3008 1417 et
3038 1365 3181 1419 omni
3214 1374 3267 1419 et
3288 1364 3419 1421 nulli
3451 1382 3478 1419 c
3504 1366 3706 1422 inesse.
3730 1369 3855 1422 0m-

2260 1449 2387 1504 nino
2417 1462 2592 1504 autem
2631 1452 2675 1506 si
2716 1460 2799 1508 est
2838 1455 3197 1525 syllogismus,
3229 1455 3405 1526 palam
3444 1459 3697 1527 quoniam
3724 1474 3852 1515 con-

2260 1542 2468 1611 tingens
2499 1542 2619 1612 erit,
2654 1559 2719 1599 eo
2761 1549 2900 1615 qnol
2942 1557 3132 1601 neutra
3169 1551 3595 1620 propositionum
3635 1562 3850 1620 sumpta

2258 1644 2340 1687 est
2366 1634 2415 1687 in
2441 1650 2506 1688 eo
2533 1635 2674 1705 quod
2703 1645 2785 1691 est
2816 1636 3011 1703 inesse,
3045 1645 3099 1693 et
3130 1636 3216 1691 hic
3240 1628 3331 1695 vel
3354 1638 3732 1707 afflrmativus,
3763 1640 3851 1696 vel

2258 1725 2585 1792 privalivus‘:
2630 1739 2819 1784 neutro
2849 1739 3026 1783 autem
3070 1729 3229 1785 modo
3260 1720 3517 1802 possibile
3546 1743 3650 1797 est,
3696 1732 3850 1787 afﬁr-

2174 1830 2226 1893 Β
2256 1825 2455 1878 mativo
2476 1828 2617 1880 enim
2642 1826 2834 1894 positu,
2853 1824 3164 1881 ostendetur
3188 1836 3283 1897 per
3308 1828 3562 1882 terminos
3589 1829 3849 1899 quoniam

2252 1930 2358 1967 non
2390 1917 2650 1986 contingit
2678 1916 2888 1984 inesse;
2921 1915 3185 1985 privativa
3212 1926 3414 1986 autem,
3444 1916 3695 1987 quoniam
3718 1932 3851 1973 con-

2250 2008 2422 2065 clusio
2454 2023 2558 2064 non
2590 2019 2671 2065 est
2694 2011 3034 2080 contingens,
3078 2008 3173 2065 sed
3219 2011 3547 2066 necessaria.
3594 2010 3680 2066 Sit
3701 2012 3847 2065 enim

2250 2116 2282 2154 a
2309 2099 2523 2171 quidem
2567 2100 2766 2166 allium,
2809 2100 2838 2154 Ι)
2889 2110 3065 2157 autem
3112 2100 3293 2168 homo,
3336 2096 3393 2155 in
3440 2116 3545 2170 quo
3592 2110 3771 2157 autem
3810 2092 3846 2155 'c

2248 2208 2439 2266 equus,
2470 2209 2600 2265 ergo
2627 2194 2805 2250 album
2837 2213 2865 2248 ιι
2890 2195 3152 2265 contingit
3182 2192 3300 2248 huic
3331 2194 3544 2264 quidem
3567 2193 3738 2263 omni,
3763 2193 3844 2249 illi

2249 2300 2376 2341 vero
2410 2286 2541 2340 nulli
2572 2286 2770 2353 inesse,
2795 2285 2888 2341 sed
2915 2284 2944 2347 b
2977 2302 3147 2358 neque
3179 2287 3354 2342 inesse
3383 2287 3645 2358 contingit
3669 2302 3719 2354 c,
3748 2302 3846 2342 ne-

2188 2428 2195 2439 ,
2246 2394 2353 2449 que
2376 2395 2483 2435 non
2513 2379 2708 2435 inesse.
2743 2380 3005 2447 Quoniam
3034 2379 3195 2450 igitur
3224 2380 3401 2435 inesse
3427 2395 3532 2434 non
3561 2381 3843 2450 possibile,

2245 2480 2331 2526 est
2369 2471 2731 2536 manifestum,
2758 2472 2932 2527 nulltts
2956 2472 3100 2527 enim
3131 2485 3301 2541 equus
3336 2470 3522 2537 homo,
3545 2472 3640 2527 sed
3664 2486 3844 2542 neque

2245 2563 2561 2633 contingere
2578 2577 2684 2618 non
2709 2564 2904 2630 inesse,
2923 2578 3141 2619 necesse
3158 2565 3393 2619 estenim
3418 2561 3621 2617 nullum
3639 2579 3842 2635 equum

2244 2653 2519 2710 hominem
2543 2668 2685 2720 esse,
2720 2653 3084 2710 necessarium
3114 2662 3294 2709 autem
3328 2669 3434 2708 non
3464 2664 3582 2710 erat
3618 2656 3839 2711 contin-

2242 2759 2395 2816 gens,
2411 2759 2515 2801 non
2537 2745 2695 2816 igitur
2716 2747 2772 2799 lit
2792 2746 3149 2816 syllogismus.
3173 2744 3436 2803 Similiter
3452 2754 3629 2801 autem
3651 2757 3841 2803 nsten-
3932 2808 3941 2815 κ

2241 2838 2421 2905 detur,
2440 2849 2495 2894 et
2524 2839 2567 2893 si
2611 2854 2641 2893 e
2665 2850 2928 2894 converso
2960 2853 3187 2905 ponatur
3216 2841 3493 2908 privativa,
3520 2850 3571 2894 et
3600 2838 3643 2894 si
3674 2847 3843 2895 utne-

2241 2946 2348 3000 que
2377 2930 2696 2984 affirmative
2727 2939 3013 2999 ponantur,
3036 2930 3118 2983 vel
3144 2928 3425 3000 privative,
3443 2944 3559 2984 nam
3594 2945 3689 2998 per
3712 2946 3840 2986 eos-

2244 3024 2370 3079 dem
2421 3023 2683 3078 t-‘rminos
2746 3024 2850 3078 erit
2887 3016 3299 3077 demonStratio.
3357 3024 3421 3076 lit
3462 3021 3675 3093 quando
3721 3023 3839 3077 hxc

2239 3117 2456 3185 quidem
2486 3112 2829 3182 universalis,
2861 3110 2954 3169 Illa
2988 3126 3116 3169 vero
3146 3112 3506 3184 particularis,
3543 3114 3628 3169 vel
3672 3125 3835 3170 ume-

2239 3224 2344 3283 que
2374 3210 2745 3282 particulares,
2775 3212 2859 3266 vel
2902 3210 3219 3277 lndetlnivm,
3254 3222 3344 3265 aut
3392 3211 3633 3281 quolibet
3673 3211 3837 3265 modo

2241 3302 2397 3357 aliter
2418 3302 2680 3373 contingit
2699 3303 2989 3371 permutari
3012 3301 3425 3372 propositiones,
3453 3315 3668 3372 semper
3688 3305 3835 3357 enim

2238 3392 2341 3449 erit
2370 3406 2466 3462 per
2494 3393 2715 3447 eosdem
2748 3392 3008 3447 terminos
3033 3391 3442 3447 demonstratio.
3487 3392 3834 3449 Manifestum

2237 3496 2365 3554 ergo
2418 3484 2676 3554 quoniam
2726 3485 2967 3553 utrisque
3023 3482 3485 3554 propositionibus
3532 3484 3832 3542 secundum

2235 3577 2549 3647 contingere
2570 3574 2781 3646 positis,
2815 3576 2991 3631 nullus
3017 3577 3076 3631 tlt
3095 3576 3459 3648 syllogismus.

2815 3686 3042 3746 CAPUT
3089 3686 3254 3746 XVII.

2308 3781 2495 3840 Mixtio
2524 3785 2748 3840 absoluti
2773 3792 2819 3840 et
2851 3785 3185 3855 contingentis
3216 3785 3270 3839 in
3301 3786 3530 3841 secunda
3558 3786 3737 3859 figura

2306 3890 2364 3948 Si
2389 3904 2567 3946 autem
2601 3890 2768 3946 altera
2798 3887 3016 3960 quidem
3039 3889 3238 3957 inesse,
3270 3889 3436 3945 altera
3465 3904 3597 3945 vero
3624 3892 3831 3947 comins

2231 3995 2361 4052 gere
2404 3981 2690 4052 signiﬁcat,
2735 3980 3077 4051 praedicativa
3124 3979 3339 4051 quidem
3388 3982 3568 4038 inesse
3623 3982 3832 4053 posita,

2231 4079 2494 4151 privativa
2513 4092 2642 4134 vero
2665 4080 3003 4148 contingere,
3036 4093 3307 4149 nunquam
3331 4077 3434 4133 erit
3452 4077 3829 4150 syllogismus,

2232 4172 2352 4228 sive
2383 4172 2774 4240 tmiversaliter,
2808 4172 2923 4228 sive
2963 4162 3360 4243 particulariter
3400 4182 3688 4227 sumantur
3719 4183 3829 4229 ter-

2208 4268 2386 4336 'mini,
2414 4266 2802 4324 demenstratio
2827 4278 3006 4321 autem
3037 4265 3250 4331 eadem,
3272 4274 3326 4319 et
3347 4279 3444 4335 per
3468 4265 3690 4322 eosdem
3723 4277 3829 4322 ter.

2230 4365 2425 4414 minos.
2449 4357 2674 4425 Quando
2695 4366 2873 4413 autem
2898 4357 3216 4413 attirutativa
3241 4355 3458 4427 quidem
3487 4357 3826 4429 contingere,

2230 4452 2495 4521 privativa
2534 4451 2734 4516 inesse,
2764 4448 2866 4504 erit
2905 4449 3269 4521 syllogismus.
3310 4447 3566 4503 Sumatur
3618 4449 3766 4505 enim
3794 4464 3827 4503 α

2229 4543 2259 4593 b
2286 4544 2499 4613 quidem
2532 4542 2664 4596 nulli
2690 4544 2887 4608 inesse,
2916 4557 2942 4593 c
2971 4555 3099 4595 vero
3122 4542 3301 4595 omnia
3333 4539 3668 4609 contingere,
3698 4555 3825 4595 con-

529 4627 688 4683 Silam
703 4628 863 4685 alicui
888 4644 997 4687 non
1019 4631 1188 4689 inest.
1206 4632 1340 4690 Nam
1362 4637 1503 4706 quod
1528 4651 1597 4694 ex
1618 4640 1941 4697 necessitate
1959 4642 2119 4700 alicui
2146 4609 2206 4674 ν
2231 4609 2385 4692 versa
2416 4650 2543 4704 ergo
2576 4634 2852 4705 privativa,
2885 4635 2913 4686 b
2945 4634 3083 4689 inest
3110 4633 3241 4688 nulli
3267 4650 3321 4702 a,
3346 4649 3378 4686 a
3406 4642 3585 4688 autem
3617 4635 3769 4688 omni
3798 4649 3825 4688 c

527 4733 714 4775 eorum
743 4735 866 4793 qua:
891 4731 1022 4780 sunt
1040 4740 1075 4779 α
1103 4741 1210 4783 non
1246 4726 1418 4800 inest,
1467 4744 1575 4786 non
1601 4740 1686 4788 est
1710 4746 1898 4790 verum
1937 4735 2120 4796 dicere

529 4812 780 4881 quoniam
820 4815 969 4871 omni
998 4818 1261 4890 contingit
1288 4834 1396 4877 non
1425 4821 1636 4891 inesse,
1662 4825 2117 4894 quemadmodum

527 4917 627 4958 nec
653 4903 811 4961 alicui
838 4906 978 4963 inest
1006 4923 1073 4965 ex
1112 4912 1470 4980 necessitate,
1513 4917 1766 4984 quoniam
1808 4919 1955 4973 omni
1984 4933 2151 4997 con-ﬁ

440 5060 451 5067 υ
526 4999 684 5070 tingit
706 4999 907 5060 inesse.
935 5002 994 5061 Si
1013 5018 1143 5075 ergo
1164 5006 1360 5078 aliquis
1386 5017 1536 5079 putet
1564 5013 1821 5081 quoniam
1850 5002 2145 5085 contingit"

524 5107 553 5145 ε
565 5094 709 5150 omni
725 5096 760 5149 d
781 5096 982 5166 inesse,
998 5114 1065 5156 ex
1083 5101 1408 5157 necessitate
1422 5101 1577 5159 alicui
1594 5118 1701 5159 non
1716 5104 1893 5161 inesse
1910 5106 2084 5175 ipsum
2094 5147 2113 5173 ,

523 5184 718 5245 falsum
738 5200 935 5258 sumet,
953 5191 1101 5248 omni
1124 5193 1271 5251 enim
1286 5194 1449 5266 inest,
1466 5196 1513 5253 si
1539 5197 1836 5269 contingat,
1858 5198 1955 5255 sed
1978 5214 2116 5269 quo-

522 5278 668 5333 niam
695 5281 1018 5351 quibusdam
1055 5299 1124 5341 ex
1162 5285 1489 5344 necessitate
1523 5287 1694 5356 inest,
1748 5298 1970 5361 propter
2008 5290 2115 5348 hoc

523 5369 750 5429 dicimus
779 5389 886 5432 non
914 5378 1065 5433 omni
1091 5378 1425 5451 contingere.
1714 5436 1719 5437 ,

592 5462 770 5531 Quare
808 5468 858 5523 ei
884 5469 1033 5539 quod
1072 5477 1159 5525 est
1195 5470 1513 5541 contingere
1539 5475 1690 5529 omni
1721 5474 1923 5544 inesse,
1960 5484 2016 5532 et
2043 5490 2109 5531 ea

520 5567 642 5625 quae
670 5566 755 5614 est
782 5572 849 5614 ex
868 5560 1190 5619 necessitate
1216 5561 1377 5619 alicui
1406 5562 1608 5632 inesse,
1628 5565 1939 5636 opponitur,
1963 5576 2018 5623 et
2046 5581 2112 5623 ea

520 5660 644 5715 quae
661 5656 835 5707 estex
854 5650 1171 5709 necessitate
1199 5651 1359 5709 alicui
1381 5669 1487 5711 non
1509 5656 1718 5725 inesse,
1741 5656 1991 5713 similiter
2015 5672 2112 5712 au-

520 5743 631 5794 tem
659 5747 715 5795 et
741 5740 793 5795 ei
819 5755 941 5811 qua:
966 5751 1052 5800 est
1074 5743 1390 5815 contingere
1419 5746 1575 5804 nulli.
1602 5747 1785 5805 Palam
1816 5762 1946 5819 ergo
1973 5765 2107 5820 quo-

520 5828 666 5897 niam
686 5830 758 5892 ad
774 5830 855 5895 sic
870 5835 1214 5915 coniugem.
1234 5845 1293 5905 at
1308 5853 1418 5903 non
1437 5840 1780 5916 contingens,
1802 5849 1860 5903 ut
1882 5840 1937 5902 iu
1954 5841 2109 5916 prin-

2230 4728 2597 4796 contingebat,
2618 4726 2676 4781 [it
2695 4741 2822 4796 ergo
2847 4725 3211 4797 syllogismus,
3236 4724 3487 4795 quoniam
3506 4724 3535 4777 b
3555 4726 3825 4797 contingit

2230 4821 2361 4876 nulli
2406 4837 2453 4891 ο,
2494 4836 2588 4890 per
2633 4820 2859 4891 primam
2900 4824 3143 4890 ligurem.
3191 4817 3453 4876 Similiter
3479 4829 3655 4876 autem
3687 4831 3744 4877 et
3775 4821 3824 4878 si

2227 4912 2295 4968 ad
2337 4928 2364 4966 c
2402 4923 2629 4982 ponatur
2681 4913 2959 4982 privativa.
2997 4912 3055 4968 Si
3081 4921 3259 4968 autem
3288 4921 3530 4983 utrasque
3566 4914 3675 4968 sint
3708 4915 3822 4984 pri-

2228 5003 2438 5070 vativae,
2465 5004 2730 5074 signiticet
2754 5012 2934 5059 autem
2962 5003 3077 5058 haec
3106 5003 3321 5074 quidem
3356 5017 3464 5057 non
3498 5005 3696 5069 inesse,
3729 5005 3820 5059 illa

2225 5111 2354 5151 vero
2373 5096 2689 5165 contingere
2714 5110 2819 5151 non
2844 5096 3041 5162 inesse,
3073 5110 3167 5164 per
3189 5110 3251 5151 ea
3276 5093 3496 5166 quidem
3521 5110 3641 5165 qua:
3667 5109 3819 5151 sum-

2221 5198 2312 5259 pta
2342 5197 2468 5245 sunt
2494 5188 2625 5243 nihil
2670 5186 2866 5243 accidit
2897 5188 3283 5255 necessarium,
3325 5199 3585 5242 conversa
3631 5196 3814 5242 autem

2221 5282 2517 5338 secundum
2567 5283 2883 5350 contingere
2933 5280 3301 5350 propositione
3341 5278 3401 5333 fit
3441 5278 3810 5350 syllogismus,

2220 5374 2469 5444 quoniam
2510 5372 2539 5426 b
2579 5372 2839 5442 contingit
2879 5371 3008 5428 nulli
3046 5389 3072 5425 c
3110 5372 3314 5441 inesse,
3355 5370 3806 5442 quemadmodum

2222 5468 2277 5524 in
2308 5467 2711 5537 prioribus,erit
2731 5467 2872 5522 enim
2903 5480 3114 5520 rursum
3145 5466 3317 5535 prima
3345 5464 3604 5536 ﬁgura.Si
3626 5474 3806 5521 autem

2223 5574 2461 5633 utrmque
2484 5570 2751 5631 ponantur
2780 5558 3156 5629 praedicativaz,
3184 5574 3288 5615 non
3314 5559 3417 5615 erit
3439 5558 3803 5633 syllogismus.

2220 5655 2455 5712 Termini
2484 5654 2697 5725 quidem
2727 5655 2902 5715 inesse
2933 5654 3157 5720 sanitas,
3179 5667 3368 5723 equus,
3389 5652 3569 5706 homo.
3598 5650 3802 5706 Eodem

2219 5759 2398 5806 autem
2428 5749 2588 5804 modo
2617 5763 2674 5805 se
2705 5747 2924 5803 habebit
2953 5757 3006 5803 et
3037 5749 3088 5802 in
3118 5746 3526 5818 particularibus
3555 5744 3804 5817 syllogis-

2221 5842 2346 5899 mis.
2402 5840 2628 5911 Quando
2684 5848 2863 5898 autem
2912 5840 3018 5899 erit
3062 5839 3384 5915 bat‘tirmativa
3424 5838 3633 5907 inesse,
3686 5835 3802 5901 sive

2148 5934 2200 5955 θ’
