4060 6330
290 268 392 328 66d

963 268 1269 350 PRIORUM
1304 270 1843 329 ANALYl'mUM
1874 271 2335 331 auth
2383 272 2958 335 lNTERPRETATIO.

3464 274 3571 331 662

288 382 678 447 ιιιιίνεηιιίαθιι,
722 383 834 437 sive
854 385 1263 454 particulatim
1284 395 1522 457 sum,
1554 386 1741 441 rutulus
1769 385 1876 441 erit
1901 389 1953 448 Α
1981 400 2086 441 non
2106 388 2593 454 inesse,etmversis
2614 390 3331 462 autemapwposilionibusgb
3349 392 3570 464 quidem

288 478 667 549 syllogismus;
697 475 796 530 hoc
826 485 1005 535 autem
1033 478 1304 544 similiter,
1327 488 1380 533 et
1405 478 1735 546 pereosdetu
1770 486 1878 532 ter-

292 570 466 623 minos
493 569 914 634 domonstrtatur,
947 570 1138 639 quibus
1166 581 1219 623 et
1246 571 1417 639 prius.
1445 569 1669 636 Quando
1698 579 1876 625 autem

291 669 347 715 et
378 661 660 727 privativa,
691 659 794 713 erit
818 676 921 728 ρετ
960 662 1394 737 conversionem,
1423 661 1877 731 quemadmodum

294 752 344 805 in
372 753 657 820 prioribus.
692 753 918 823 llursum
951 754 1000 807 si
1028 755 1190 807 ambo
1218 754 1433 822 quidem
1464 754 1739 809 intervalla
1766 755 1883 822 pri-

292 848 469 900 vativa
510 859 813 909 sumantur,
859 848 1233 901 universaitter
1275 858 1452 902 autem
1482 849 1622 917 quod
1654 863 1763 903 non
1790 849 1880 902 iu-

293 950 439 1001 essc,
464 952 526 990 ex
563 938 689 1004 ipsis
718 938 929 1005 quidem
958 937 1416 1005 propositionibus
1442 954 1546 992 non
1573 939 1676 993 erit
1699 952 1885 993 neres-

298 1029 498 1082 sarium
525 1069 538 1091 .
573 1044 830 1083 conversa
863 1042 1039 1083 autem
1074 1030 1407 1101 contingenti
1437 1034 1577 1087 sicut
1609 1033 1659 1087 in
1693 1032 1887 1102 prieri-

298 1123 420 1185 ltus.
465 1123 566 1177 erit
605 1123 968 1195 syllogismus.
1014 1123 1069 1178 Si
1119 1135 1298 1179 autem
1345 1126 1521 1180 inesse
1556 1126 1769 1195 quidem
1816 1124 1888 1180 sit

300 1215 594 1284 privativa,
640 1217 1037 1282 particulariter
1071 1215 1286 1285 quidem
1332 1226 1543 1287 sumpta
1571 1256 1585 1281 ,
1634 1231 1737 1269 non
1784 1216 1889 1271 crit

298 1308 666 1378 syllog'smus,
696 1322 872 1376 neque
902 1306 1261 1375 praedii-ativa,
1295 1325 1462 1378 neque
1492 1302 1743 1377 privativa
1775 1310 1892 1362 exi-

308 1410 484 1454 stente
511 1401 675 1453 altera
708 1402 1091 1468 propositione.
1138 1398 1247 1454 Nec
1278 1401 1493 1468 quando
1523 1410 1761 1467 utraeque
1796 1414 1890 1469 po-

302 1496 505 1542 nuntur
529 1487 842 1551 indeﬁnitm,
870 1488 952 1542 vel
983 1491 1341 1556 al‘ﬁrmativa‘,
1374 1493 1453 1545 vel
1488 1494 1765 1562 negativze,
1801 1500 1892 1545 aut

304 1581 687 1652 particular-es;
720 1582 1118 1638 demonstratio
1144 1593 1317 1639 autem
1345 1586 1533 1641 eadem
1563 1595 1615 1641 et
1652 1602 1743 1656 per
1773 1600 1892 1641 eosv

304 1675 429 1730 dem
446 1676 729 1730 terminos.

864 1790 1092 1847 CAPUT
1146 1790 1335 1847 XVIII.

348 1878 537 1934 Mixtio
569 1881 842 1935 necessarii
876 1892 922 1935 et
961 1884 1296 1955 contingentis
1328 1884 1378 1937 iu
1411 1872 1637 1938 secunda
1665 1885 1853 1956 ﬁgura.

378 1992 435 2050 Si
474 2001 654 2047 autem
694 1993 807 2048 lucc
840 1993 1056 2060 quidem
1088 1993 1517 2063 propositionum
1544 2009 1620 2048 ex
1662 1995 1895 2061 necessi-

313 2092 443 2150 tate,
471 2086 558 2140 illa
583 2099 715 2140 vero
737 2085 1050 2153 contingere
1078 2085 1363 2155 signiﬁcat,
1384 2086 1653 2154 privativa
1672 2086 1899 2155 quidem

311 2177 638 2245 necessaria,
668 2177 768 2231 erit
788 2178 1149 2248 syllogismus,
1166 2193 1278 2232 non
1302 2178 1475 2233 solum
1503 2180 1752 2248 quoniam
1769 2194 1901 2234 con-

316 2271 469 2342 tingit
498 2287 604 2326 non
636 2274 835 2334 inesse,
864 2275 959 2325 sed
991 2280 1047 2326 et
1066 2275 1316 2341 quoniam
1340 2288 1447 2326 non
1474 2274 1632 2336 inest,
1664 2272 1901 2327 afﬁrma-

317 2366 417 2418 tiva
448 2376 624 2418 autem
657 2380 761 2418 non
788 2366 910 2418 erit.
940 2364 1183 2417 Ponatur
1204 2374 1382 2418 autem
1409 2380 1441 2417 a
1472 2365 1500 2417 ι
1524 2364 1741 2434 quidem
1770 2365 1902 2420 nulli

314 2456 491 2513 inesse
515 2471 580 2511 ex
610 2457 952 2526 necessitate,
978 2473 1009 2509 ς
1035 2467 1212 2511 autem
1243 2457 1386 2511 omni
1412 2458 1746 2526 contingere,
1774 2474 1906 2511 con-

319 2561 473 2602 versa
497 2562 626 2617 ergo
651 2548 932 2617 privativa,
960 2556 1013 2601 et
1037 2550 1064 2600 ιν
1086 2548 1214 2602 nulli
1240 2565 1270 2600 α
1296 2549 1476 2614 inerit,
1500 2565 1531 2600 a
1556 2562 1733 2603 auem
1758 2547 1906 2607 omni

314 2656 343 2694 ι
371 2640 735 2710 contingebat.
763 2638 844 2694 Fit
869 2640 1029 2709 igitur
1058 2656 1267 2695 rursum
1303 2656 1396 2709 per
1424 2640 1649 2708 primam
1680 2642 1905 2710 ﬁguram

316 2716 684 2805 syllogismus,
700 2733 951 2802 quoniam
966 2734 1002 2785 'b
1026 2734 1287 2803 contingit
1314 2732 1446 2788 nulli
1472 2751 1500 2787 c
1518 2734 1718 2789 inesse.
1738 2733 1908 2791 Simul

316 2834 495 2880 autem
547 2823 888 2881 manifestum
933 2824 1184 2893 quoniam
1232 2840 1404 2893 neque
1444 2824 1583 2878 inest
1622 2825 1649 2875 b
1689 2826 1817 2878 nulli
1854 2843 1907 2886 ι’.

321 2930 549 2989 ponatur
588 2918 731 2973 enim
773 2919 966 2983 inesse,
1013 2932 1143 2987 ergo
1183 2917 1292 2970 sia
1326 2916 1462 2971 nulli
1504 2915 1532 2968 b
1573 2916 1853 2985 contingit,
1881 2916 1911 2967 ὸ

320 3023 498 3065 autem
540 3008 679 3064 inest
722 3008 880 3064 alicui
932 3025 979 3073 c,
1026 3026 1056 3062 α
1102 3008 1262 3063 alicui
1294 3026 1321 3059 c
1353 3024 1458 3063 non
1494 3010 1772 3077 comiugit,
1812 3007 1913 3064 sed

318 3104 464 3157 omni
506 3101 813 3171 ponebatur
856 3106 1192 3170 contingere.
1255 3098 1457 3154 Eodem
1520 3109 1697 3154 autem
1750 3098 1912 3153 modo

1986 480 2117 534 ouili
2166 482 2339 535 inesse
2378 498 2433 547 a,
2470 501 2506 537 α
2532 494 2711 538 autem
2742 486 2901 540 omni
2936 501 2965 537 ο
3007 486 3287 555 coiit'ingit,
3314 484 3382 539 ιιι
3411 486 3574 555 igitur

1987 571 2155 639 prima
2184 574 2375 640 ﬁgura,
2398 576 2522 628 etsi
2544 577 2612 629 ad
2638 593 2665 628 c
2698 587 2924 644 ponatur
2942 574 3273 646 privativum
3302 577 3570 633 similiter.

1987 666 2040 720 Si
2060 678 2244 720 autem
2260 669 2625 735 rprmdioativae
2640 682 2932 738 penatum,
2945 687 3052 727 non
3075 674 3183 726 erit
3202 671 3569 743 syllogismus,

1988 773 2107 811 nam
2130 758 2253 827 ejus
2274 762 2532 827 quodest
2558 777 2662 816 non
2684 763 2865 819 inesse
2885 805 2901 830 ,
2936 774 3037 819 aut
3062 764 3179 835 ejus
3213 766 3353 833 quod
3395 773 3475 817 cst
3502 779 3574 818 ex

1988 856 2306 908 necessitate
2322 866 2431 908 non
2452 855 3018 922 inesse,manifestum
3032 860 3290 929 quoniam
3316 873 3421 913 non
3448 857 3571 926 erit,
3592 866 3595 873 '

1989 946 2218 1015 utquod
2262 963 2291 999 n
2322 963 2365 1002 ut
2408 951 2717 1016 sumpta-sit
2748 950 3003 1017 privativa
3026 951 3348 1021 propositio,
3397 965 3576 1020 neque

1992 1040 2131 1094 inseo
2146 1039 2292 1108 qmul
2310 1049 2403 1094 est
2432 1044 2626 1104 inesse,
2649 1056 2822 1111 neque
2836 1042 2894 1095 in
2916 1056 2991 1097 eo
3014 1042 3158 1112 quod
3182 1052 3270 1097 est
3293 1058 3358 1097 ex
3391 1056 3579 1096 neces-

1991 1133 2147 1187 sitate
2177 1133 2375 1195 inesse,
2400 1133 2494 1187 sed
2524 1148 2702 1200 neque
2714 1133 2841 1201 ejus
2856 1133 3004 1202 quod
3028 1143 3115 1189 est
3130 1136 3445 1203 contingere
3470 1147 3578 1186 non

1994 1225 2189 1289 inesse,
2216 1240 2288 1279 lex
2324 1225 2643 1279 necessitate
2671 1224 2813 1278 enim
2840 1226 2926 1278 sic
2952 1237 3015 1279 se
3043 1225 3377 1288 habentibus,
3414 1225 3442 1276 ὁ
3468 1238 3581 1277 nun

1997 1317 2154 1370 inerit
2173 1332 2218 1382 ε,
2252 1326 2310 1371 ut
2335 1316 2378 1369 si
2409 1333 2440 1368 α
2463 1317 2676 1384 quidem
2707 1328 2935 1386 ponatur
2962 1317 3164 1381 album,
3190 1316 3247 1370 in
3269 1330 3374 1386 quo
3400 1328 3581 1369 autem

1994 1409 2269 1480 bcyguus.
2300 1410 2350 1463 in
2374 1425 2484 1479 quo
2502 1422 2681 1465 autem
2707 1392 2941 1477 c'ltomo,
2984 1425 3157 1480 neque
3200 1411 3573 1479 oppositurum

1996 1502 2427 1565 afﬁrmatiunum,
2453 1505 2704 1573 quoniam
2727 1512 2999 1559 ostensum
3016 1511 3101 1558 est
3123 1502 3151 1556 b
3171 1518 3235 1558 ex
3264 1504 3582 1557 necessiate

2001 1610 2103 1649 non
2134 1594 2312 1649 iuese
2332 1612 2377 1663 ο,
2405 1609 2507 1648 non
2538 1610 2667 1665 ergo
2700 1595 2755 1649 ﬁt
2770 1596 3121 1665 syllogismus
3149 1597 3387 1650 omnino.
3421 1596 3584 1649 Simi-

2003 1687 2121 1742 liter
2138 1697 2315 1741 autem
2339 1702 2396 1740 s.-
2423 1686 2706 1741 babebitet
2734 1687 2785 1740 in
2800 1702 2918 1757 apart
2931 1687 3217 1742 icularibus
3235 1686 3581 1758 syllogismis.

1924 1775 1977 1837 Β
2003 1781 2224 1847 Quando
2252 1791 2430 1834 autem
2461 1779 2619 1835 fuerit
2650 1782 2930 1850 privativa,
2959 1792 3011 1836 et
3042 1780 3376 1846 universalis,
3399 1791 3450 1835 et
3494 1795 3587 1833 ne-
3612 1794 3613 1799 ‘

2000 1875 2258 1935 cessaria,
2298 1888 2514 1941 semper
2549 1875 2654 1927 erit
2678 1873 3060 1944 $yilogismus,
3102 1883 3155 1927 et
3184 1873 3299 1942 ejus
3328 1874 3467 1942 quod
3506 1876 3611 1929 est

2000 1965 2314 2033 contingere
2351 1979 2453 2017 non
2480 1963 2684 2026 inesse,
2718 1974 2777 2018 et
2816 1964 2940 2033 ejus
2964 1964 3109 2034 quod
3138 1974 3221 2018 est
3250 1977 3353 2017 non
3391 1966 3585 2027 inesse,

2002 2055 2393 2109 demonsrratio
2424 2062 2600 2109 autem
2640 2070 2735 2125 per
2776 2056 3205 2110 conversionem.
3238 2055 3461 2121 Quando
3490 2068 3590 2106 au-

2006 2157 2110 2201 tem
2138 2146 2478 2211 afﬁrmativa,
2497 2145 2999 2215 nunquam,eodent
3022 2156 3201 2199 autem
3228 2145 3388 2198 modo
3409 2154 3593 2197 Oslt'lh

2004 2236 2160 2291 dclttr
2192 2252 2299 2306 quo
2335 2244 2390 2291 et
2420 2236 2480 2290 .iu
2513 2235 2924 2301 univcrsalibus,
2950 2243 3011 2291 et
3039 2251 3133 2305 per
3158 2235 3376 2289 eosdem
3407 2235 3593 2288 termic

2008 2346 2127 2382 nos.
2156 2328 2259 2383 Nec
2288 2327 2504 2397 quando
2536 2338 2778 2396 utraeque
2807 2337 3093 2383 sumuntur
3117 2327 3452 2394 alﬁrmative,
3472 2341 3596 2384 nam

2006 2434 2055 2477 et
2089 2422 2246 2490 hujus
2277 2421 2465 2476 eadem
2498 2421 2905 2487 demonstratio,
2932 2438 3056 2491 qua:
3086 2431 3140 2476 et
3176 2422 3341 2492 prius.
3370 2421 3595 2489 Quando

2012 2526 2249 2583 utra-que
2280 2513 2493 2584 quidem
2520 2512 2821 2582 privativaa,
2852 2512 3165 2567 universalis
3193 2520 3368 2567 autem
3398 2523 3449 2566 ct
3500 2526 3597 2565 ne~

2011 2608 2264 2666 cossaria,
2310 2619 2429 2669 qua:
2471 2619 2577 2657 nun
2620 2604 2796 2656 inesse
2840 2602 3125 2671 signiﬁcat,
3164 2618 3257 2670 per
3290 2617 3350 2656 ea
3379 2603 3618 2670 quidem-

2012 2712 2129 2764 qum
2169 2703 2377 2762 sumpta
2423 2703 2564 2759 sunt,
2602 2710 2705 2748 non
2752 2693 3289 2769 crit'necessarium,
3337 2706 3597 2749 conversa

2012 2798 2189 2841 autem
2222 2784 2515 2840 secundum
2548 2785 2857 2852 ccutingere
2885 2784 3268 2854 proriositione,
3299 2785 3399 2838 crit
3429 2784 3598 2853 syllo-

2015 2884 2237 2951 gismus,
2268 2877 2715 2946 quemadmodum
2744 2878 2795 2932 in
2828 2878 3113 2949 prioribus.
3149 2877 3203 2935 Si
3230 2888 3405 2933 autem
3440 2886 3599 2931 utrae-

2016 2991 2117 3040 qui:
2149 2972 2465 3036 indctinita-,
2501 2970 2579 3024 vel
2626 2971 2973 3041 particulares
3013 2977 3310 3033 sumantur,
3359 2984 3462 3022 non
3494 2967 3601 3026 erit

2015 3065 2382 3135 syllogismus,
2419 3063 2803 3117 demonstratio
2832 3074 3008 3117 autem
3040 3063 3251 3130 eadem,
3282 3074 3334 3119 et
3356 3077 3450 3133 per
3477 3078 3600 3118 eos.

321 3152 809 3260 .g.;.'..;;.’.t..';.
830 3152 1228 3261 .a‘.',.;.;.;..
1257 3152 1905 3261 ......i.....'.........
1940 3162 1987 3227 c
2019 3160 2138 3259 αςιιι
2173 3157 2450 3260 term
2482 3152 2817 3261 Manifestum
2863 3156 3019 3261 sua:
3048 3170 3111 3212 ωε
3144 3155 3413 3259 praedictis
3468 3170 3625 3258 ηιτοε.

321 3286 403 3342 Sit
431 3285 772 3355 praedicativa
803 3284 1020 3356 quidem
1052 3284 1377 3347 necessaria,
1406 3283 1571 3338 altera
1597 3292 1775 3336 autem
1802 3282 1911 3350 pri-

322 3378 516 3443 vativa,
537 3388 594 3434 et
621 3377 958 3446 contingens,
985 3385 1039 3431 et
1067 3393 1099 3431 a
1129 3376 1156 3428 b
1186 3374 1461 3444 contingat
1493 3366 1643 3439 nulli,
1675 3390 1701 3426 c
1728 3380 1910 3433 autem

323 3469 467 3524 onmi
497 3471 625 3525 insit
652 3484 716 3525 ex
748 3472 1096 3534 necessitate,
1120 3470 1195 3524 sic
1218 3484 1345 3539 ergo
1370 3468 1689 3523 habentibus
1718 3482 1776 3521 se
1806 3476 1914 3521 ter-

324 3563 505 3628 minis,
538 3561 716 3622 nullus
741 3562 845 3616 erit
870 3562 1243 3634 syIIOgismus,
1271 3559 1465 3631 accidit
1495 3560 1639 3615 enim
1673 3561 1700 3611 b
1727 3574 1792 3613 ex
1817 3574 1913 3614 ne-

324 3659 574 3711 ceSsitate
613 3670 719 3711 non
762 3658 961 3713 inesse.
1013 3657 1093 3711 Sit
1124 3656 1267 3711 enim
1294 3671 1326 3705 a
1355 3652 1571 3723 quidem
1612 3652 1813 3718 album,
1860 3652 1917 3707 ilt

327 3763 430 3815 quo
480 3756 656 3803 autem
693 3746 965 3812 b,.ltomo.
1010 3746 1062 3801 in
1108 3761 1215 3817 quo
1267 3760 1390 3799 vero
1425 3760 1473 3807 c,
1514 3760 1739 3815 cygnus,
1790 3759 1917 3813 ergo

327 3839 508 3893 album
554 3854 728 3910 cygno
772 3839 990 3909 quidem
1021 3854 1088 3895 ex
1134 3839 1455 3895 necessitate
1503 3839 1663 3906 inest,
1716 3837 1918 3893 bomitti

327 3938 505 3983 autem
528 3931 785 3999 contingit
818 3930 972 3995 nulli,
1004 3939 1055 3983 et
1088 3930 1249 3984 ltomo
1271 3929 1401 3983 nulli
1431 3942 1602 3999 cygno
1627 3943 1697 3983 ex
1725 3943 1916 3983 ncces-

330 4023 509 4076 sitate.
551 4022 812 4087 Quoniam
841 4023 1003 4090 igitur
1040 4023 1156 4090 ejus
1197 4023 1338 4092 quod
1365 4032 1449 4077 est
1475 4023 1787 4093 contingere
1816 4036 1922 4077 non

332 4126 417 4171 est
446 4119 810 4188 syllogismus,
840 4119 1180 4183 manifesmm
1210 4132 1313 4184 est,
1344 4136 1467 4175 nam
1500 4136 1564 4174 ex
1600 4121 1924 4176 necessitate

335 4228 439 4268 non
469 4222 585 4267 erat
607 4214 937 4284 contingens.
966 4214 1073 4270 Sed
1108 4224 1282 4269 tamen
1316 4229 1421 4268 nou
1457 4214 1767 4277 necessarii,
1800 4227 1921 4267 nam

337 4308 698 4361 necessarium
732 4319 822 4361 aut
850 4323 915 4362 ex
950 4308 1187 4374 utrisque
1212 4307 1558 4371 necessariis,
1587 4316 1763 4360 autex
1813 4308 1923 4375 pri-

340 4396 510 4450 vativa
555 4398 857 4455 neceSSaria
894 4397 1262 4466 contingebat.
1304 4398 1551 4467 Amplius
1591 4408 1642 4453 et
1674 4384 1925 4467 possibile

340 4496 421 4545 εει
440 4488 505 4541 iis
530 4488 715 4558 positis
734 4493 761 4540 b
787 4490 965 4544 inesse
986 4506 1032 4541 c.
1048 4488 1193 4543 ’Νἰιιίι
1217 4490 1359 4543 enim
1388 4490 1639 4561 prohibet
1657 4507 1683 4543 c
1707 4490 1923 4559 quidem

342 4579 440 4633 sub
482 4581 509 4632 ι)
548 4595 687 4643 esse,
720 4598 751 4633 a
780 4588 959 4634 autem
1003 4581 1029 4633 b
1076 4580 1289 4649 quidem
1328 4580 1470 4635 omni
1520 4580 1853 4649 contingere,
1900 4596 1927 4633 c

344 4686 470 4725 vero
513 4686 580 4728 ex
610 4672 935 4726 necessitate
964 4673 1159 4737 inesse,
1192 4683 1243 4725 ut
1274 4671 1341 4725 sit
1372 4669 1585 4740 quidem
1610 4687 1638 4722 ε
1667 4669 1866 4739 vigilia,
1897 4669 1928 4723 b

343 4775 520 4820 autem
553 4767 772 4828 animal,
809 4766 859 4820 in
890 4781 997 4834 quo
1029 4775 1203 4818 autem
1237 4781 1267 4817 ιι
1297 4774 1491 4819 motus.
1530 4765 1658 4817 Nam
1692 4763 1929 4833 vigilanti

346 4855 558 4926 quidem
602 4872 664 4910 ex
708 4857 1024 4912 necessitate
1067 4859 1201 4910 inest
1252 4866 1444 4921 motus,
1489 4857 1700 4910 animali
1751 4863 1928 4909 autem

349 4949 474 5001 nulli
506 4948 787 5017 contingit,
820 4958 873 5003 et
900 4963 1058 5002 omne
1085 4949 1308 5015 vigilans
1338 4951 1553 5002 animal.
1592 4948 1927 5002 Manifestum

348 5055 474 5107 ergo
497 5040 745 5108 quoniam
775 5055 879 5093 non
903 5040 1016 5110 ejus
1042 5040 1181 5108 quod
1206 5051 1285 5094 est
1310 5057 1412 5093 non
1442 5043 1639 5102 inesse.
1665 5042 1961 5110 siquidem‘

350 5132 425 5184 sic
451 5148 511 5186 sc
543 5133 861 5187 habentibus
890 5134 1082 5187 tcrmin
1107 5150 1152 5200 s,
1183 5148 1401 5187 necesse
1432 5145 1509 5187 cst
1542 5136 1736 5197 inesse,
1761 5150 1935 5202 neque

350 5234 525 5277 aute-tn
569 5227 928 5293 «ppositarum
962 5225 1398 5289 afﬁrmationum,
1440 5240 1603 5293 quare
1631 5226 1803 5279 nullus
1832 5228 1937 5282 erit

352 5317 711 5387 syllogismus.
757 5318 1012 5374 Similiter
1053 5328 1227 5370 autem
1274 5317 1608 5384 ostendetur,
1642 5327 1693 5369 ct
1739 5334 1769 5372 c
1809 5333 1937 5372 rou-

353 5424 510 5463 verso
547 5408 714 5477 posita
743 5409 1079 5464 al'Ilrmativa.
1112 5410 1166 5463 Si
1195 5419 1369 5464 autem
1402 5410 1591 5464 similis
1618 5413 1798 5479 ﬁgura:
1828 5411 1935 5465 sint

354 5501 773 5571 propositiones,
805 5518 923 5556 cum
968 5502 1236 5570 privatim
1286 5503 1411 5562 sint,
1443 5517 1655 5567 semper
1686 5503 1742 5554 ﬁt
1767 5503 1933 5571 syllo-

352 5597 581 5667 gismus,
605 5611 861 5652 cuuversa
890 5596 1179 5651 secundum
1205 5596 1516 5662 contingere
1547 5597 1932 5664 proiiositioue,

352 5688 804 5759 quemadmodum
850 5691 903 5741 in
947 5690 1228 5756 prioribus.
1274 5688 1327 5741 Si
1388 5699 1627 5741 sumatur
1662 5688 1805 5742 enim
1838 5705 1868 5740 a
1900 5691 1935 5741 ὑ

356 5786 575 5869 quidem
590 5802 654 5846 ex
682 5786 1001 5863 necessitate
1025 5801 1129 5841 non
1161 5787 1408 5854 incsse,.c
1427 5796 1603 5869 autem
1627 5786 1937 5859 contingere

2024 3253 2163 3303 u‘am
2198 3248 2453 3317 privativa
2481 3248 2693 3318 quidem
2727 3247 3043 3303 universalis
3074 3248 3245 3319 posita
3272 3247 3599 3314 necessaria,

2018 3355 2231 3409 semper
2278 3342 2329 3395 ﬁl
2374 3342 2734 3412 syllogismus,
2783 3356 2887 3395 non
2931 3343 3102 3397 solum
3146 3341 3283 3411 ejus,
3329 3339 3471 3413 quod
3517 3349 3603 3400 est

2017 3436 2327 3504 contingere
2352 3448 2456 3486 non
2490 3432 2686 3499 inesse,
2711 3431 2803 3488 sed
2832 3442 2887 3488 et
2919 3448 3025 3487 non
3053 3432 3249 3499 inesse,
3280 3433 3603 3492 afﬁrmativa

2018 3537 2193 3578 autem
2223 3540 2514 3593 nunquam.
2540 3523 2609 3579 Et
2630 3524 2882 3595 quoniam
2907 3524 3096 3579 eodem
3128 3524 3285 3578 modo
3314 3538 3373 3579 se
3401 3522 3603 3579 liabeno

2022 3617 2181 3673 tibus.
2234 3625 2284 3669 rt
2322 3615 2372 3668 in
2407 3608 2741 3679 necessariis,
2787 3615 2922 3669 etin
2953 3615 3018 3669 iis
3047 3629 3166 3685 quae
3208 3614 3407 3678 insunt,
3452 3612 3506 3669 ﬁt
3546 3622 3601 3670 et

2021 3726 2125 3763 non
2171 3710 2225 3760 lit
2269 3707 2607 3777 syllogismus
2683 3706 2862 3761 Palam
2919 3715 2973 3761 ct
3010 3709 3258 3778 quoniam
3306 3706 3634 3776 imperfecti,

2020 3815 2207 3855 omnes
2239 3806 2364 3853 sunt
2390 3798 2709 3869 syllogismi,
2741 3805 2797 3853 et
2820 3797 3075 3869 quoniam
3103 3812 3289 3854 omnes
3318 3797 3602 3869 perﬁciun-

2025 3904 2108 3947 tur
2134 3906 2229 3964 per
2258 3890 2538 3961 praedictas
2564 3889 2781 3961 ﬁguras.

2626 4027 2851 4084 CAPUT
2882 4027 3028 4085 «ΜΚ.

2098 4120 2174 4176 De
2194 4121 2504 4191 syllogismis
2531 4137 2593 4176 ea:
2617 4120 2860 4259 and)ng
2882 4119 3283 4191 contingentibus
3311 4121 3363 4175 in
3392 4121 3541 4175 tertia

2759 4207 2909 4261 gnra.

2100 4304 2155 4359 ln
2189 4313 2459 4374 postrema
2486 4312 2663 4358 autem
2693 4304 2884 4372 ﬁgura,
2908 4312 2966 4358 et
2991 4302 3233 4374 utrisque
3254 4306 3607 4376 contingenti-

2029 4398 2145 4459 bus,
2187 4406 2240 4451 et
2274 4397 2461 4461 altera,
2502 4397 2605 4453 erit
2642 4396 3005 4466 syllogismus.
3039 4395 3260 4463 Quando
3290 4412 3427 4468 ergo
3484 4413 3609 4453 con«

2032 4492 2103 4544 tiu
2142 4506 2233 4545 ere
2265 4489 2568 4560 signiﬁcant
2609 4489 3020 4559 propositiones,
3067 4501 3133 4545 et
3174 4475 3458 4547 'conclusio
3502 4492 3611 4552 erit

1954 4554 2363 4652 9contingens.
2397 4582 2461 4637 Et
2485 4554 2852 4651 quando'haec
2876 4554 3091 4651 quidem
3139 4584 3471 4654 contingere,
3494 4608 3500 4613 ι
3524 4584 3611 4646 illa

2036 4676 2379 4742 veroinessc,
2413 4690 2440 4730 s
2464 4674 2663 4730 utiliter
2687 4674 2789 4729 erit
2805 4673 3164 4745 syllogi~mus.
3182 4676 3412 4741 Quando
3435 4685 3612 4735 autem

2034 4769 2198 4824 altera
2228 4765 2441 4835 ponitur
2473 4765 2794 4831 necessaria,
2832 4765 2877 4819 si
2926 4764 3238 4819 alﬁrmativa
3268 4767 3475 4835 quidem
3506 4780 3615 4827 nou

2033 4859 2651 4927 critcouclusio,.neque
2694 4858 3019 4922 necessaria,
3078 4873 3249 4927 neque
3307 4860 3500 4914 inesse.
3556 4857 3615 4919 Si

2033 4965 2207 5010 autem
2230 4951 2645 5022 privativa,ejus
2674 4951 2815 5022 quod
2836 4961 2917 5007 εει
2934 4952 3235 5007 noniuesse
3255 4952 3589 5024 eritsyllogis
3612 4982 3619 5000 ι

2041 5061 2180 5115 mus,
2235 5044 2682 5116 quemadmodum
2708 5043 2762 5098 in
2804 5045 3098 5121 prioribus.
3153 5043 3482 5099 Sumendum
3522 5059 3617 5100 au.

2039 5146 2213 5193 temet
2242 5136 2404 5192 initis
2443 5136 2709 5200 similiter,
2764 5136 2903 5207 quod
2948 5144 3032 5192 est
3078 5137 3138 5191 in
3172 5136 3618 5193 conclusionibus

2037 5233 2253 5300 coming
2290 5246 2371 5285 ns.
2398 5230 2523 5285 Sint
2544 5245 2678 5298 ergo
2690 5229 2930 5299 :primum
2958 5231 3347 5301 contingentes,
3376 5238 3433 5284 et
3458 5245 3489 5282 α
3518 5227 3619 5284 eti

2040 5332 2343 5393 contingunt
2374 5325 2520 5387 omni
2555 5323 2804 5390 c-inesse,
2824 5324 3088 5393 quoniam
3118 5337 3252 5394 ergo
3282 5321 3619 5379 convertitur

2040 5417 2354 5471 alliumativa
2374 5416 2846 5485 :pantioulariterﬂ
2872 5424 3051 5471 autem
3084 5416 3242 5472 mi
3268 5432 3301 5469 c
3322 5413 3617 5488 contingit.

2039 5522 2089 5565 ct
2113 5528 2140 5563 c
2166 5510 2318 5567 alicui
2342 5509 2381 5561 ib
2407 5508 2940 5578 cmttingityquaresi
2964 5524 2998 5561 α
3024 5508 3236 5576 quidem
3265 5510 3409 5564 omni
3426 5525 3465 5562 ιο
3488 5506 3620 5564 σοηέ

2040 5601 2212 5670 tingit,
2241 5617 2269 5653 ε
2292 5612 2467 5656 autem
2494 5601 2653 5653 alicui
2682 5600 2739 5663 ti,
2786 5608 2847 5654 et
2883 5615 2913 5650 a
2956 5597 3116 5652 alicui
3150 5597 3192 5650 rb
3220 5600 3512 5670 coming-it,
3563 5599 3622 5655 ﬁt

2041 5695 2179 5745 cnim
2212 5693 2376 5758 prima
2405 5692 2587 5761 ﬁgura.
2628 5692 2828 5746 Etsia
2858 5690 3081 5758 quidem
3116 5688 3388 5757 contingit
3436 5692 3564 5745 nulli
3593 5706 3623 5747 ο

2043 5788 2240 5851 inesse.
2270 5786 2297 5841 ὁ
2324 5783 2677 5845 autem-amni
2706 5799 2732 5836 c
2756 5782 3052 5858 contingat,
3080 5789 3427 5842 mea
3456 5780 3627 5840 cali.
