4060 6330
442 298 552 379 ,αὖ

444 514 613 585 ﬁgura
644 529 739 583 per
758 510 1181 568 conversionem.
1210 506 1266 563 Si
1287 514 1464 561 autem
1496 513 1734 572 utrmque
1762 497 2036 571 privativa:

443 617 737 679 ponantur,
764 620 829 660 ex
870 603 952 659 bis
978 602 1192 673 quidem
1219 616 1339 673 quae
1362 605 1575 669 sumpta
1604 605 1732 653 sunt
1770 609 1876 651 non
1933 593 2037 648 erit

443 698 835 765 necessarium,
903 694 1177 750 conversis
1226 700 1403 749 autem
1454 684 1910 761 propositionibus
1933 682 2037 739 erit

441 791 810 863 syllogismus,
841 784 1292 858 quemadmodum
1347 785 1400 840 in
1423 782 1716 854 prioribus.
1744 780 1800 837 Si
1828 778 1973 835 enim
2003 791 2037 829 α

442 891 500 940 et
523 883 551 937 b
582 882 899 951 contingunt
923 897 951 935 c
980 894 1087 936 non
1103 878 1302 946 inesse,
1332 879 1376 934 si
1411 885 1797 933 transmutatur
1823 872 2036 929 contin-

442 991 575 1048 gere
598 992 705 1032 non
731 976 926 1039 inesse,
961 988 1172 1030 rursum
1187 971 1290 1029 erit
1317 971 1488 1042 prima
1509 970 1676 1040 ﬁgura
1696 982 1792 1039 per
1810 979 2037 1023 conver-

442 1069 676 1125 sionem.
699 1068 756 1125 Si
777 1077 958 1123 autem
985 1066 1070 1121 hic
1087 1065 1303 1137 quidem
1324 1064 1676 1120 terminorum
1702 1074 1786 1119 eat
1814 1060 2035 1117 univer-

441 1162 592 1231 salis,
620 1161 711 1217 ille
733 1176 865 1217 vero
889 1159 1249 1231 particularis,
1271 1158 1462 1214 eodem
1492 1158 1653 1214 modo
1697 1173 1758 1213 se
1791 1157 2037 1213 babenti-

441 1255 545 1311 bus
573 1254 814 1310 terminis
845 1269 952 1324 quo
974 1253 1171 1319 inesse,
1206 1261 1261 1306 et
1283 1251 1410 1316 erit,
1438 1262 1490 1307 et
1533 1267 1639 1305 non
1669 1250 1771 1306 erit
1798 1249 2038 1321 syllogis-

441 1360 587 1403 mus.
643 1346 932 1415 Contingat
962 1346 1103 1401 enim
1126 1361 1156 1397 a
1177 1344 1391 1415 quidem
1417 1343 1565 1398 omni
1590 1360 1637 1408 ε,
1679 1343 1708 1396 b
1737 1350 1915 1399 autem
1938 1343 2036 1398 ali-

443 1440 531 1494 cui
559 1456 584 1493 c
616 1439 815 1503 inesse,
846 1440 952 1493 erit
978 1451 1107 1507 ergo
1136 1452 1350 1491 rursum
1392 1437 1560 1506 prima
1592 1435 1760 1506 ﬁgura
1806 1434 2039 1505 particu—

442 1530 544 1586 lari
572 1533 940 1602 propositione
963 1544 1243 1597 conversa,
1274 1546 1409 1602 nam,
1426 1530 1470 1585 si
1496 1547 1529 1583 a
1556 1530 1703 1586 omni
1731 1546 1777 1598 ε,
1803 1547 1831 1585 c
1857 1539 2036 1586 autem

444 1622 603 1678 alicui
627 1625 677 1688 b,
707 1632 761 1679 et
788 1640 819 1678 α
846 1622 1004 1678 alicui
1027 1624 1054 1677 ὸ
1081 1622 1361 1692 contingit.
1396 1620 1465 1676 Et
1496 1621 1542 1677 si
1572 1621 1638 1676 ad
1668 1622 1697 1676 b
1745 1639 1772 1677 ο
1810 1626 2043 1693 ponatur

445 1716 766 1783 universale,
798 1716 1062 1771 similiter.
1093 1714 1354 1771 Similiter
1392 1725 1572 1769 autem
1608 1724 1661 1769 et
1710 1716 1753 1770 si
1784 1732 1815 1768 a
1844 1731 1872 1768 c
1919 1716 2038 1783 qui-

1683 278 2496 349 AN!MANL.SEV.BOETH
2772 278 2805 325 τι
2986 338 2993 343 _

443 421 534 489 cui
561 420 590 476 b
628 430 938 491 contingere
962 430 1066 473 non
1099 415 1298 481 inesse,
1321 409 1426 469 erit
1451 410 1598 468 enim
1619 424 1835 467 rursum
1865 409 2038 479 prima
2065 403 2117 464 Α
2143 417 2176 456 a
2199 399 2347 456 omni
2372 414 2399 452 c
2422 413 2489 454 ex
2509 393 2831 491 necessitate
2871 390 3051 450 inerit.
3083 388 3404 491 autem
3449 394 3732 443 ostensam

3625 264 3731 328 σει

2138 501 2221 550 est
2277 493 2445 563 prius,
2512 488 2609 545 sed
2662 488 2893 559 positum
2919 493 3003 542 est
3053 483 3213 540 alicui
3262 482 3577 552 contingere
3623 496 3733 536 non

2139 587 2340 642 inesse.
2392 581 2617 651 Quando
2671 589 2852 636 autem
2895 576 3205 642 indeﬁnitae,
3257 575 3341 630 vel
3380 574 3739 645 particularcs

2141 684 2427 735 sumuntur
2452 683 2716 746 utraeque,
2746 687 2854 728 non
2880 672 2984 728 erit
3007 668 3370 742 syllogismus,
3398 667 3743 723 demonstra-

2138 771 2216 828 tio
2234 783 2412 827 autem
2446 768 2632 826 eadem
2654 782 2774 839 quae
2801 775 2856 821 et
2884 765 2938 821 in
2983 759 3247 820 universis
3292 770 3347 818 et
3379 775 3475 832 per
3513 758 3741 816 eosdem

2139 864 2421 922 terminos.

2749 972 2975 1031 CAPUT
3010 969 3155 1030 XXI.
3180 960 3185 963 ’

2243 1070 2432 1128 Mixtio
2453 1068 2733 1125 necessarii.
2753 1077 2800 1123 et
2828 1065 3162 1138 contingenti:
3183 1064 3235 1119 in
3255 1063 3399 1119 tertia
3420 1062 3615 1135 ﬁgura.

2213 1183 2269 1240 Si
2292 1192 2471 1240 autem
2494 1191 2577 1239 est
2593 1181 2709 1236 haec
2731 1179 2944 1250 quidem
2968 1178 3390 1249 propositionum
3409 1174 3745 1241 necessaria,

2144 1274 2234 1334 illa
2259 1291 2392 1333 vero
2420 1273 2758 1345 contingens,
2787 1274 2832 1329 si
2865 1270 3191 1345 pradicativi
3219 1269 3433 1341 quidem
3456 1278 3586 1325 sunt
3633 1276 3745 1323 tere

2141 1370 2295 1437 mini,
2318 1383 2533 1439 semper
2555 1367 2672 1437 ejus
2716 1364 2859 1437 quod
2900 1373 2982 1421 est
3026 1362 3339 1434 contingere
3359 1361 3461 1417 erit
3485 1360 3746 1432 syllogis.

2141 1478 2280 1519 mus.
2317 1460 2542 1530 Quando
2570 1469 2748 1516 autem
2762 1458 2924 1515 fuerit
2970 1456 3057 1513 hic
3083 1454 3297 1527 quidem
3336 1453 3742 1524 praedicativus,

2142 1553 2237 1609 ille
2266 1561 2448 1608 autem
2480 1551 2796 1623 privativus,
2837 1550 2881 1604 si
2903 1549 2974 1605 sit
3023 1545 3375 1602 alﬁrmativus
3397 1544 3616 1616 quidem
3649 1560 3744 1600 ne-

2143 1643 2435 1710 cessarius,
2458 1643 2574 1712 ejus
2601 1642 2705 1698 erit
2732 1640 2873 1721 quod
2894 1648 2977 1695 est
2996 1638 3307 1711 contingere
3336 1654 3443 1693 non
3466 1639 3669 1704 inesse,
3694 1636 3746 1693 si

2145 1744 2323 1792 autem
2355 1733 2669 1806 privativus,
2712 1739 2769 1788 et
2793 1731 2911 1801 ejus
2951 1728 3094 1800 quod
3142 1739 3224 1785 est
3273 1729 3590 1800 contingere
3635 1743 3745 1782 non

446 1809 568 1865 dem
593 1809 851 1879 privativa
879 1808 949 1863 sit
974 1851 989 1875 ,
1029 1807 1058 1862 ὁ
1086 1824 1113 1861 c
1140 1818 1319 1863 autem
1348 1806 1689 1872 alﬁrmativa,
1739 1808 1843 1863 erit
1872 1823 2037 1864 unum
2071 1803 2122 1864 Β
2149 1803 2566 1898 ίηηεεε,”ειε]υε
2594 1825 2736 1899 quod
2754 1833 2837 1881 es;
2864 1839 2970 1881 ηοη
2999 1825 3211 1890 inesse;
3242 1824 3359 1893 eius
3387 1831 3565 1878 autem
3599 1821 3747 1893 quod

448 1918 660 1958 rur:um
711 1904 877 1973 prima
946 1903 1111 1972 ﬁgura
1156 1916 1252 1972 per
1289 1900 1723 1965 conversionem,
1773 1902 1819 1955 si
1861 1911 2039 1958 autem

448 2003 688 2064 utraeque
720 1995 996 2064 privativa:
1020 2003 1307 2065 ponantur,
1331 1992 1448 2049 'nzec
1466 1993 1683 2064 quidem
1727 1994 2044 2049 universali-

448 2099 553 2156 ter,
586 2090 675 2145 illa
706 2104 832 2146 vero
858 2091 1269 2160 particulariter,
1300 2103 1394 2160 per
1415 2105 1476 2145 ea
1500 2088 1717 2159 quidem
1751 2104 1872 2159 qua:
1895 2104 2048 2144 sum-

448 2193 537 2253 pta
567 2194 693 2239 sunt
716 2199 822 2239 non
848 2184 953 2239 erit
979 2184 1342 2254 syllogismus,
1381 2184 1657 2240 conversis
1698 2192 1875 2238 autem
1928 2198 2049 2253 prae

449 2277 805 2347 positionibus
843 2281 947 2333 erit
970 2277 1418 2349 quemadmodum
1456 2279 1508 2333 in
1544 2277 1832 2349 prioribus.
1866 2278 2049 2345 Quan-

452 2370 521 2423 do
567 2380 745 2425 autem
803 2379 1042 2441 utrmque
1086 2370 1380 2427 indeﬁnito:
1430 2371 1513 2426 vel
1558 2371 1910 2441 particulares
1958 2387 2049 2427 su-

452 2475 694 2529 muntur,
738 2480 843 2520 non
876 2465 1362 2537 eritsyllogismus,
1395 2450 1595 2522 etenim
1646 2481 1867 2523 necesse
1912 2474 2051 2522 esta

456 2554 600 2610 omni
622 2556 672 2621 b,
700 2566 755 2611 et
780 2556 908 2612 nulli
931 2558 1129 2614 inesse.
1146 2557 1384 2613 Termini
1407 2558 1605 2626 inesse,
1628 2559 1845 2626 animal,
1865 2559 2048 2626 homo,

459 2645 637 2703 album
674 2666 685 2700 :
732 2664 838 2704 non
870 2649 1065 2715 inesse,
1109 2664 1299 2720 equus,
1344 2649 1539 2716 homo,
1571 2649 1810 2707 medium
1846 2650 2045 2707 album.

1065 2765 1297 2824 CAPUT
1335 2766 1455 2823 XX.

642 2861 692 2916 Μ
699 2863 824 2918 ἱπιίο
839 2864 1174 2933 contingenti:
1197 2871 1243 2918 et
1259 2864 1423 2918 inesse
1442 2862 1496 2917 in
1517 2864 1666 2919 tertia
1685 2864 1871 2937 ﬁgura.

529 2954 586 3011 Si
624 2966 800 3011 autem
830 2955 945 3011 hzr-c
974 2956 1190 3026 quidem
1245 2956 1671 3026 propositionum
1721 2958 1920 3025 inesse,
1964 2958 2051 3014 illa

460 3058 638 3103 autem
662 3049 974 3118 contingere
1020 3048 1306 3115 signiﬁcet,
1360 3049 1637 3105 conclusio
1684 3050 1901 3119 quidem
1949 3049 2056 3106 erit

462 3142 712 3208 quoniam
728 3140 1007 3209 contingit,
1027 3149 1083 3194 et
1107 3155 1213 3195 non
1235 3137 1484 3209 quoniam
1519 3146 1681 3208 inest,
1711 3142 2056 3212 syllogismus

463 3242 639 3286 autem
660 3233 761 3286 erit
782 3232 969 3287 eodem
1004 3230 1164 3287 lnodo
1193 3245 1253 3288 se
1288 3231 1609 3288 habentibus
1657 3233 1920 3299 terminis,
1948 3249 2055 3305 quo

464 3333 519 3377 et
548 3323 599 3376 in
632 3323 918 3392 prioribus.
948 3322 1071 3379 Sint
1098 3324 1239 3379 enim
1277 3325 1507 3395 primum
1537 3324 1916 3395 prmdieativze,
1947 3335 2001 3380 et
2028 3342 2060 3380 α

464 3411 681 3481 quidem
701 3412 847 3469 omni
876 3430 903 3469 c
933 3413 1082 3480 insit,
1110 3414 1140 3468 ὁ
1172 3422 1351 3470 autem
1382 3415 1528 3470 omni
1556 3431 1582 3469 c
1603 3416 1900 3486 contingat,
1932 3431 2060 3470 con-

466 3518 617 3560 versa
637 3521 764 3575 ergo
785 3507 812 3560 b
839 3522 865 3559 c
888 3508 990 3563 erit
1014 3506 1184 3577 prima
1209 3506 1396 3578 ﬁgura,
1424 3517 1479 3563 et
1504 3506 1781 3564 conclusio
1809 3509 2060 3579 quoniam

465 3598 725 3668 contingit
754 3598 962 3655 aalicui
991 3601 1019 3653 ὁ
1050 3600 1253 3665 inesse,
1287 3614 1407 3655 cum
1438 3600 1580 3655 enim
1610 3600 1778 3655 altera
1819 3600 2062 3671 proposi-

464 3689 669 3743 tionum
687 3690 736 3743 in
754 3691 925 3759 prima
950 3690 1117 3761 ﬁgura
1142 3689 1464 3761 signiﬁcabit
1493 3691 1827 3761 contingere,
1852 3699 1907 3745 et
1933 3705 2065 3745 con-

465 3781 635 3836 clusio
652 3783 1380 3851 eritcontingens.Similiter
1394 3795 1571 3839 autem
1586 3793 1640 3838 et
1659 3784 1702 3837 si
1728 3783 1755 3835 b
1793 3800 1819 3836 ε
1848 3783 2063 3852 quidem

465 3876 666 3938 inesse,
698 3891 728 3925 a
758 3890 785 3926 c
812 3883 991 3928 autem
1022 3875 1285 3946 contingit
1313 3876 1506 3930 inesse.
1542 3876 1611 3929 Et
1634 3874 1679 3929 si
1714 3890 1747 3927 τι
1774 3892 1801 3927 υ
1846 3874 2063 3943 quidem

464 3964 755 4035 privativa,
782 3965 810 4017 b
836 3981 864 4018 c
916 3972 1093 4020 autem
1128 3966 1490 4036 przedicativa,
1524 3966 1652 4020 insit
1686 3976 1866 4021 autem
1904 3968 2066 4021 alter-

466 4070 581 4112 uzra
616 4058 885 4128 utrinque,
912 4057 1233 4127 contingens
1262 4058 1677 4124 eritconclusio,
1700 4058 1756 4112 ﬁt
1786 4057 1927 4113 enim
1952 4074 2067 4113 rur-

465 4165 586 4205 sum
619 4150 786 4218 prima
813 4150 1001 4220 ﬁgura.
1035 4144 1322 4206 Ostensum
1364 4158 1446 4203 est
1474 4160 1652 4204 autem
1709 4149 1960 4219 quoniam
2017 4151 2063 4205 si

467 4241 630 4296 altera
651 4241 945 4311 propositio
973 4242 1237 4312 signiﬁcet
1256 4244 1572 4313 contingere
1598 4243 1650 4298 in
1676 4245 1842 4313 prima
1871 4243 2060 4314 ﬁgura,

468 4343 520 4388 et
549 4335 823 4389 conclusio
874 4335 978 4391 erit
1031 4339 1370 4407 contingens.
1425 4336 1482 4390 Si
1522 4346 1699 4390 autem
1744 4337 2063 4407 contingens

468 4426 722 4493 privativa
746 4436 975 4495 ponatur
1001 4427 1069 4481 ad
1092 4427 1355 4482 minorem
1408 4424 1829 4492 extremitatem,
1889 4430 1972 4481 vel
2018 4427 2063 4482 si

2148 1932 2324 1980 estex
2355 1921 2678 1978 necessitate
2704 1934 2808 1975 non
2861 1920 3039 1975 inesse
3093 1932 3200 1973 non
3230 1915 3332 1973 erit
3371 1916 3741 1989 syllogismus,

2148 2013 2604 2087 quemadmodum
2636 2024 2689 2069 et
2718 2013 2771 2067 in
2798 2011 2916 2067 aliis
2943 2010 3148 2082 ﬁguris.
3171 2008 3290 2066 Sint
3319 2024 3447 2079 ergo
3480 2008 3748 2079 praedic»

2152 2110 2245 2165 tivi
2269 2109 2483 2165 termini
2511 2108 2765 2178 primum,
2798 2113 2855 2161 et
2876 2122 2908 2159 a
2935 2121 2963 2159 ο
2991 2104 3208 2175 quidem
3234 2103 3380 2160 omni
3410 2103 3539 2158 insit
3559 2118 3629 2158 ex
3653 2118 3747 2158 ne—

2150 2202 2427 2269 cessitate,
2458 2200 2487 2254 b
2507 2208 2685 2255 autem
2717 2197 2864 2253 omni
2889 2214 2916 2252 ο
2940 2198 3214 2268 contingat
3262 2197 3458 2261 inesse,
3489 2196 3747 2265 quoniam

2151 2309 2281 2365 ergo
2307 2311 2339 2347 α
2367 2292 2515 2348 omni
2541 2308 2569 2346 ι
2589 2291 2899 2348 necessario
2922 2289 3082 2357 inest,
3114 2304 3141 2342 ο
3163 2292 3339 2344 autem
3370 2287 3529 2343 alicui
3556 2287 3587 2341 ὑ
3618 2301 3748 2342 con-

2155 2386 2338 2455 tingit,
2367 2393 2424 2439 et
2451 2401 2483 2439 a
2509 2382 2668 2438 alicui
2690 2385 2718 2437 ιτ
2738 2381 3054 2451 contingens
3081 2379 3205 2446 erit,
3237 2387 3290 2434 et
3321 2393 3431 2434 non
3451 2378 3634 2444 inerit,
3669 2379 3751 2434 sic

2155 2480 2298 2537 enim
2328 2479 2523 2535 accidit
2550 2478 2601 2532 in
2638 2477 2804 2547 prima
2840 2476 3027 2546 ﬁgura.
3068 2472 3330 2531 Similiter
3349 2479 3529 2527 autem
3560 2480 3749 2527 osten—

2156 2575 2337 2640 detur,
2369 2581 2422 2628 et
2447 2572 2492 2627 si
2522 2571 2549 2625 b
2570 2587 2597 2625 c
2624 2569 2840 2640 quidem
2865 2577 3094 2639 ponatur
3110 2565 3437 2631 necessaria,
3463 2581 3496 2618 a
3515 2579 3544 2617 ε
3568 2573 3751 2619 autem

2156 2665 2495 2733 contingens.
2523 2661 2757 2716 Rursum
2790 2660 2860 2714 sit
2905 2658 3005 2713 hoc
3056 2655 3270 2727 quidem
3324 2653 3751 2724 praedicativum,

2158 2756 2288 2811 illud
2317 2768 2443 2811 vero
2470 2752 2809 2823 privativum,
2858 2748 3218 2805 necessarium
3255 2754 3435 2802 autem
3490 2745 3753 2816 praedicaa

2162 2848 2350 2911 tivum,
2382 2853 2439 2901 et
2465 2861 2497 2898 a
2521 2842 2735 2915 quidem
2763 2841 3041 2911 contingat
3066 2839 3195 2895 nulli
3227 2854 3255 2892 ε
3282 2839 3484 2904 inesse,
3513 2837 3542 2890 b
3571 2850 3754 2893 autem

2160 2940 2306 2993 omni
2340 2938 2465 2993 insit
2495 2952 2559 2993 ex
2587 2935 2907 2992 necessitate
2936 2949 2985 2998 c,
3012 2933 3114 2988 erit
3134 2945 3263 3002 ergo
3314 2944 3527 2986 rursum
3581 2931 3756 3001 prima

2161 3031 2349 3101 ﬁgura,
2391 3039 2445 3085 et
2470 3028 2741 3084 conclusio
2763 3024 3099 3094 contingens,
3127 3022 3223 3080 sed
3258 3036 3363 3078 non
3393 3021 3593 3077 inesse.
3624 3020 3759 3078 Nam

2161 3125 2423 3195 privativa
2453 3121 2751 3194 propositio
2768 3120 3079 3189 contingere
3097 3115 3382 3187 signiﬁcat.
3416 3113 3757 3169 Manifestum

2167 3226 2252 3274 est
2302 3216 2463 3287 igitur
2512 3215 2761 3286 quoniam
2792 3211 3066 3267 conclusio
3094 3209 3200 3265 erit
3238 3208 3592 3277 contingens;
3636 3221 3759 3262 cum

2168 3315 2311 3371 enim
2334 3315 2412 3370 sic
2433 3329 2491 3370 se
2523 3313 2786 3369 habebant
2818 3310 3211 3383 propositiones
3262 3308 3317 3364 in
3368 3307 3541 3377 prima
3571 3306 3763 3377 ﬁgura,

2168 3404 2235 3463 et
2274 3405 2549 3462 conclusio
2578 3414 2694 3459 erat
2714 3404 3049 3473 contingens.
3080 3400 3135 3457 Si
3162 3409 3340 3455 autem
3370 3397 3638 3469 privativa
3696 3397 3765 3455 sil

2172 3497 2462 3567 propositio
2516 3495 2841 3557 necessaria,
2900 3502 2954 3548 et
3011 3490 3283 3549 conclusio
3331 3489 3451 3557 erit,
3507 3489 3764 3558 quoniam

2169 3588 2430 3658 contingit
2452 3588 2608 3644 alicui
2636 3602 2740 3641 non
2771 3586 2968 3651 inesse,
3012 3594 3065 3639 et
3110 3580 3361 3654 quoniam
3399 3596 3507 3636 non
3562 3581 3763 3636 inesse.

2171 3680 2405 3734 Ponatur
2430 3679 2572 3733 enim
2603 3695 2634 3731 a
2663 3692 2767 3732 non
2801 3677 2980 3731 inesse
2999 3691 3049 3741 c,
3079 3689 3145 3730 ex
3158 3673 3502 3737 necessitate.
3527 3674 3559 3726 b
3580 3684 3763 3730 autem

2172 3772 2316 3827 omni
2345 3788 2371 3824 c
2396 3771 2727 3840 contingere,
2756 3781 3016 3825 conversa
3033 3780 3163 3838 ergo
3186 3766 3215 3820 ὁ
3243 3782 3271 3821 c
3290 3765 3634 3833 alﬁrmativa,
3659 3766 3765 3837 pri-

2172 3884 2255 3923 ma
2285 3870 2388 3925 erit
2434 3869 2621 3939 ﬁgura,
2688 3879 2741 3924 et
2793 3868 3093 3925 necessaria
3145 3866 3402 3938 privativa
3445 3868 3763 3937 propositio.

2166 3963 2301 4019 Cum
2324 3974 2502 4017 autem
2516 3964 2602 4017 sic
2618 3977 2680 4018 se
2699 3962 2967 4017 habebant
2991 3959 3403 4033 propositiones,
3426 3959 3709 4016 accidebat
3731 3977 3763 4013 α

2170 4068 2224 4113 et
2250 4058 2561 4129 contingere
2590 4057 2746 4113 alicui
2768 4073 2796 4110 c
2817 4071 2921 4113 non
2946 4057 3145 4124 inesse,
3167 4063 3223 4112 et
3245 4069 3355 4112 non
3370 4054 3574 4121 inesse,
3600 4069 3767 4125 quare

2170 4163 2224 4208 et
2251 4170 2282 4207 a
2312 4167 2531 4208 necesse
2558 4161 2638 4207 est
2667 4151 2825 4206 alicui
2847 4151 2875 4204 b
2913 4163 3021 4206 non
3051 4150 3249 4205 inesse.
3302 4147 3537 4216 Quando
3587 4157 3767 4203 autem

2173 4244 2486 4312 privativum
2507 4244 2718 4313 ponitur
2737 4242 2803 4297 ad
2823 4242 3086 4297 minorem
3113 4241 3535 4307 extremitatem,
3565 4241 3611 4295 si
3640 4254 3766 4295 conc

2172 4336 2384 4405 tingens
2415 4335 2649 4405 quidem,
2683 4334 2786 4389 erit
2809 4334 3155 4404 syllogismus
3183 4339 3548 4403 transsumpta
3568 4347 3767 4402 propo-

2171 4427 2387 4493 sitione,
2421 4425 2876 4494 quemadmodum
2900 4432 2957 4479 et
2985 4423 3038 4479 in
3062 4424 3353 4494 prioribus.
3384 4424 3441 4481 Si
3464 4432 3645 4479 autem
3676 4438 3768 4479 ne-

468 4528 696 4588 tttraque
726 4517 951 4589 potiatur
976 4521 1259 4590 privativa,
1287 4536 1382 4590 per
1397 4536 1460 4576 ea
1484 4520 1701 4591 quidem
1725 4536 1847 4590 qua:
1890 4521 2061 4591 posita
2090 4575 2141 4591 ﬁ
2171 4519 2491 4585 cessarium,
2521 4533 2625 4571 non
2649 4517 2770 4572 erit.
2800 4515 3009 4572 Etenim
3042 4530 3263 4573 necesse
3288 4514 3533 4573 estomni
3558 4527 3610 4571 et
3636 4516 3769 4577 nulli

467 4619 595 4664 sunt
621 4624 725 4665 non
738 4613 840 4666 erit
858 4613 1225 4684 syllogismus,
1238 4615 1515 4669 conversis
1531 4624 1709 4670 autem
1736 4616 1857 4681 erit,
1876 4631 2066 4683 quem-

467 4703 756 4779 admodum
803 4713 859 4760 et
907 4705 962 4760 in
1010 4706 1297 4775 prioribus.
1350 4705 1408 4762 Si
1453 4715 1630 4761 autem
1686 4708 1800 4762 ltazc
1850 4707 2083 4777 quidem

469 4795 892 4865 propositionum
919 4797 989 4852 sit
1028 4798 1366 4863 universalis,
1403 4798 1489 4853 illa
1546 4813 1675 4854 vero
1702 4798 2062 4868 particularis,

468 4889 710 4959 utrisque
736 4888 948 4958 quidem
975 4889 1353 4957 praedicativis,
1386 4900 1480 4946 aut
1526 4892 1814 4948 universali
1845 4891 2063 4962 quidem

467 4980 755 5048 privativa,
796 4980 1106 5049 particulari
1169 4992 1349 5037 autem
1408 4984 1749 5048 aflirmativa,
1782 4983 1923 5039 idem
1948 5000 2065 5039 mo-

467 5071 568 5126 dus
593 5073 695 5126 erit
720 5072 1176 5142 syllogismorum,
1205 5087 1395 5129 omnes
1425 5074 1569 5129 enim
1619 5075 1941 5131 clauduntur
1970 5090 2069 5144 per

467 5166 695 5234 primam
720 5166 967 5236 ﬁguram.
1014 5166 1191 5234 Quare
1246 5168 1593 5225 manifestum
1648 5170 1900 5240 quoniam
1952 5169 2068 5239 ejus

466 5257 609 5325 quod
632 5267 715 5312 est
738 5258 1071 5327 contingere,
1121 5267 1175 5314 et
1221 5274 1330 5314 non
1377 5260 1495 5331 ejus
1540 5260 1683 5331 quod
1727 5270 1813 5317 est
1866 5261 2067 5329 inesse,

460 5350 573 5402 erit
600 5348 965 5420 syllogismus.
983 5350 1039 5408 Si
1067 5360 1244 5407 autem
1267 5352 1582 5407 allirmativa
1605 5352 1821 5422 quidem
1848 5351 2071 5406 univer-

466 5442 621 5507 salis,
655 5442 914 5511 privativa
942 5452 1123 5501 autem
1176 5444 1534 5514 particularis,
1586 5459 1681 5514 per
1735 5443 2066 5515 impossibile

468 5539 576 5596 erit
599 5539 1008 5598 demonstratio.
1045 5542 1176 5599 lnsit
1196 5544 1339 5599 enim
1362 5543 1391 5597 Ι)
1418 5541 1634 5613 quidem
1655 5543 1799 5597 omni
1828 5557 1874 5606 c,
1905 5557 1938 5595 a
1964 5557 2064 5596 au-

470 5641 580 5688 tem
607 5635 878 5706 contingat
900 5636 1060 5692 alicui
1084 5653 1111 5690 c
1137 5651 1242 5691 non
1288 5637 1482 5701 inesse,
1516 5648 1742 5691 necesse
1773 5642 1856 5689 est
1875 5647 2005 5703 ergo
2033 5649 2067 5687 α

472 5722 633 5779 alicui
664 5725 692 5778 b
714 5727 1030 5796 contingere
1058 5741 1164 5782 non
1192 5728 1391 5794 inesse,
1415 5742 1536 5783 nam
1565 5726 1610 5782 si
1637 5726 1783 5781 omni
1805 5726 1834 5778 b
1863 5724 2001 5780 inest
2032 5741 2066 5779 α

477 5826 548 5873 ως
580 5816 922 5884 necessitate,
953 5820 983 5874 ὁ
1010 5827 1192 5877 autem
1242 5818 1387 5878 omni
1416 5835 1443 5873 ο
1472 5818 1704 5889 positum
1743 5826 1825 5874 est
1865 5818 2064 5882 inesse,

2103 5907 2145 5925 ο-

2172 4611 2443 4682 contingat
2503 4610 2698 4665 inesse.
2758 4608 2997 4665 Termini
3055 4609 3202 4666 omni
3255 4610 3472 4676 inesse,
3523 4622 3770 4675 somnus,

2172 4717 2364 4774 equus,
2396 4701 2670 4757 dormiens
2699 4701 2883 4758 homo.
2914 4700 3055 4757 Nulli
3081 4703 3283 4771 inesse,
3305 4716 3548 4768 somnus,
3574 4717 3770 4774 equus,

2177 4794 2401 4865 vigilans
2426 4795 2605 4848 homo.
2632 4793 2892 4849 Similiter
2920 4802 3096 4849 autem
3126 4808 3187 4850 se
3225 4793 3463 4862 habebit,
3506 4803 3563 4849 et
3606 4795 3653 4848 si
3684 4795 3771 4849 hie

2173 4887 2390 4957 quidem
2422 4888 2769 4942 terminorum
2793 4887 2863 4941 sit
2886 4887 3225 4953 universalis,
3250 4886 3343 4943 ille
3380 4895 3559 4943 autem
3612 4887 3770 4957 parile

2174 4979 2372 5034 cularis
2400 4977 2465 5032 ad
2490 4979 2742 5045 medium,
2771 4994 2892 5032 nam
2939 4979 2982 5033 si
3019 4980 3230 5049 utrique
3252 4979 3363 5035 sint
3407 4977 3771 5051 praedicativi,

2170 5068 2296 5142 ejus
2316 5072 2457 5143 quod
2489 5084 2569 5128 est
2587 5072 2916 5143 contingere,
2940 5080 2993 5128 et
3018 5087 3126 5129 non
3152 5072 3272 5143 ejus
3312 5072 3452 5143 quod
3484 5079 3570 5126 est
3594 5072 3771 5128 inesse

2180 5167 2283 5222 erit
2312 5166 2673 5239 syllogismus.
2708 5165 2773 5220 Et
2795 5165 3009 5235 quando
3039 5166 3143 5222 hoc
3198 5164 3413 5236 quidem
3445 5164 3771 5233 privativum

2178 5266 2443 5327 sumetur,
2461 5258 2590 5314 illud
2623 5274 2754 5313 vero
2772 5254 3175 5324 afllrrnativum,
3199 5257 3562 5314 necessarium
3586 5269 3767 5311 autem

2174 5353 2569 5417 afﬁrmativum,
2595 5352 2752 5423 hujus
2782 5352 2924 5423 quod
2951 5362 3033 5408 est
3057 5350 3389 5423 contingere.
3411 5350 3640 5418 Quando
3670 5365 3769 5403 au.

2175 5454 2284 5502 tem
2313 5446 2630 5516 privativum
2659 5445 3041 5511 necessarium,
3082 5454 3135 5499 et
3161 5444 3436 5500 conclusio
3487 5443 3587 5497 erit
3629 5441 3769 5512 quod

2172 5546 2255 5596 est
2277 5553 2381 5593 non
2411 5538 2617 5605 inesse,
2647 5553 2767 5592 nam
2801 5537 2943 5592 idem
2975 5536 3166 5591 modus
3195 5536 3300 5591 erit
3343 5532 3769 5590 demonstratio-

2174 5630 2278 5696 nis,
2312 5638 2367 5685 et
2394 5644 2518 5683 cum
2550 5627 2877 5683 universales
2906 5636 3096 5705 etnon
3128 5625 3459 5682 universales
3484 5635 3609 5679 sunt
3642 5635 3765 5679 .ter-

2175 5723 2326 5779 mini.
2353 5722 2584 5778 Necesse
2614 5731 2697 5776 est
2722 5723 2863 5777 enim
2897 5734 2992 5789 per
3035 5718 3260 5790 primam
3303 5720 3525 5790 ﬁguram
3583 5718 3766 5788 p‘erﬁt-i

2177 5816 2538 5887 syllogismos,
2580 5830 2742 5887 quare
2770 5823 2825 5870 ut
2852 5814 2905 5868 in
2934 5812 3061 5882 illis,
3096 5821 3150 5870 et
3172 5813 3226 5869 in
3264 5812 3348 5869 bis
3395 5809 3766 5871 necessarium
