4090 6342
301 342 410 399 665

944 330 1250 393 PRIORUM
1291 329 1830 390 ANALYTICGBUM
1871 327 2334 391 ARISTOTELIS
2375 336 2951 395 INTEBPRETATIO.

3475 344 3579 399 666

297 458 567 514 accidere.
620 453 846 522 Quando
921 460 1100 508 autem
1149 450 1469 521 privativum
1521 444 1890 502 universaliter
1917 445 1968 506 Α
1997 443 2260 511 Quoniam
2293 447 2454 517 igitur
2483 450 2740 506 ostensivi
2768 450 3124 510 terminantur
3160 465 3256 525 per
3297 453 3580 525 praedictas

298 558 572 620 sumptum
615 547 832 616 ponitur
858 544 924 599 ad
947 543 1209 599 minorem
1237 538 1655 608 extremitatem,
1687 537 1733 592 si
1756 550 1888 591 con-

299 645 514 714 tingens
535 641 772 712 quidem,
803 638 907 693 erit
949 636 1290 707 syllogismus
1340 649 1435 704 per
1456 629 1888 694 conversionem,

298 737 344 791 si
374 744 554 790 autem
586 729 950 787 necessarium
983 728 1073 792 sit,
1102 743 1207 782 non
1225 725 1349 793 erit,
1372 723 1683 782 ostendetur
1709 730 1888 776 autem

298 827 490 883 eodem
523 823 684 878 modo
716 836 822 893 quo
844 829 899 875 et
924 819 978 875 in
1009 817 1421 884 universalibus,
1473 824 1528 872 et
1555 829 1650 886 per
1669 811 1890 869 eosdem

299 917 584 974 terminos.
617 913 956 971 Manifestum
985 928 1113 984 ergo
1155 921 1210 968 ct
1248 911 1301 967 in
1331 911 1432 966 hac
1461 909 1628 979 ﬁgura
1677 905 1890 978 quando

298 1019 354 1064 et
375 1008 646 1080 quomodo
667 1007 770 1062 erit
795 1006 1161 1077 syllogismus,
1203 1014 1258 1060 et
1315 1001 1526 1073 quando
1575 1000 1693 1070 ejus
1746 996 1891 1070 quod

298 1109 385 1156 est
405 1100 738 1171 contingere,
762 1109 815 1154 et
831 1098 1045 1169 quando
1065 1096 1181 1168 ejus
1202 1095 1346 1168 quod
1375 1103 1458 1152 est
1477 1095 1675 1150 inesse.
1706 1091 1889 1146 Palam

296 1206 479 1250 autem
508 1204 563 1251 et
592 1194 844 1266 quoniam
865 1209 1052 1249 omnes
1072 1190 1392 1262 imperfecti,
1425 1196 1480 1247 et
1499 1185 1748 1260 quoniam
1768 1199 1891 1256 per-

299 1289 553 1345 ﬁciuntur
600 1303 698 1358 per
728 1289 955 1359 primam
981 1287 1226 1358 ﬁguram.

893 1421 1120 1478 CAPUT
1148 1417 1312 1475 XXII.

759 1537 836 1594 De
857 1537 1155 1609 syllogismo
1184 1533 1450 1589 ostensivo.

362 1682 624 1752 Quoniam
640 1681 900 1752 igiturqui
915 1681 966 1735 in
983 1681 1067 1736 his
1080 1679 1261 1750 ﬁguris
1277 1686 1402 1734 sunt
1417 1673 1712 1748 syllogismi
1736 1673 1891 1743 perti-

295 1776 515 1831 ciuntur
531 1790 627 1845 per
647 1789 743 1830 eos
754 1775 843 1844 qui
858 1774 909 1828 in
927 1774 1098 1845 prima
1115 1772 1280 1842 ﬁgura
1294 1780 1418 1827 sunt
1435 1767 1767 1823 universales
1779 1766 1888 1836 syl-

1995 539 2215 612 ﬁguras,
2249 543 2586 600 manifestum
2609 555 2712 601 est.

2380 727 2382 729 _
2555 661 2780 718 CAPUT
2820 661 3004 717 χχιιι.

2377 750 2456 808 De
2490 755 2786 824 sylloyismo
2816 773 2879 810 ea:
2902 756 3189 826 ltypothesl.

2067 846 2330 913 Quoniam
2373 857 2550 904 autem
2579 859 2634 905 et
2661 850 2750 919 qui
2781 850 2848 904 ad
2889 851 3241 920 impossibile,
3275 851 3444 918 palam
3478 849 3578 904 erit

1993 957 2091 1012 per
2127 942 2264 1008 hac,
2309 957 2495 998 omnes
2541 943 2681 998 enim
2728 945 2818 1015 qui
2868 959 2963 1014 per
2998 945 3326 1015 impossibile
3355 945 3573 1009 conclu-

1996 1035 2148 1103 dunt,
2191 1035 2383 1091 falsum
2435 1036 2650 1106 quidem
2699 1036 3036 1106 syllogizant.
3085 1036 3236 1104 Quod
3285 1045 3461 1090 autem
3509 1049 3577 1088 ex

1993 1129 2259 1199 principio
2307 1138 2442 1196 erat,
2494 1144 2559 1184 ex
2601 1128 2884 1200 hypothesi
2928 1129 3317 1195 demonstrant,
3362 1127 3576 1199 quando

1994 1219 2195 1291 aliquid
2223 1219 2418 1276 accidit
2467 1220 2798 1290 impossibile
2833 1221 3001 1290 posita
3043 1220 3484 1285 contradictione,
3517 1227 3575 1274 ut

1994 1313 2247 1383 quoniam
2273 1311 2530 1368 diamcter
2559 1322 2643 1368 est
2671 1323 2958 1383 asymeter,
2989 1328 3054 1368 eo
3080 1313 3220 1383 quod
3249 1314 3380 1367 ﬁunt
3406 1312 3572 1367 abnu-

1995 1405 2174 1461 dantia
2202 1405 2424 1476 aequalia
2457 1405 2725 1474 perfectis,
2756 1406 2930 1476 posito
2951 1414 3207 1474 symetro.
3232 1406 3373 1475 Ergo
3395 1417 3570 1475 aequa-

1993 1497 2066 1553 lia
2115 1498 2329 1568 quidem
2375 1496 2491 1552 lieri
2540 1497 2866 1553 abundantia
2918 1496 3172 1567 perlectis
3215 1496 3565 1568 syllogizant,

1995 1601 2323 1662 asymetrum
2368 1601 2548 1648 autem
2599 1607 2718 1648 esse
2762 1593 3123 1658 diametrum,
3173 1607 3240 1647 ex
3291 1590 3573 1663 hypothesi

1997 1694 2318 1750 monstrant,
2342 1686 2594 1754 quoniam
2619 1685 2810 1740 falsum
2841 1685 3036 1740 accidit
3064 1691 3282 1755 propter
3301 1682 3573 1739 contradi-

1996 1779 2250 1834 ctionem.
2281 1779 2394 1834 Hoc
2419 1779 2563 1834 enim
2605 1778 2706 1835 fuit
2751 1795 2846 1851 per
2874 1778 3207 1850 impossibile
3234 1777 3572 1849 syllogizare,

295 1871 578 1940 logismos,
601 1878 656 1925 et
680 1871 734 1924 in
759 1869 856 1924 hos
874 1869 1224 1937 reducuntur,
1255 1865 1428 1937 palam
1459 1879 1524 1920 ex
1545 1862 1720 1918 dictis.
1739 1861 1882 1930 Quo-

1997 1872 2285 1928 ostendere
2311 1871 2508 1943 aliquid
2541 1839 2876 1943 impossibile
2902 1839 3120 1944 propter
3149 1839 3579 1943 prioremvhypo;

295 1964 440 2018 niam
469 1973 647 2018 autem
675 1963 993 2032 simpliciter
1018 1961 1194 2017 omnis
1223 1961 1566 2032 syllogismus
1596 1959 1673 2012 sic
1698 1970 1755 2012 se
1790 1956 1887 2011 ha-

263 2055 462 2119 _bebit,
491 2071 634 2110 nunc
657 2056 763 2110 erit
789 2055 1150 2121 manifestum,
1178 2069 1300 2109 cum
1322 2062 1573 2108 ostensus
1590 2051 1749 2106 fuerit
1774 2063 1892 2105 om-

293 2151 381 2206 nis
407 2151 494 2220 qui
537 2152 618 2216 tit,
669 2165 763 2218 per
797 2151 1028 2220 aliquam
1071 2149 1259 2205 harum
1291 2148 1579 2217 ﬁgurarum
1609 2145 1744 2201 ﬁeri.
1780 2143 1887 2200 Ne-

290 2258 448 2299 cesse
477 2252 709 2313 estergo
753 2255 969 2298 omnem
1008 2239 1523 2298 demonstrationem
1571 2247 1625 2293 et
1671 2251 1886 2291 omnem

291 2336 667 2406 syllogismum
702 2344 791 2390 aut
821 2334 998 2390 inesse
1038 2333 1186 2403 quid,
1249 2339 1340 2386 aut
1360 2344 1466 2386 non
1518 2329 1698 2384 inesse
1729 2343 1888 2382 mon-

291 2437 491 2484 strare.
524 2429 590 2482 Et
628 2428 730 2482 hoc
778 2438 870 2484 aut
897 2425 1315 2490 universali,ter,_
1346 2433 1435 2479 aut
1473 2422 1884 2494 particulariter,

290 2522 527 2592 amplius
559 2529 651 2574 aut
677 2521 970 2586 ostensive,
1005 2527 1097 2574 aut
1125 2534 1190 2574 cx
1219 2515 1521 2589 hypothesi.
1553 2515 1682 2584 Ejus
1707 2523 1886 2568 autem

289 2613 434 2684 quod
461 2620 542 2668 est
563 2628 627 2669 ex
659 2613 964 2684 liypothesi,
995 2628 1120 2682 pars
1149 2621 1230 2668 εει
1261 2626 1356 2681 per
1378 2609 1724 2680 impossibile.
1771 2609 1891 2663 Pri-

289 2724 438 2765 mum
490 2724 618 2778 ergo
647 2709 888 2764 dicemus
921 2708 990 2765 de
1017 2707 1324 2772 ostensivis,
1346 2706 1427 2761 his
1453 2705 1596 2760 enim
1630 2706 1883 2771 ostensis,

289 2802 637 2858 manifestum
661 2802 762 2857 erit
789 2810 844 2856 et
868 2801 937 2856 de
965 2803 1032 2855 iis
1047 2800 1135 2871 qui
1161 2801 1231 2854 ad
1254 2797 1602 2868 impossibile,
1634 2804 1687 2851 et
1714 2795 1888 2850 omni-

288 2909 360 2950 no
376 2893 443 2949 de
459 2895 520 2948 iis
531 2893 622 2964 qui
636 2909 699 2949 ex
717 2891 1019 2966 hypothesi.
1035 2891 1093 2948 Si
1108 2907 1235 2962 ergo
1257 2898 1536 2960 oporteata
1548 2889 1613 2944 de
1625 2889 1652 2942 b
1669 2889 1887 2960 syllogi-

287 3004 434 3055 εει-ε,
456 2988 540 3044 vel
568 2989 768 3053 inesse,
785 2987 869 3042 vel
888 3002 992 3042 non
1009 2989 1204 3056 inesse,
1224 3001 1444 3042 necesse
1460 2995 1764 3041 estsumere
1788 2984 1888 3040 ali-

287 3083 416 3153 quid
431 3083 498 3138 de
513 3081 716 3154 aliquo.
728 3082 785 3138 Si
799 3098 926 3154 ergo
939 3098 968 3134 a
984 3089 1225 3137 sumatur
1241 3080 1308 3136 de
1322 3082 1370 3149 ι,
1387 3079 1525 3150 quod
1539 3095 1603 3135 ex
1625 3078 1888 3148 principio

289 3175 391 3232 erit
421 3183 713 3243 sumptum,
737 3173 779 3229 si
805 3180 980 3228 autem
1006 3189 1038 3225 a
1061 3171 1130 3227 de
1159 3187 1206 3238 c,
1240 3189 1265 3224 c
1297 3179 1472 3226 autem
1496 3169 1563 3225 de
1581 3168 1732 3223 nullo
1751 3168 1880 3236 alio,

1994 1965 2195 2021 thesin.
2227 1965 2403 2032 Quare
2428 1967 2678 2036 quoniam
2711 1967 2878 2021 falsus
2904 1968 2963 2020 lit
2983 1966 3323 2037 syllogismus
3350 1962 3578 2020 ostensi-

1994 2072 2091 2111 vus
2121 2057 2175 2112 in
2205 2057 2288 2113 his
2313 2073 2434 2128 qua:
2460 2058 2527 2113 ad
2558 2059 2892 2128 impossibile
2917 2058 3272 2124 deducuntur,
3306 2057 3452 2127 quod
3479 2050 3571 2110 aué

1996 2159 2106 2206 tem
2163 2161 2246 2207 est
2300 2166 2367 2207 ex
2419 2152 2705 2223 principio,
2769 2169 2830 2208 ex
2887 2152 3169 2225 hypothesi
3226 2160 3574 2216 monstratur.

1995 2243 2300 2300 ostensivos
2345 2253 2524 2300 autem
2567 2244 2798 2302 diximus
2839 2246 3009 2316 prius,
3050 2246 3304 2317 quoniam
3347 2259 3442 2315 per
3484 2244 3577 2300 has

1969 2337 2356 2416 terminantur
2383 2339 2602 2406 figuras,
2632 2339 2970 2395 manifestum
2999 2339 3250 2410 quoniam
3281 2347 3336 2394 et
3365 2351 3462 2408 per
3482 2336 3578 2391 int-

1996 2431 2252 2502 possibile
2281 2432 2574 2502 syllogismi
2608 2448 2702 2500 per
2733 2433 2829 2488 has
2857 2442 3017 2488 erunt
3062 2433 3278 2502 ﬁguras.
3321 2430 3580 2488 Similiter

1995 2534 2177 2582 autem
2205 2534 2259 2580 et
2289 2524 2380 2579 alii
2413 2539 2599 2580 omnes
2623 2526 2714 2594 qui
2743 2535 2866 2581 sunt
2891 2541 2956 2582 ex
2987 2526 3292 2596 hypothesi,
3323 2525 3378 2580 in
3409 2524 3580 2580 omni-

1994 2619 2098 2675 bus
2147 2618 2230 2673 his
2261 2618 2402 2672 enim
2447 2619 2790 2688 syllogismus
2831 2618 3046 2688 quidem
3095 2619 3153 2672 ﬁt
3180 2617 3249 2673 ad
3288 2625 3580 2672 transsum-

1995 2720 2171 2781 ptum,
2200 2710 2342 2780 quod
2381 2721 2558 2764 autem
2601 2719 2684 2765 est
2709 2725 2774 2764 ex
2821 2709 3104 2780 principio,
3137 2709 3455 2766 terminatur
3488 2722 3581 2778 per

1999 2803 2398 2859 confessionem
2432 2814 2521 2857 aut
2566 2818 2661 2873 per
2691 2801 2926 2873 aliquam
2969 2803 3125 2858 aliam
3155 2802 3500 2874 hypothesin.
3527 2802 3582 2859 Si

1998 2905 2178 2953 autem
2213 2897 2314 2952 hoc
2335 2911 2546 2963 verum,
2574 2910 2795 2973 necesse
2820 2906 2899 2952 est
2921 2911 3135 2952 omnem
3158 2895 3581 2951 demonstratio-

1999 3007 2122 3046 nem
2154 3000 2208 3047 et
2237 3006 2452 3046 omnem
2484 2989 2852 3063 syllogismum
2890 2989 3003 3046 ﬁeri
3044 3005 3140 3060 per
3171 3000 3279 3045 tres
3303 2987 3584 3060 praedictas

2000 3083 2221 3153 ﬁguras.
2250 3083 2362 3138 Hoc
2392 3093 2571 3138 autem
2623 3075 2863 3147 oStenso,
2903 3082 3076 3152 palam
3119 3083 3371 3152 quoniam
3411 3079 3585 3136 omnis

1999 3175 2346 3248 syllogismus
2379 3175 2652 3245 perficitur
2681 3190 2778 3244 per
2807 3175 3032 3244 piimam
3069 3175 3314 3246 ﬁguram,
3346 3181 3402 3232 et
3429 3172 3585 3230 redu-

288 3282 389 3323 nec
422 3237 566 3322 aliud
593 3265 660 3322 de
683 3265 774 3320 illo
815 3283 860 3331 c,
891 3279 1063 3334 neque
1089 3264 1156 3320 de
1193 3237 1232 3318 ra
1278 3263 1533 3330 alterum,
1592 3277 1767 3332 neque
1813 3262 1883 3317 de
1915 3237 1966 3302 θ
1997 3237 2218 3348 citur'in
2249 3237 2410 3337 hujus
2433 3237 2769 3322 universa-les
2795 3237 3162 3338 syllogismos.

288 3358 459 3415 altero
488 3376 542 3428 a,
598 3358 776 3412 nullus
826 3358 928 3413 erit
973 3356 1333 3428 syllogismus,
1377 3371 1501 3410 nam
1540 3355 1593 3410 in
1641 3369 1709 3410 eo
1740 3356 1886 3425 quod

288 3467 456 3507 unum
484 3451 554 3506 de
574 3467 680 3506 uno
701 3451 950 3518 sumitur,
985 3450 1122 3505 nihil
1177 3449 1370 3505 accidit
1429 3465 1494 3504 ex
1539 3450 1883 3517 necessitate,

287 3561 455 3616 quare
478 3545 795 3601 assumenda
820 3556 903 3600 est
943 3546 1110 3599 altera
1163 3543 1476 3614 prepositio.
1512 3543 1569 3600 Si
1603 3544 1762 3615 igitur
1788 3560 1885 3600 su-

287 3647 466 3693 matur
483 3655 515 3691 a
543 3638 608 3693 de
640 3639 770 3706 alio,
794 3647 884 3692 aut
904 3637 1046 3692 aliud
1070 3637 1136 3693 de
1160 3655 1212 3704 α,
1235 3647 1327 3692 aut
1348 3637 1416 3693 de
1445 3653 1473 3690 c
1493 3638 1739 3702 alterum,
1762 3651 1887 3693 esse

287 3733 501 3802 quidem
534 3732 902 3803 syllogismum
926 3731 1057 3787 nihil
1109 3731 1379 3800 prohibet,
1411 3730 1478 3786 ad
1509 3730 1537 3785 b
1566 3739 1742 3786 autem
1776 3745 1884 3788 non

288 3825 394 3880 erit
420 3839 516 3895 per
536 3840 599 3880 ea
621 3840 738 3895 qua:
760 3832 972 3894 sumpta
987 3831 1132 3889 sunt,
1160 3839 1259 3878 nec
1273 3821 1487 3894 quando
1503 3840 1529 3878 c
1552 3823 1879 3892 inestalteri,

289 3927 343 3973 et
369 3918 498 3974 illud
529 3918 641 3987 alii,
675 3928 729 3973 et
749 3919 849 3974 hoc
875 3919 1049 3986 alteri,
1088 3933 1193 3973 non
1218 3919 1499 3988 copuletur
1523 3927 1701 3975 autem
1734 3919 1798 3973 ad
1829 3920 1881 3988 ὁ,

290 4022 389 4063 ηεε
421 4009 499 4063 sic
527 4009 627 4064 erit
656 4007 720 4062 ad
750 4011 777 4062 b
823 4009 1165 4079 syllogismus
1188 4008 1352 4078 ipsius
1369 4025 1423 4062 a.
1447 4008 1681 4063 Omnino
1735 4009 1882 4063 enim

285 4099 517 4156 dicimus
546 4100 794 4170 quoniam
843 4099 1017 4154 nullus
1062 4114 1332 4169 nunquam
1384 4100 1488 4154 erit
1537 4099 1884 4171 syllogismus

287 4192 427 4248 alius
449 4191 516 4246 de
543 4193 669 4262 alio,
729 4208 834 4246 non
866 4201 1079 4261 sumpto
1125 4193 1302 4262 aliquo
1358 4191 1560 4260 medio,
1618 4193 1760 4262 quod
1813 4193 1883 4248 ad

287 4293 578 4354 utrumque
600 4299 657 4338 se
703 4282 867 4339 habet
918 4298 1136 4354 quoquo
1182 4283 1341 4338 modo
1384 4283 1877 4353 praedicationibus.

287 4379 419 4434 Nam
451 4379 797 4451 syllogismus
819 4380 1034 4450 quidem
1066 4379 1384 4449 simpliciter
1413 4396 1480 4435 ex
1499 4381 1882 4450 propositioni-

289 4471 390 4527 bus
433 4481 561 4538 est,
606 4471 670 4526 ad
728 4472 830 4526 hoc
890 4481 1066 4526 autem
1115 4472 1458 4542 syllogismus
1507 4489 1572 4529 ex
1635 4474 1884 4544 praposi-

287 4567 540 4629 tionibus,
569 4581 687 4636 quae
703 4564 768 4618 ad
801 4564 920 4628 hoc,
943 4567 1030 4634 qui
1053 4575 1228 4620 autem
1257 4574 1338 4621 est
1364 4566 1520 4636 hujus
1541 4566 1748 4636 adhoc,
1784 4584 1882 4639 per

285 4659 681 4729 propositiones
713 4659 869 4730 hujus
897 4660 964 4715 ad
994 4662 1113 4727 hoc,
1131 4662 1460 4731 impossibile
1489 4674 1574 4719 est
1599 4676 1775 4720 autem
1805 4666 1881 4720 ad

283 4750 311 4801 ὁ
339 4765 554 4807 sumere
609 4754 1064 4823 prapositionem,
1106 4755 1237 4810 nihil
1284 4772 1459 4828 neque
1516 4759 1875 4828 praedicantes

282 4841 348 4896 de
376 4858 462 4910 eo,
495 4858 668 4913 neque
693 4856 970 4915 negantes,
998 4857 1088 4902 aut
1118 4864 1325 4903 rursum
1380 4850 1494 4919 ejus
1519 4851 1660 4921 quod
1706 4862 1788 4907 est
1839 4869 1873 4905 α

280 4936 345 4990 ad
373 4938 423 5002 ὁ,
452 4937 586 4991 nihil
616 4952 904 4995 commune
927 4951 1220 5009 sumentes,
1257 4943 1350 4997 sed
1397 4945 1671 5015 utriusque
1748 4961 1874 5014 pro-

282 5030 395 5098 pria
422 5029 668 5098 quadam
700 5031 1071 5099 praedicantes,
1106 5043 1196 5087 aut
1239 5045 1517 5104 negantes,
1567 5054 1733 5104 quare
1780 5053 1874 5093 su-

279 5123 556 5189 mendum,
591 5122 865 5194 utriusque
912 5125 1051 5196 quod
1105 5128 1315 5196 copulet
1346 5128 1777 5197 prazdicationes,
1826 5128 1874 5186 si

280 5215 380 5268 erit
405 5214 564 5283 hujus
589 5215 655 5270 ad
683 5217 784 5271 hoc
803 5217 1163 5287 syllogismus.
1198 5219 1336 5290 Ergo
1363 5223 1405 5274 si
1431 5236 1649 5280 necesse
1665 5237 1746 5281 est
1767 5228 1871 5283 ali-

279 5309 419 5376 quod
453 5323 668 5364 sumere
719 5311 784 5364 ad
834 5320 1116 5381 utrumque
1167 5329 1474 5380 commune,
1531 5317 1633 5373 hoc
1690 5331 1870 5377 autem

280 5399 542 5468 contingit
567 5401 873 5469 ti-ipliciter,
898 5411 990 5456 aut
1011 5403 1153 5457 enim
1183 5421 1214 5456 α
1245 5406 1311 5460 de
1339 5424 1366 5460 c
1412 5416 1469 5461 et
1505 5407 1574 5463 de
1609 5409 1637 5460 b
1670 5412 1870 5479 prmdi-

278 5505 484 5558 cantes,
504 5503 642 5550 autc
663 5496 728 5550 de
753 5497 1011 5567 utrisque,
1043 5511 1131 5552 aut
1158 5507 1383 5570 utraque
1409 5503 1477 5557 de
1503 5519 1550 5565 ε,
1579 5503 1660 5558 ha:
1687 5515 1867 5561 autem

279 5598 400 5642 sunt
423 5598 532 5645 tres
550 5589 708 5645 dictae
740 5591 940 5660 ﬁguraa.
968 5593 1309 5650 Manifestum
1350 5599 1601 5666 quoniam
1654 5614 1873 5658 omnem

278 5681 647 5752 syllogismum
672 5699 894 5740 necesse
921 5695 1002 5740 est
1037 5686 1154 5743 ﬁeri
1183 5703 1279 5758 per
1307 5689 1539 5761 aliquam
1588 5693 1780 5749 harum
1808 5696 1872 5749 li-

279 5796 551 5851 gttrarum.
585 5783 716 5840 Nam
745 5786 932 5842 eadem
963 5789 1100 5843 ratio
1126 5798 1231 5858 est,
1259 5791 1358 5846 etsi
1389 5807 1484 5862 per
1528 5794 1678 5865 plura
1710 5805 1877 5866 εοιιιῐο

282 5884 420 5943 letor
453 5886 518 5942 ad
550 5889 600 5956 ὁ,
632 5888 819 5950 eadem
848 5889 988 5946 enim
1037 5893 1140 5948 erit
1196 5894 1364 5965 ﬁgura
1413 5904 1468 5953 et
1521 5897 1575 5956 in
1605 5899 1870 5973 pluribus.

1809 6016 1898 6100 μ’..
1935 6005 1945 6013 .

2564 3380 2791 3438 CAPUT
2832 3380 3039 3436 XXIV.”

2059 3477 2139 3533 De
2165 3477 2415 3549 qualitate
2442 3486 2490 3533 et
2521 3478 2812 3546 quantitate
2844 3477 3177 3530 terminorum
3210 3476 3515 3548 syllogismi.

2068 3575 2314 3644 Amplius
2344 3581 2522 3628 autem
2556 3574 2609 3627 in
2639 3573 2889 3628 omnibus
2911 3581 3122 3642 oportet
3145 3572 3372 3643 aliquem
3399 3582 3581 3627 ternu-

1998 3680 2189 3722 norum
2237 3666 2632 3736 prmdicativum
2667 3681 2787 3722 esse
2817 3674 2871 3720 et
2901 3666 3280 3731 universalem,
3321 3666 3435 3720 sine
3466 3666 3582 3720 uni-

1996 3757 2198 3814 versali
2237 3758 2378 3812 enim
2427 3773 2531 3813 non
2563 3757 2665 3814 erit
2710 3757 3072 3829 syllogismus,
3108 3767 3198 3813 aut
3243 3774 3348 3813 non
3389 3757 3453 3813 ad
3485 3757 3583 3814 hoc

1997 3855 2141 3920 quod
2186 3851 2420 3922 positum
2452 3861 2554 3918 est,
2602 3860 2696 3907 aut
2739 3852 2880 3922 quod
2911 3868 2972 3906 ex
3005 3852 3267 3924 principio
3295 3861 3379 3908 est
3419 3861 3579 3922 petet.

1999 3945 2235 4001 Ponatur
2267 3945 2410 4002 enim
2439 3945 2699 4001 musicam
2731 3945 3058 4016 voluptatem
3098 3961 3217 4002 esse
3260 3945 3578 4014 studiosam,

1997 4041 2044 4096 si
2077 4055 2204 4111 ergo
2249 4042 2554 4112 poposcerit
2587 4041 2913 4111 voluptatem
2961 4055 3082 4096 esse
3123 4040 3443 4107 studiosam,
3479 4055 3583 4094 non

1997 4133 2202 4190 addens
2232 4149 2470 4201 omnem,
2497 4149 2604 4191 non
2649 4133 2750 4189 erit
2783 4132 3150 4203 syllogismus,
3185 4131 3230 4186 si
3277 4141 3453 4187 autem
3486 4131 3583 4186 ali-

1997 4242 2154 4296 quam
2200 4217 2530 4297 voluptatem
2566 4241 2687 4282 esse
2716 4225 3034 4291 studiosam,
3067 4226 3113 4281 si
3152 4224 3310 4280 aliam
3342 4225 3584 4296 quidem,

1998 4319 2131 4374 nihil
2172 4320 2237 4374 ad
2280 4320 2380 4376 hoc
2409 4321 2551 4391 quod
2593 4319 2826 4390 positum
2872 4327 2974 4385 est,
3013 4319 3060 4374 si
3090 4330 3265 4375 autem
3314 4320 3580 4388 eamdem,

1994 4415 2140 4487 quod
2167 4431 2231 4470 ex
2273 4417 2542 4484 principio
2576 4425 2718 4481 erat,
2760 4414 2942 4470 sumit.
2975 4413 3139 4485 Magis
3171 4423 3346 4470 autem
3391 4415 3449 4470 ﬁt
3480 4429 3585 4469 ma-

1995 4507 2248 4564 nifestum
2277 4512 2331 4563 in
2379 4508 2582 4576 ﬁguris,
2619 4515 2677 4562 ut
2712 4507 2965 4577 quoniam
3012 4505 3324 4578 :equicruris
3352 4508 3584 4578 aequales

2001 4611 2130 4656 sunt
2159 4600 2361 4672 anguli,
2391 4602 2478 4671 qui
2528 4611 2653 4656 sunt
2689 4599 2754 4654 ad
2793 4599 3004 4656 basim:
3035 4600 3143 4656 sint
3182 4599 3325 4656 enim
3374 4600 3428 4656 in
3459 4615 3585 4657 cen-

1999 4703 2138 4748 trum
2171 4692 2343 4749 duetae
2375 4711 2405 4747 a
2428 4695 2479 4759 b,
2522 4695 2565 4748 si
2599 4708 2727 4764 ergo
2764 4693 3026 4762 aequalem
3055 4694 3346 4764 sumpserit
3380 4711 3412 4748 a
3433 4711 3460 4748 ε
3493 4711 3585 4750 an-

1993 4786 2177 4857 gulum
2210 4787 2258 4843 ci
2303 4785 2395 4858 qui
2439 4796 2523 4841 cst
2567 4787 2595 4839 b
2624 4786 2676 4852 εί,
2728 4801 2834 4841 non
2866 4786 3086 4841 omnino
3122 4795 3312 4856 petens
3350 4788 3585 4857 aequales

1995 4897 2088 4938 eos
2119 4883 2207 4951 qui
2237 4889 2362 4935 sunt
2397 4880 2886 4949 semicirculorum,
2933 4891 2985 4936 et
3013 4896 3223 4936 rursum
3254 4899 3281 4935 ιτ
3305 4883 3355 4936 ei
3380 4883 3470 4952 qui
3504 4890 3586 4936 est

1997 4977 2056 5043 ιι,
2085 4993 2187 5030 non
2212 4989 2427 5031 omnem
2453 4988 2734 5030 assumens
2757 4990 2878 5030 eum
2907 4976 2999 5046 qui
3021 4985 3104 5032 est
3133 4975 3430 5031 incisionis.
3456 4977 3584 5029 Ant-

2000 5069 2158 5138 plius,
2191 5070 2258 5124 ab
2281 5069 2574 5138 aequalibus
2605 5069 2964 5124 existentibus
2996 5070 3119 5124 totis
3148 5067 3380 5139 angulis,
3408 5083 3586 5137 aequa-

2000 5161 2140 5218 libus
2185 5161 2438 5231 dentptis,
2484 5161 2718 5231 aequales
2767 5176 2887 5218 esse
2930 5161 3189 5232 reliquos,
3234 5162 3440 5218 scilicet
3482 5180 3508 5216 ε
3538 5167 3578 5233 f,

1999 5255 2140 5325 quod
2166 5271 2229 5309 ex
2264 5255 2525 5324 principio
2553 5263 2636 5309 est
2669 5263 2836 5324 petet,
2885 5256 2985 5310 nisi
3025 5263 3199 5310 sumat
3227 5255 3296 5310 ab
3335 5255 3585 5311 omnmns

1999 5348 2312 5418 aequalibus,
2347 5348 2513 5417 mquis
2544 5347 2798 5417 demptis,
2834 5349 3057 5418 mqualia
3088 5348 3340 5418 relinqui.
3363 5348 3584 5405 Manife-

1996 5451 2138 5496 stum
2170 5441 2327 5512 igitur
2357 5443 2608 5511 quoniam
2645 5443 2696 5497 in
2722 5443 2869 5498 omni
2893 5443 3207 5514 syllogismo
3233 5453 3445 5510 oportet
3474 5445 3562 5498 uni

1998 5534 2208 5589 versalc
2237 5549 2378 5589 esse.
2416 5534 2480 5588 Et
2511 5536 2762 5604 quoniam
2802 5535 3100 5590 universale
3128 5537 3342 5604 quidem
3376 5553 3438 5591 ex
3468 5552 3584 5592 om-

1998 5627 2156 5682 nibus
2180 5628 2424 5682 terminis
2454 5627 2852 5683 universalibus
2877 5635 3228 5695 monstratur,
3261 5630 3584 5700 particulure

1995 5728 2176 5775 autem
2200 5730 2253 5775 et
2281 5718 2380 5785 sic,
2411 5731 2465 5775 et
2487 5722 2661 5776 aliter.
2695 5722 2873 5788 Quare
2901 5722 2945 5776 si
2973 5721 3249 5776 conclusio
3274 5723 3339 5777 sit
3370 5723 3579 5778 univer-

1999 5814 2147 5876 salis,
2181 5823 2233 5867 ct
2283 5815 2540 5869 terminos
2593 5829 2814 5869 necesse
2859 5822 2940 5869 est
2979 5814 3312 5870 universales
3356 5831 3495 5878 esse,
3538 5815 3581 5869 si

2000 5914 2180 5966 autem
2206 5905 2536 5964 universales
2566 5907 2673 5964 sint
2711 5907 2946 5976 termini,
2993 5909 3255 5981 contingit
3280 5908 3579 5966 conclusio-

3601 3 3710 10 .--ι--.
