4112 6332
406 360 511 417 069

406 568 683 624 destruere
712 582 892 626 autem
920 572 1259 643 facillimum,
1291 576 1511 632 omnino
1531 587 1710 635 autem
1739 588 1822 632 est
1854 579 1993 632 inte-

405 664 618 720 rirnenti
633 666 846 735 quidem
858 708 872 733 ,
889 670 1213 726 universalia
1230 682 1389 743 quam
1405 675 1745 744 particularia
1759 675 1984 729 facilius.

405 754 617 813 Etenim
640 758 688 812 si
717 759 872 823 nulli,
914 770 970 815 et
1012 762 1058 816 si
1086 762 1242 818 alicui
1279 780 1385 819 non
1440 767 1565 822 insit
1611 769 1989 836 interemptum

404 859 506 915 est,
551 850 743 906 horum
790 865 969 909 autem
1018 854 1178 910 alicui
1206 857 1424 927 quidem
1469 874 1576 915 non
1636 861 1690 914 in
1735 860 1988 915 omnibus

405 937 589 1008 ﬁguris
616 952 966 1008 monstratur,
1000 945 1133 1001 nulli
1185 957 1364 1005 autem
1410 950 1461 1005 in
1508 951 1737 1007 duabus.
1784 951 1993 1006 Eodem.

401 1040 582 1087 autem
628 1034 788 1089 modo
830 1047 885 1092 et
915 1039 968 1093 in
997 1042 1294 1109 privativis,
1324 1043 1523 1099 etenim
1560 1045 1612 1120 si
1656 1043 1825 1107 omni,
1853 1052 1908 1099 ει
1942 1043 1989 1099 si

401 1121 586 1190 alicui,
617 1124 996 1197 interemptum
1024 1140 1107 1187 est
1147 1134 1288 1204 quod
1319 1149 1385 1189 ex
1425 1134 1705 1204 principio.
1740 1135 1851 1191 Hoc
1891 1149 1990 1189 auo

401 1220 511 1269 tem
554 1215 650 1271 iuit
686 1216 743 1273 in
784 1218 993 1276 duabus
1022 1222 1226 1294 ﬁguris.
1255 1225 1315 1281 In
1345 1227 1757 1296 particularibus
1804 1235 1999 1283 autem

401 1305 737 1380 simpliciter,
763 1320 860 1367 aut
898 1315 1068 1385 omni,
1097 1326 1189 1372 aut
1216 1319 1346 1374 nulli
1374 1320 1750 1377 ostendentem
1786 1322 1983 1378 inesse.

402 1396 742 1457 Construenti
781 1413 982 1474 autem,
1015 1406 1226 1465 facilius
1253 1418 1336 1466 est
1370 1412 1709 1482 particulari
1729 1453 1744 1479 ,
1773 1427 1898 1468 nam
1932 1414 1987 1469 in

400 1493 641 1562 pluribus
674 1498 877 1569 ﬁguris.
900 1513 953 1557 et
979 1512 1076 1573 per
1105 1502 1283 1575 plures
1306 1509 1513 1563 modos.
1539 1507 1776 1564 Omnino
1803 1516 1984 1563 autem

401 1601 505 1643 neu
548 1600 764 1659 oportet
808 1593 979 1651 latere
1022 1600 1276 1667 quoniam
1308 1599 1587 1657 destruere
1628 1600 1845 1671 quidem
1892 1614 1988 1671 per

401 1690 459 1733 se
491 1677 715 1735 invicem
759 1693 865 1761 est,
902 1693 960 1740 et
1005 1687 1330 1743 universalia
1372 1704 1467 1760 per
1511 1692 1881 1760 particularia,
1932 1700 1988 1749 et

402 1769 517 1825 hac
546 1784 641 1841 per
671 1774 1019 1844 universalia;
1051 1786 1365 1836 construere
1407 1793 1584 1839 autem
1627 1798 1733 1840 non
1777 1793 1862 1841 est
1891 1798 1986 1855 per

918 358 923 359 ί
1005 362 1311 425 PRIORUM
1350 366 1890 427 ANALY'I‘ICOIIUII
1930 368 1971 424 Α

2081 365 2379 430 ιτοτειιε
2416 372 2991 441 INTERPRETATIO.

408 475 514 532 lem
561 474 939 534 al‘iirmativam
984 490 1302 540 construere
1345 485 1561 555 quidem
1602 486 1995 550 difﬁcillimum,
2025 483 2246 555 Apris,
2276 495 2332 543 et
2369 504 2703 563 quascunque
2750 505 2814 551 ut
2862 496 3162 555 accidentia
3212 500 3603 574 medicantur,
3632 514 3690 564 et
3794 484 3797 491 I

3578 384 3688 446 670

2097 576 2291 634 borum
2320 596 2449 651 quae
2482 586 2777 643 secundum
2803 589 3133 659 opinionem,
3162 599 3218 648 et
3244 608 3363 664 quas
3394 597 3688 654 secundum

2095 671 2396 727 veritatem.
2430 673 2643 741 Quanto
2673 679 2817 733 enim
2846 681 3077 750 plurium
3108 683 3295 739 talium
3328 686 3685 744 abundaverit

2094 762 2239 832 quis,
2267 765 2429 820 citius
2449 765 2685 823 inveniet
2709 772 3135 841 conclusionem,
3156 786 3357 847 quanto
3378 788 3558 834 autem
3593 795 3689 836 ve-

2093 854 2321 921 riorem,
2365 859 2534 927 magis
2568 860 2978 920 demonstrabit.
3020 866 3244 936 Oportet
3276 881 3453 926 autem
3483 872 3686 941 eligere

2093 958 2203 999 non
2246 961 2366 1015 quae
2393 960 2691 1019 sequuntur
2729 953 2986 1024 aliquam,
3015 958 3109 1012 sed
3139 972 3474 1031 quacunque
3521 971 3684 1017 totam

2093 1050 2207 1090 rem
2237 1051 2556 1108 sequuntur,
2593 1053 2648 1098 ut
2679 1059 2784 1100 non
2809 1048 2950 1117 quod
2982 1049 3217 1119 aliquem
3264 1052 3564 1121 hominem,
3586 1055 3684 1110 sed

2092 1131 2235 1199 quod
2291 1147 2508 1190 omnem
2560 1135 2834 1193 hominem
2889 1140 3152 1210 sequitur,
3204 1158 3301 1214 per
3349 1147 3689 1206 universales

2093 1226 2235 1278 enim
2291 1229 2691 1297 propositiones
2724 1228 2785 1286 iit
2814 1232 3178 1303 syllogismus.
3211 1236 3343 1291 Cum
3390 1249 3572 1296 autem
3603 1246 3688 1295 est

2094 1316 2453 1387 indeﬁnitum,
2486 1323 2748 1379 incertum
2797 1326 2843 1379 si
2891 1323 3214 1384 universalis
3241 1339 3321 1384 est
3367 1333 3683 1402 prapositio,

2093 1426 2213 1466 cum
2246 1429 2374 1471 vero
2417 1415 2698 1475 deﬁnitum
2725 1463 2739 1485 ,
2790 1421 3158 1477 manifestum.
3204 1421 3461 1480 Similiter
3506 1434 3685 1481 autem

2093 1507 2393 1576 eligendum
2424 1518 2479 1564 ct
2516 1527 2638 1580 quae
2682 1512 2853 1581 ipsum
2902 1515 3146 1584 sequitur
3177 1520 3573 1589 tots,'propter
3597 1518 3686 1573 di-

2093 1605 2233 1651 ctam
2265 1612 2501 1654 causam.
2531 1601 2709 1668 Ipsum
2754 1613 2934 1658 autem
2984 1605 3125 1673 quod
3156 1608 3417 1675 sequitur,
3451 1625 3557 1664 non
3599 1616 3686 1665 est

2093 1688 2411 1744 sumendum
2443 1700 2612 1746 totum
2646 1695 2819 1764 sequi,
2852 1696 2973 1752 dico
3003 1704 3061 1750 ut
3081 1696 3352 1754 hominem
3383 1714 3542 1756 omne
3567 1703 3686 1755 auia

2093 1780 2224 1848 mal,
2250 1790 2343 1836 aut
2384 1784 2671 1852 musicam,
2703 1802 2919 1843 omnem
2964 1786 3324 1859 disciplinam,
3349 1790 3443 1846 sed
3480 1792 3686 1861 simpli-

400 1867 743 1934 particuiaria
776 1872 1120 1939 universalia,
1158 1889 1255 1945 per
1286 1876 1379 1932 illa
1407 1892 1538 1934 vero
1576 1880 1691 1933 hinc
1721 1889 1823 1935 est.
1848 1879 1976 1934 Nam

2092 1870 2226 1926 citer
2271 1873 2445 1928 solum
2496 1878 2645 1945 sequi
2696 1878 3149 1947 quemadmodum
3182 1890 3237 1936 et
3278 1883 3681 1955 pmtendimus,

400 1956 443 2009 si
476 1960 641 2026 omui,
688 1970 742 2016 et
787 1963 969 2020 alicui.
1016 1966 1190 2022 Simul
1229 1977 1408 2024 autem
1450 1971 1797 2026 manifestum
1850 1989 1986 2043 quo-

399 2048 542 2104 niam
580 2050 862 2111 destruere
882 2072 1048 2127 quam
1081 2072 1397 2118 construere
1442 2063 1673 2120 facilius.
1705 2066 1986 2133 Quomodo

399 2154 529 2213 ergo
556 2144 616 2200 Iit
638 2148 812 2204 omnis
849 2151 1214 2223 syllogismus,
1244 2165 1301 2212 et
1350 2172 1444 2228 per
1471 2168 1601 2230 quot
1646 2165 1902 2215 terminos
1930 2166 1986 2217 et

400 2241 816 2309 propositiones,
842 2256 895 2300 ει
933 2249 1205 2317 quomodo
1238 2251 1496 2309 habentes
1539 2269 1598 2310 se
1629 2254 1694 2309 ad
1722 2254 1977 2320 invicem,

398 2331 628 2401 amplius
671 2343 848 2391 autern
875 2350 995 2408 quae
1021 2343 1315 2411 propositio
1346 2344 1397 2399 in
1432 2360 1747 2416 unaquaque
1786 2348 1975 2417 ﬁgura,

399 2431 458 2479 et
482 2439 605 2495 quin
632 2428 686 2483 in
719 2429 984 2500 pluribus,
1017 2443 1072 2491 et
1103 2450 1220 2505 quae
1250 2440 1300 2493 in
1336 2440 1677 2508 paucioribus
1715 2447 1985 2497 monstra-

400 2524 509 2586 tur,
540 2520 718 2591 palam
745 2538 812 2579 es
842 2524 927 2580 Itis
947 2542 1065 2596 qua;
1087 2529 1229 2584 dicta
1261 2542 1406 2587 sunt.

942 2634 1169 2695 CAPUT
1206 2638 1443 2697 XXVIII.

750 2724 829 2781 De
857 2728 1176 2785 abundantia
1204 2736 1633 2804 propositionum.

464 2814 748 2883 Quomodo
794 2828 972 2877 autem
1021 2823 1196 2881 idonei
1249 2828 1452 2883 erimus
1500 2834 1717 2900 semper
1761 2830 1983 2903 syllogi.

392 2916 519 2963 sere
560 2908 628 2964 ad
672 2914 1025 2983 propositum,
1073 2922 1129 2970 ct
1173 2930 1267 2988 per
1313 2930 1472 2990 quam
1525 2921 1662 2977 viam
1704 2936 1979 2979 sumemus

392 3000 537 3056 circa
594 3006 1008 3077 unumquodque
1042 3010 1325 3083 principia,
1360 3028 1499 3070 nunc
1530 3015 1833 3073 dicendum.
1860 3018 1978 3074 Non

392 3092 538 3148 enim
569 3094 744 3151 solum
772 3098 1001 3156 fortasse
1039 3112 1252 3172 0p0rtet
1294 3107 1700 3175 generationem
1738 3111 1979 3166 conside-

393 3194 518 3243 rare
548 3189 984 3260 syllogismorum
1009 3238 1023 3262 ,
1056 3196 1150 3253 sed
1192 3200 1246 3254 et
1292 3186 1611 3270 potestatem
1665 3202 1861 3261 habere
1892 3206 1970 3262 fa-

2093 1962 2292 2018 etenim
2322 1963 2509 2020 inutile
2541 1968 2772 2023 alterum
2804 1978 2858 2024 et
2882 1970 3237 2040 impossibile,
3261 1982 3318 2027 ut
3342 1988 3559 2031 omnem
3584 1974 3682 2029 ho-

2091 2057 2289 2115 minem
2320 2074 2440 2116 esse
2471 2074 2633 2116 omne
2675 2062 2905 2130 animal,
2940 2063 3023 2120 vel
3060 2064 3326 2137 justitiam
3375 2081 3536 2123 omne
3585 2067 3683 2122 bo-

2091 2168 2242 2221 num,
2275 2154 2370 2209 sed
2391 2154 2478 2210 cui
2509 2169 2854 2227 consequens
2873 2167 2977 2227 est,
3010 2158 3065 2213 in
3096 2159 3188 2214 illo
3216 2160 3363 2215 omni
3405 2174 3526 2217 esse
3552 2161 3686 2217 dici.-

2093 2252 2196 2300 tur.
2225 2245 2453 2314 Quando
2480 2257 2659 2305 autem
2692 2249 2762 2306 ab
2799 2251 2982 2323 aliquo
3009 2253 3318 2310 continetur
3344 2253 3682 2324 subjectum,

2089 2337 2241 2408 cujus
2269 2342 2655 2409 consequentia
2687 2351 2903 2412 oportet
2932 2355 3171 2413 sumere,
3201 2360 3324 2416 quis
3367 2346 3685 2403 universale

2088 2429 2304 2499 quidem
2351 2442 2671 2500 sequuntur,
2700 2433 2782 2488 vel
2825 2447 2930 2489 non
2980 2444 3299 2506 sequuntur,
3347 2436 3684 2509 non'eligen-

2087 2526 2213 2579 dum
2262 2524 2315 2580 in
2350 2524 2454 2591 his,
2489 2534 2704 2597 sumpta
2730 2527 2873 2582 enim
2921 2539 3047 2584 sunt
3095 2530 3149 2585 in
3192 2530 3301 2586 illis
3347 2546 3684 2603 quaecunque

2087 2614 2283 2668 animal
2312 2627 2365 2669 et
2406 2616 2678 2670 hominem
2732 2626 3056 2688 sequuntur,
3097 2631 3152 2676 et
3193 2636 3529 2693 quaecunque
3574 2638 3683 2682 non

2085 2703 2305 2759 animali
2343 2703 2544 2773 insunt,
2606 2706 2877 2763 similiter.
2908 2709 3040 2776 Quae
3066 2719 3244 2766 autem
3278 2712 3330 2766 in
3361 2728 3682 2784 unoquoque

2084 2806 2213 2854 sunt
2245 2799 2484 2869 propria,
2504 2799 2825 2857 sumendum
2851 2818 2866 2857 :
2891 2811 3017 2858 sunt
3037 2804 3182 2859 enim
3212 2806 3457 2874 quaedam
3481 2807 3682 2876 speciei

2086 2893 2301 2963 propria
2327 2903 2523 2963 praeter
2546 2909 2738 2965 genus,
2768 2910 2994 2952 necesse
3016 2906 3099 2954 est
3124 2899 3269 2953 enim
3290 2898 3525 2955 diversis
3550 2913 3679 2970 spe-

2084 2984 2271 3039 ciebus
2302 2985 2521 3055 pr0pria
2550 2986 2795 3056 quaedam
2817 2987 3017 3045 inesse.
3042 2990 3227 3063 Neque
3257 3000 3435 3046 autem
3465 2991 3681 3048 univer-

2084 3079 2194 3132 salo
2223 3076 2526 3148 eligendum
2554 3078 2620 3133 iis
2643 3094 2764 3150 quae
2794 3080 3042 3151 sequitur
3068 3082 3211 3151 quod
3257 3084 3586 3151 continetur,
3618 3093 3681 3141 ut

2084 3171 2284 3226 animal
2315 3171 2380 3225 iis
2410 3186 2530 3244 qua:
2567 3174 2812 3244 sequitur
2852 3173 3037 3242 homo,
3084 3190 3307 3237 necesse
3334 3186 3419 3233 est
3446 3177 3588 3234 enim
3629 3178 3680 3236 si

391 3246 598 3335 mai:
620 3246 881 3340 Win“,
904 3246 1245 3359 ,ὲξώίξυαζ
2001 3246 2052 3318 (ἶ
2084 3262 2360 3318 hominem
2388 3266 2632 3334 sequitur
2658 3266 2883 3365 animal,
2906 3277 2960 3322 et
2991 3269 3105 3365 hac
3134 3269 3316 3365 omnia
3342 3270 3515 3365 sequi,
3543 3284 3679 3365 con-

393 3369 542 3438 talia,
563 3378 621 3426 ut
648 3374 715 3430 de
745 3376 890 3432 nullo
914 3378 1022 3434 alio
1047 3381 1546 3449 prmdlcenturvere
1574 3387 1971 3455 nniversaliter,

392 3469 450 3515 ut
474 3458 669 3532 Cleon,
699 3472 756 3520 et
790 3466 1008 3538 Callias,
1040 3476 1095 3526 et
1123 3475 1263 3541 quod
1291 3475 1583 3544 singulare,
1619 3484 1672 3533 et
1697 3480 1973 3546 sensibile,

390 3551 567 3608 deliis
594 3564 773 3611 autem
803 3558 930 3625 alia,
969 3568 1089 3617 nam
1122 3570 1177 3617 et
1211 3563 1391 3630 homo,
1424 3576 1477 3621 et
1517 3568 1714 3623 animal
1747 3580 1973 3639 uterque

390 3640 582 3700 horum
613 3655 718 3702 est.
752 3647 843 3727 Illa
871 3658 1008 3709 vero
1038 3660 1093 3709 et
1122 3654 1234 3723 ipsa
1266 3656 1483 3726 quidem
1515 3658 1582 3713 de
1615 3659 1736 3715 aliis
1780 3660 1974 3730 praedi—

388 3747 599 3803 cantur,
647 3738 716 3795 de
758 3741 867 3797 illis
896 3752 1075 3800 autem
1116 3746 1220 3800 alia
1253 3749 1399 3816 prius
1438 3764 1541 3804 non
1587 3752 1969 3821 praedicante,

386 3826 489 3881 alia
515 3838 696 3886 autem
718 3839 770 3886 et
803 3832 913 3901 ipsa
942 3834 1011 3890 de
1038 3836 1178 3902 aliis,
1202 3846 1254 3894 et
1281 3840 1347 3895 de
1372 3841 1454 3895 his
1480 3841 1605 3907 alia,
1636 3850 1691 3898 ut
1716 3842 1875 3902 homo
1901 3846 1971 3904 de

387 3917 576 3985 Callia,
606 3931 659 3975 et
683 3922 750 3976 de
784 3921 1003 3981 homine
1036 3928 1249 3982 animal.
1277 3929 1537 3997 Quoniam
1569 3946 1696 4005 ergo
1725 3937 1969 4005 quaedam

385 4024 574 4066 eorum
612 4028 736 4085 quas
777 4025 902 4072 sunt
944 4018 1011 4074 de
1048 4021 1195 4076 nullo
1241 4035 1364 4079 nata
1414 4033 1538 4080 sunt
1579 4029 1702 4094 dici,
1750 4032 1964 4096 palam:

386 4119 510 4160 nam
547 4108 876 4165 sensibilium
908 4128 1045 4180 pene
1075 4114 1491 4189 unumquodque
1524 4130 1607 4176 est
1636 4123 1963 4193 hujusmodi,

386 4195 535 4252 utde
563 4200 708 4255 nullo
730 4203 1077 4272 pradicetur,
1109 4208 1234 4275 nisi,
1267 4217 1323 4263 ut
1361 4204 1659 4268 secundum
1688 4215 1965 4285 accidens,

382 4288 617 4348 dicimus
637 4294 781 4350 enim
809 4298 1130 4369 quandoque
1157 4300 1337 4357 album
1365 4304 1495 4357 illud
1522 4303 1797 4361 Socratem
1822 4322 1963 4378 esse,

382 4392 437 4439 et
465 4382 573 4441 boe
599 4388 823 4445 veniens
862 4390 1107 4447 Calliam.
1133 4394 1395 4462 Qimniam
1445 4408 1623 4455 autem
1662 4401 1714 4455 in
1752 4416 1964 4458 sursum

382 4478 728 4548 pergentibus
747 4487 920 4537 statur
942 4485 1282 4555 quandoque,
1298 4502 1509 4544 rursum
1534 4488 1795 4548 dicemus.
1814 4493 1967 4549 Nunc

381 4573 562 4621 autem
603 4567 673 4624 sit
717 4568 820 4627 hoc
854 4573 1105 4642 positum,
1150 4575 1216 4632 de
1243 4578 1309 4633 iis
1336 4595 1465 4650 ergo
1493 4581 1837 4651 praedicatum
1868 4585 1968 4639 ali-

370 4652 527 4729 quod
551 4674 659 4717 non
683 4670 767 4718 est
789 4663 1161 4725 demonstrare
1187 4670 1290 4726 nisi
1320 4675 1609 4730 secundum
1633 4679 1963 4750 opinionem,

382 4744 476 4806 sed
506 4746 625 4809 haec
667 4750 734 4811 de
766 4748 907 4824 aliis,
936 4775 1112 4831 neque
1149 4762 1436 4834 singularia
1470 4769 1537 4822 de
1564 4744 1706 4836 aliis,
1739 4772 1832 4826 sed
1864 4744 1967 4828 alia

381 4840 450 4899 de
477 4842 779 4915 ipsis.Qute
808 4858 986 4906 autem
1019 4852 1072 4908 in
1101 4855 1278 4911 medio
1306 4868 1452 4925 sunt,
1470 4861 1812 4919 manifestum
1835 4880 1967 4935 quo-

380 4930 523 5024 niam
572 4944 860 5013 utrumque
900 4946 1179 5018 contingit,
1225 4965 1347 5005 nam
1397 4962 1450 5007 et
1492 4952 1604 5009 haec
1634 4955 1701 5011 de
1729 4930 1869 5024 aliis,
1912 4967 1969 5014 et

378 5016 480 5082 alia
508 5028 579 5085 de
602 5028 691 5087 his
714 5030 988 5103 dicuntur,
1017 5016 1247 5109 etvpeue
1302 5043 1534 5100 rationes
1568 5054 1622 5101 ct
1647 5016 1965 5104 considera-

379 5120 557 5179 lienes
588 5133 713 5180 sunt
742 5128 976 5185 maxime
1002 5130 1069 5187 de
1088 5129 1196 5187 his.
1226 5132 1448 5205 Oportet
1475 5152 1603 5208 ergo
1634 5143 1963 5211 propositio-
1982 5202 2011 5219 κ

376 5220 475 5271 nes
511 5216 660 5274 Circa
692 5221 1112 5295 unumquodque
1141 5224 1327 5280 horum
1378 5220 1456 5283 sic
1497 5242 1712 5287 sumere
1761 5248 1962 5305 suppo-

376 5314 619 5379 nentem,
638 5304 811 5384 ipsum
840 5316 1069 5386 primum
1098 5328 1151 5375 et
1177 5318 1538 5389 deﬁnitiones,
1554 5334 1607 5380 ει
1631 5340 1963 5401 quaecunque

373 5404 591 5477 propria
613 5408 857 5476 suntrei,
887 5406 1081 5470 deinde
1110 5424 1232 5485 post
1255 5417 1354 5473 hoc
1369 5434 1700 5492 quaecunque
1736 5439 1965 5496 sequun-

374 5500 462 5553 tur
501 5515 637 5559 rem.
669 5502 737 5559 Et
760 5520 969 5562 rursum
999 5524 1118 5579 qua:
1146 5526 1232 5565 res
1261 5516 1519 5583 sequitur,
1547 5524 1600 5572 ει
1629 5532 1961 5592 quaecunque

372 5604 480 5648 non
503 5596 765 5667 contingit
786 5598 889 5671 ipsi
911 5601 1108 5671 inesse,
1134 5604 1327 5677 quibus
1350 5618 1527 5663 autem
1552 5611 1666 5680 ipsa
1697 5629 1803 5670 non
1830 5630 1963 5672 con-

373 5686 548 5755 tingit,
567 5703 672 5744 non
700 5694 1039 5763 sumendum,
1059 5711 1125 5752 eo
1153 5701 1642 5768 quotlconvcrtitur
1676 5706 1957 5774 privativa.

373 5774 728 5837 Dividendum
775 5796 953 5843 autem
1006 5798 1107 5854 est,
1148 5797 1202 5843 et
1240 5806 1428 5848 eorum
1475 5810 1593 5864 qua:
1639 5807 1957 5868 sequuntur,

370 5882 704 5947 quaecunque
727 5874 780 5933 in
804 5889 869 5935 eo
890 5878 1031 5955 quod
1049 5880 1174 5953 quid
1198 5892 1295 5953 est,
1320 5890 1374 5945 et
1396 5899 1726 5966 quaecunque
1754 5898 1811 5949 ut
1829 5906 1959 5969 prov
1980 5972 2007 5978 η

2084 3354 2419 3411 venientiora
2448 3366 2627 3412 autem
2652 3355 2767 3411 haec
2788 3355 3022 3414 hominis
3049 3358 3327 3416 electioni.
3345 3359 3678 3419 Sumendum

2080 3456 2257 3499 autem
2291 3454 2345 3501 et
2388 3460 2506 3517 quae
2539 3445 2854 3518 plerumque
2898 3461 3196 3521 sequuntur
3233 3466 3297 3508 ea
3339 3468 3459 3523 qua:
3486 3468 3679 3510 conse-

2079 3548 2335 3607 quuntur,
2369 3553 2493 3592 nam
2541 3549 2596 3593 et
2646 3540 3069 3607 problematibus
3105 3559 3225 3612 quas
3254 3544 3591 3616 plerumque.
3621 3555 3678 3605 et

2080 3631 2426 3709 syllogismus
2455 3646 2521 3686 ex
2552 3632 3034 3702 propositionibus,
3080 3651 3197 3706 qua:
3241 3636 3558 3709 plerumque
3581 3647 3676 3696 aut

2080 3645 2301 3702 syllogts
2364 3646 2426 3686 us
2455 3646 2521 3686 ex
2552 3645 3034 3702 proposmonmus,
3080 3651 3197 3706 qua:
3241 3645 3558 3709 plerumque
3581 3647 3675 3696 aut

2078 3723 2132 3778 in
2178 3645 2447 3794 om'nigus,
2479 3734 2569 3779 aut
2611 3726 2898 3796 aliquibus,
2945 3728 3138 3783 similis
3182 3730 3325 3786 enim
3366 3740 3451 3786 est
3490 3732 3675 3789 unius-

2077 3814 2333 3887 cujusque
2368 3817 2646 3874 conclusio
2670 3818 2971 3891 principiis.
3005 3822 3249 3892 Ampiius
3275 3839 3394 3895 qua:
3421 3824 3674 3883 omnibus

2076 3908 2356 3978 sequentia
2387 3919 2536 3976 sunt,
2571 3926 2677 3967 non
2702 3912 3034 3983 eligendum,
3062 3930 3167 3970 non
3201 3916 3345 3985 enim
3370 3916 3475 3973 erit
3503 3917 3671 3989 syllo-

2075 4001 2276 4069 gismus
2306 4016 2372 4056 ex
2395 4002 2549 4072 ipsis,
2581 4006 2652 4060 ob
2683 4021 2839 4076 quam
2870 4020 3049 4065 autem
3080 4023 3320 4081 causam,
3345 4012 3399 4069 in
3431 4026 3669 4085 sequen-

2076 4095 2218 4151 tibus
2244 4096 2347 4152 erit
2377 4097 2739 4155 manifestum.
2960 4094 2971 4103 ’

2646 4212 2874 4272 CAPUT
2906 4215 3095 4272 XXIX.

2190 4346 2193 4357 .
2289 4302 2456 4357 Medii
2481 4305 3212 4387 syllogismorum’inucnieudi
3230 4313 3450 4385 regulae.

2140 4417 2474 4476 Construere
2504 4436 2635 4491 ergo
2663 4422 2971 4481 volentibus
3000 4425 3204 4496 aliquid
3233 4427 3299 4484 dc
3325 4429 3505 4500 aliquo
3530 4436 3664 4499 toto,

2071 4510 2190 4577 ejus
2216 4510 2436 4579 quidem
2465 4514 2606 4581 quod
2636 4516 2987 4586 construitur,
3013 4519 3407 4589 inspiciendum
3433 4522 3497 4575 ad
3539 4521 3665 4578 sub-

1995 4629 2052 4692 B
2068 4600 2211 4669 jocta
2245 4603 2315 4658 de
2357 4605 2551 4673 quibus
2598 4606 2774 4674 ipsum
2825 4608 3041 4675 dicitur,
3073 4612 3141 4666 de
3164 4626 3273 4683 quo
3298 4623 3477 4669 autem
3505 4628 3665 4685 opor-

2077 4702 2155 4752 tet
2185 4697 2466 4765 prtrdicari
2521 4710 2854 4771 quiscunque
2893 4701 2995 4758 hoc
3042 4706 3357 4775 sequuntur.
3401 4707 3458 4762 Si
3520 4708 3664 4764 enim

2077 4786 2294 4855 aliquod
2328 4786 2517 4843 horum
2552 4789 2621 4844 sit
2648 4791 2791 4847 idem
2814 4834 2830 4861 ,
2864 4796 3092 4851 alterum
3136 4797 3291 4855 alteri
3332 4814 3553 4856 necesse
3580 4809 3665 4855 est

2076 4879 2276 4937 inesse.
2302 4884 2359 4939 Si
2385 4892 2565 4939 autem
2599 4902 2703 4942 non
2746 4892 3002 4959 quoniam
3042 4895 3229 4962 omni,
3273 4898 3366 4953 sed
3408 4897 3660 4968 quoniam

2076 4974 2235 5030 alicui
2257 5016 2271 5041 ,
2305 4992 2425 5047 qua
2452 4983 2698 5049 sequitur
2726 4994 3014 5057 utrumque
3033 5030 3048 5055 ,
3080 4989 3122 5043 si
3151 4988 3292 5045 enim
3322 4987 3534 5060 aliquod
3570 4990 3664 5045 ho-

2078 5081 2196 5121 rum
2226 5067 2370 5124 idem
2402 5070 2562 5126 fuerit
2584 5114 2598 5136 ,
2630 5086 2857 5131 necesse
2885 5087 2967 5133 est
2997 5078 3157 5135 alicui
3199 5080 3396 5135 inesse.
3436 5080 3663 5146 Quando

2072 5167 2251 5213 autem
2286 5161 2415 5227 nulli
2446 5172 2690 5233 oporteat
2718 5165 2899 5223 inesse
2919 5210 2935 5237 ,
2956 5171 3045 5225 cui
3073 5169 3287 5241 quidem
3314 5181 3529 5241 oportet
3552 5188 3661 5227 non

2071 5247 2283 5318 inesse,
2315 5253 2383 5308 ad
2412 5256 2693 5325 sequentia
2734 5258 2997 5330 subjecti,
3034 5262 3177 5333 quod
3224 5273 3407 5319 autem
3446 5270 3662 5334 oportet

2070 5356 2179 5397 non
2213 5343 2389 5400 inesse
2410 5386 2425 5414 ,
2454 5346 2848 5418 inspiciendum
2878 5352 2945 5406 ad
2971 5366 3035 5409 ea
3061 5364 3179 5422 quae
3208 5364 3313 5410 non
3344 5358 3661 5427 contingunt

2068 5433 2145 5489 illi
2172 5434 2383 5491 adesse.
2419 5440 2524 5493 Aut
2552 5441 2854 5497 conversim
2897 5444 2984 5498 cui
3028 5444 3242 5514 quidem
3288 5456 3504 5517 oportet
3550 5462 3657 5503 non

2065 5527 2280 5598 inesse,
2323 5530 2390 5587 ad
2429 5546 2491 5589 ea
2531 5548 2654 5604 quae
2694 5550 2799 5591 non
2842 5536 3164 5607 contingunt
3204 5539 3377 5595 eidem
3423 5539 3655 5609 adesse,

2063 5621 2206 5697 quod
2238 5636 2366 5678 vero
2396 5638 2502 5680 non
2547 5626 2762 5692 inesse,
2808 5626 3197 5697 inspiciendam
3241 5633 3306 5686 ad
3352 5635 3652 5703 sequentia.

2065 5711 2197 5768 Nam
2225 5714 2271 5769 si
2312 5714 2426 5771 haec
2456 5718 2564 5772 sint
2588 5719 2775 5775 eadem
2814 5730 3188 5793 utrorumque,
3231 5725 3361 5781 nulli
3389 5710 3629 5801 contingi

2064 5804 2217 5860 alteri
2247 5805 2469 5863 alterum
2498 5809 2680 5864 inesse
2700 5854 2716 5880 ,
2747 5810 2807 5864 iit
2830 5812 2975 5867 enim
3005 5816 3323 5887 quandoque
3351 5819 3566 5889 quidem
3600 5821 3655 5881 in

2064 5894 2237 5969 prima
2265 5895 2435 5975 ﬁgura
2463 5900 2846 5982 syllogismus,
2874 5906 3195 5991 quandoque
3221 5917 3407 5972 autem
3438 5912 3496 5974 ia
3535 5928 3653 5976 meo
