4060 6330
469 313 566 369 6H

1693 327 1798 382 ΔΝ.
1842 325 2050 383 MANL.
2092 323 2245 384 SEV.
2286 330 2505 388 ΒΟΕΤΙΙ

3639 343 3745 399 672

465 429 577 486 dia.
608 430 666 489 Si
696 442 874 491 autem
904 436 1061 493 alicui
1094 452 1201 495 non
1232 439 1442 509 inesse,
1476 441 1562 497 cui
1592 441 1809 512 quidem
1842 449 2053 512 oportet
2079 441 2129 500 Α
2160 443 2391 513 gendum
2437 460 2775 517 quaecunque
2824 448 3075 504 omnibus
3119 458 3435 521 sequuntur,
3484 467 3553 509 eo
3599 457 3742 526 quod

466 538 577 580 non
606 526 811 595 inesse,
836 545 953 599 quae
979 533 1359 602 consequitur:
1382 534 1525 605 quod
1557 551 1684 592 vero
1712 554 1816 593 non
1846 539 2044 611 inesse,

464 633 584 689 quae
608 637 712 676 non
742 625 995 691 possibile
1022 636 1106 681 est
1130 627 1207 682 illi
1238 629 1434 685 inesse.
1467 632 1525 689 Si
1552 632 1695 689 enim
1723 634 1923 705 aliquid
1951 636 2051 692 hoa

464 728 581 768 rum
609 714 675 768 sit
706 716 883 783 idem,
918 730 1146 777 necesse
1173 732 1259 778 est
1288 723 1448 779 alicui
1492 742 1597 781 non
1642 729 1835 784 inesse.
1880 728 2046 800 Magis

461 818 641 863 autem
674 809 905 868 fortasse
942 814 1046 869 erit
1082 817 1191 887 sic,
1235 821 1654 893 unumquodque
1693 837 1880 879 eorum
1922 839 2045 892 qua:

461 901 606 959 dicta
635 914 759 960 sunt
787 908 1149 966 manifestum.
1200 914 1318 969 Sint
1345 914 1487 971 enim
1519 919 1791 987 sequentia
1824 918 2042 988 quidem

457 1010 526 1059 α,
556 994 607 1050 in
638 996 830 1066 quibus
857 999 918 1069 ὸ,
950 1016 1067 1072 quae
1101 1012 1280 1060 autem
1321 1007 1494 1075 ipsum
1533 1010 1793 1079 sequitur,
1838 1011 1889 1064 in
1924 1010 2046 1081 qui-

458 1085 560 1142 bus
587 1104 647 1154 c,
679 1105 797 1160 qua:
828 1102 1006 1149 autem
1036 1111 1143 1152 non
1174 1100 1492 1170 contingunt
1519 1102 1568 1157 ei
1601 1104 1804 1168 inesse,
1842 1104 1894 1159 in
1925 1104 2045 1173 qui-

456 1180 555 1237 bus
585 1184 653 1250 d,
683 1202 897 1245 rursum
926 1200 1107 1248 autem
1138 1196 1238 1265 ipsi
1270 1214 1299 1253 ε
1328 1214 1448 1267 qua:
1477 1201 1691 1270 quidem
1739 1202 1951 1269 insunt,
1987 1205 2041 1261 in

455 1273 648 1345 quibus
686 1281 728 1349 f,
771 1296 889 1350 qua:
930 1294 1111 1342 autem
1150 1288 1325 1359 ipsum
1368 1293 1633 1363 sequitur,
1677 1295 1951 1365 inquibus
1977 1316 2039 1369 g,

454 1382 577 1459 qua:
605 1381 783 1429 autem
813 1391 920 1432 non
950 1380 1269 1451 contingunt
1295 1384 1472 1440 eidem
1504 1387 1713 1455 inesse,
1757 1390 1811 1443 in
1844 1389 2039 1459 quibus

453 1458 510 1515 lt.
540 1461 597 1516 Si
625 1479 755 1533 ergo
784 1468 960 1524 eidem
988 1473 1191 1543 aliquid
1221 1490 1407 1531 eorum
1448 1494 1569 1549 quae
1609 1489 1735 1535 sunt
1773 1498 1830 1546 ε,
1866 1458 2036 1538 alicui

452 1568 639 1610 eorum
666 1574 787 1627 qua-
811 1574 940 1618 sunt
963 1567 1015 1636 f,
1042 1582 1264 1626 necesse
1289 1580 1374 1627 est
1400 1589 1431 1625 a
1457 1576 1603 1629 omni
1630 1592 1657 1629 ε
1683 1575 1879 1643 inesse,
1912 1592 2035 1633 nam

452 1645 716 1714 [quidem
747 1654 892 1707 omni
921 1670 978 1720 e,
1026 1672 1053 1709 c
1094 1667 1273 1715 autem
1314 1663 1458 1718 omni
1499 1681 1561 1726 α.
1608 1680 1775 1734 quare
1818 1668 1966 1723 omni
2012 1685 2039 1724 ο

449 1734 609 1794 inest.
658 1740 715 1796 Si
758 1754 937 1801 autem
976 1765 1004 1801 c
1033 1758 1090 1805 ct
1118 1770 1148 1821 g
1195 1752 1372 1822 idem,
1423 1772 1643 1814 necesse
1681 1768 1764 1813 est
1808 1760 1967 1816 alicui
2011 1778 2040 1818 ε

2157 535 2337 590 nullus
2364 536 2456 591 ﬁat
2482 538 2831 609 syllogismus
2861 555 2926 596 ex
2957 541 3107 611 ipsis,
3137 558 3259 597 nam
3285 552 3603 602 construere
3624 550 3742 617 qui-

2153 626 2275 683 dem
2305 644 2414 685 non
2443 632 2665 687 omnino
2690 642 2807 687 erat
2831 649 2897 689 ex
2927 636 3294 703 sequentibus,
3322 638 3535 707 privare
3560 649 3737 697 autem

2153 738 2260 777 non
2292 724 2553 796 contingit
2587 741 2680 794 per
2711 742 2775 781 ea
2802 743 2925 797 qum
2954 729 3206 786 omnibus
3235 741 3553 800 sequuntur,
3580 749 3740 803 opor-

2155 824 2229 870 tet
2260 814 2385 870 huic
2410 818 2628 887 quidem
2659 819 2845 876 inesse
2865 864 2883 889 ,
2917 821 2993 877 illi
3025 838 3156 879 vero
3185 841 3289 880 non
3322 827 3522 883 inesse.
3567 829 3737 883 Mani-

2150 905 2345 962 festum
2380 919 2559 966 autem
2591 913 2845 981 quoniam
2872 923 2927 970 et
2957 915 3078 971 alia:
3114 918 3587 977 cunsiderationes
3616 938 3737 992 quae

2151 1000 2449 1056 secundum
2483 1004 2813 1075 electiones,
2861 1006 3081 1062 inutiles
3123 1009 3187 1064 ad
3228 1010 3524 1067 faciendum
3566 1015 3735 1083 syllo-

2151 1094 2406 1166 gismum.
2439 1096 2507 1152 Ut
2532 1082 2593 1152 si-
2608 1100 2890 1169 sequentia
2915 1110 3201 1172 utrumque
3226 1103 3413 1159 eadem
3454 1105 3598 1173 sint,
3644 1115 3737 1162 aut

2146 1204 2266 1257 quae
2294 1190 2537 1261 sequitur
2561 1209 2629 1259 α,
2662 1202 2715 1249 et
2747 1208 2868 1262 quae
2899 1209 3004 1249 non
3044 1196 3311 1268 contingit
3337 1214 3365 1252 ε
3395 1199 3609 1265 inesse,
3641 1210 3737 1256 aut

2146 1295 2360 1335 rursum
2392 1297 2733 1355 quaecunque
2764 1300 2870 1339 non
2899 1287 3154 1355 possibile
3179 1299 3261 1343 est
3289 1290 3502 1361 utrique
3530 1291 3730 1353 inesse.

2146 1386 2251 1426 non
2282 1372 2425 1428 enim
2454 1376 2513 1429 lit
2540 1375 2889 1446 syllogismus
2923 1392 3019 1446 per
3048 1377 3182 1434 haec.
3217 1380 3347 1433 Nam
3374 1382 3421 1436 si
3452 1385 3731 1450 sequentia

2143 1473 2269 1519 sunt
2301 1466 2487 1521 eadem
2512 1507 2527 1531 ,
2559 1476 2618 1522 ut
2641 1468 2669 1522 b
2693 1477 2748 1523 et
2780 1472 2836 1539 f,
2865 1468 3043 1525 media
3074 1472 3133 1525 lit
3160 1472 3329 1541 ﬁgura
3359 1473 3733 1542 pra-dicativas

2148 1557 2355 1613 habens
2381 1568 2639 1631 utrasque
2670 1562 3097 1637 propositiones.
3117 1565 3172 1619 Si
3202 1575 3379 1622 autem
3406 1581 3467 1622 ea
3496 1585 3616 1639 qua:
3643 1584 3727 1625 se-

2145 1652 2327 1722 quitur
2355 1670 2388 1706 a
2410 1694 2424 1719 ,
2456 1663 2511 1710 et
2540 1671 2659 1726 quae
2688 1672 2795 1711 non
2824 1659 3085 1728 contingit
3110 1676 3165 1727 ε,
3197 1670 3256 1715 ut
3282 1678 3309 1714 c
3328 1704 3344 1731 ,
3374 1671 3432 1716 et
3454 1662 3489 1714 Is
3510 1702 3523 1726 ,
3555 1666 3730 1732 prima

2142 1747 2246 1801 erit
2274 1748 2441 1819 ﬁgura
2474 1749 2794 1819 privativam
2822 1751 3027 1808 habens
3058 1753 3481 1823 propositionem
3514 1757 3582 1811 ad
3628 1759 3731 1811 mis

448 1828 629 1887 inesse
655 1851 717 1901 a,
750 1850 870 1892 nam
898 1840 950 1894 id
980 1844 1124 1911 quod
1151 1854 1234 1901 est
1259 1864 1285 1900 ε
1310 1864 1372 1914 α,
1405 1849 1457 1905 id
1485 1866 1615 1905 νει-ο
1640 1854 1781 1921 quod
1811 1863 1893 1910 es;
1920 1875 1954 1928 g
1984 1873 2028 1924 ε,
2065 1829 2116 1891 Β
2142 1859 2333 1901 norem
2362 1845 2778 1901 extremitatem.
2806 1845 2863 1902 Si
2893 1857 3071 1903 autem
3100 1863 3435 1920 quaecunque
3460 1863 3566 1904 non
3596 1863 3733 1905 con-

449 1939 608 1982 omue
635 1929 684 1982 ei
714 1930 974 2000 sequitur.
1008 1932 1066 1989 Si
1094 1945 1272 1992 autem
1306 1940 1334 2007 f
1353 1949 1407 1995 et
1438 1942 1473 1995 ά
1504 1942 1611 1997 sint
1642 1944 1815 2013 idem,
1848 1948 1979 2002 nulli
2008 1964 2037 2002 ε

448 2016 610 2073 luerit
656 2036 720 2075 ex
775 2026 991 2094 proprio
1035 2029 1381 2100 syllogismo,
1425 2039 1674 2105 quoniam
1714 2039 1855 2093 enim
1904 2057 2036 2096 con-

448 2110 676 2167 vertitur
702 2116 1001 2185 privativa,
1044 2130 1101 2175 et
1134 2123 1162 2191 f
1194 2123 1245 2178 ei
1281 2126 1424 2194 quod
1454 2137 1537 2182 est
1572 2130 1606 2181 d
1641 2129 1813 2199 idem,
1848 2133 1981 2189 nulli
2010 2135 2041 2203 f

448 2201 611 2260 inerit
645 2223 709 2275 a,
754 2212 784 2278 f
805 2218 983 2266 autem
1024 2214 1171 2269 omni
1207 2232 1254 2271 e.
1299 2216 1506 2275 Rursus
1544 2221 1590 2275 si
1626 2222 1654 2275 ὁ
1693 2234 1747 2279 et
1782 2225 1815 2277 h
1854 2201 2028 2293 idem,

447 2297 578 2352 nulli
608 2317 636 2353 ε
668 2301 829 2357 inerit
852 2322 916 2370 a,
951 2320 1072 2360 nam
1102 2307 1133 2360 b
1160 2324 1193 2361 a
1221 2309 1434 2379 quidem
1463 2313 1639 2383 omni,
1680 2316 1729 2371 ei
1769 2327 1947 2373 autem
1976 2320 2030 2375 in

446 2403 553 2458 quo
582 2406 611 2444 ε
641 2392 772 2447 nulli
803 2394 981 2450 inerit.
1013 2395 1157 2454 idem
1188 2400 1333 2456 enim
1363 2413 1480 2459 erat
1505 2406 1555 2461 ei
1586 2409 1728 2476 quod
1756 2421 1837 2466 est
1869 2411 1930 2477 Ii,
1964 2413 2030 2478 b;

447 2480 479 2533 ἠ
511 2489 692 2538 autem
723 2486 850 2541 nulli
882 2505 909 2543 ε
937 2490 1129 2549 inerat.
1164 2493 1221 2549 Si
1248 2503 1424 2551 autem
1454 2515 1487 2569 9
1515 2508 1570 2554 et
1599 2502 1632 2553 ά
1661 2501 1831 2570 idem,
1864 2521 1895 2556 a
1924 2505 2027 2559 ali-

449 2574 536 2628 cui
568 2592 595 2628 e
622 2592 729 2632 non
764 2579 953 2649 inerit,
989 2598 1112 2639 nam
1142 2587 1190 2641 ei
1221 2587 1364 2658 quod
1405 2599 1488 2646 est
1531 2609 1563 2663 g
1605 2610 1709 2649 non
1752 2597 1915 2651 inerit
1958 2615 1988 2651 a
2010 2639 2025 2665 ,

446 2672 695 2740 quoniam
730 2688 901 2744 neque
929 2678 964 2730 ά
984 2717 999 2742 ,
1031 2694 1064 2749 9
1085 2688 1264 2738 autem
1292 2683 1392 2739 sub
1419 2703 1447 2740 e
1473 2696 1589 2755 est,
1626 2703 1790 2758 quare
1818 2691 1975 2747 alicui
2002 2709 2030 2748 e

392 2823 397 2827 ,
445 2777 550 2818 non
578 2766 760 2822 inerit.
792 2769 850 2824 Si
876 2779 1052 2828 autem
1079 2792 1111 2846 9
1136 2783 1192 2831 et
1218 2777 1246 2830 b
1271 2777 1411 2835 idem
1432 2821 1447 2846 ,
1473 2795 1765 2839 conversus
1792 2786 1897 2842 erit
1921 2787 2029 2858 syl-

445 2852 736 2925 logismus,
770 2874 891 2915 nam
920 2881 951 2934 g
978 2864 1139 2921 inerit
1165 2868 1311 2924 omni
1339 2886 1405 2936 a,
1439 2887 1561 2928 nam
1602 2874 1633 2927 ὁ
1678 2876 1728 2931 ei
1771 2878 1912 2949 quod
1945 2852 2029 2935 est

444 2962 506 3010 ιι,
540 2963 567 2999 e
597 2957 774 3004 autem
806 2951 856 3007 ei
886 2956 1029 3024 quod
1057 2966 1143 3013 est
1182 2959 1245 3028 ὁ,
1290 2960 1432 3018 idem
1477 2966 1622 3020 enim
1665 2977 1780 3023 erat
1808 2970 1855 3024 ei
1885 2971 2027 3040 quod

444 3048 527 3094 est
554 3058 618 3111 g,
650 3059 682 3096 α
707 3052 886 3101 autem
917 3048 966 3102 ei
995 3052 1137 3119 quod
1169 3061 1250 3107 est
1281 3070 1341 3123 e,
1372 3057 1517 3112 omni
1548 3058 1768 3128 quidem
1798 3077 1904 3117 non
1934 3078 2024 3119 ne-

341 3203 358 3221 .
444 3140 737 3195 cessarium
768 3150 854 3199 est
883 3143 1061 3203 inesse
1081 3188 1097 3215 ,
1131 3148 1287 3205 alicui
1316 3161 1494 3209 autem
1531 3159 1892 3213 necessarium
1913 3201 1928 3227 ,
1960 3175 2026 3216 eo

443 3236 583 3305 quod
614 3248 963 3297 convertatur
991 3244 1296 3302 universale
1326 3250 1729 3317 prazdicativum
1769 3257 1822 3308 in
1855 3255 2022 3324 parti-

443 3328 643 3384 culare.
670 3330 1006 3390 Manifestum
1030 3352 1159 3408 ergo
1184 3340 1434 3409 quoniam
1456 3341 1522 3397 ad
1546 3345 1798 3413 prmdicta
1821 3347 2029 3417 perspi-

443 3424 691 3480 ciendum
723 3429 975 3499 utrinque
1003 3430 1057 3486 in
1083 3447 1402 3505 unaquaque
1432 3438 1725 3506 quaaSIione
1744 3480 1759 3504 ,
1793 3456 1885 3509 per
1912 3440 2027 3498 haec

443 3519 585 3575 enim
631 3535 818 3579 omnes
859 3525 1175 3597 syllogismi.
1220 3529 1444 3598 Oportet
1483 3541 1661 3587 autem
1705 3541 1759 3588 et
1797 3548 2027 3605 sequen-

443 3611 609 3679 tium,
640 3622 695 3669 et
721 3615 914 3685 quibus
940 3620 1183 3689 sequitur
1206 3622 1474 3693 singulum
1496 3665 1509 3688 ,
1541 3626 1606 3679 ad
1638 3627 1804 3694 prin.
1830 3638 1884 3701 et
1910 3629 2029 3681 uni-

442 3707 673 3762 versalia
704 3711 937 3766 maxime
970 3713 1242 3784 inspicere
1264 3758 1277 3782 ,
1312 3725 1370 3772 ut
1398 3734 1426 3770 e
1454 3717 1670 3787 quidem
1706 3722 1871 3791 magis
1900 3722 1967 3777 ad
1995 3721 2027 3775 k

443 3798 647 3867 [quam
678 3800 743 3867 ad
778 3801 999 3870 {solum
1022 3846 1038 3871 ,
1070 3822 1101 3858 a
1132 3815 1310 3862 autem
1352 3809 1419 3863 ad
1447 3809 1477 3863 lc
1505 3825 1532 3862 ε
1572 3812 1740 3879 magis
1769 3828 1927 3882 quam
1959 3814 2027 3869 ad

443 3902 469 3939 c
499 3887 692 3944 solum.
724 3888 779 3945 Si
812 3891 955 3945 enim
987 3895 1035 3948 ei
1068 3896 1209 3964 quod
1236 3906 1318 3952 est
1343 3898 1374 3951 k
1402 3902 1429 3970 f
1455 3900 1592 3958 inest
1620 3920 1684 3968 α,
1716 3905 1844 3961 etei
1882 3906 2025 3976 quod

442 3987 523 4033 est
548 3979 574 4048 f
596 3979 734 4036 inest
764 3992 818 4038 et
844 3981 944 4053 ipsi
968 4001 996 4039 ε
1015 4026 1032 4052 ,
1059 3986 1105 4042 si
1134 4002 1261 4055 vero
1289 3988 1391 4045 hoc
1416 4005 1524 4046 non
1550 3997 1789 4063 sequitur
1815 4016 1879 4066 a,
1908 4016 2029 4071 pos-

439 4072 599 4128 sibile
628 4084 711 4131 est
750 4077 801 4133 id
834 4079 975 4149 quod
1005 4090 1089 4138 est
1115 4084 1145 4153 f
1164 4084 1337 4153 sequi.
1382 4085 1639 4144 Similiter
1669 4103 1844 4148 autem
1876 4105 1931 4151 et
1954 4084 2024 4153 in

346 4168 351 4173 ’
438 4165 629 4235 quibus
659 4166 798 4227 idem
827 4174 1088 4243 sequitur,
1120 4176 1573 4236 considerandum
1595 4222 1609 4249 ,
1656 4201 1777 4241 nam
1820 4188 1867 4243 si
1907 4190 2022 4261 pri-

438 4259 570 4323 mis,
599 4268 653 4315 et
681 4261 746 4317 iis
773 4278 896 4333 quas
924 4267 1026 4322 sub
1056 4268 1385 4349 ipsis‘sunt,
1432 4276 1711 4345 sequitur;
1756 4282 1801 4337 si
1841 4259 2019 4341 autem

438 4365 543 4431 non
573 4352 685 4422 bis,
719 4363 773 4411 et
799 4356 865 4413 iis
891 4372 1011 4427 quae
1041 4360 1142 4417 sub
1173 4363 1307 4434 ipsis
1336 4377 1494 4433 sunt,
1528 4372 1797 4439 possibile.
1836 4375 2018 4434 Palam

436 4456 615 4504 autem
648 4450 900 4519 quoniam
932 4468 1028 4522 per
1058 4462 1171 4510 tres
1202 4458 1464 4513 terminos
1506 4470 1561 4516 et
1600 4464 1733 4519 duas
1774 4472 2021 4539 proposi-

439 4540 610 4596 tiones
636 4542 1025 4614 consideratio,
1059 4559 1114 4605 et
1150 4564 1247 4618 per
1290 4552 1575 4621 praedictas
1615 4556 1813 4629 ﬁguras
1853 4564 2019 4634 syllo-

435 4632 588 4702 gismi
615 4649 822 4703 omnes,
851 4649 1183 4696 monstratur
1208 4643 1349 4698 enim
1378 4647 1523 4701 omni
1553 4648 1766 4719 quidem
1786 4670 1814 4708 e
1840 4632 2019 4714 inesse

433 4741 465 4777 a
486 4766 500 4790 ,
532 4726 747 4795 quando
774 4743 958 4784 eorum
991 4747 1110 4803 qua:
1137 4745 1263 4789 sunt
1292 4751 1319 4788 c
1349 4738 1379 4807 f
1403 4737 1578 4807 idem,
1623 4743 1878 4813 quiddam
1927 4762 2019 4804 su-

432 4817 612 4887 mitur,
645 4820 745 4875 boc
774 4831 949 4876 autem
982 4824 1084 4879 erit
1114 4825 1381 4897 medium,
1425 4834 1798 4893 extremitates
1835 4849 2016 4899 autem

432 4928 462 4964 α
493 4924 547 4967 et
574 4929 631 4981 ε,
664 4913 721 4967 ﬁt
745 4915 888 4969 enim
917 4917 1085 4986 prima
1117 4919 1305 4990 ﬁgura.
1355 4922 1527 4980 Alicui
1570 4936 1751 4983 autem
1799 4933 2017 5001 quando

431 5020 457 5061 α
484 5014 537 5058 et
566 5023 597 5077 9
623 5006 855 5062 sumitur
895 5007 1073 5079 idem,
1119 5010 1221 5066 hoc
1267 5022 1445 5071 autem
1492 5030 1766 5088 postrema
1808 5022 1973 5093 ﬁgura
1997 5069 2011 5095 ,

430 5098 665 5155 medium
694 5102 838 5157 enim
870 5102 932 5158 lit
959 5123 1013 5175 9.
1048 5105 1186 5163 Nulli
1219 5123 1345 5165 vero
1388 5113 1603 5183 quando
1634 5117 1667 5169 ά
1695 5126 1751 5172 et
1778 5119 1806 5188 Ῑ
1830 5118 2013 5187 idem;

429 5191 505 5247 sic
530 5202 707 5250 autem
736 5204 790 5251 et
814 5198 990 5267 prima
1018 5198 1184 5270 ﬁgura
1203 5243 1218 5270 ,
1244 5212 1299 5258 et
1325 5207 1532 5262 media:
1564 5210 1734 5279 prima
1765 5212 2013 5284 quidem,

432 5288 680 5355 quoniam
712 5290 843 5345 nulli
881 5292 910 5363 f
933 5292 1071 5349 inest
1108 5310 1173 5364 a,
1220 5296 1486 5367 siquidem
1533 5304 1865 5361 convertitur
1908 5307 2016 5376 pri-

429 5384 635 5449 vativa,
668 5387 697 5456 f
719 5397 896 5441 autem
926 5388 1072 5443 omui
1103 5406 1148 5444 e.
1194 5391 1364 5449 Media
1411 5405 1590 5451 autem
1635 5399 1887 5467 quoniam
1918 5401 1954 5454 d
1979 5417 2013 5456 a

427 5475 641 5544 quidem
672 5476 841 5544 nulli,
866 5495 895 5533 e
920 5492 1098 5537 autem
1129 5485 1273 5540 omni
1307 5486 1464 5543 inest.
1496 5488 1670 5544 Alicui
1697 5500 1875 5548 autem
1901 5509 2009 5552 non

428 5566 603 5620 inesse
623 5609 638 5633 ,
671 5568 887 5637 quando
915 5571 949 5624 ά
978 5581 1032 5627 et
1059 5590 1091 5643 9
1119 5574 1261 5630 idem
1294 5576 1455 5632 fuerit
1476 5620 1491 5644 ,
1524 5577 1639 5635 haec
1665 5592 1843 5638 autem
1878 5599 2006 5654 pos-

429 5667 601 5715 trema
630 5660 795 5731 ﬁgura
817 5704 834 5729 ,
867 5680 990 5720 nam
1019 5683 1052 5720 a
1082 5668 1297 5741 quidem
1326 5672 1458 5726 nul-li
1489 5690 1521 5744 9
1566 5673 1761 5740 inerit,
1809 5694 1837 5732 e
1883 5695 2011 5736 vero

425 5759 570 5813 omni
600 5776 667 5829 y;
703 5762 1040 5820 manifestum
1070 5767 1230 5839 igitur
1253 5780 1337 5827 est
1374 5774 1625 5843 quoniam
1672 5791 1766 5846 per
1814 5780 2011 5850 praedi-

425 5873 541 5925 ctas
568 5864 773 5936 ﬁguras
799 5880 988 5927 omnes
1014 5871 1333 5945 syllogismi.
1364 5876 1432 5936 Et
1458 5880 1710 5951 quoniam
1754 5899 1862 5945 non
1906 5887 2009 5949 eli-

2045 4590 2100 4653 D

2146 1937 2356 2007 tingunt
2386 1937 2633 2007 utrique,
2667 1949 2723 1993 ut
2754 1941 2787 1992 ά
2817 1948 2873 1995 et
2897 1940 2929 1992 li
2951 1979 2966 2006 ,
3000 1940 3275 2009 privativa:
3315 1950 3559 2012 utraeque
3604 1958 3730 2012 pro.

2140 2032 2433 2101 positiones
2467 2044 2631 2088 erunt
2661 2035 2743 2088 vel
2775 2033 2830 2088 in
2861 2035 3029 2104 prima
3063 2034 3228 2104 ﬁgura
3249 2076 3265 2101 ,
3291 2033 3376 2089 vel
3411 2036 3465 2089 in
3509 2035 3723 2102 media,

2136 2125 2214 2181 sic
2243 2134 2422 2183 autem
2450 2127 2597 2181 nullo
2624 2126 2784 2181 modo
2805 2127 2910 2181 erit
2939 2126 3300 2198 syllogismus.
3331 2126 3514 2181 Palam
3544 2136 3725 2183 autem

2135 2230 2190 2275 et
2221 2234 2341 2289 quae
2368 2218 2558 2274 eadem
2582 2258 2597 2284 ,
2627 2219 2946 2275 sumendum
2989 2220 3285 2275 secundum
3324 2220 3726 2276 consideratio-

2135 2325 2294 2375 nem,
2328 2320 2383 2365 et
2439 2324 2547 2365 non
2579 2326 2699 2381 qua:
2741 2309 2956 2367 diversa
3015 2311 3099 2367 vel
3142 2313 3448 2381 contraria,
3490 2313 3723 2383 primum

2133 2401 2350 2470 quidem
2384 2400 2641 2472 quoniam
2687 2402 2856 2457 medii
2900 2404 3106 2472 gratia,
3147 2403 3439 2474 inspectio,
3481 2405 3721 2461 medium

2133 2505 2312 2550 autem
2366 2510 2473 2550 non
2523 2495 2835 2563 diversum,
2884 2496 2979 2552 sed
3031 2496 3171 2553 idem
3214 2507 3431 2569 oportet
3470 2513 3711 2556 sumere.

2137 2588 2341 2645 Deinde
2373 2590 2512 2645 etin
2544 2590 2740 2660 quibus
2771 2591 2968 2647 accidit
3011 2594 3127 2648 ﬁeri
3168 2595 3534 2665 syllogismum
3574 2596 3719 2666 quod

2133 2690 2414 2738 sumantur
2441 2684 2711 2739 contraria
2733 2726 2750 2754 ,
2779 2695 2871 2741 aut
2900 2701 3005 2741 non
3033 2688 3399 2759 contingentia
3430 2689 3605 2745 eidem
3643 2692 3718 2744 iu-

2134 2790 2290 2845 esse,
2326 2778 2376 2831 in
2412 2777 2699 2846 pradictos
2727 2780 2907 2835 omnia
2948 2780 3278 2837 reducuntur
3317 2782 3528 2838 modos.
3577 2781 3646 2839 Ut
3671 2783 3716 2837 si

2134 2867 2161 2920 b
2192 2878 2246 2923 et
2274 2869 2302 2939 ι’
2323 2869 2429 2924 siut
2456 2872 2726 2926 contraria
2748 2912 2763 2938 ,
2789 2881 2884 2927 aut
2909 2888 3017 2927 non
3064 2875 3376 2944 contingant
3415 2874 3591 2931 eidem
3636 2876 3717 2931 in-

2133 2974 2284 3027 esse,
2318 2962 2423 3016 erit
2451 2962 2593 3018 enim
2627 2964 2710 3018 Itis
2760 2965 2993 3035 sumptis
3039 2966 3417 3037 syllogismus,
3462 2968 3716 3038 quoniam

2132 3052 2262 3107 nulli
2291 3071 2318 3108 e
2346 3054 2484 3110 inest
2513 3072 2543 3108 a
2566 3098 2582 3124 ,
2610 3055 2705 3113 sed
2738 3072 2842 3112 non
2888 3072 2952 3113 ex
2996 3056 3161 3128 ipsis,
3206 3059 3301 3115 sed
3348 3075 3415 3115 ex
3459 3061 3719 3129 praedicto

2131 3143 2293 3199 modo
2314 3186 2328 3209 ,
2363 3160 2485 3200 nam
2516 3146 2544 3199 b
2574 3165 2604 3201 a
2636 3148 2854 3218 quidem
2886 3150 3031 3225 omni
3054 3191 3069 3216 ,
3101 3166 3129 3205 e
3153 3159 3335 3206 autem
3361 3151 3492 3207 nulli
3519 3152 3713 3220 inerit,

2130 3253 2299 3308 quare
2333 3254 2557 3296 necesse
2603 3250 2686 3296 est
2731 3242 2759 3295 b
2802 3242 2943 3298 idem
2991 3258 3112 3299 esse
3155 3244 3313 3300 alicui
3361 3259 3551 3301 eorum
3594 3262 3716 3317 qua:

2128 3342 2256 3385 sunt
2282 3330 2339 3385 Ιι.
2374 3330 2607 3387 Rursum
2639 3332 2686 3387 si
2714 3334 2743 3386 b
2771 3344 2825 3389 et
2853 3352 2885 3405 9
2916 3350 3021 3390 non
3055 3337 3268 3405 possint
3294 3336 3471 3392 eidem
3500 3337 3713 3405 adesse,

2131 3408 2235 3501 erit
2290 3425 2543 3494 quoniam
2602 3426 2767 3481 alicui
2808 3444 2835 3482 ε
2876 3443 2984 3483 non
3034 3430 3194 3485 inerit
3241 3445 3315 3498 α,
3362 3434 3495 3486 nam“
3534 3440 3589 3487 et
3638 3432 3716 3487 sic

2132 3516 2308 3571 media
2336 3517 2440 3572 erit
2469 3517 2672 3589 ﬁgura,
2721 3534 2845 3575 nam
2888 3520 2918 3573 b
2956 3538 2989 3575 a
3032 3520 3244 3591 quidem
3288 3524 3472 3590 omni,
3514 3544 3547 3597 9
3584 3530 3717 3581 vero

2130 3608 2261 3663 nulli
2295 3608 2492 3678 inerit,
2527 3627 2695 3681 quare
2742 3627 2967 3669 necesse
3007 3623 3090 3670 est
3131 3635 3164 3687 9
3210 3616 3349 3672 idem
3389 3632 3514 3674 esse
3554 3618 3715 3674 alicui

2129 3715 2317 3756 eorum
2344 3719 2462 3774 qua:
2485 3714 2611 3760 sunt
2634 3706 2690 3773 ά,
2721 3721 2843 3761 nam
2869 3722 2973 3762 non
3004 3709 3314 3780 contingere
3342 3729 3375 3784 9
3400 3721 3454 3767 et
3484 3714 3514 3767 b
3537 3713 3714 3769 eidem

2131 3792 2309 3852 inesse
2342 3795 2475 3852 nihil
2505 3797 2719 3863 dill'ert,
2748 3808 2841 3855 aut
2870 3817 2902 3870 g
2930 3799 3090 3855 alicui
3118 3802 3152 3854 d
3180 3801 3321 3858 idem
3348 3818 3504 3873 esse,
3532 3806 3711 3861 omnia

2135 3887 2282 3943 enim
2314 3899 2524 3960 sumpta
2557 3903 2682 3947 sunt
2713 3892 2764 3948 in
2794 3892 2829 3945 ά
2851 3934 2867 3962 ,
2900 3909 3018 3965 qua:
3058 3910 3165 3951 non
3202 3897 3523 3968 contingunt
3562 3917 3593 3953 a
3633 3901 3713 3954 in-

2128 3993 2269 4035 esse.
2307 3981 2641 4037 Manifestum
2672 4000 2803 4056 ergo
2827 3987 3081 4056 quoniam
3115 4003 3181 4043 ex
3214 3989 3332 4044 istis
3370 3990 3588 4060 quidem
3632 3992 3713 4046 in-

2126 4074 2491 4144 spectionibus
2515 4076 2693 4132 nullus
2722 4078 2782 4133 ﬁt
2809 4079 3184 4151 syllogismus,
3213 4093 3267 4138 et
3306 4084 3350 4138 si
3381 4084 3409 4137 ὑ
3440 4094 3498 4140 et
3540 4086 3568 4155 f
3603 4087 3715 4142 sint

2127 4168 2395 4224 contraria
2414 4210 2429 4235 ,
2458 4170 2601 4226 idem
2622 4187 2744 4229 esse
2770 4175 2798 4229 ὁ
2823 4175 2976 4231 alicui
3002 4176 3036 4229 Ιι
3054 4219 3069 4244 ,
3099 4186 3154 4233 et
3176 4178 3544 4249 syllogismum
3573 4196 3716 4237 sem-

2131 4274 2226 4327 per
2274 4259 2389 4315 ﬁeri
2442 4277 2537 4332 per
2583 4263 2721 4319 haec.
2768 4265 2974 4322 Accidit
3015 4283 3143 4339 ergo
3189 4268 3267 4326 sic
3306 4271 3716 4341 iuspicientibus

2125 4354 2474 4412 considerare
2502 4357 2644 4412 viam
2671 4358 2828 4413 aliam
2855 4364 3215 4418 necessariam
3235 4409 3250 4435 ,
3283 4379 3350 4420 eo
3374 4367 3519 4436 quod
3544 4383 3716 4438 quan-

2124 4444 2300 4517 doque
2331 4448 2463 4504 latet
2490 4450 2745 4506 identitas
2777 4451 2967 4509 horum
2996 4470 3116 4524 qua:
3144 4465 3271 4513 sunt
3298 4458 3327 4511 li
3355 4467 3411 4515 et
3440 4460 3493 4513 Ia.

2689 4582 2917 4641 CAPUT
2964 4586 3134 4644 XXX.

2125 4669 2205 4726 De
2241 4674 2550 4747 syllogismis
2602 4679 2887 4757 assertpriis
2911 4680 3004 4757 _ad
3041 4683 3387 4757 impossibile,
3417 4696 3464 4742 et
3501 4687 3711 4757 reliquis

2683 4751 2769 4818 qui
2804 4765 2867 4805 ea:
2902 4750 3193 4823 hypothesi.

2195 4859 2398 4917 Eodem
2427 4872 2606 4919 autem
2634 4866 2795 4921 modo
2821 4881 2881 4923 se
2912 4868 3111 4925 habent
3138 4880 3194 4927 et
3220 4873 3311 4944 qui
3350 4873 3417 4929 ad
3457 4875 3709 4947 impossi-

2121 4951 2227 5009 bile
2271 4954 2548 5013 deducunt
2589 4960 2919 5031 syllogismi,
2966 4964 3292 5033 ostensivis,
3339 4982 3463 5023 nam
3506 4978 3561 5023 et
3602 4970 3707 5035 ipsi

2125 5046 2261 5102 ﬁunt
2315 5063 2411 5118 per
2457 5064 2520 5105 ea
2573 5067 2692 5121 quae
2748 5063 3068 5124 sequuntur,
3117 5066 3172 5113 et
3217 5058 3411 5129 quibus
3463 5063 3707 5132 sequitur

2106 5148 2430 5212 «utrumque.
2466 5141 2531 5197 Et
2559 5144 2746 5200 eadem
2777 5145 3136 5206 consideratio
3174 5147 3229 5204 in
3267 5151 3536 5222 utrisque,
3579 5168 3702 5209 nam

2121 5234 2265 5304 quod
2312 5244 2638 5292 monstratur
2678 5239 2985 5308 ostensive,
3017 5252 3072 5296 et
3112 5255 3207 5311 per
3247 5242 3580 5313 impossibile
3617 5256 3703 5300 est

2120 5327 2476 5399 syl10gizare,
2509 5338 2562 5386 et
2594 5345 2686 5399 per
2729 5330 2946 5387 eosdem
2992 5334 3249 5389 terminos
3273 5375 3286 5402 ,
3330 5343 3385 5390 et
3423 5336 3564 5405 quod
3606 5350 3701 5406 per

2123 5422 2455 5491 impossibile
2485 5429 2540 5477 et
2567 5424 2861 5480 ostensive.
2897 5425 2964 5481 Ut
2992 5427 3241 5496 quoniam
3269 5445 3302 5481 a
3330 5428 3459 5483 nulli
3487 5445 3512 5482 ε
3536 5428 3697 5497 inest,

2122 5525 2351 5586 ponatur
2378 5516 2521 5571 enim
2552 5516 2710 5572 alicui
2736 5519 2949 5587 inesse,
2980 5535 3110 5591 ergo
3130 5522 3384 5592 quoniam
3412 5523 3439 5575 b
3466 5522 3607 5577 omni
3632 5539 3693 5589 α,

2119 5626 2149 5663 a
2177 5619 2353 5665 autem
2384 5608 2544 5665 alicui
2574 5626 2600 5664 e
2624 5655 2638 5679 ,
2672 5621 2726 5666 et
2759 5612 2786 5664 b
2816 5612 2979 5667 alicui
3009 5630 3035 5667 ε
3065 5614 3260 5684 inerit,
3292 5615 3387 5671 sed
3418 5616 3546 5671 nulli
3586 5615 3696 5670 ine-

2118 5714 2221 5761 rat.
2256 5704 2487 5759 Rursum
2521 5706 2772 5774 quoniam
2803 5703 2964 5761 alicui
2994 5724 3021 5760 e
3052 5708 3191 5763 inest
3218 5726 3284 5775 a,
3315 5709 3358 5764 si
3391 5714 3532 5765 enim
3565 5708 3692 5763 nulli

2117 5817 2145 5854 ι
2164 5799 2304 5855 inest
2326 5817 2389 5865 a,
2416 5814 2443 5851 ε
2470 5808 2645 5855 autem
2673 5801 2817 5856 omni
2846 5818 2877 5873 g
2899 5843 2913 5868 ,
2940 5802 3068 5858 uulli
3095 5823 3129 5876 9
3156 5803 3315 5859 inerit
3338 5820 3401 5869 α,
3430 5804 3522 5858 sed
3551 5801 3692 5858 omni

2118 5892 2313 5954 iuerat.
2342 5890 2606 5951 Similiter
2634 5901 2813 5955 autem
2842 5902 2930 5959 est
2957 5894 3014 5955 in
3038 5895 3159 5956 aliis
3187 5897 3474 5972 propositis
3494 5939 3511 5969 ,
3550 5911 3690 5955 sem-
