  <div class='ocr_page' id='page_1' title='image "/cluster/home/n/w/nwhite01/storage/ocr_20150623/64/hvd.32044024222309/344.png"; bbox 0 0 4060 6330; ppageno 0'>
   <div class='ocr_carea' id='block_1_1' title="bbox 351 257 458 314">
    <p class='ocr_par' dir='ltr' id='par_1_1' title="bbox 351 257 458 314">
     <span class='ocr_line' id='line_1_1' title="bbox 351 257 458 314; baseline 0 -1"><span class='ocrx_word' id='word_1_1' title='bbox 351 257 458 314; x_wconf 74' lang='lat'><strong>675</strong></span> 
     </span>
    </p>
   </div>
   <div class='ocr_carea' id='block_1_2' title="bbox 986 225 1958 305">
    <p class='ocr_par' dir='ltr' id='par_1_2' title="bbox 986 236 1958 305">
     <span class='ocr_line' id='line_1_2' title="bbox 986 236 1958 305; baseline -0.014 0"><span class='ocrx_word' id='word_1_2' title='bbox 986 244 1287 305; x_wconf 77' lang='lat' dir='ltr'><strong>PRIORUM</strong></span> <span class='ocrx_word' id='word_1_3' title='bbox 1327 237 1865 302; x_wconf 76' lang='lat' dir='ltr'><strong>ANALY&#39;I&#39;ICORUM</strong></span> <span class='ocrx_word' id='word_1_4' title='bbox 1903 236 1958 293; x_wconf 79' lang='lat' dir='ltr'><strong>Al</strong></span> 
     </span>
    </p>
   </div>
   <div class='ocr_carea' id='block_1_3' title="bbox 2063 225 2974 305">
    <p class='ocr_par' dir='ltr' id='par_1_3' title="bbox 2066 225 2974 301">
     <span class='ocr_line' id='line_1_3' title="bbox 2066 225 2974 301; baseline 0.006 -8"><span class='ocrx_word' id='word_1_5' title='bbox 2066 235 2359 296; x_wconf 72' lang='lat' dir='ltr'><strong>rorans</strong></span> <span class='ocrx_word' id='word_1_6' title='bbox 2398 225 2974 301; x_wconf 65' lang='lat' dir='ltr'><strong>tarsumenno.</strong></span> 
     </span>
    </p>
   </div>
   <div class='ocr_carea' id='block_1_4' title="bbox 3516 244 3622 304">
    <p class='ocr_par' dir='ltr' id='par_1_4' title="bbox 3516 244 3622 304">
     <span class='ocr_line' id='line_1_4' title="bbox 3516 244 3622 304; baseline 0.019 -3"><span class='ocrx_word' id='word_1_7' title='bbox 3516 244 3622 304; x_wconf 74' lang='grc'><strong>674</strong></span> 
     </span>
    </p>
   </div>
   <div class='ocr_carea' id='block_1_5' title="bbox 349 330 3627 450">
    <p class='ocr_par' dir='ltr' id='par_1_5' title="bbox 349 330 3627 450">
     <span class='ocr_line' id='line_1_5' title="bbox 349 330 3627 450; baseline 0.001 -17"><span class='ocrx_word' id='word_1_8' title='bbox 349 391 450 450; x_wconf 89' lang='lat' dir='ltr'><strong>per</strong></span> <span class='ocrx_word' id='word_1_9' title='bbox 479 377 621 433; x_wconf 90' lang='lat' dir='ltr'><strong>enim</strong></span> <span class='ocrx_word' id='word_1_10' title='bbox 653 372 758 428; x_wconf 90' lang='lat' dir='ltr'><strong>erit</strong></span> <span class='ocrx_word' id='word_1_11' title='bbox 786 372 841 427; x_wconf 90' lang='lat' dir='ltr'><strong>in</strong></span> <span class='ocrx_word' id='word_1_12' title='bbox 871 370 1122 426; x_wconf 90' lang='lat' dir='ltr'><strong>omnibus</strong></span> <span class='ocrx_word' id='word_1_13' title='bbox 1152 384 1246 439; x_wconf 87' lang='lat' dir='ltr'><strong>per</strong></span> <span class='ocrx_word' id='word_1_14' title='bbox 1288 334 1637 435; x_wconf 87' lang='lat' dir='ltr'><strong>impossibile</strong></span> <span class='ocrx_word' id='word_1_15' title='bbox 1654 361 1894 419; x_wconf 85' lang='lat' dir='ltr'><strong>ostensio</strong></span> <span class='ocrx_word' id='word_1_16' title='bbox 1912 330 2016 426; x_wconf 45' lang='grc' dir='ltr'><strong>ίΔ</strong></span> <span class='ocrx_word' id='word_1_17' title='bbox 2038 364 2093 450; x_wconf 55' lang='lat' dir='ltr'><strong>ei</strong></span> <span class='ocrx_word' id='word_1_18' title='bbox 2140 356 2282 412; x_wconf 64' lang='lat' dir='ltr'><strong>Circa</strong></span> <span class='ocrx_word' id='word_1_19' title='bbox 2314 357 2735 429; x_wconf 56' lang='lat' dir='ltr'><strong>Philosophiam,</strong></span> <span class='ocrx_word' id='word_1_20' title='bbox 2796 367 2852 416; x_wconf 71' lang='grc' dir='ltr'><strong>εί</strong></span> <span class='ocrx_word' id='word_1_21' title='bbox 2903 359 3042 416; x_wconf 61' lang='grc' dir='ltr'><strong>εἶναι</strong></span> <span class='ocrx_word' id='word_1_22' title='bbox 3094 367 3276 417; x_wconf 66' lang='lat' dir='ltr'><strong>amem</strong></span> <span class='ocrx_word' id='word_1_23' title='bbox 3332 362 3627 432; x_wconf 66' lang='grc' dir='ltr'><strong>(ῐυδπιῖίδθῑ</strong></span> 
     </span>
    </p>
   </div>
   <div class='ocr_carea' id='block_1_6' title="bbox 350 456 1936 540">
    <p class='ocr_par' dir='ltr' id='par_1_6' title="bbox 350 456 1936 540">
     <span class='ocr_line' id='line_1_6' title="bbox 350 456 1936 540; baseline -0.012 -12"><span class='ocrx_word' id='word_1_24' title='bbox 350 487 417 529; x_wconf 71' lang='lat' dir='ltr'><strong>ex</strong></span> <span class='ocrx_word' id='word_1_25' title='bbox 449 467 801 540; x_wconf 77' lang='lat' dir='ltr'><strong>sequentibus</strong></span> <span class='ocrx_word' id='word_1_26' title='bbox 825 507 839 532; x_wconf 96' lang='lat'><strong>,</strong></span> <span class='ocrx_word' id='word_1_27' title='bbox 872 475 924 519; x_wconf 91' lang='lat' dir='ltr'><strong>et</strong></span> <span class='ocrx_word' id='word_1_28' title='bbox 954 465 1147 534; x_wconf 82' lang='lat' dir='ltr'><strong>quibus</strong></span> <span class='ocrx_word' id='word_1_29' title='bbox 1175 461 1417 533; x_wconf 78' lang='lat' dir='ltr'><strong>sequitur</strong></span> <span class='ocrx_word' id='word_1_30' title='bbox 1449 472 1753 529; x_wconf 90' lang='lat' dir='ltr'><strong>utrumque.</strong></span> <span class='ocrx_word' id='word_1_31' title='bbox 1786 457 1852 510; x_wconf 83' lang='lat' dir='ltr'><strong>Et</strong></span> <span class='ocrx_word' id='word_1_32' title='bbox 1882 456 1936 510; x_wconf 90' lang='lat' dir='ltr'><strong>in</strong></span> 
     </span>
    </p>
   </div>
   <div class='ocr_carea' id='block_1_7' title="bbox 354 555 1939 634">
    <p class='ocr_par' dir='ltr' id='par_1_7' title="bbox 354 555 1939 634">
     <span class='ocr_line' id='line_1_7' title="bbox 354 555 1939 634; baseline -0.008 -15"><span class='ocrx_word' id='word_1_33' title='bbox 354 580 460 619; x_wconf 87' lang='lat' dir='ltr'><strong>ttno</strong></span> <span class='ocrx_word' id='word_1_34' title='bbox 492 576 703 634; x_wconf 90' lang='lat' dir='ltr'><strong>quoque</strong></span> <span class='ocrx_word' id='word_1_35' title='bbox 734 560 1040 630; x_wconf 88' lang='lat' dir='ltr'><strong>proposito,</strong></span> <span class='ocrx_word' id='word_1_36' title='bbox 1073 557 1258 614; x_wconf 90' lang='lat' dir='ltr'><strong>eadem</strong></span> <span class='ocrx_word' id='word_1_37' title='bbox 1288 555 1645 610; x_wconf 74' lang='lat' dir='ltr'><strong>consideratio</strong></span> <span class='ocrx_word' id='word_1_38' title='bbox 1675 561 1729 608; x_wconf 91' lang='lat' dir='ltr'><strong>et</strong></span> <span class='ocrx_word' id='word_1_39' title='bbox 1758 560 1939 607; x_wconf 82' lang='lat' dir='ltr'><strong>osten-</strong></span> 
     </span>
    </p>
   </div>
   <div class='ocr_carea' id='block_1_8' title="bbox 355 646 1933 723">
    <p class='ocr_par' dir='ltr' id='par_1_8' title="bbox 355 646 1933 723">
     <span class='ocr_line' id='line_1_8' title="bbox 355 646 1933 723; baseline -0.008 -11"><span class='ocrx_word' id='word_1_40' title='bbox 355 658 469 713; x_wconf 86' lang='lat' dir='ltr'><strong>sive</strong></span> <span class='ocrx_word' id='word_1_41' title='bbox 501 654 703 710; x_wconf 85' lang='lat' dir='ltr'><strong>volenti</strong></span> <span class='ocrx_word' id='word_1_42' title='bbox 735 652 1054 723; x_wconf 82' lang='lat' dir='ltr'><strong>syllogizare</strong></span> <span class='ocrx_word' id='word_1_43' title='bbox 1077 692 1091 716; x_wconf 93' lang='lat'><strong>,</strong></span> <span class='ocrx_word' id='word_1_44' title='bbox 1136 660 1192 706; x_wconf 87' lang='lat' dir='ltr'><strong>et</strong></span> <span class='ocrx_word' id='word_1_45' title='bbox 1229 649 1295 704; x_wconf 88' lang='lat' dir='ltr'><strong>ad</strong></span> <span class='ocrx_word' id='word_1_46' title='bbox 1338 648 1666 719; x_wconf 88' lang='lat' dir='ltr'><strong>impossibile</strong></span> <span class='ocrx_word' id='word_1_47' title='bbox 1706 646 1933 713; x_wconf 88' lang='lat' dir='ltr'><strong>dttcere,</strong></span> 
     </span>
    </p>
   </div>
   <div class='ocr_carea' id='block_1_9' title="bbox 356 739 1935 813">
    <p class='ocr_par' dir='ltr' id='par_1_9' title="bbox 356 739 1935 813">
     <span class='ocr_line' id='line_1_9' title="bbox 356 739 1935 813; baseline -0.008 -6"><span class='ocrx_word' id='word_1_48' title='bbox 356 765 479 806; x_wconf 89' lang='lat' dir='ltr'><strong>nam</strong></span> <span class='ocrx_word' id='word_1_49' title='bbox 510 763 573 804; x_wconf 77' lang='lat' dir='ltr'><strong>ex</strong></span> <span class='ocrx_word' id='word_1_50' title='bbox 607 745 808 800; x_wconf 91' lang='lat' dir='ltr'><strong>eisdem</strong></span> <span class='ocrx_word' id='word_1_51' title='bbox 852 744 1100 799; x_wconf 89' lang='lat' dir='ltr'><strong>terminis</strong></span> <span class='ocrx_word' id='word_1_52' title='bbox 1138 751 1384 813; x_wconf 60' lang='lat' dir='ltr'><strong>utraeque</strong></span> <span class='ocrx_word' id='word_1_53' title='bbox 1424 739 1935 797; x_wconf 70' lang='lat' dir='ltr'><strong>demonstrationes.</strong></span> 
     </span>
    </p>
   </div>
   <div class='ocr_carea' id='block_1_10' title="bbox 356 833 1944 904">
    <p class='ocr_par' dir='ltr' id='par_1_10' title="bbox 356 833 1944 904">
     <span class='ocr_line' id='line_1_10' title="bbox 356 833 1944 904; baseline -0.009 -4"><span class='ocrx_word' id='word_1_54' title='bbox 356 843 429 900; x_wconf 82' lang='lat' dir='ltr'><strong>Ut</strong></span> <span class='ocrx_word' id='word_1_55' title='bbox 453 841 497 896; x_wconf 95' lang='lat' dir='ltr'><strong>si</strong></span> <span class='ocrx_word' id='word_1_56' title='bbox 540 849 813 896; x_wconf 85' lang='lat' dir='ltr'><strong>ostensum</strong></span> <span class='ocrx_word' id='word_1_57' title='bbox 851 845 936 892; x_wconf 90' lang='lat' dir='ltr'><strong>est</strong></span> <span class='ocrx_word' id='word_1_58' title='bbox 967 836 1100 891; x_wconf 87' lang='lat' dir='ltr'><strong>nulli</strong></span> <span class='ocrx_word' id='word_1_59' title='bbox 1144 852 1172 891; x_wconf 72' lang='grc' dir='ltr'><em>ε</em></span> <span class='ocrx_word' id='word_1_60' title='bbox 1210 835 1388 891; x_wconf 88' lang='lat' dir='ltr'><strong>inesse</strong></span> <span class='ocrx_word' id='word_1_61' title='bbox 1416 852 1475 900; x_wconf 85' lang='grc' dir='ltr'><strong>α,</strong></span> <span class='ocrx_word' id='word_1_62' title='bbox 1505 834 1755 904; x_wconf 89' lang='lat' dir='ltr'><strong>quoniam</strong></span> <span class='ocrx_word' id='word_1_63' title='bbox 1799 833 1944 887; x_wconf 85' lang='lat' dir='ltr'><strong>acci-</strong></span> 
     </span>
    </p>
   </div>
   <div class='ocr_carea' id='block_1_11' title="bbox 356 925 1942 999">
    <p class='ocr_par' dir='ltr' id='par_1_11' title="bbox 356 925 1942 999">
     <span class='ocr_line' id='line_1_11' title="bbox 356 925 1942 999; baseline -0.005 -9"><span class='ocrx_word' id='word_1_64' title='bbox 356 935 435 991; x_wconf 91' lang='lat' dir='ltr'><strong>dit</strong></span> <span class='ocrx_word' id='word_1_65' title='bbox 476 943 530 989; x_wconf 89' lang='lat' dir='ltr'><strong>et</strong></span> <span class='ocrx_word' id='word_1_66' title='bbox 573 933 600 985; x_wconf 90' lang='lat' dir='ltr'><strong>b</strong></span> <span class='ocrx_word' id='word_1_67' title='bbox 643 931 801 986; x_wconf 79' lang='lat' dir='ltr'><strong>alicui</strong></span> <span class='ocrx_word' id='word_1_68' title='bbox 839 947 867 985; x_wconf 76' lang='grc' dir='ltr'><em>ε</em></span> <span class='ocrx_word' id='word_1_69' title='bbox 914 930 1128 996; x_wconf 90' lang='lat' dir='ltr'><strong>inesse,</strong></span> <span class='ocrx_word' id='word_1_70' title='bbox 1176 927 1317 999; x_wconf 92' lang='lat' dir='ltr'><strong>quod</strong></span> <span class='ocrx_word' id='word_1_71' title='bbox 1364 936 1448 983; x_wconf 87' lang='lat' dir='ltr'><strong>est</strong></span> <span class='ocrx_word' id='word_1_72' title='bbox 1488 925 1838 997; x_wconf 84' lang='lat' dir='ltr'><strong>impossibile.</strong></span> <span class='ocrx_word' id='word_1_73' title='bbox 1884 926 1942 982; x_wconf 88' lang='lat' dir='ltr'><strong>Si</strong></span> 
     </span>
    </p>
   </div>
   <div class='ocr_carea' id='block_1_12' title="bbox 358 1019 1943 1097">
    <p class='ocr_par' dir='ltr' id='par_1_12' title="bbox 358 1019 1943 1097">
     <span class='ocr_line' id='line_1_12' title="bbox 358 1019 1943 1097; baseline -0.007 -14"><span class='ocrx_word' id='word_1_74' title='bbox 358 1035 629 1097; x_wconf 88' lang='lat' dir='ltr'><strong>sumptum</strong></span> <span class='ocrx_word' id='word_1_75' title='bbox 660 1024 728 1078; x_wconf 90' lang='lat' dir='ltr'><strong>sit</strong></span> <span class='ocrx_word' id='word_1_76' title='bbox 755 1040 782 1077; x_wconf 78' lang='grc' dir='ltr'><em>ε</em></span> <span class='ocrx_word' id='word_1_77' title='bbox 809 1022 1024 1092; x_wconf 86' lang='lat' dir='ltr'><strong>quidem</strong></span> <span class='ocrx_word' id='word_1_78' title='bbox 1056 1020 1188 1075; x_wconf 91' lang='lat' dir='ltr'><strong>nulli</strong></span> <span class='ocrx_word' id='word_1_79' title='bbox 1238 1022 1301 1086; x_wconf 72' lang='grc' dir='ltr'><strong>ὁ,</strong></span> <span class='ocrx_word' id='word_1_80' title='bbox 1342 1037 1375 1073; x_wconf 92' lang='lat' dir='ltr'><strong>a</strong></span> <span class='ocrx_word' id='word_1_81' title='bbox 1411 1028 1588 1075; x_wconf 89' lang='lat' dir='ltr'><strong>autem</strong></span> <span class='ocrx_word' id='word_1_82' title='bbox 1619 1020 1762 1074; x_wconf 90' lang='lat' dir='ltr'><strong>omni</strong></span> <span class='ocrx_word' id='word_1_83' title='bbox 1800 1020 1827 1072; x_wconf 73' lang='grc' dir='ltr'><strong>ὁ</strong></span> <span class='ocrx_word' id='word_1_84' title='bbox 1859 1019 1943 1073; x_wconf 86' lang='lat' dir='ltr'><strong>in-</strong></span> 
     </span>
    </p>
   </div>
   <div class='ocr_carea' id='block_1_13' title="bbox 358 1112 1946 1188">
    <p class='ocr_par' dir='ltr' id='par_1_13' title="bbox 358 1112 1946 1188">
     <span class='ocr_line' id='line_1_13' title="bbox 358 1112 1946 1188; baseline -0.007 -10"><span class='ocrx_word' id='word_1_85' title='bbox 358 1136 507 1188; x_wconf 83' lang='lat' dir='ltr'><strong>esse,</strong></span> <span class='ocrx_word' id='word_1_86' title='bbox 541 1118 884 1174; x_wconf 77' lang='lat' dir='ltr'><strong>manifestum</strong></span> <span class='ocrx_word' id='word_1_87' title='bbox 916 1127 1006 1172; x_wconf 88' lang='lat' dir='ltr'><strong>est</strong></span> <span class='ocrx_word' id='word_1_88' title='bbox 1051 1117 1195 1171; x_wconf 90' lang='lat' dir='ltr'><strong>enim</strong></span> <span class='ocrx_word' id='word_1_89' title='bbox 1238 1115 1489 1184; x_wconf 91' lang='lat' dir='ltr'><strong>quoniam</strong></span> <span class='ocrx_word' id='word_1_90' title='bbox 1543 1115 1672 1169; x_wconf 91' lang='lat' dir='ltr'><strong>nulli</strong></span> <span class='ocrx_word' id='word_1_91' title='bbox 1716 1130 1744 1167; x_wconf 80' lang='grc' dir='ltr'><em>ε</em></span> <span class='ocrx_word' id='word_1_92' title='bbox 1787 1112 1946 1168; x_wconf 89' lang='lat' dir='ltr'><strong>inerit</strong></span> 
     </span>
    </p>
   </div>
   <div class='ocr_carea' id='block_1_14' title="bbox 359 1208 1945 1280">
    <p class='ocr_par' dir='ltr' id='par_1_14' title="bbox 359 1208 1945 1280">
     <span class='ocr_line' id='line_1_14' title="bbox 359 1208 1945 1280; baseline -0.003 -11"><span class='ocrx_word' id='word_1_93' title='bbox 359 1232 411 1269; x_wconf 84' lang='grc' dir='ltr'><strong>α.</strong></span> <span class='ocrx_word' id='word_1_94' title='bbox 461 1212 695 1268; x_wconf 82' lang='lat' dir='ltr'><strong>Rursum</strong></span> <span class='ocrx_word' id='word_1_95' title='bbox 748 1211 792 1267; x_wconf 90' lang='lat' dir='ltr'><strong>si</strong></span> <span class='ocrx_word' id='word_1_96' title='bbox 842 1212 1113 1265; x_wconf 90' lang='lat' dir='ltr'><strong>ostensive</strong></span> <span class='ocrx_word' id='word_1_97' title='bbox 1161 1208 1535 1280; x_wconf 83' lang='lat' dir='ltr'><strong>syllogizatum</strong></span> <span class='ocrx_word' id='word_1_98' title='bbox 1582 1210 1724 1264; x_wconf 85' lang='lat' dir='ltr'><strong>sita</strong></span> <span class='ocrx_word' id='word_1_99' title='bbox 1770 1209 1945 1265; x_wconf 88' lang='lat' dir='ltr'><strong>inesse</strong></span> 
     </span>
    </p>
   </div>
   <div class='ocr_carea' id='block_1_15' title="bbox 361 1306 1943 1382">
    <p class='ocr_par' dir='ltr' id='par_1_15' title="bbox 361 1306 1943 1382">
     <span class='ocr_line' id='line_1_15' title="bbox 361 1306 1943 1382; baseline -0.008 -12"><span class='ocrx_word' id='word_1_100' title='bbox 361 1313 491 1370; x_wconf 87' lang='lat' dir='ltr'><strong>nulli</strong></span> <span class='ocrx_word' id='word_1_101' title='bbox 519 1328 581 1382; x_wconf 79' lang='grc' dir='ltr'><strong>ε,</strong></span> <span class='ocrx_word' id='word_1_102' title='bbox 610 1310 903 1381; x_wconf 86' lang='lat' dir='ltr'><strong>suppositis</strong></span> <span class='ocrx_word' id='word_1_103' title='bbox 931 1308 1107 1365; x_wconf 91' lang='lat' dir='ltr'><strong>inesse</strong></span> <span class='ocrx_word' id='word_1_104' title='bbox 1152 1324 1246 1377; x_wconf 86' lang='lat' dir='ltr'><strong>per</strong></span> <span class='ocrx_word' id='word_1_105' title='bbox 1291 1306 1621 1376; x_wconf 83' lang='lat' dir='ltr'><strong>impossibile</strong></span> <span class='ocrx_word' id='word_1_106' title='bbox 1669 1314 1943 1361; x_wconf 84' lang='lat' dir='ltr'><strong>monstra-</strong></span> 
     </span>
    </p>
   </div>
   <div class='ocr_carea' id='block_1_16' title="bbox 361 1398 1947 1467">
    <p class='ocr_par' dir='ltr' id='par_1_16' title="bbox 361 1398 1947 1467">
     <span class='ocr_line' id='line_1_16' title="bbox 361 1398 1947 1467; baseline -0.007 -5"><span class='ocrx_word' id='word_1_107' title='bbox 361 1406 507 1462; x_wconf 88' lang='lat' dir='ltr'><strong>bitur</strong></span> <span class='ocrx_word' id='word_1_108' title='bbox 538 1404 667 1459; x_wconf 91' lang='lat' dir='ltr'><strong>nulli</strong></span> <span class='ocrx_word' id='word_1_109' title='bbox 698 1403 907 1467; x_wconf 85' lang='lat' dir='ltr'><strong>inesse,</strong></span> <span class='ocrx_word' id='word_1_110' title='bbox 938 1399 1190 1456; x_wconf 85' lang='lat' dir='ltr'><strong>similiter</strong></span> <span class='ocrx_word' id='word_1_111' title='bbox 1214 1409 1394 1455; x_wconf 89' lang='lat' dir='ltr'><strong>autem</strong></span> <span class='ocrx_word' id='word_1_112' title='bbox 1421 1409 1475 1454; x_wconf 90' lang='lat' dir='ltr'><strong>et</strong></span> <span class='ocrx_word' id='word_1_113' title='bbox 1497 1400 1548 1452; x_wconf 90' lang='lat' dir='ltr'><strong>iu</strong></span> <span class='ocrx_word' id='word_1_114' title='bbox 1578 1398 1717 1454; x_wconf 81' lang='lat' dir='ltr'><strong>aliis.</strong></span> <span class='ocrx_word' id='word_1_115' title='bbox 1749 1398 1806 1452; x_wconf 91' lang='lat' dir='ltr'><strong>In</strong></span> <span class='ocrx_word' id='word_1_116' title='bbox 1832 1412 1947 1452; x_wconf 82' lang='lat' dir='ltr'><strong>orn-</strong></span> 
     </span>
    </p>
   </div>
   <div class='ocr_carea' id='block_1_17' title="bbox 361 1490 1946 1564">
    <p class='ocr_par' dir='ltr' id='par_1_17' title="bbox 361 1490 1946 1564">
     <span class='ocr_line' id='line_1_17' title="bbox 361 1490 1946 1564; baseline -0.006 -10"><span class='ocrx_word' id='word_1_117' title='bbox 361 1498 519 1555; x_wconf 87' lang='lat' dir='ltr'><strong>nibus</strong></span> <span class='ocrx_word' id='word_1_118' title='bbox 550 1497 694 1552; x_wconf 88' lang='lat' dir='ltr'><strong>enim</strong></span> <span class='ocrx_word' id='word_1_119' title='bbox 722 1509 946 1550; x_wconf 90' lang='lat' dir='ltr'><strong>necesse</strong></span> <span class='ocrx_word' id='word_1_120' title='bbox 975 1504 1059 1549; x_wconf 91' lang='lat' dir='ltr'><strong>est</strong></span> <span class='ocrx_word' id='word_1_121' title='bbox 1088 1494 1151 1548; x_wconf 89' lang='lat' dir='ltr'><strong>iis</strong></span> <span class='ocrx_word' id='word_1_122' title='bbox 1173 1493 1263 1564; x_wconf 86' lang='lat' dir='ltr'><strong>qui</strong></span> <span class='ocrx_word' id='word_1_123' title='bbox 1295 1508 1390 1563; x_wconf 92' lang='lat' dir='ltr'><strong>per</strong></span> <span class='ocrx_word' id='word_1_124' title='bbox 1430 1490 1759 1562; x_wconf 87' lang='lat' dir='ltr'><strong>impossibile</strong></span> <span class='ocrx_word' id='word_1_125' title='bbox 1797 1505 1946 1547; x_wconf 89' lang='lat' dir='ltr'><strong>com-</strong></span> 
     </span>
    </p>
   </div>
   <div class='ocr_carea' id='block_1_18' title="bbox 362 1587 1945 1660">
    <p class='ocr_par' dir='ltr' id='par_1_18' title="bbox 362 1587 1945 1660">
     <span class='ocr_line' id='line_1_18' title="bbox 362 1587 1945 1660; baseline -0.003 -13"><span class='ocrx_word' id='word_1_126' title='bbox 362 1607 575 1647; x_wconf 90' lang='lat' dir='ltr'><strong>munem</strong></span> <span class='ocrx_word' id='word_1_127' title='bbox 603 1590 836 1660; x_wconf 84' lang='lat' dir='ltr'><strong>aliquem</strong></span> <span class='ocrx_word' id='word_1_128' title='bbox 863 1603 1077 1644; x_wconf 87' lang='lat' dir='ltr'><strong>sumere</strong></span> <span class='ocrx_word' id='word_1_129' title='bbox 1104 1588 1391 1644; x_wconf 83' lang='lat' dir='ltr'><strong>terminum</strong></span> <span class='ocrx_word' id='word_1_130' title='bbox 1416 1588 1579 1644; x_wconf 90' lang='lat' dir='ltr'><strong>alium</strong></span> <span class='ocrx_word' id='word_1_131' title='bbox 1608 1603 1637 1644; x_wconf 91' lang='lat' dir='ltr'><strong>a</strong></span> <span class='ocrx_word' id='word_1_132' title='bbox 1666 1587 1945 1659; x_wconf 81' lang='lat' dir='ltr'><strong>subjectis,</strong></span> 
     </span>
    </p>
   </div>
   <div class='ocr_carea' id='block_1_19' title="bbox 365 1681 1948 1754">
    <p class='ocr_par' dir='ltr' id='par_1_19' title="bbox 365 1681 1948 1754">
     <span class='ocr_line' id='line_1_19' title="bbox 365 1681 1948 1754; baseline -0.002 -14"><span class='ocrx_word' id='word_1_133' title='bbox 365 1685 433 1740; x_wconf 91' lang='lat' dir='ltr'><strong>ad</strong></span> <span class='ocrx_word' id='word_1_134' title='bbox 460 1700 619 1754; x_wconf 89' lang='lat' dir='ltr'><strong>quem</strong></span> <span class='ocrx_word' id='word_1_135' title='bbox 651 1683 755 1738; x_wconf 90' lang='lat' dir='ltr'><strong>erit</strong></span> <span class='ocrx_word' id='word_1_136' title='bbox 786 1681 1055 1738; x_wconf 86' lang='lat' dir='ltr'><strong>mendacii</strong></span> <span class='ocrx_word' id='word_1_137' title='bbox 1087 1682 1427 1753; x_wconf 80' lang='lat' dir='ltr'><strong>syllogismus</strong></span> <span class='ocrx_word' id='word_1_138' title='bbox 1448 1724 1461 1745; x_wconf 89' lang='lat'><strong>,</strong></span> <span class='ocrx_word' id='word_1_139' title='bbox 1494 1696 1660 1751; x_wconf 86' lang='lat' dir='ltr'><strong>quare</strong></span> <span class='ocrx_word' id='word_1_140' title='bbox 1689 1695 1948 1737; x_wconf 88' lang='lat' dir='ltr'><strong>conversa</strong></span> 
     </span>
    </p>
   </div>
   <div class='ocr_carea' id='block_1_20' title="bbox 2043 449 3624 526">
    <p class='ocr_par' dir='ltr' id='par_1_20' title="bbox 2043 449 3624 526">
     <span class='ocr_line' id='line_1_20' title="bbox 2043 449 3624 526; baseline 0.004 -21"><span class='ocrx_word' id='word_1_141' title='bbox 2043 449 2405 521; x_wconf 88' lang='lat' dir='ltr'><strong>disciplinam.</strong></span> <span class='ocrx_word' id='word_1_142' title='bbox 2439 453 2664 524; x_wconf 88' lang='lat' dir='ltr'><strong>Oportet</strong></span> <span class='ocrx_word' id='word_1_143' title='bbox 2690 453 2833 509; x_wconf 90' lang='lat' dir='ltr'><strong>enim</strong></span> <span class='ocrx_word' id='word_1_144' title='bbox 2865 468 2983 524; x_wconf 75' lang='lat' dir='ltr'><strong>qum</strong></span> <span class='ocrx_word' id='word_1_145' title='bbox 3013 455 3214 520; x_wconf 89' lang='lat' dir='ltr'><strong>insunt,</strong></span> <span class='ocrx_word' id='word_1_146' title='bbox 3241 465 3293 512; x_wconf 88' lang='lat' dir='ltr'><strong>et</strong></span> <span class='ocrx_word' id='word_1_147' title='bbox 3314 456 3505 526; x_wconf 89' lang='lat' dir='ltr'><strong>quibus</strong></span> <span class='ocrx_word' id='word_1_148' title='bbox 3545 458 3624 511; x_wconf 89' lang='lat' dir='ltr'><strong>in-</strong></span> 
     </span>
    </p>
   </div>
   <div class='ocr_carea' id='block_1_21' title="bbox 2041 546 3629 620">
    <p class='ocr_par' dir='ltr' id='par_1_21' title="bbox 2041 546 3629 620">
     <span class='ocr_line' id='line_1_21' title="bbox 2041 546 3629 620; baseline 0.003 -19"><span class='ocrx_word' id='word_1_149' title='bbox 2041 554 2165 601; x_wconf 85' lang='lat' dir='ltr'><strong>sunt</strong></span> <span class='ocrx_word' id='word_1_150' title='bbox 2200 546 2345 601; x_wconf 90' lang='lat' dir='ltr'><strong>circa</strong></span> <span class='ocrx_word' id='word_1_151' title='bbox 2388 548 2808 617; x_wconf 82' lang='lat' dir='ltr'><strong>unumquodque</strong></span> <span class='ocrx_word' id='word_1_152' title='bbox 2834 548 3111 619; x_wconf 81' lang='lat' dir='ltr'><strong>colligere,</strong></span> <span class='ocrx_word' id='word_1_153' title='bbox 3140 558 3192 603; x_wconf 90' lang='lat' dir='ltr'><strong>et</strong></span> <span class='ocrx_word' id='word_1_154' title='bbox 3222 549 3302 603; x_wconf 86' lang='lat' dir='ltr'><strong>bis</strong></span> <span class='ocrx_word' id='word_1_155' title='bbox 3346 550 3629 620; x_wconf 86' lang='lat' dir='ltr'><strong>quamplu-</strong></span> 
     </span>
    </p>
   </div>
   <div class='ocr_carea' id='block_1_22' title="bbox 2042 634 3628 709">
    <p class='ocr_par' dir='ltr' id='par_1_22' title="bbox 2042 634 3628 709">
     <span class='ocr_line' id='line_1_22' title="bbox 2042 634 3628 709; baseline 0.002 -17"><span class='ocrx_word' id='word_1_156' title='bbox 2042 636 2194 692; x_wconf 88' lang='lat' dir='ltr'><strong>rimis</strong></span> <span class='ocrx_word' id='word_1_157' title='bbox 2214 634 2509 704; x_wconf 83' lang='lat' dir='ltr'><strong>abundare,</strong></span> <span class='ocrx_word' id='word_1_158' title='bbox 2527 647 2580 693; x_wconf 94' lang='lat' dir='ltr'><strong>et</strong></span> <span class='ocrx_word' id='word_1_159' title='bbox 2603 637 2704 693; x_wconf 90' lang='lat' dir='ltr'><strong>hoc</strong></span> <span class='ocrx_word' id='word_1_160' title='bbox 2725 652 2823 707; x_wconf 89' lang='lat' dir='ltr'><strong>per</strong></span> <span class='ocrx_word' id='word_1_161' title='bbox 2846 647 2955 695; x_wconf 85' lang='lat' dir='ltr'><strong>tres</strong></span> <span class='ocrx_word' id='word_1_162' title='bbox 2978 639 3235 693; x_wconf 85' lang='lat' dir='ltr'><strong>terminos</strong></span> <span class='ocrx_word' id='word_1_163' title='bbox 3258 638 3628 709; x_wconf 75' lang='lat' dir='ltr'><strong>considerare,</strong></span> 
     </span>
    </p>
   </div>
   <div class='ocr_carea' id='block_1_23' title="bbox 2043 728 3631 802">
    <p class='ocr_par' dir='ltr' id='par_1_23' title="bbox 2043 728 3631 802">
     <span class='ocr_line' id='line_1_23' title="bbox 2043 728 3631 802; baseline 0.002 -16"><span class='ocrx_word' id='word_1_164' title='bbox 2043 728 2414 786; x_wconf 87' lang='lat' dir='ltr'><strong>destruentem</strong></span> <span class='ocrx_word' id='word_1_165' title='bbox 2444 731 2662 801; x_wconf 91' lang='lat' dir='ltr'><strong>quidem</strong></span> <span class='ocrx_word' id='word_1_166' title='bbox 2708 732 2807 796; x_wconf 89' lang='lat' dir='ltr'><strong>sic,</strong></span> <span class='ocrx_word' id='word_1_167' title='bbox 2840 741 3241 790; x_wconf 88' lang='lat' dir='ltr'><strong>construentem</strong></span> <span class='ocrx_word' id='word_1_168' title='bbox 3273 748 3397 788; x_wconf 84' lang='lat' dir='ltr'><strong>vero</strong></span> <span class='ocrx_word' id='word_1_169' title='bbox 3434 738 3534 802; x_wconf 88' lang='lat' dir='ltr'><strong>sic,</strong></span> <span class='ocrx_word' id='word_1_170' title='bbox 3576 742 3631 791; x_wconf 89' lang='lat' dir='ltr'><strong>et</strong></span> 
     </span>
    </p>
   </div>
   <div class='ocr_carea' id='block_1_24' title="bbox 2046 824 3630 900">
    <p class='ocr_par' dir='ltr' id='par_1_24' title="bbox 2046 824 3630 900">
     <span class='ocr_line' id='line_1_24' title="bbox 2046 824 3630 900; baseline 0.004 -20"><span class='ocrx_word' id='word_1_171' title='bbox 2046 824 2342 880; x_wconf 85' lang='lat' dir='ltr'><strong>secundum</strong></span> <span class='ocrx_word' id='word_1_172' title='bbox 2375 826 2654 881; x_wconf 76' lang='lat' dir='ltr'><strong>veritatem</strong></span> <span class='ocrx_word' id='word_1_173' title='bbox 2685 828 2922 898; x_wconf 89' lang='lat' dir='ltr'><strong>quidem,</strong></span> <span class='ocrx_word' id='word_1_174' title='bbox 2956 844 3026 884; x_wconf 77' lang='lat' dir='ltr'><strong>ex</strong></span> <span class='ocrx_word' id='word_1_175' title='bbox 3074 829 3140 884; x_wconf 90' lang='lat' dir='ltr'><strong>iis</strong></span> <span class='ocrx_word' id='word_1_176' title='bbox 3168 846 3285 900; x_wconf 79' lang='lat' dir='ltr'><strong>qua:</strong></span> <span class='ocrx_word' id='word_1_177' title='bbox 3335 830 3630 887; x_wconf 90' lang='lat' dir='ltr'><strong>secundum</strong></span> 
     </span>
    </p>
   </div>
   <div class='ocr_carea' id='block_1_25' title="bbox 2047 915 3630 988">
    <p class='ocr_par' dir='ltr' id='par_1_25' title="bbox 2047 915 3630 988">
     <span class='ocr_line' id='line_1_25' title="bbox 2047 915 3630 988; baseline 0.006 -18"><span class='ocrx_word' id='word_1_178' title='bbox 2047 915 2328 973; x_wconf 83' lang='lat' dir='ltr'><strong>veritatem</strong></span> <span class='ocrx_word' id='word_1_179' title='bbox 2358 917 2559 988; x_wconf 70' lang='lat' dir='ltr'><strong>scripta</strong></span> <span class='ocrx_word' id='word_1_180' title='bbox 2589 928 2715 974; x_wconf 81' lang='lat' dir='ltr'><strong>sunt</strong></span> <span class='ocrx_word' id='word_1_181' title='bbox 2749 920 2956 988; x_wconf 88' lang='lat' dir='ltr'><strong>inesse,</strong></span> <span class='ocrx_word' id='word_1_182' title='bbox 3005 921 3070 976; x_wconf 91' lang='lat' dir='ltr'><strong>ad</strong></span> <span class='ocrx_word' id='word_1_183' title='bbox 3111 921 3420 979; x_wconf 90' lang='lat' dir='ltr'><strong>dialecticos</strong></span> <span class='ocrx_word' id='word_1_184' title='bbox 3453 933 3630 980; x_wconf 91' lang='lat' dir='ltr'><strong>autem</strong></span> 
     </span>
    </p>
   </div>
   <div class='ocr_carea' id='block_1_26' title="bbox 2048 1012 3632 1087">
    <p class='ocr_par' dir='ltr' id='par_1_26' title="bbox 2048 1012 3632 1087">
     <span class='ocr_line' id='line_1_26' title="bbox 2048 1012 3632 1087; baseline 0.006 -21"><span class='ocrx_word' id='word_1_185' title='bbox 2048 1012 2416 1083; x_wconf 79' lang='lat' dir='ltr'><strong>syllogismos,</strong></span> <span class='ocrx_word' id='word_1_186' title='bbox 2448 1028 2511 1069; x_wconf 81' lang='lat' dir='ltr'><strong>ex</strong></span> <span class='ocrx_word' id='word_1_187' title='bbox 2548 1014 3000 1082; x_wconf 84' lang='lat' dir='ltr'><strong>propositionibus</strong></span> <span class='ocrx_word' id='word_1_188' title='bbox 3031 1030 3150 1087; x_wconf 63' lang='lat' dir='ltr'><strong>quae</strong></span> <span class='ocrx_word' id='word_1_189' title='bbox 3180 1028 3307 1073; x_wconf 92' lang='lat' dir='ltr'><strong>sunt</strong></span> <span class='ocrx_word' id='word_1_190' title='bbox 3336 1019 3632 1076; x_wconf 88' lang='lat' dir='ltr'><strong>secundum</strong></span> 
     </span>
    </p>
   </div>
   <div class='ocr_carea' id='block_1_27' title="bbox 2048 1103 3635 1178">
    <p class='ocr_par' dir='ltr' id='par_1_27' title="bbox 2048 1103 3635 1178">
     <span class='ocr_line' id='line_1_27' title="bbox 2048 1103 3635 1178; baseline 0.006 -21"><span class='ocrx_word' id='word_1_191' title='bbox 2048 1103 2376 1173; x_wconf 89' lang='lat' dir='ltr'><strong>opinionem.</strong></span> <span class='ocrx_word' id='word_1_192' title='bbox 2396 1104 2659 1175; x_wconf 88' lang='lat' dir='ltr'><strong>Principia</strong></span> <span class='ocrx_word' id='word_1_193' title='bbox 2681 1114 2857 1161; x_wconf 92' lang='lat' dir='ltr'><strong>autem</strong></span> <span class='ocrx_word' id='word_1_194' title='bbox 2880 1107 3308 1178; x_wconf 80' lang='lat' dir='ltr'><strong>syllogismorum</strong></span> <span class='ocrx_word' id='word_1_195' title='bbox 3328 1111 3635 1167; x_wconf 73' lang='lat' dir='ltr'><strong>universali~</strong></span> 
     </span>
    </p>
   </div>
   <div class='ocr_carea' id='block_1_28' title="bbox 2051 1197 3634 1277">
    <p class='ocr_par' dir='ltr' id='par_1_28' title="bbox 2051 1197 3634 1277">
     <span class='ocr_line' id='line_1_28' title="bbox 2051 1197 3634 1277; baseline 0.006 -24"><span class='ocrx_word' id='word_1_196' title='bbox 2051 1205 2132 1253; x_wconf 91' lang='lat' dir='ltr'><strong>ter</strong></span> <span class='ocrx_word' id='word_1_197' title='bbox 2152 1197 2363 1267; x_wconf 92' lang='lat' dir='ltr'><strong>quidem</strong></span> <span class='ocrx_word' id='word_1_198' title='bbox 2382 1199 2520 1253; x_wconf 84' lang='lat' dir='ltr'><strong>dicta</strong></span> <span class='ocrx_word' id='word_1_199' title='bbox 2539 1207 2682 1265; x_wconf 92' lang='lat' dir='ltr'><strong>sunt,</strong></span> <span class='ocrx_word' id='word_1_200' title='bbox 2708 1207 2762 1254; x_wconf 90' lang='lat' dir='ltr'><strong>et</strong></span> <span class='ocrx_word' id='word_1_201' title='bbox 2782 1200 3051 1270; x_wconf 88' lang='lat' dir='ltr'><strong>quomodo</strong></span> <span class='ocrx_word' id='word_1_202' title='bbox 3075 1217 3134 1258; x_wconf 88' lang='lat' dir='ltr'><strong>se</strong></span> <span class='ocrx_word' id='word_1_203' title='bbox 3151 1203 3403 1272; x_wconf 82' lang='lat' dir='ltr'><strong>habeant,</strong></span> <span class='ocrx_word' id='word_1_204' title='bbox 3435 1212 3491 1260; x_wconf 92' lang='lat' dir='ltr'><strong>et</strong></span> <span class='ocrx_word' id='word_1_205' title='bbox 3507 1221 3634 1277; x_wconf 78' lang='lat' dir='ltr'><strong>quo~</strong></span> 
     </span>
    </p>
   </div>
   <div class='ocr_carea' id='block_1_29' title="bbox 2050 1290 3637 1367">
    <p class='ocr_par' dir='ltr' id='par_1_29' title="bbox 2050 1290 3637 1367">
     <span class='ocr_line' id='line_1_29' title="bbox 2050 1290 3637 1367; baseline 0.006 -21"><span class='ocrx_word' id='word_1_206' title='bbox 2050 1290 2214 1347; x_wconf 88' lang='lat' dir='ltr'><strong>modo</strong></span> <span class='ocrx_word' id='word_1_207' title='bbox 2238 1300 2450 1361; x_wconf 88' lang='lat' dir='ltr'><strong>oportet</strong></span> <span class='ocrx_word' id='word_1_208' title='bbox 2480 1292 2750 1362; x_wconf 86' lang='lat' dir='ltr'><strong>inquirere</strong></span> <span class='ocrx_word' id='word_1_209' title='bbox 2771 1307 2831 1349; x_wconf 86' lang='lat' dir='ltr'><strong>ea</strong></span> <span class='ocrx_word' id='word_1_210' title='bbox 2851 1336 2865 1360; x_wconf 88' lang='lat'><strong>,</strong></span> <span class='ocrx_word' id='word_1_211' title='bbox 2893 1302 3156 1364; x_wconf 87' lang='lat' dir='ltr'><strong>quatenus</strong></span> <span class='ocrx_word' id='word_1_212' title='bbox 3178 1312 3284 1352; x_wconf 93' lang='lat' dir='ltr'><strong>non</strong></span> <span class='ocrx_word' id='word_1_213' title='bbox 3310 1298 3637 1367; x_wconf 83' lang='lat' dir='ltr'><strong>aspiciamus</strong></span> 
     </span>
    </p>
   </div>
   <div class='ocr_carea' id='block_1_30' title="bbox 2052 1383 3638 1457">
    <p class='ocr_par' dir='ltr' id='par_1_30' title="bbox 2052 1383 3638 1457">
     <span class='ocr_line' id='line_1_30' title="bbox 2052 1383 3638 1457; baseline 0.008 -18"><span class='ocrx_word' id='word_1_214' title='bbox 2052 1383 2117 1439; x_wconf 89' lang='lat' dir='ltr'><strong>ad</strong></span> <span class='ocrx_word' id='word_1_215' title='bbox 2140 1384 2318 1438; x_wconf 87' lang='lat' dir='ltr'><strong>omnia</strong></span> <span class='ocrx_word' id='word_1_216' title='bbox 2333 1399 2449 1455; x_wconf 67' lang='lat' dir='ltr'><strong>quae</strong></span> <span class='ocrx_word' id='word_1_217' title='bbox 2489 1385 2761 1452; x_wconf 90' lang='lat' dir='ltr'><strong>dicuntur,</strong></span> <span class='ocrx_word' id='word_1_218' title='bbox 2785 1401 2959 1457; x_wconf 92' lang='lat' dir='ltr'><strong>neque</strong></span> <span class='ocrx_word' id='word_1_219' title='bbox 2973 1388 3163 1445; x_wconf 84' lang='lat' dir='ltr'><strong>eadem</strong></span> <span class='ocrx_word' id='word_1_220' title='bbox 3185 1398 3557 1448; x_wconf 88' lang='lat' dir='ltr'><strong>construentes</strong></span> <span class='ocrx_word' id='word_1_221' title='bbox 3585 1399 3638 1451; x_wconf 85' lang='lat' dir='ltr'><strong>et</strong></span> 
     </span>
    </p>
   </div>
   <div class='ocr_carea' id='block_1_31' title="bbox 2052 1476 3639 1550">
    <p class='ocr_par' dir='ltr' id='par_1_31' title="bbox 2052 1476 3639 1550">
     <span class='ocr_line' id='line_1_31' title="bbox 2052 1476 3639 1550; baseline 0.005 -18"><span class='ocrx_word' id='word_1_222' title='bbox 2052 1476 2411 1544; x_wconf 89' lang='lat' dir='ltr'><strong>destruentes,</strong></span> <span class='ocrx_word' id='word_1_223' title='bbox 2448 1493 2623 1550; x_wconf 88' lang='lat' dir='ltr'><strong>neque</strong></span> <span class='ocrx_word' id='word_1_224' title='bbox 2650 1486 3031 1536; x_wconf 84' lang='lat' dir='ltr'><strong>construentes</strong></span> <span class='ocrx_word' id='word_1_225' title='bbox 3055 1479 3123 1536; x_wconf 90' lang='lat' dir='ltr'><strong>de</strong></span> <span class='ocrx_word' id='word_1_226' title='bbox 3152 1482 3297 1537; x_wconf 92' lang='lat' dir='ltr'><strong>omni</strong></span> <span class='ocrx_word' id='word_1_227' title='bbox 3327 1492 3419 1539; x_wconf 88' lang='lat' dir='ltr'><strong>aut</strong></span> <span class='ocrx_word' id='word_1_228' title='bbox 3445 1484 3512 1540; x_wconf 92' lang='lat' dir='ltr'><strong>de</strong></span> <span class='ocrx_word' id='word_1_229' title='bbox 3540 1484 3639 1539; x_wconf 71' lang='lat' dir='ltr'><strong>ali~</strong></span> 
     </span>
    </p>
   </div>
   <div class='ocr_carea' id='block_1_32' title="bbox 2054 1570 3639 1645">
    <p class='ocr_par' dir='ltr' id='par_1_32' title="bbox 2054 1570 3639 1645">
     <span class='ocr_line' id='line_1_32' title="bbox 2054 1570 3639 1645; baseline 0.006 -19"><span class='ocrx_word' id='word_1_230' title='bbox 2054 1586 2181 1641; x_wconf 91' lang='lat' dir='ltr'><strong>quo,</strong></span> <span class='ocrx_word' id='word_1_231' title='bbox 2211 1570 2553 1628; x_wconf 88' lang='lat' dir='ltr'><strong>destruentes</strong></span> <span class='ocrx_word' id='word_1_232' title='bbox 2583 1571 2651 1627; x_wconf 92' lang='lat' dir='ltr'><strong>ab</strong></span> <span class='ocrx_word' id='word_1_233' title='bbox 2677 1572 2929 1629; x_wconf 88' lang='lat' dir='ltr'><strong>omnibus</strong></span> <span class='ocrx_word' id='word_1_234' title='bbox 2970 1580 3061 1628; x_wconf 92' lang='lat' dir='ltr'><strong>aut</strong></span> <span class='ocrx_word' id='word_1_235' title='bbox 3102 1573 3171 1628; x_wconf 91' lang='lat' dir='ltr'><strong>ab</strong></span> <span class='ocrx_word' id='word_1_236' title='bbox 3215 1573 3502 1645; x_wconf 86' lang='lat' dir='ltr'><strong>aliquibus.</strong></span> <span class='ocrx_word' id='word_1_237' title='bbox 3543 1576 3639 1635; x_wconf 71' lang='lat' dir='ltr'><strong>sed</strong></span> 
     </span>
    </p>
   </div>
   <div class='ocr_carea' id='block_1_33' title="bbox 2055 1664 3640 1738">
    <p class='ocr_par' dir='ltr' id='par_1_33' title="bbox 2055 1664 3640 1738">
     <span class='ocr_line' id='line_1_33' title="bbox 2055 1664 3640 1738; baseline 0.004 -18"><span class='ocrx_word' id='word_1_238' title='bbox 2055 1665 2124 1720; x_wconf 91' lang='lat' dir='ltr'><strong>ad</strong></span> <span class='ocrx_word' id='word_1_239' title='bbox 2173 1667 2423 1736; x_wconf 87' lang='lat' dir='ltr'><strong>pauciora</strong></span> <span class='ocrx_word' id='word_1_240' title='bbox 2480 1674 2534 1721; x_wconf 91' lang='lat' dir='ltr'><strong>et</strong></span> <span class='ocrx_word' id='word_1_241' title='bbox 2581 1664 2961 1722; x_wconf 89' lang='lat' dir='ltr'><strong>determinata.</strong></span> <span class='ocrx_word' id='word_1_242' title='bbox 3010 1666 3318 1723; x_wconf 88' lang='lat' dir='ltr'><strong>Secundum</strong></span> <span class='ocrx_word' id='word_1_243' title='bbox 3372 1668 3640 1738; x_wconf 89' lang='lat' dir='ltr'><strong>singulum</strong></span> 
     </span>
    </p>
   </div>
   <div class='ocr_carea' id='block_1_34' title="bbox 364 1749 1958 1849">
    <p class='ocr_par' dir='ltr' id='par_1_34' title="bbox 364 1777 1948 1849">
     <span class='ocr_line' id='line_1_34' title="bbox 364 1777 1948 1849; baseline -0.001 -14"><span class='ocrx_word' id='word_1_244' title='bbox 364 1795 429 1835; x_wconf 90' lang='lat' dir='ltr'><strong>ea</strong></span> <span class='ocrx_word' id='word_1_245' title='bbox 461 1779 855 1849; x_wconf 86' lang='lat' dir='ltr'><strong>propositione,</strong></span> <span class='ocrx_word' id='word_1_246' title='bbox 888 1778 1055 1832; x_wconf 89' lang='lat' dir='ltr'><strong>altera</strong></span> <span class='ocrx_word' id='word_1_247' title='bbox 1087 1786 1265 1833; x_wconf 91' lang='lat' dir='ltr'><strong>autem</strong></span> <span class='ocrx_word' id='word_1_248' title='bbox 1297 1777 1553 1833; x_wconf 88' lang='lat' dir='ltr'><strong>similiter</strong></span> <span class='ocrx_word' id='word_1_249' title='bbox 1583 1794 1643 1833; x_wconf 92' lang='lat' dir='ltr'><strong>se</strong></span> <span class='ocrx_word' id='word_1_250' title='bbox 1675 1777 1908 1833; x_wconf 88' lang='lat' dir='ltr'><strong>habente</strong></span> <span class='ocrx_word' id='word_1_251' title='bbox 1932 1817 1948 1843; x_wconf 90' lang='lat'><strong>,</strong></span> 
     </span>
    </p>
   </div>
   <div class='ocr_carea' id='block_1_35' title="bbox 2063 1749 3641 1849">
    <p class='ocr_par' dir='ltr' id='par_1_35' title="bbox 2063 1761 3641 1833">
     <span class='ocr_line' id='line_1_35' title="bbox 2063 1761 3641 1833; baseline 0.003 -19"><span class='ocrx_word' id='word_1_252' title='bbox 2063 1768 2237 1816; x_wconf 87' lang='lat' dir='ltr'><strong>autem</strong></span> <span class='ocrx_word' id='word_1_253' title='bbox 2264 1776 2452 1816; x_wconf 92' lang='lat' dir='ltr'><strong>eorum</strong></span> <span class='ocrx_word' id='word_1_254' title='bbox 2494 1774 2613 1832; x_wconf 67' lang='lat' dir='ltr'><strong>qua:</strong></span> <span class='ocrx_word' id='word_1_255' title='bbox 2641 1769 2767 1816; x_wconf 91' lang='lat' dir='ltr'><strong>sunt</strong></span> <span class='ocrx_word' id='word_1_256' title='bbox 2794 1761 3024 1833; x_wconf 76' lang='lat' dir='ltr'><strong>eligere,</strong></span> <span class='ocrx_word' id='word_1_257' title='bbox 3059 1772 3117 1816; x_wconf 91' lang='lat' dir='ltr'><strong>ut</strong></span> <span class='ocrx_word' id='word_1_258' title='bbox 3157 1762 3225 1818; x_wconf 90' lang='lat' dir='ltr'><strong>de</strong></span> <span class='ocrx_word' id='word_1_259' title='bbox 3246 1762 3389 1818; x_wconf 92' lang='lat' dir='ltr'><strong>bono</strong></span> <span class='ocrx_word' id='word_1_260' title='bbox 3415 1772 3506 1817; x_wconf 90' lang='lat' dir='ltr'><strong>aut</strong></span> <span class='ocrx_word' id='word_1_261' title='bbox 3535 1763 3641 1818; x_wconf 55' lang='lat' dir='ltr'><strong>diss</strong></span> 
     </span>
    </p>
   </div>
   <div class='ocr_carea' id='block_1_36' title="bbox 362 1870 1950 1941">
    <p class='ocr_par' dir='ltr' id='par_1_36' title="bbox 362 1870 1950 1941">
     <span class='ocr_line' id='line_1_36' title="bbox 362 1870 1950 1941; baseline 0 -16"><span class='ocrx_word' id='word_1_262' title='bbox 362 1871 667 1926; x_wconf 89' lang='lat' dir='ltr'><strong>ostensivus</strong></span> <span class='ocrx_word' id='word_1_263' title='bbox 712 1870 818 1926; x_wconf 90' lang='lat' dir='ltr'><strong>erit</strong></span> <span class='ocrx_word' id='word_1_264' title='bbox 864 1870 1211 1941; x_wconf 85' lang='lat' dir='ltr'><strong>syllogismus</strong></span> <span class='ocrx_word' id='word_1_265' title='bbox 1257 1885 1353 1940; x_wconf 88' lang='lat' dir='ltr'><strong>per</strong></span> <span class='ocrx_word' id='word_1_266' title='bbox 1400 1870 1618 1926; x_wconf 89' lang='lat' dir='ltr'><strong>eosdem</strong></span> <span class='ocrx_word' id='word_1_267' title='bbox 1667 1870 1950 1926; x_wconf 90' lang='lat' dir='ltr'><strong>terminos.</strong></span> 
     </span>
    </p>
   </div>
   <div class='ocr_carea' id='block_1_37' title="bbox 368 1957 1950 2034">
    <p class='ocr_par' dir='ltr' id='par_1_37' title="bbox 368 1957 1950 2034">
     <span class='ocr_line' id='line_1_37' title="bbox 368 1957 1950 2034; baseline -0.001 -14"><span class='ocrx_word' id='word_1_268' title='bbox 368 1957 568 2020; x_wconf 81' lang='lat' dir='ltr'><strong>Diﬂ‘ert</strong></span> <span class='ocrx_word' id='word_1_269' title='bbox 599 1972 775 2020; x_wconf 85' lang='lat' dir='ltr'><strong>autem</strong></span> <span class='ocrx_word' id='word_1_270' title='bbox 815 1963 1117 2019; x_wconf 86' lang='lat' dir='ltr'><strong>ostensivus</strong></span> <span class='ocrx_word' id='word_1_271' title='bbox 1151 1964 1220 2017; x_wconf 89' lang='lat' dir='ltr'><strong>ab</strong></span> <span class='ocrx_word' id='word_1_272' title='bbox 1262 1978 1328 2018; x_wconf 90' lang='lat' dir='ltr'><strong>eo</strong></span> <span class='ocrx_word' id='word_1_273' title='bbox 1358 1963 1448 2033; x_wconf 88' lang='lat' dir='ltr'><strong>qui</strong></span> <span class='ocrx_word' id='word_1_274' title='bbox 1478 1963 1543 2018; x_wconf 93' lang='lat' dir='ltr'><strong>ad</strong></span> <span class='ocrx_word' id='word_1_275' title='bbox 1576 1962 1908 2034; x_wconf 88' lang='lat' dir='ltr'><strong>impossibile</strong></span> <span class='ocrx_word' id='word_1_276' title='bbox 1932 2002 1950 2030; x_wconf 94' lang='lat'><strong>,</strong></span> 
     </span>
    </p>
   </div>
   <div class='ocr_carea' id='block_1_38' title="bbox 362 2054 1953 2128">
    <p class='ocr_par' dir='ltr' id='par_1_38' title="bbox 362 2054 1953 2128">
     <span class='ocr_line' id='line_1_38' title="bbox 362 2054 1953 2128; baseline -0.002 -16"><span class='ocrx_word' id='word_1_277' title='bbox 362 2057 619 2128; x_wconf 86' lang='lat' dir='ltr'><strong>quoniam</strong></span> <span class='ocrx_word' id='word_1_278' title='bbox 668 2056 721 2110; x_wconf 94' lang='lat' dir='ltr'><strong>in</strong></span> <span class='ocrx_word' id='word_1_279' title='bbox 778 2055 1055 2110; x_wconf 87' lang='lat' dir='ltr'><strong>ostensivo</strong></span> <span class='ocrx_word' id='word_1_280' title='bbox 1103 2054 1401 2112; x_wconf 88' lang='lat' dir='ltr'><strong>secundum</strong></span> <span class='ocrx_word' id='word_1_281' title='bbox 1449 2056 1727 2110; x_wconf 80' lang='lat' dir='ltr'><strong>veritatem</strong></span> <span class='ocrx_word' id='word_1_282' title='bbox 1778 2054 1953 2110; x_wconf 65' lang='lat' dir='ltr'><strong>amba</strong></span> 
     </span>
    </p>
   </div>
   <div class='ocr_carea' id='block_1_39' title="bbox 364 2151 1955 2222">
    <p class='ocr_par' dir='ltr' id='par_1_39' title="bbox 364 2151 1955 2222">
     <span class='ocr_line' id='line_1_39' title="bbox 364 2151 1955 2222; baseline -0.001 -15"><span class='ocrx_word' id='word_1_283' title='bbox 364 2152 765 2222; x_wconf 82' lang='lat' dir='ltr'><strong>propositiones</strong></span> <span class='ocrx_word' id='word_1_284' title='bbox 793 2160 1088 2221; x_wconf 92' lang='lat' dir='ltr'><strong>ponuntur,</strong></span> <span class='ocrx_word' id='word_1_285' title='bbox 1119 2152 1169 2205; x_wconf 90' lang='lat' dir='ltr'><strong>in</strong></span> <span class='ocrx_word' id='word_1_286' title='bbox 1207 2166 1272 2206; x_wconf 92' lang='lat' dir='ltr'><strong>eo</strong></span> <span class='ocrx_word' id='word_1_287' title='bbox 1298 2161 1476 2207; x_wconf 88' lang='lat' dir='ltr'><strong>autem</strong></span> <span class='ocrx_word' id='word_1_288' title='bbox 1508 2152 1598 2222; x_wconf 90' lang='lat' dir='ltr'><strong>qui</strong></span> <span class='ocrx_word' id='word_1_289' title='bbox 1640 2151 1705 2206; x_wconf 91' lang='lat' dir='ltr'><strong>ad</strong></span> <span class='ocrx_word' id='word_1_290' title='bbox 1752 2151 1955 2222; x_wconf 81' lang='lat' dir='ltr'><strong>impos-</strong></span> 
     </span>
    </p>
   </div>
   <div class='ocr_carea' id='block_1_40' title="bbox 366 2242 1951 2316">
    <p class='ocr_par' dir='ltr' id='par_1_40' title="bbox 366 2242 1951 2316">
     <span class='ocr_line' id='line_1_40' title="bbox 366 2242 1951 2316; baseline 0.001 -18"><span class='ocrx_word' id='word_1_291' title='bbox 366 2243 549 2307; x_wconf 90' lang='lat' dir='ltr'><strong>sibile,</strong></span> <span class='ocrx_word' id='word_1_292' title='bbox 582 2242 716 2298; x_wconf 79' lang='lat' dir='ltr'><strong>falsa</strong></span> <span class='ocrx_word' id='word_1_293' title='bbox 744 2258 870 2299; x_wconf 90' lang='lat' dir='ltr'><strong>una.</strong></span> <span class='ocrx_word' id='word_1_294' title='bbox 908 2244 1033 2298; x_wconf 66' lang='lat' dir='ltr'><strong>Haec</strong></span> <span class='ocrx_word' id='word_1_295' title='bbox 1077 2258 1208 2299; x_wconf 88' lang='lat' dir='ltr'><strong>vero</strong></span> <span class='ocrx_word' id='word_1_296' title='bbox 1251 2253 1411 2300; x_wconf 87' lang='lat' dir='ltr'><strong>erunt</strong></span> <span class='ocrx_word' id='word_1_297' title='bbox 1452 2245 1623 2316; x_wconf 89' lang='lat' dir='ltr'><strong>magis</strong></span> <span class='ocrx_word' id='word_1_298' title='bbox 1668 2246 1951 2301; x_wconf 79' lang='lat' dir='ltr'><strong>manifesta</strong></span> 
     </span>
    </p>
   </div>
   <div class='ocr_carea' id='block_1_41' title="bbox 369 2333 1997 2406">
    <p class='ocr_par' dir='ltr' id='par_1_41' title="bbox 369 2333 1997 2406">
     <span class='ocr_line' id='line_1_41' title="bbox 369 2333 1997 2406; baseline 0.003 -17"><span class='ocrx_word' id='word_1_299' title='bbox 369 2350 463 2406; x_wconf 90' lang='lat' dir='ltr'><strong>per</strong></span> <span class='ocrx_word' id='word_1_300' title='bbox 488 2334 769 2406; x_wconf 88' lang='lat' dir='ltr'><strong>sequentia</strong></span> <span class='ocrx_word' id='word_1_301' title='bbox 798 2333 1017 2405; x_wconf 89' lang='lat' dir='ltr'><strong>quando</strong></span> <span class='ocrx_word' id='word_1_302' title='bbox 1046 2334 1115 2389; x_wconf 91' lang='lat' dir='ltr'><strong>de</strong></span> <span class='ocrx_word' id='word_1_303' title='bbox 1142 2335 1462 2405; x_wconf 87' lang='lat' dir='ltr'><strong>impossibili</strong></span> <span class='ocrx_word' id='word_1_304' title='bbox 1492 2336 1736 2393; x_wconf 88' lang='lat' dir='ltr'><strong>dicemus</strong></span> <span class='ocrx_word' id='word_1_305' title='bbox 1762 2352 1777 2401; x_wconf 93' lang='lat'><strong>;</strong></span> <span class='ocrx_word' id='word_1_306' title='bbox 1812 2352 1954 2394; x_wconf 89' lang='lat' dir='ltr'><strong>nunc</strong></span> <span class='ocrx_word' id='word_1_307' title='bbox 1986 2344 1997 2351; x_wconf 70' lang='lat'><strong>‘</strong></span> 
     </span>
    </p>
   </div>
   <div class='ocr_carea' id='block_1_42' title="bbox 367 2425 1954 2501">
    <p class='ocr_par' dir='ltr' id='par_1_42' title="bbox 367 2425 1954 2501">
     <span class='ocr_line' id='line_1_42' title="bbox 367 2425 1954 2501; baseline 0.001 -20"><span class='ocrx_word' id='word_1_308' title='bbox 367 2434 542 2482; x_wconf 88' lang='lat' dir='ltr'><strong>autem</strong></span> <span class='ocrx_word' id='word_1_309' title='bbox 573 2435 775 2481; x_wconf 90' lang='lat' dir='ltr'><strong>tantum</strong></span> <span class='ocrx_word' id='word_1_310' title='bbox 805 2425 962 2501; x_wconf 85' lang='lat' dir='ltr'><strong>nobis</strong></span> <span class='ocrx_word' id='word_1_311' title='bbox 988 2425 1059 2481; x_wconf 88' lang='lat' dir='ltr'><strong>sit</strong></span> <span class='ocrx_word' id='word_1_312' title='bbox 1086 2425 1433 2489; x_wconf 81' lang='lat' dir='ltr'><strong>manifestus,</strong></span> <span class='ocrx_word' id='word_1_313' title='bbox 1463 2427 1717 2497; x_wconf 90' lang='lat' dir='ltr'><strong>quoniam</strong></span> <span class='ocrx_word' id='word_1_314' title='bbox 1740 2428 1807 2482; x_wconf 92' lang='lat' dir='ltr'><strong>ad</strong></span> <span class='ocrx_word' id='word_1_315' title='bbox 1838 2427 1954 2484; x_wconf 75' lang='lat' dir='ltr'><strong>htec</strong></span> 
     </span>
    </p>
   </div>
   <div class='ocr_carea' id='block_1_43' title="bbox 369 2518 1952 2591">
    <p class='ocr_par' dir='ltr' id='par_1_43' title="bbox 369 2518 1952 2591">
     <span class='ocr_line' id='line_1_43' title="bbox 369 2518 1952 2591; baseline 0.001 -17"><span class='ocrx_word' id='word_1_316' title='bbox 369 2518 795 2590; x_wconf 84' lang='lat' dir='ltr'><strong>perspiciendum</strong></span> <span class='ocrx_word' id='word_1_317' title='bbox 815 2558 831 2582; x_wconf 91' lang='lat'><strong>,</strong></span> <span class='ocrx_word' id='word_1_318' title='bbox 860 2527 915 2573; x_wconf 89' lang='lat' dir='ltr'><strong>et</strong></span> <span class='ocrx_word' id='word_1_319' title='bbox 952 2520 1229 2575; x_wconf 89' lang='lat' dir='ltr'><strong>ostensive</strong></span> <span class='ocrx_word' id='word_1_320' title='bbox 1256 2518 1568 2576; x_wconf 86' lang='lat' dir='ltr'><strong>volentibus</strong></span> <span class='ocrx_word' id='word_1_321' title='bbox 1598 2519 1952 2591; x_wconf 83' lang='lat' dir='ltr'><strong>syllogizare,</strong></span> 
     </span>
    </p>
   </div>
   <div class='ocr_carea' id='block_1_44' title="bbox 268 2611 1199 2682">
    <p class='ocr_par' dir='ltr' id='par_1_44' title="bbox 268 2611 1199 2682">
     <span class='ocr_line' id='line_1_44' title="bbox 268 2611 1199 2682; baseline 0.009 -22"><span class='ocrx_word' id='word_1_322' title='bbox 268 2651 276 2660; x_wconf 94' lang='lat'><strong>.</strong></span> <span class='ocrx_word' id='word_1_323' title='bbox 370 2621 423 2667; x_wconf 90' lang='lat' dir='ltr'><strong>et</strong></span> <span class='ocrx_word' id='word_1_324' title='bbox 451 2611 517 2666; x_wconf 88' lang='lat' dir='ltr'><strong>ad</strong></span> <span class='ocrx_word' id='word_1_325' title='bbox 545 2611 880 2682; x_wconf 89' lang='lat' dir='ltr'><strong>impossibile</strong></span> <span class='ocrx_word' id='word_1_326' title='bbox 909 2611 1199 2668; x_wconf 88' lang='lat' dir='ltr'><strong>deducere.</strong></span> 
     </span>
    </p>
   </div>
   <div class='ocr_carea' id='block_1_45' title="bbox 438 2713 1951 2787">
    <p class='ocr_par' dir='ltr' id='par_1_45' title="bbox 438 2713 1951 2787">
     <span class='ocr_line' id='line_1_45' title="bbox 438 2713 1951 2787; baseline 0 -19"><span class='ocrx_word' id='word_1_327' title='bbox 438 2713 497 2768; x_wconf 91' lang='lat' dir='ltr'><strong>In</strong></span> <span class='ocrx_word' id='word_1_328' title='bbox 526 2714 648 2770; x_wconf 90' lang='lat' dir='ltr'><strong>aliis</strong></span> <span class='ocrx_word' id='word_1_329' title='bbox 676 2721 853 2769; x_wconf 89' lang='lat' dir='ltr'><strong>autem</strong></span> <span class='ocrx_word' id='word_1_330' title='bbox 892 2714 1219 2786; x_wconf 86' lang='lat' dir='ltr'><strong>syllogismis</strong></span> <span class='ocrx_word' id='word_1_331' title='bbox 1247 2714 1553 2785; x_wconf 90' lang='lat' dir='ltr'><strong>quicunque</strong></span> <span class='ocrx_word' id='word_1_332' title='bbox 1597 2723 1727 2770; x_wconf 85' lang='lat' dir='ltr'><strong>sunt</strong></span> <span class='ocrx_word' id='word_1_333' title='bbox 1751 2731 1817 2771; x_wconf 85' lang='lat' dir='ltr'><strong>ex</strong></span> <span class='ocrx_word' id='word_1_334' title='bbox 1849 2718 1951 2787; x_wconf 79' lang='lat' dir='ltr'><strong>Ity-</strong></span> 
     </span>
    </p>
   </div>
   <div class='ocr_carea' id='block_1_46' title="bbox 369 2804 1951 2878">
    <p class='ocr_par' dir='ltr' id='par_1_46' title="bbox 369 2804 1951 2878">
     <span class='ocr_line' id='line_1_46' title="bbox 369 2804 1951 2878; baseline 0.003 -18"><span class='ocrx_word' id='word_1_335' title='bbox 369 2804 611 2877; x_wconf 89' lang='lat' dir='ltr'><strong>potbesi,</strong></span> <span class='ocrx_word' id='word_1_336' title='bbox 645 2813 704 2860; x_wconf 91' lang='lat' dir='ltr'><strong>ut</strong></span> <span class='ocrx_word' id='word_1_337' title='bbox 737 2805 1042 2876; x_wconf 90' lang='lat' dir='ltr'><strong>quicunque</strong></span> <span class='ocrx_word' id='word_1_338' title='bbox 1082 2805 1377 2862; x_wconf 88' lang='lat' dir='ltr'><strong>secundum</strong></span> <span class='ocrx_word' id='word_1_339' title='bbox 1421 2808 1951 2878; x_wconf 87' lang='lat' dir='ltr'><strong>transsumptionem,</strong></span> 
     </span>
    </p>
   </div>
   <div class='ocr_carea' id='block_1_47' title="bbox 370 2896 1959 2972">
    <p class='ocr_par' dir='ltr' id='par_1_47' title="bbox 370 2896 1959 2972">
     <span class='ocr_line' id='line_1_47' title="bbox 370 2896 1959 2972; baseline 0.004 -21"><span class='ocrx_word' id='word_1_340' title='bbox 370 2905 461 2952; x_wconf 89' lang='lat' dir='ltr'><strong>aut</strong></span> <span class='ocrx_word' id='word_1_341' title='bbox 486 2897 780 2954; x_wconf 89' lang='lat' dir='ltr'><strong>secundum</strong></span> <span class='ocrx_word' id='word_1_342' title='bbox 811 2896 1126 2967; x_wconf 87' lang='lat' dir='ltr'><strong>qualitatem</strong></span> <span class='ocrx_word' id='word_1_343' title='bbox 1157 2897 1213 2954; x_wconf 88' lang='lat' dir='ltr'><strong>in</strong></span> <span class='ocrx_word' id='word_1_344' title='bbox 1230 2898 1513 2972; x_wconf 73' lang='lat' dir='ltr'><strong>subjectis,</strong></span> <span class='ocrx_word' id='word_1_345' title='bbox 1544 2915 1650 2955; x_wconf 92' lang='lat' dir='ltr'><strong>non</strong></span> <span class='ocrx_word' id='word_1_346' title='bbox 1678 2901 1733 2956; x_wconf 90' lang='lat' dir='ltr'><strong>in</strong></span> <span class='ocrx_word' id='word_1_347' title='bbox 1766 2901 1959 2971; x_wconf 84' lang='lat' dir='ltr'><strong>priori-</strong></span> 
     </span>
    </p>
   </div>
   <div class='ocr_carea' id='block_1_48' title="bbox 371 2990 1960 3064">
    <p class='ocr_par' dir='ltr' id='par_1_48' title="bbox 371 2990 1960 3064">
     <span class='ocr_line' id='line_1_48' title="bbox 371 2990 1960 3064; baseline 0.003 -17"><span class='ocrx_word' id='word_1_348' title='bbox 371 2990 495 3059; x_wconf 86' lang='lat' dir='ltr'><strong>bus,</strong></span> <span class='ocrx_word' id='word_1_349' title='bbox 539 2992 633 3048; x_wconf 85' lang='lat' dir='ltr'><strong>sed</strong></span> <span class='ocrx_word' id='word_1_350' title='bbox 664 2993 719 3047; x_wconf 91' lang='lat' dir='ltr'><strong>in</strong></span> <span class='ocrx_word' id='word_1_351' title='bbox 766 2992 1145 3064; x_wconf 85' lang='lat' dir='ltr'><strong>transsumptis</strong></span> <span class='ocrx_word' id='word_1_352' title='bbox 1192 2993 1296 3049; x_wconf 88' lang='lat' dir='ltr'><strong>erit</strong></span> <span class='ocrx_word' id='word_1_353' title='bbox 1336 2994 1717 3062; x_wconf 85' lang='lat' dir='ltr'><strong>consideratio,</strong></span> <span class='ocrx_word' id='word_1_354' title='bbox 1768 2994 1960 3051; x_wconf 88' lang='lat' dir='ltr'><strong>modus</strong></span> 
     </span>
    </p>
   </div>
   <div class='ocr_carea' id='block_1_49' title="bbox 372 3086 1957 3159">
    <p class='ocr_par' dir='ltr' id='par_1_49' title="bbox 372 3086 1957 3159">
     <span class='ocr_line' id='line_1_49' title="bbox 372 3086 1957 3159; baseline 0.003 -20"><span class='ocrx_word' id='word_1_355' title='bbox 372 3093 549 3140; x_wconf 83' lang='lat' dir='ltr'><strong>autem</strong></span> <span class='ocrx_word' id='word_1_356' title='bbox 578 3086 925 3155; x_wconf 88' lang='lat' dir='ltr'><strong>inspectionis</strong></span> <span class='ocrx_word' id='word_1_357' title='bbox 948 3086 1122 3142; x_wconf 89' lang='lat' dir='ltr'><strong>idem:</strong></span> <span class='ocrx_word' id='word_1_358' title='bbox 1147 3088 1497 3145; x_wconf 85' lang='lat' dir='ltr'><strong>considerare</strong></span> <span class='ocrx_word' id='word_1_359' title='bbox 1516 3097 1695 3144; x_wconf 92' lang='lat' dir='ltr'><strong>autem</strong></span> <span class='ocrx_word' id='word_1_360' title='bbox 1722 3099 1957 3159; x_wconf 89' lang='lat' dir='ltr'><strong>oportet,</strong></span> 
     </span>
    </p>
   </div>
   <div class='ocr_carea' id='block_1_50' title="bbox 372 3176 1962 3252">
    <p class='ocr_par' dir='ltr' id='par_1_50' title="bbox 372 3176 1962 3252">
     <span class='ocr_line' id='line_1_50' title="bbox 372 3176 1962 3252; baseline 0.002 -19"><span class='ocrx_word' id='word_1_361' title='bbox 372 3184 427 3233; x_wconf 87' lang='lat' dir='ltr'><strong>et</strong></span> <span class='ocrx_word' id='word_1_362' title='bbox 452 3176 693 3234; x_wconf 81' lang='lat' dir='ltr'><strong>dividere</strong></span> <span class='ocrx_word' id='word_1_363' title='bbox 721 3186 854 3249; x_wconf 91' lang='lat' dir='ltr'><strong>quot</strong></span> <span class='ocrx_word' id='word_1_364' title='bbox 880 3178 1055 3234; x_wconf 91' lang='lat' dir='ltr'><strong>modis</strong></span> <span class='ocrx_word' id='word_1_365' title='bbox 1084 3190 1210 3235; x_wconf 89' lang='lat' dir='ltr'><strong>sunt</strong></span> <span class='ocrx_word' id='word_1_366' title='bbox 1238 3194 1303 3236; x_wconf 81' lang='lat' dir='ltr'><strong>ex</strong></span> <span class='ocrx_word' id='word_1_367' title='bbox 1352 3179 1661 3252; x_wconf 86' lang='lat' dir='ltr'><strong>bypothesi,</strong></span> <span class='ocrx_word' id='word_1_368' title='bbox 1694 3190 1962 3236; x_wconf 88' lang='lat' dir='ltr'><strong>monstra-</strong></span> 
     </span>
    </p>
   </div>
   <div class='ocr_carea' id='block_1_51' title="bbox 374 3268 1960 3340">
    <p class='ocr_par' dir='ltr' id='par_1_51' title="bbox 374 3268 1960 3340">
     <span class='ocr_line' id='line_1_51' title="bbox 374 3268 1960 3340; baseline 0.003 -19"><span class='ocrx_word' id='word_1_369' title='bbox 374 3274 459 3321; x_wconf 90' lang='lat' dir='ltr'><strong>tur</strong></span> <span class='ocrx_word' id='word_1_370' title='bbox 482 3281 612 3338; x_wconf 88' lang='lat' dir='ltr'><strong>crgo</strong></span> <span class='ocrx_word' id='word_1_371' title='bbox 642 3268 1060 3338; x_wconf 87' lang='lat' dir='ltr'><strong>unumquodque</strong></span> <span class='ocrx_word' id='word_1_372' title='bbox 1088 3271 1483 3340; x_wconf 90' lang='lat' dir='ltr'><strong>propositorum</strong></span> <span class='ocrx_word' id='word_1_373' title='bbox 1513 3270 1613 3326; x_wconf 89' lang='lat' dir='ltr'><strong>sic.</strong></span> <span class='ocrx_word' id='word_1_374' title='bbox 1644 3271 1738 3326; x_wconf 84' lang='lat' dir='ltr'><strong>Est</strong></span> <span class='ocrx_word' id='word_1_375' title='bbox 1781 3281 1960 3327; x_wconf 90' lang='lat' dir='ltr'><strong>autem</strong></span> 
     </span>
    </p>
   </div>
   <div class='ocr_carea' id='block_1_52' title="bbox 373 3453 1963 3527">
    <p class='ocr_par' dir='ltr' id='par_1_52' title="bbox 373 3453 1963 3527">
     <span class='ocr_line' id='line_1_52' title="bbox 373 3453 1963 3527; baseline 0.003 -19"><span class='ocrx_word' id='word_1_376' title='bbox 373 3453 502 3508; x_wconf 84' lang='lat' dir='ltr'><strong>salia</strong></span> <span class='ocrx_word' id='word_1_377' title='bbox 536 3468 629 3523; x_wconf 92' lang='lat' dir='ltr'><strong>per</strong></span> <span class='ocrx_word' id='word_1_378' title='bbox 656 3454 1032 3523; x_wconf 88' lang='lat' dir='ltr'><strong>particularem</strong></span> <span class='ocrx_word' id='word_1_379' title='bbox 1059 3455 1446 3526; x_wconf 86' lang='lat' dir='ltr'><strong>inspectionem</strong></span> <span class='ocrx_word' id='word_1_380' title='bbox 1475 3471 1542 3511; x_wconf 82' lang='lat' dir='ltr'><strong>ex</strong></span> <span class='ocrx_word' id='word_1_381' title='bbox 1577 3456 1880 3527; x_wconf 78' lang='lat' dir='ltr'><strong>Itypotbesi.</strong></span> <span class='ocrx_word' id='word_1_382' title='bbox 1905 3456 1963 3513; x_wconf 93' lang='lat' dir='ltr'><strong>Si</strong></span> 
     </span>
    </p>
   </div>
   <div class='ocr_carea' id='block_1_53' title="bbox 373 3548 1966 3621">
    <p class='ocr_par' dir='ltr' id='par_1_53' title="bbox 373 3548 1966 3621">
     <span class='ocr_line' id='line_1_53' title="bbox 373 3548 1966 3621; baseline 0.002 -18"><span class='ocrx_word' id='word_1_383' title='bbox 373 3548 515 3603; x_wconf 93' lang='lat' dir='ltr'><strong>enim</strong></span> <span class='ocrx_word' id='word_1_384' title='bbox 546 3564 575 3603; x_wconf 72' lang='grc' dir='ltr'><em>ε</em></span> <span class='ocrx_word' id='word_1_385' title='bbox 610 3557 665 3604; x_wconf 89' lang='lat' dir='ltr'><strong>et</strong></span> <span class='ocrx_word' id='word_1_386' title='bbox 692 3567 724 3619; x_wconf 84' lang='lat' dir='ltr'><strong>g</strong></span> <span class='ocrx_word' id='word_1_387' title='bbox 754 3548 941 3605; x_wconf 88' lang='lat' dir='ltr'><strong>eadem</strong></span> <span class='ocrx_word' id='word_1_388' title='bbox 985 3550 1113 3617; x_wconf 91' lang='lat' dir='ltr'><strong>sint,</strong></span> <span class='ocrx_word' id='word_1_389' title='bbox 1163 3552 1337 3605; x_wconf 92' lang='lat' dir='ltr'><strong>solum</strong></span> <span class='ocrx_word' id='word_1_390' title='bbox 1367 3568 1401 3621; x_wconf 85' lang='lat' dir='ltr'><strong><em>g</em></strong></span> <span class='ocrx_word' id='word_1_391' title='bbox 1452 3559 1632 3606; x_wconf 87' lang='lat' dir='ltr'><strong>autem</strong></span> <span class='ocrx_word' id='word_1_392' title='bbox 1674 3559 1966 3607; x_wconf 61' lang='lat' dir='ltr'><strong>sumatur:</strong></span> 
     </span>
    </p>
   </div>
   <div class='ocr_carea' id='block_1_54' title="bbox 373 3641 1962 3717">
    <p class='ocr_par' dir='ltr' id='par_1_54' title="bbox 373 3641 1962 3717">
     <span class='ocr_line' id='line_1_54' title="bbox 373 3641 1962 3717; baseline 0.003 -20"><span class='ocrx_word' id='word_1_393' title='bbox 373 3641 573 3709; x_wconf 90' lang='lat' dir='ltr'><strong>inesse,</strong></span> <span class='ocrx_word' id='word_1_394' title='bbox 603 3642 750 3698; x_wconf 90' lang='lat' dir='ltr'><strong>omni</strong></span> <span class='ocrx_word' id='word_1_395' title='bbox 776 3659 804 3698; x_wconf 82' lang='lat' dir='ltr'><strong>e</strong></span> <span class='ocrx_word' id='word_1_396' title='bbox 832 3642 991 3699; x_wconf 89' lang='lat' dir='ltr'><strong>inerit</strong></span> <span class='ocrx_word' id='word_1_397' title='bbox 1015 3660 1069 3711; x_wconf 88' lang='lat' dir='ltr'><strong>a,</strong></span> <span class='ocrx_word' id='word_1_398' title='bbox 1100 3651 1156 3698; x_wconf 89' lang='lat' dir='ltr'><strong>et</strong></span> <span class='ocrx_word' id='word_1_399' title='bbox 1183 3659 1397 3700; x_wconf 89' lang='lat' dir='ltr'><strong>rursum</strong></span> <span class='ocrx_word' id='word_1_400' title='bbox 1432 3647 1477 3700; x_wconf 90' lang='lat' dir='ltr'><strong>si</strong></span> <span class='ocrx_word' id='word_1_401' title='bbox 1517 3664 1549 3717; x_wconf 88' lang='lat' dir='ltr'><strong>g</strong></span> <span class='ocrx_word' id='word_1_402' title='bbox 1589 3655 1644 3702; x_wconf 90' lang='lat' dir='ltr'><strong>et</strong></span> <span class='ocrx_word' id='word_1_403' title='bbox 1689 3646 1723 3699; x_wconf 78' lang='grc' dir='ltr'>ά</span> <span class='ocrx_word' id='word_1_404' title='bbox 1750 3646 1962 3712; x_wconf 90' lang='lat' dir='ltr'><strong>eadem,</strong></span> 
     </span>
    </p>
   </div>
   <div class='ocr_carea' id='block_1_55' title="bbox 372 3734 1967 3808">
    <p class='ocr_par' dir='ltr' id='par_1_55' title="bbox 372 3734 1967 3808">
     <span class='ocr_line' id='line_1_55' title="bbox 372 3734 1967 3808; baseline 0.004 -19"><span class='ocrx_word' id='word_1_405' title='bbox 372 3734 548 3790; x_wconf 87' lang='lat' dir='ltr'><strong>solum</strong></span> <span class='ocrx_word' id='word_1_406' title='bbox 598 3742 776 3790; x_wconf 88' lang='lat' dir='ltr'><strong>autem</strong></span> <span class='ocrx_word' id='word_1_407' title='bbox 830 3734 897 3791; x_wconf 87' lang='lat' dir='ltr'><strong>de</strong></span> <span class='ocrx_word' id='word_1_408' title='bbox 955 3753 987 3806; x_wconf 89' lang='lat' dir='ltr'><strong>g</strong></span> <span class='ocrx_word' id='word_1_409' title='bbox 1028 3736 1348 3805; x_wconf 64' lang='lat' dir='ltr'><strong>praedicetur</strong></span> <span class='ocrx_word' id='word_1_410' title='bbox 1376 3753 1423 3803; x_wconf 83' lang='lat' dir='ltr'><strong>e,</strong></span> <span class='ocrx_word' id='word_1_411' title='bbox 1473 3738 1725 3808; x_wconf 87' lang='lat' dir='ltr'><strong>quoniam</strong></span> <span class='ocrx_word' id='word_1_412' title='bbox 1768 3740 1899 3795; x_wconf 90' lang='lat' dir='ltr'><strong>nulli</strong></span> <span class='ocrx_word' id='word_1_413' title='bbox 1939 3758 1967 3795; x_wconf 84' lang='lat' dir='ltr'><strong>e</strong></span> 
     </span>
    </p>
   </div>
   <div class='ocr_carea' id='block_1_56' title="bbox 372 3832 1962 3906">
    <p class='ocr_par' dir='ltr' id='par_1_56' title="bbox 372 3832 1962 3906">
     <span class='ocr_line' id='line_1_56' title="bbox 372 3832 1962 3906; baseline 0.002 -17"><span class='ocrx_word' id='word_1_414' title='bbox 372 3832 536 3889; x_wconf 87' lang='lat' dir='ltr'><strong>inerit</strong></span> <span class='ocrx_word' id='word_1_415' title='bbox 555 3849 609 3899; x_wconf 84' lang='grc' dir='ltr'><strong>α,</strong></span> <span class='ocrx_word' id='word_1_416' title='bbox 642 3832 983 3887; x_wconf 82' lang='lat' dir='ltr'><strong>manifestum</strong></span> <span class='ocrx_word' id='word_1_417' title='bbox 1005 3847 1135 3902; x_wconf 85' lang='lat' dir='ltr'><strong>ergo</strong></span> <span class='ocrx_word' id='word_1_418' title='bbox 1164 3834 1416 3903; x_wconf 89' lang='lat' dir='ltr'><strong>quoniam</strong></span> <span class='ocrx_word' id='word_1_419' title='bbox 1444 3834 1525 3890; x_wconf 84' lang='lat' dir='ltr'><strong>sic</strong></span> <span class='ocrx_word' id='word_1_420' title='bbox 1550 3835 1962 3906; x_wconf 87' lang='lat' dir='ltr'><strong>inspiciendum.</strong></span> 
     </span>
    </p>
   </div>
   <div class='ocr_carea' id='block_1_57' title="bbox 377 3928 1967 3993">
    <p class='ocr_par' dir='ltr' id='par_1_57' title="bbox 377 3928 1967 3993">
     <span class='ocr_line' id='line_1_57' title="bbox 377 3928 1967 3993; baseline 0 -8"><span class='ocrx_word' id='word_1_421' title='bbox 377 3930 581 3986; x_wconf 82' lang='lat' dir='ltr'><strong>Eodem</strong></span> <span class='ocrx_word' id='word_1_422' title='bbox 611 3936 791 3984; x_wconf 90' lang='lat' dir='ltr'><strong>autem</strong></span> <span class='ocrx_word' id='word_1_423' title='bbox 823 3928 984 3983; x_wconf 89' lang='lat' dir='ltr'><strong>modo</strong></span> <span class='ocrx_word' id='word_1_424' title='bbox 1012 3937 1066 3982; x_wconf 90' lang='lat' dir='ltr'><strong>et</strong></span> <span class='ocrx_word' id='word_1_425' title='bbox 1094 3929 1148 3983; x_wconf 89' lang='lat' dir='ltr'><strong>in</strong></span> <span class='ocrx_word' id='word_1_426' title='bbox 1195 3928 1540 3993; x_wconf 85' lang='lat' dir='ltr'><strong>necessariis,</strong></span> <span class='ocrx_word' id='word_1_427' title='bbox 1573 3939 1627 3983; x_wconf 90' lang='lat' dir='ltr'><strong>et</strong></span> <span class='ocrx_word' id='word_1_428' title='bbox 1664 3929 1716 3983; x_wconf 90' lang='lat' dir='ltr'><strong>iu</strong></span> <span class='ocrx_word' id='word_1_429' title='bbox 1756 3932 1967 3985; x_wconf 84' lang='lat' dir='ltr'><strong>contin-</strong></span> 
     </span>
    </p>
   </div>
   <div class='ocr_carea' id='block_1_58' title="bbox 377 4021 1965 4094">
    <p class='ocr_par' dir='ltr' id='par_1_58' title="bbox 377 4021 1965 4094">
     <span class='ocr_line' id='line_1_58' title="bbox 377 4021 1965 4094; baseline 0.003 -17"><span class='ocrx_word' id='word_1_430' title='bbox 377 4022 665 4094; x_wconf 83' lang='lat' dir='ltr'><strong>gentibus,</strong></span> <span class='ocrx_word' id='word_1_431' title='bbox 701 4038 823 4077; x_wconf 88' lang='lat' dir='ltr'><strong>nam</strong></span> <span class='ocrx_word' id='word_1_432' title='bbox 856 4022 1042 4077; x_wconf 90' lang='lat' dir='ltr'><strong>eadem</strong></span> <span class='ocrx_word' id='word_1_433' title='bbox 1091 4021 1472 4092; x_wconf 82' lang='lat' dir='ltr'><strong>consideratio,</strong></span> <span class='ocrx_word' id='word_1_434' title='bbox 1522 4034 1577 4079; x_wconf 91' lang='lat' dir='ltr'><strong>et</strong></span> <span class='ocrx_word' id='word_1_435' title='bbox 1607 4039 1701 4094; x_wconf 90' lang='lat' dir='ltr'><strong>per</strong></span> <span class='ocrx_word' id='word_1_436' title='bbox 1748 4030 1965 4081; x_wconf 88' lang='lat' dir='ltr'><strong>eosdem</strong></span> 
     </span>
    </p>
   </div>
   <div class='ocr_carea' id='block_1_59' title="bbox 374 4117 1968 4188">
    <p class='ocr_par' dir='ltr' id='par_1_59' title="bbox 374 4117 1968 4188">
     <span class='ocr_line' id='line_1_59' title="bbox 374 4117 1968 4188; baseline 0.001 -15"><span class='ocrx_word' id='word_1_437' title='bbox 374 4118 641 4173; x_wconf 80' lang='lat' dir='ltr'><strong>terminos</strong></span> <span class='ocrx_word' id='word_1_438' title='bbox 681 4118 803 4179; x_wconf 89' lang='lat' dir='ltr'><strong>erit.</strong></span> <span class='ocrx_word' id='word_1_439' title='bbox 834 4118 1133 4185; x_wconf 88' lang='lat' dir='ltr'><strong>eodemque</strong></span> <span class='ocrx_word' id='word_1_440' title='bbox 1175 4117 1364 4173; x_wconf 88' lang='lat' dir='ltr'><strong>ordine</strong></span> <span class='ocrx_word' id='word_1_441' title='bbox 1416 4127 1469 4173; x_wconf 92' lang='lat' dir='ltr'><strong>et</strong></span> <span class='ocrx_word' id='word_1_442' title='bbox 1498 4119 1885 4188; x_wconf 85' lang='lat' dir='ltr'><strong>contingentis,</strong></span> <span class='ocrx_word' id='word_1_443' title='bbox 1914 4127 1968 4175; x_wconf 91' lang='lat' dir='ltr'><strong>et</strong></span> 
     </span>
    </p>
   </div>
   <div class='ocr_carea' id='block_1_60' title="bbox 380 4198 1968 4279">
    <p class='ocr_par' dir='ltr' id='par_1_60' title="bbox 380 4198 1968 4279">
     <span class='ocr_line' id='line_1_60' title="bbox 380 4198 1968 4279; baseline 0.002 -16"><span class='ocrx_word' id='word_1_444' title='bbox 380 4208 559 4264; x_wconf 75' lang='lat' dir='ltr'><strong>inesse</strong></span> <span class='ocrx_word' id='word_1_445' title='bbox 601 4198 958 4279; x_wconf 84' lang='lat' dir='ltr'><strong>syllogismus.</strong></span> <span class='ocrx_word' id='word_1_446' title='bbox 987 4208 1318 4265; x_wconf 88' lang='lat' dir='ltr'><strong>Sumendum</strong></span> <span class='ocrx_word' id='word_1_447' title='bbox 1369 4202 1547 4263; x_wconf 77' lang='lat' dir='ltr'><strong>au&#39;tem</strong></span> <span class='ocrx_word' id='word_1_448' title='bbox 1576 4219 1632 4264; x_wconf 94' lang='lat' dir='ltr'><strong>et</strong></span> <span class='ocrx_word' id='word_1_449' title='bbox 1660 4210 1712 4264; x_wconf 90' lang='lat' dir='ltr'><strong>in</strong></span> <span class='ocrx_word' id='word_1_450' title='bbox 1759 4212 1968 4266; x_wconf 84' lang='lat' dir='ltr'><strong>contin-</strong></span> 
     </span>
    </p>
   </div>
   <div class='ocr_carea' id='block_1_61' title="bbox 378 4298 1963 4370">
    <p class='ocr_par' dir='ltr' id='par_1_61' title="bbox 378 4298 1963 4370">
     <span class='ocr_line' id='line_1_61' title="bbox 378 4298 1963 4370; baseline 0 -17"><span class='ocrx_word' id='word_1_451' title='bbox 378 4298 625 4370; x_wconf 86' lang='lat' dir='ltr'><strong>gentibus</strong></span> <span class='ocrx_word' id='word_1_452' title='bbox 652 4307 706 4353; x_wconf 88' lang='lat' dir='ltr'><strong>et</strong></span> <span class='ocrx_word' id='word_1_453' title='bbox 733 4313 850 4369; x_wconf 64' lang='lat' dir='ltr'><strong>quae</strong></span> <span class='ocrx_word' id='word_1_454' title='bbox 880 4300 991 4353; x_wconf 82' lang='lat' dir='ltr'><strong>noti</strong></span> <span class='ocrx_word' id='word_1_455' title='bbox 1030 4300 1231 4365; x_wconf 88' lang='lat' dir='ltr'><strong>insunt,</strong></span> <span class='ocrx_word' id='word_1_456' title='bbox 1265 4298 1538 4367; x_wconf 88' lang='lat' dir='ltr'><strong>possibilia</strong></span> <span class='ocrx_word' id='word_1_457' title='bbox 1563 4307 1741 4355; x_wconf 88' lang='lat' dir='ltr'><strong>autem</strong></span> <span class='ocrx_word' id='word_1_458' title='bbox 1766 4299 1963 4355; x_wconf 85' lang='lat' dir='ltr'><strong>inesse.</strong></span> 
     </span>
    </p>
   </div>
   <div class='ocr_carea' id='block_1_62' title="bbox 376 4395 1968 4466">
    <p class='ocr_par' dir='ltr' id='par_1_62' title="bbox 376 4395 1968 4466">
     <span class='ocr_line' id='line_1_62' title="bbox 376 4395 1968 4466; baseline -0.002 -13"><span class='ocrx_word' id='word_1_459' title='bbox 376 4397 662 4453; x_wconf 90' lang='lat' dir='ltr'><strong>Ostensum</strong></span> <span class='ocrx_word' id='word_1_460' title='bbox 691 4404 778 4452; x_wconf 90' lang='lat' dir='ltr'><strong>est</strong></span> <span class='ocrx_word' id='word_1_461' title='bbox 824 4397 966 4451; x_wconf 89' lang='lat' dir='ltr'><strong>enim</strong></span> <span class='ocrx_word' id='word_1_462' title='bbox 995 4396 1248 4466; x_wconf 89' lang='lat' dir='ltr'><strong>quoniam</strong></span> <span class='ocrx_word' id='word_1_463' title='bbox 1281 4403 1335 4449; x_wconf 90' lang='lat' dir='ltr'><strong>et</strong></span> <span class='ocrx_word' id='word_1_464' title='bbox 1362 4410 1456 4465; x_wconf 87' lang='lat' dir='ltr'><strong>per</strong></span> <span class='ocrx_word' id='word_1_465' title='bbox 1498 4395 1612 4451; x_wconf 56' lang='lat' dir='ltr'><strong>haec</strong></span> <span class='ocrx_word' id='word_1_466' title='bbox 1656 4396 1715 4450; x_wconf 86' lang='lat' dir='ltr'><strong>lit</strong></span> <span class='ocrx_word' id='word_1_467' title='bbox 1756 4397 1968 4451; x_wconf 40' lang='lat' dir='ltr'><strong>contio;</strong></span> 
     </span>
    </p>
   </div>
   <div class='ocr_carea' id='block_1_63' title="bbox 2060 1852 3659 1924">
    <p class='ocr_par' dir='ltr' id='par_1_63' title="bbox 2060 1852 3659 1924">
     <span class='ocr_line' id='line_1_63' title="bbox 2060 1852 3659 1924; baseline 0.001 -17"><span class='ocrx_word' id='word_1_468' title='bbox 2060 1852 2279 1922; x_wconf 90' lang='lat' dir='ltr'><strong>ciplina.</strong></span> <span class='ocrx_word' id='word_1_469' title='bbox 2308 1852 2532 1923; x_wconf 84' lang='lat' dir='ltr'><strong>Propria</strong></span> <span class='ocrx_word' id='word_1_470' title='bbox 2557 1863 2736 1908; x_wconf 91' lang='lat' dir='ltr'><strong>autem</strong></span> <span class='ocrx_word' id='word_1_471' title='bbox 2769 1854 2822 1908; x_wconf 92' lang='lat' dir='ltr'><strong>in</strong></span> <span class='ocrx_word' id='word_1_472' title='bbox 2852 1867 3173 1924; x_wconf 89' lang='lat' dir='ltr'><strong>unaquaque</strong></span> <span class='ocrx_word' id='word_1_473' title='bbox 3218 1862 3344 1910; x_wconf 87' lang='lat' dir='ltr'><strong>sunt</strong></span> <span class='ocrx_word' id='word_1_474' title='bbox 3393 1855 3659 1924; x_wconf 82' lang='lat' dir='ltr'><strong>plurima,‘</strong></span> 
     </span>
    </p>
   </div>
   <div class='ocr_carea' id='block_1_64' title="bbox 2059 1945 3644 2017">
    <p class='ocr_par' dir='ltr' id='par_1_64' title="bbox 2059 1945 3644 2017">
     <span class='ocr_line' id='line_1_64' title="bbox 2059 1945 3644 2017; baseline 0.004 -19"><span class='ocrx_word' id='word_1_475' title='bbox 2059 1960 2226 2016; x_wconf 88' lang='lat' dir='ltr'><strong>quare</strong></span> <span class='ocrx_word' id='word_1_476' title='bbox 2267 1945 2538 2017; x_wconf 81' lang='lat' dir='ltr'><strong>principia-</strong></span> <span class='ocrx_word' id='word_1_477' title='bbox 2558 1945 2771 2016; x_wconf 93' lang='lat' dir='ltr'><strong>quidem</strong></span> <span class='ocrx_word' id='word_1_478' title='bbox 2802 1961 2923 2017; x_wconf 71' lang='lat' dir='ltr'><strong>quae</strong></span> <span class='ocrx_word' id='word_1_479' title='bbox 2963 1953 3089 2002; x_wconf 86' lang='lat' dir='ltr'><strong>sunt</strong></span> <span class='ocrx_word' id='word_1_480' title='bbox 3116 1946 3262 2003; x_wconf 91' lang='lat' dir='ltr'><strong>circa</strong></span> <span class='ocrx_word' id='word_1_481' title='bbox 3307 1948 3644 2017; x_wconf 74' lang='lat' dir='ltr'><strong>unttntquod~</strong></span> 
     </span>
    </p>
   </div>
   <div class='ocr_carea' id='block_1_65' title="bbox 2059 2038 3644 2107">
    <p class='ocr_par' dir='ltr' id='par_1_65' title="bbox 2059 2038 3644 2107">
     <span class='ocr_line' id='line_1_65' title="bbox 2059 2038 3644 2107; baseline 0.004 -16"><span class='ocrx_word' id='word_1_482' title='bbox 2059 2052 2184 2107; x_wconf 92' lang='lat' dir='ltr'><strong>que,</strong></span> <span class='ocrx_word' id='word_1_483' title='bbox 2217 2038 2589 2107; x_wconf 79' lang='lat' dir='ltr'><strong>experimento</strong></span> <span class='ocrx_word' id='word_1_484' title='bbox 2615 2046 2699 2094; x_wconf 92' lang='lat' dir='ltr'><strong>est</strong></span> <span class='ocrx_word' id='word_1_485' title='bbox 2726 2052 2991 2104; x_wconf 87' lang='lat' dir='ltr'><strong>crescere,</strong></span> <span class='ocrx_word' id='word_1_486' title='bbox 3024 2038 3147 2094; x_wconf 91' lang='lat' dir='ltr'><strong>dico</strong></span> <span class='ocrx_word' id='word_1_487' title='bbox 3171 2047 3349 2095; x_wconf 89' lang='lat' dir='ltr'><strong>autem</strong></span> <span class='ocrx_word' id='word_1_488' title='bbox 3376 2050 3435 2095; x_wconf 93' lang='lat' dir='ltr'><strong>ut</strong></span> <span class='ocrx_word' id='word_1_489' title='bbox 3470 2050 3644 2097; x_wconf 67' lang='lat' dir='ltr'><strong>astro~</strong></span> 
     </span>
    </p>
   </div>
   <div class='ocr_carea' id='block_1_66' title="bbox 2059 2131 3644 2203">
    <p class='ocr_par' dir='ltr' id='par_1_66' title="bbox 2059 2131 3644 2203">
     <span class='ocr_line' id='line_1_66' title="bbox 2059 2131 3644 2203; baseline 0.001 -15"><span class='ocrx_word' id='word_1_490' title='bbox 2059 2131 2283 2202; x_wconf 89' lang='lat' dir='ltr'><strong>logicam</strong></span> <span class='ocrx_word' id='word_1_491' title='bbox 2301 2132 2517 2202; x_wconf 90' lang='lat' dir='ltr'><strong>quidem</strong></span> <span class='ocrx_word' id='word_1_492' title='bbox 2550 2133 2938 2202; x_wconf 75' lang='lat' dir='ltr'><strong>experientiam</strong></span> <span class='ocrx_word' id='word_1_493' title='bbox 2970 2132 3304 2202; x_wconf 74' lang='lat' dir='ltr'><strong>astrologica:</strong></span> <span class='ocrx_word' id='word_1_494' title='bbox 3323 2131 3644 2203; x_wconf 67' lang='lat' dir='ltr'><strong>disciplinae,</strong></span> 
     </span>
    </p>
   </div>
   <div class='ocr_carea' id='block_1_67' title="bbox 2058 2222 3647 2294">
    <p class='ocr_par' dir='ltr' id='par_1_67' title="bbox 2058 2222 3647 2294">
     <span class='ocr_line' id='line_1_67' title="bbox 2058 2222 3647 2294; baseline 0.004 -16"><span class='ocrx_word' id='word_1_495' title='bbox 2058 2224 2287 2294; x_wconf 88' lang='lat' dir='ltr'><strong>sumptis</strong></span> <span class='ocrx_word' id='word_1_496' title='bbox 2310 2225 2453 2279; x_wconf 91' lang='lat' dir='ltr'><strong>enim</strong></span> <span class='ocrx_word' id='word_1_497' title='bbox 2492 2224 2825 2279; x_wconf 80' lang='lat' dir='ltr'><strong>sufﬁcienter</strong></span> <span class='ocrx_word' id='word_1_498' title='bbox 2853 2224 3271 2294; x_wconf 84' lang='lat' dir='ltr'><strong>apparentibus,</strong></span> <span class='ocrx_word' id='word_1_499' title='bbox 3315 2222 3392 2280; x_wconf 90' lang='lat' dir='ltr'><strong>sic</strong></span> <span class='ocrx_word' id='word_1_500' title='bbox 3415 2223 3647 2284; x_wconf 62' lang='lat' dir='ltr'><strong>inventa</strong></span> 
     </span>
    </p>
   </div>
   <div class='ocr_carea' id='block_1_68' title="bbox 2059 2317 3646 2387">
    <p class='ocr_par' dir='ltr' id='par_1_68' title="bbox 2059 2317 3646 2387">
     <span class='ocr_line' id='line_1_68' title="bbox 2059 2317 3646 2387; baseline 0.005 -18"><span class='ocrx_word' id='word_1_501' title='bbox 2059 2325 2184 2370; x_wconf 92' lang='lat' dir='ltr'><strong>sunt</strong></span> <span class='ocrx_word' id='word_1_502' title='bbox 2234 2317 2573 2387; x_wconf 78' lang='lat' dir='ltr'><strong>astrologica:</strong></span> <span class='ocrx_word' id='word_1_503' title='bbox 2614 2318 3121 2375; x_wconf 89' lang='lat' dir='ltr'><strong>demonstrationes.</strong></span> <span class='ocrx_word' id='word_1_504' title='bbox 3155 2318 3416 2375; x_wconf 89' lang='lat' dir='ltr'><strong>Similiter</strong></span> <span class='ocrx_word' id='word_1_505' title='bbox 3466 2330 3646 2377; x_wconf 89' lang='lat' dir='ltr'><strong>autem</strong></span> 
     </span>
    </p>
   </div>
   <div class='ocr_carea' id='block_1_69' title="bbox 2060 2410 3645 2480">
    <p class='ocr_par' dir='ltr' id='par_1_69' title="bbox 2060 2410 3645 2480">
     <span class='ocr_line' id='line_1_69' title="bbox 2060 2410 3645 2480; baseline 0.001 -14"><span class='ocrx_word' id='word_1_506' title='bbox 2060 2418 2116 2466; x_wconf 88' lang='lat' dir='ltr'><strong>et</strong></span> <span class='ocrx_word' id='word_1_507' title='bbox 2137 2411 2280 2466; x_wconf 89' lang='lat' dir='ltr'><strong>circa</strong></span> <span class='ocrx_word' id='word_1_508' title='bbox 2308 2411 2600 2480; x_wconf 90' lang='lat' dir='ltr'><strong>quamlibet</strong></span> <span class='ocrx_word' id='word_1_509' title='bbox 2626 2410 2782 2465; x_wconf 87' lang='lat' dir='ltr'><strong>aliam</strong></span> <span class='ocrx_word' id='word_1_510' title='bbox 2824 2424 2883 2466; x_wconf 88' lang='lat' dir='ltr'><strong>se</strong></span> <span class='ocrx_word' id='word_1_511' title='bbox 2904 2411 3067 2467; x_wconf 84' lang='lat' dir='ltr'><strong>habet</strong></span> <span class='ocrx_word' id='word_1_512' title='bbox 3094 2420 3149 2467; x_wconf 89' lang='lat' dir='ltr'><strong>et</strong></span> <span class='ocrx_word' id='word_1_513' title='bbox 3191 2421 3359 2469; x_wconf 88' lang='lat' dir='ltr'><strong>artem</strong></span> <span class='ocrx_word' id='word_1_514' title='bbox 3405 2413 3645 2469; x_wconf 87' lang='lat' dir='ltr'><strong>etdisci-</strong></span> 
     </span>
    </p>
   </div>
   <div class='ocr_carea' id='block_1_70' title="bbox 2061 2502 3648 2575">
    <p class='ocr_par' dir='ltr' id='par_1_70' title="bbox 2061 2502 3648 2575">
     <span class='ocr_line' id='line_1_70' title="bbox 2061 2502 3648 2575; baseline -0.001 -18"><span class='ocrx_word' id='word_1_515' title='bbox 2061 2503 2279 2575; x_wconf 89' lang='lat' dir='ltr'><strong>plinam.</strong></span> <span class='ocrx_word' id='word_1_516' title='bbox 2312 2503 2489 2571; x_wconf 85' lang='lat' dir='ltr'><strong>Quare</strong></span> <span class='ocrx_word' id='word_1_517' title='bbox 2520 2502 2565 2558; x_wconf 88' lang='lat' dir='ltr'><strong>si</strong></span> <span class='ocrx_word' id='word_1_518' title='bbox 2602 2512 2880 2558; x_wconf 86' lang='lat' dir='ltr'><strong>sumantur</strong></span> <span class='ocrx_word' id='word_1_519' title='bbox 2910 2519 3034 2573; x_wconf 85' lang='lat' dir='ltr'><strong>quae</strong></span> <span class='ocrx_word' id='word_1_520' title='bbox 3073 2504 3253 2561; x_wconf 90' lang='lat' dir='ltr'><strong>insunt</strong></span> <span class='ocrx_word' id='word_1_521' title='bbox 3282 2506 3424 2562; x_wconf 89' lang='lat' dir='ltr'><strong>circa</strong></span> <span class='ocrx_word' id='word_1_522' title='bbox 3453 2522 3648 2562; x_wconf 65' lang='lat' dir='ltr'><strong>unum.</strong></span> 
     </span>
    </p>
   </div>
   <div class='ocr_carea' id='block_1_71' title="bbox 2060 2596 3646 2672">
    <p class='ocr_par' dir='ltr' id='par_1_71' title="bbox 2060 2596 3646 2672">
     <span class='ocr_line' id='line_1_71' title="bbox 2060 2596 3646 2672; baseline 0.004 -21"><span class='ocrx_word' id='word_1_523' title='bbox 2060 2597 2331 2667; x_wconf 89' lang='lat' dir='ltr'><strong>quodque,</strong></span> <span class='ocrx_word' id='word_1_524' title='bbox 2355 2604 2594 2652; x_wconf 88' lang='lat' dir='ltr'><strong>nostrum</strong></span> <span class='ocrx_word' id='word_1_525' title='bbox 2621 2596 2725 2652; x_wconf 91' lang='lat' dir='ltr'><strong>erit</strong></span> <span class='ocrx_word' id='word_1_526' title='bbox 2748 2596 2858 2666; x_wconf 88' lang='lat' dir='ltr'><strong>jam</strong></span> <span class='ocrx_word' id='word_1_527' title='bbox 2880 2597 3373 2654; x_wconf 88' lang='lat' dir='ltr'><strong>demonstrationes</strong></span> <span class='ocrx_word' id='word_1_528' title='bbox 3395 2609 3646 2672; x_wconf 85' lang='lat' dir='ltr'><strong>prompte</strong></span> 
     </span>
    </p>
   </div>
   <div class='ocr_carea' id='block_1_72' title="bbox 2061 2689 3649 2753">
    <p class='ocr_par' dir='ltr' id='par_1_72' title="bbox 2061 2689 3649 2753">
     <span class='ocr_line' id='line_1_72' title="bbox 2061 2689 3649 2753; baseline 0.006 -9"><span class='ocrx_word' id='word_1_529' title='bbox 2061 2689 2339 2745; x_wconf 89' lang='lat' dir='ltr'><strong>declarare</strong></span> <span class='ocrx_word' id='word_1_530' title='bbox 2369 2708 2381 2743; x_wconf 85' lang='lat'><strong>:</strong></span> <span class='ocrx_word' id='word_1_531' title='bbox 2414 2691 2460 2745; x_wconf 90' lang='lat' dir='ltr'><strong>si</strong></span> <span class='ocrx_word' id='word_1_532' title='bbox 2488 2690 2796 2745; x_wconf 82' lang='lat' dir='ltr'><strong>enim-nihil</strong></span> <span class='ocrx_word' id='word_1_533' title='bbox 2839 2692 3135 2747; x_wconf 85' lang='lat' dir='ltr'><strong>secundum</strong></span> <span class='ocrx_word' id='word_1_534' title='bbox 3165 2692 3448 2751; x_wconf 85' lang='lat' dir='ltr'><strong>historiam</strong></span> <span class='ocrx_word' id='word_1_535' title='bbox 3489 2697 3649 2753; x_wconf 83' lang='lat' dir='ltr'><strong>omit-</strong></span> 
     </span>
    </p>
   </div>
   <div class='ocr_carea' id='block_1_73' title="bbox 2062 2783 3649 2855">
    <p class='ocr_par' dir='ltr' id='par_1_73' title="bbox 2062 2783 3649 2855">
     <span class='ocr_line' id='line_1_73' title="bbox 2062 2783 3649 2855; baseline 0.003 -15"><span class='ocrx_word' id='word_1_536' title='bbox 2062 2790 2205 2840; x_wconf 89' lang='lat' dir='ltr'><strong>tatur</strong></span> <span class='ocrx_word' id='word_1_537' title='bbox 2230 2798 2417 2839; x_wconf 88' lang='lat' dir='ltr'><strong>eorum</strong></span> <span class='ocrx_word' id='word_1_538' title='bbox 2448 2799 2567 2853; x_wconf 68' lang='lat' dir='ltr'><strong>qua:</strong></span> <span class='ocrx_word' id='word_1_539' title='bbox 2595 2783 2862 2838; x_wconf 87' lang='lat' dir='ltr'><strong>subtiliter</strong></span> <span class='ocrx_word' id='word_1_540' title='bbox 2888 2792 2943 2839; x_wconf 91' lang='lat' dir='ltr'><strong>et</strong></span> <span class='ocrx_word' id='word_1_541' title='bbox 2968 2799 3092 2840; x_wconf 84' lang='lat' dir='ltr'><strong>vere</strong></span> <span class='ocrx_word' id='word_1_542' title='bbox 3139 2784 3319 2841; x_wconf 86' lang='lat' dir='ltr'><strong>insunt</strong></span> <span class='ocrx_word' id='word_1_543' title='bbox 3340 2786 3523 2855; x_wconf 81' lang='lat' dir='ltr'><strong>rebus,</strong></span> <span class='ocrx_word' id='word_1_544' title='bbox 3556 2789 3649 2844; x_wconf 76' lang='lat' dir='ltr'><strong>ha~</strong></span> 
     </span>
    </p>
   </div>
   <div class='ocr_carea' id='block_1_74' title="bbox 2063 2875 3650 2947">
    <p class='ocr_par' dir='ltr' id='par_1_74' title="bbox 2063 2875 3650 2947">
     <span class='ocr_line' id='line_1_74' title="bbox 2063 2875 3650 2947; baseline 0.002 -15"><span class='ocrx_word' id='word_1_545' title='bbox 2063 2875 2311 2932; x_wconf 88' lang='lat' dir='ltr'><strong>bebimus</strong></span> <span class='ocrx_word' id='word_1_546' title='bbox 2341 2875 2411 2931; x_wconf 91' lang='lat' dir='ltr'><strong>de</strong></span> <span class='ocrx_word' id='word_1_547' title='bbox 2440 2878 2585 2930; x_wconf 91' lang='lat' dir='ltr'><strong>omni</strong></span> <span class='ocrx_word' id='word_1_548' title='bbox 2615 2875 2796 2947; x_wconf 86' lang='lat' dir='ltr'><strong>(cujus</strong></span> <span class='ocrx_word' id='word_1_549' title='bbox 2821 2876 3037 2947; x_wconf 89' lang='lat' dir='ltr'><strong>quidem</strong></span> <span class='ocrx_word' id='word_1_550' title='bbox 3061 2891 3169 2933; x_wconf 92' lang='lat' dir='ltr'><strong>non</strong></span> <span class='ocrx_word' id='word_1_551' title='bbox 3200 2888 3281 2935; x_wconf 89' lang='lat' dir='ltr'><strong>est</strong></span> <span class='ocrx_word' id='word_1_552' title='bbox 3307 2878 3650 2935; x_wconf 86' lang='lat' dir='ltr'><strong>demonstra-</strong></span> 
     </span>
    </p>
   </div>
   <div class='ocr_carea' id='block_1_75' title="bbox 2066 2968 3650 3041">
    <p class='ocr_par' dir='ltr' id='par_1_75' title="bbox 2066 2968 3650 3041">
     <span class='ocr_line' id='line_1_75' title="bbox 2066 2968 3650 3041; baseline 0.004 -18"><span class='ocrx_word' id='word_1_553' title='bbox 2066 2968 2162 3039; x_wconf 87' lang='lat' dir='ltr'><strong>tio)</strong></span> <span class='ocrx_word' id='word_1_554' title='bbox 2196 2968 2335 3024; x_wconf 90' lang='lat' dir='ltr'><strong>hanc</strong></span> <span class='ocrx_word' id='word_1_555' title='bbox 2362 2969 2606 3027; x_wconf 88' lang='lat' dir='ltr'><strong>invenire</strong></span> <span class='ocrx_word' id='word_1_556' title='bbox 2638 2979 2693 3025; x_wconf 91' lang='lat' dir='ltr'><strong>et</strong></span> <span class='ocrx_word' id='word_1_557' title='bbox 2722 2970 3116 3036; x_wconf 86' lang='lat' dir='ltr'><strong>demonstrare,</strong></span> <span class='ocrx_word' id='word_1_558' title='bbox 3148 2970 3302 3041; x_wconf 90' lang='lat' dir='ltr'><strong>cujus</strong></span> <span class='ocrx_word' id='word_1_559' title='bbox 3332 2981 3511 3028; x_wconf 90' lang='lat' dir='ltr'><strong>autem</strong></span> <span class='ocrx_word' id='word_1_560' title='bbox 3542 2988 3650 3031; x_wconf 91' lang='lat' dir='ltr'><strong>non</strong></span> 
     </span>
    </p>
   </div>
   <div class='ocr_carea' id='block_1_76' title="bbox 2066 3060 3651 3128">
    <p class='ocr_par' dir='ltr' id='par_1_76' title="bbox 2066 3060 3651 3128">
     <span class='ocr_line' id='line_1_76' title="bbox 2066 3060 3651 3128; baseline 0.002 -11"><span class='ocrx_word' id='word_1_561' title='bbox 2066 3068 2189 3117; x_wconf 87' lang='lat' dir='ltr'><strong>nata</strong></span> <span class='ocrx_word' id='word_1_562' title='bbox 2225 3069 2309 3116; x_wconf 90' lang='lat' dir='ltr'><strong>est</strong></span> <span class='ocrx_word' id='word_1_563' title='bbox 2336 3060 2753 3128; x_wconf 87' lang='lat' dir='ltr'><strong>demonstratio,</strong></span> <span class='ocrx_word' id='word_1_564' title='bbox 2794 3061 2897 3116; x_wconf 86' lang='lat' dir='ltr'><strong>hoc</strong></span> <span class='ocrx_word' id='word_1_565' title='bbox 2927 3062 3105 3118; x_wconf 73' lang='lat' dir='ltr'><strong>facere</strong></span> <span class='ocrx_word' id='word_1_566' title='bbox 3130 3062 3496 3119; x_wconf 79' lang='lat' dir='ltr'><strong>manifestum.</strong></span> <span class='ocrx_word' id='word_1_567' title='bbox 3524 3064 3651 3120; x_wconf 80' lang='lat' dir='ltr'><strong>Uni-</strong></span> 
     </span>
    </p>
   </div>
   <div class='ocr_carea' id='block_1_77' title="bbox 1988 3125 3654 3227">
    <p class='ocr_par' dir='ltr' id='par_1_77' title="bbox 1988 3125 3654 3227">
     <span class='ocr_line' id='line_1_77' title="bbox 1988 3125 3654 3227; baseline 0.005 -24"><span class='ocrx_word' id='word_1_568' title='bbox 1988 3125 2037 3192; x_wconf 66' lang='grc' dir='ltr'>Ο</span> <span class='ocrx_word' id='word_1_569' title='bbox 2067 3152 2350 3208; x_wconf 81' lang='lat' dir='ltr'><strong>versaliter</strong></span> <span class='ocrx_word' id='word_1_570' title='bbox 2381 3168 2513 3223; x_wconf 86' lang='lat' dir='ltr'><strong>ergo</strong></span> <span class='ocrx_word' id='word_1_571' title='bbox 2548 3167 2656 3223; x_wconf 92' lang='lat' dir='ltr'><strong>quo</strong></span> <span class='ocrx_word' id='word_1_572' title='bbox 2690 3125 2904 3223; x_wconf 86' lang='lat' dir='ltr'><strong>oportet</strong></span> <span class='ocrx_word' id='word_1_573' title='bbox 2932 3154 3093 3210; x_wconf 89' lang='lat' dir='ltr'><strong>modo</strong></span> <span class='ocrx_word' id='word_1_574' title='bbox 3131 3156 3525 3227; x_wconf 77' lang='lat' dir='ltr'><strong>propositiones</strong></span> <span class='ocrx_word' id='word_1_575' title='bbox 3556 3157 3654 3213; x_wconf 81' lang='lat' dir='ltr'><strong>eli-</strong></span> 
     </span>
    </p>
   </div>
   <div class='ocr_carea' id='block_1_78' title="bbox 2065 3244 3653 3319">
    <p class='ocr_par' dir='ltr' id='par_1_78' title="bbox 2065 3244 3653 3319">
     <span class='ocr_line' id='line_1_78' title="bbox 2065 3244 3653 3319; baseline 0.003 -16"><span class='ocrx_word' id='word_1_576' title='bbox 2065 3260 2195 3317; x_wconf 89' lang='lat' dir='ltr'><strong>gere</strong></span> <span class='ocrx_word' id='word_1_577' title='bbox 2269 3260 2406 3316; x_wconf 90' lang='lat' dir='ltr'><strong>pene</strong></span> <span class='ocrx_word' id='word_1_578' title='bbox 2480 3244 2679 3301; x_wconf 91' lang='lat' dir='ltr'><strong>dictum</strong></span> <span class='ocrx_word' id='word_1_579' title='bbox 2746 3254 2856 3316; x_wconf 79' lang='lat' dir='ltr'><strong>est,</strong></span> <span class='ocrx_word' id='word_1_580' title='bbox 2921 3261 3020 3317; x_wconf 89' lang='lat' dir='ltr'><strong>per</strong></span> <span class='ocrx_word' id='word_1_581' title='bbox 3082 3247 3414 3319; x_wconf 86' lang='lat' dir='ltr'><strong>diligentiam</strong></span> <span class='ocrx_word' id='word_1_582' title='bbox 3474 3256 3653 3308; x_wconf 77' lang='lat' dir='ltr'><strong>autetl</strong></span> 
     </span>
    </p>
   </div>
   <div class='ocr_carea' id='block_1_79' title="bbox 2612 3518 3097 3576">
    <p class='ocr_par' dir='ltr' id='par_1_79' title="bbox 2612 3518 3097 3576">
     <span class='ocr_line' id='line_1_79' title="bbox 2612 3518 3097 3576; baseline 0.002 -1"><span class='ocrx_word' id='word_1_583' title='bbox 2612 3518 2842 3576; x_wconf 81' lang='lat' dir='ltr'><strong>CAPUT</strong></span> <span class='ocrx_word' id='word_1_584' title='bbox 2882 3519 3097 3576; x_wconf 87' lang='lat' dir='ltr'><strong>XXXII.</strong></span> 
     </span>
    </p>
   </div>
   <div class='ocr_carea' id='block_1_80' title="bbox 2302 3633 3318 3708">
    <p class='ocr_par' dir='ltr' id='par_1_80' title="bbox 2302 3633 3318 3708">
     <span class='ocr_line' id='line_1_80' title="bbox 2302 3633 3318 3708; baseline 0.009 -22"><span class='ocrx_word' id='word_1_585' title='bbox 2302 3664 2309 3681; x_wconf 60' lang='grc' dir='ltr'><strong>ηε</strong></span> <span class='ocrx_word' id='word_1_586' title='bbox 2406 3633 2489 3691; x_wconf 82' lang='lat' dir='ltr'><strong>De</strong></span> <span class='ocrx_word' id='word_1_587' title='bbox 2511 3636 2757 3691; x_wconf 75' lang='lat' dir='ltr'><strong>divisione</strong></span> <span class='ocrx_word' id='word_1_588' title='bbox 2786 3644 2834 3690; x_wconf 82' lang='lat' dir='ltr'><strong>et</strong></span> <span class='ocrx_word' id='word_1_589' title='bbox 2856 3638 2969 3707; x_wconf 75' lang='lat' dir='ltr'><strong>ejus</strong></span> <span class='ocrx_word' id='word_1_590' title='bbox 2996 3636 3318 3708; x_wconf 73' lang='lat' dir='ltr'><strong>sylloyismo.</strong></span> 
     </span>
    </p>
   </div>
   <div class='ocr_carea' id='block_1_81' title="bbox 2142 3749 3653 3824">
    <p class='ocr_par' dir='ltr' id='par_1_81' title="bbox 2142 3749 3653 3824">
     <span class='ocr_line' id='line_1_81' title="bbox 2142 3749 3653 3824; baseline 0.003 -18"><span class='ocrx_word' id='word_1_591' title='bbox 2142 3749 2405 3819; x_wconf 85' lang='lat' dir='ltr'><strong>Quoniam</strong></span> <span class='ocrx_word' id='word_1_592' title='bbox 2451 3758 2630 3805; x_wconf 88' lang='lat' dir='ltr'><strong>autem</strong></span> <span class='ocrx_word' id='word_1_593' title='bbox 2679 3749 2876 3806; x_wconf 90' lang='lat' dir='ltr'><strong>divisio</strong></span> <span class='ocrx_word' id='word_1_594' title='bbox 2926 3765 3023 3821; x_wconf 91' lang='lat' dir='ltr'><strong>per</strong></span> <span class='ocrx_word' id='word_1_595' title='bbox 3051 3766 3249 3821; x_wconf 90' lang='lat' dir='ltr'><strong>genera</strong></span> <span class='ocrx_word' id='word_1_596' title='bbox 3295 3765 3456 3823; x_wconf 88' lang='lat' dir='ltr'><strong>parva</strong></span> <span class='ocrx_word' id='word_1_597' title='bbox 3504 3768 3653 3824; x_wconf 66' lang='lat' dir='ltr'><strong>que-</strong></span> 
     </span>
    </p>
   </div>
   <div class='ocr_carea' id='block_1_82' title="bbox 2073 3841 3658 3914">
    <p class='ocr_par' dir='ltr' id='par_1_82' title="bbox 2073 3841 3658 3914">
     <span class='ocr_line' id='line_1_82' title="bbox 2073 3841 3658 3914; baseline 0.003 -15"><span class='ocrx_word' id='word_1_598' title='bbox 2073 3843 2195 3899; x_wconf 91' lang='lat' dir='ltr'><strong>dam</strong></span> <span class='ocrx_word' id='word_1_599' title='bbox 2226 3843 2486 3914; x_wconf 84' lang='lat' dir='ltr'><strong>particula</strong></span> <span class='ocrx_word' id='word_1_600' title='bbox 2516 3852 2599 3898; x_wconf 89' lang='lat' dir='ltr'><strong>est</strong></span> <span class='ocrx_word' id='word_1_601' title='bbox 2631 3841 2787 3897; x_wconf 72' lang='lat' dir='ltr'><strong>dieue</strong></span> <span class='ocrx_word' id='word_1_602' title='bbox 2840 3844 3077 3901; x_wconf 87' lang='lat' dir='ltr'><strong>methodi</strong></span> <span class='ocrx_word' id='word_1_603' title='bbox 3128 3843 3287 3900; x_wconf 78' lang='lat' dir='ltr'><strong>facile</strong></span> <span class='ocrx_word' id='word_1_604' title='bbox 3325 3846 3544 3902; x_wconf 89' lang='lat' dir='ltr'><strong>videre:</strong></span> <span class='ocrx_word' id='word_1_605' title='bbox 3576 3856 3658 3910; x_wconf 86' lang='lat' dir='ltr'><strong>est</strong></span> 
     </span>
    </p>
   </div>
   <div class='ocr_carea' id='block_1_83' title="bbox 2072 3936 3656 4009">
    <p class='ocr_par' dir='ltr' id='par_1_83' title="bbox 2072 3936 3656 4009">
     <span class='ocr_line' id='line_1_83' title="bbox 2072 3936 3656 4009; baseline 0.002 -17"><span class='ocrx_word' id='word_1_606' title='bbox 2072 3938 2213 3993; x_wconf 91' lang='lat' dir='ltr'><strong>enim</strong></span> <span class='ocrx_word' id='word_1_607' title='bbox 2244 3936 2436 3991; x_wconf 90' lang='lat' dir='ltr'><strong>divisio</strong></span> <span class='ocrx_word' id='word_1_608' title='bbox 2464 3937 2613 3991; x_wconf 85' lang='lat' dir='ltr'><strong>velut</strong></span> <span class='ocrx_word' id='word_1_609' title='bbox 2661 3936 3296 4008; x_wconf 82' lang='lat' dir='ltr'><strong>inﬁrmus’syllogismus,</strong></span> <span class='ocrx_word' id='word_1_610' title='bbox 3348 3954 3470 3993; x_wconf 90' lang='lat' dir='ltr'><strong>nam</strong></span> <span class='ocrx_word' id='word_1_611' title='bbox 3514 3940 3656 4009; x_wconf 89' lang='lat' dir='ltr'><strong>quod</strong></span> 
     </span>
    </p>
   </div>
   <div class='ocr_carea' id='block_1_84' title="bbox 2073 4028 3657 4102">
    <p class='ocr_par' dir='ltr' id='par_1_84' title="bbox 2073 4028 3657 4102">
     <span class='ocr_line' id='line_1_84' title="bbox 2073 4028 3657 4102; baseline 0.003 -17"><span class='ocrx_word' id='word_1_612' title='bbox 2073 4039 2317 4102; x_wconf 87' lang='lat' dir='ltr'><strong>oporteat</strong></span> <span class='ocrx_word' id='word_1_613' title='bbox 2343 4031 2560 4101; x_wconf 88' lang='lat' dir='ltr'><strong>quidem</strong></span> <span class='ocrx_word' id='word_1_614' title='bbox 2585 4028 2875 4085; x_wconf 80' lang='lat' dir='ltr'><strong>ostendere</strong></span> <span class='ocrx_word' id='word_1_615' title='bbox 2903 4030 3119 4099; x_wconf 89' lang='lat' dir='ltr'><strong>petitur,</strong></span> <span class='ocrx_word' id='word_1_616' title='bbox 3151 4030 3501 4100; x_wconf 78' lang='lat' dir='ltr'><strong>syllogizatur</strong></span> <span class='ocrx_word' id='word_1_617' title='bbox 3530 4044 3657 4089; x_wconf 86' lang='lat' dir='ltr'><strong>vero</strong></span> 
     </span>
    </p>
   </div>
   <div class='ocr_carea' id='block_1_85' title="bbox 2076 4122 3657 4195">
    <p class='ocr_par' dir='ltr' id='par_1_85' title="bbox 2076 4122 3657 4195">
     <span class='ocr_line' id='line_1_85' title="bbox 2076 4122 3657 4195; baseline 0.004 -16"><span class='ocrx_word' id='word_1_618' title='bbox 2076 4140 2291 4195; x_wconf 90' lang='lat' dir='ltr'><strong>semper</strong></span> <span class='ocrx_word' id='word_1_619' title='bbox 2342 4124 2542 4193; x_wconf 86' lang='lat' dir='ltr'><strong>aliquid</strong></span> <span class='ocrx_word' id='word_1_620' title='bbox 2595 4124 2957 4193; x_wconf 88' lang='lat' dir='ltr'><strong>superiorum.</strong></span> <span class='ocrx_word' id='word_1_621' title='bbox 3000 4122 3240 4180; x_wconf 91' lang='lat' dir='ltr'><strong>Primum</strong></span> <span class='ocrx_word' id='word_1_622' title='bbox 3287 4134 3465 4182; x_wconf 90' lang='lat' dir='ltr'><strong>autem</strong></span> <span class='ocrx_word' id='word_1_623' title='bbox 3516 4128 3657 4185; x_wconf 90' lang='lat' dir='ltr'><strong>idem</strong></span> 
     </span>
    </p>
   </div>
   <div class='ocr_carea' id='block_1_86' title="bbox 2076 4216 3657 4281">
    <p class='ocr_par' dir='ltr' id='par_1_86' title="bbox 2076 4216 3657 4281">
     <span class='ocr_line' id='line_1_86' title="bbox 2076 4216 3657 4281; baseline 0.004 -9"><span class='ocrx_word' id='word_1_624' title='bbox 2076 4218 2178 4273; x_wconf 84' lang='lat' dir='ltr'><strong>hoc</strong></span> <span class='ocrx_word' id='word_1_625' title='bbox 2204 4217 2357 4272; x_wconf 90' lang='lat' dir='ltr'><strong>latuit</strong></span> <span class='ocrx_word' id='word_1_626' title='bbox 2386 4232 2576 4273; x_wconf 89' lang='lat' dir='ltr'><strong>omnes</strong></span> <span class='ocrx_word' id='word_1_627' title='bbox 2601 4224 2814 4272; x_wconf 88' lang='lat' dir='ltr'><strong>utentes</strong></span> <span class='ocrx_word' id='word_1_628' title='bbox 2840 4232 2922 4281; x_wconf 88' lang='lat' dir='ltr'><strong>ea,</strong></span> <span class='ocrx_word' id='word_1_629' title='bbox 2958 4225 3013 4272; x_wconf 89' lang='lat' dir='ltr'><strong>et</strong></span> <span class='ocrx_word' id='word_1_630' title='bbox 3042 4216 3271 4273; x_wconf 84' lang='lat' dir='ltr'><strong>suadere</strong></span> <span class='ocrx_word' id='word_1_631' title='bbox 3301 4219 3483 4274; x_wconf 89' lang='lat' dir='ltr'><strong>conati</strong></span> <span class='ocrx_word' id='word_1_632' title='bbox 3530 4231 3657 4277; x_wconf 87' lang='lat' dir='ltr'><strong>sunt</strong></span> 
     </span>
    </p>
   </div>
   <div class='ocr_carea' id='block_1_87' title="bbox 2073 4306 3658 4380">
    <p class='ocr_par' dir='ltr' id='par_1_87' title="bbox 2073 4306 3658 4380">
     <span class='ocr_line' id='line_1_87' title="bbox 2073 4306 3658 4380; baseline 0.001 -15"><span class='ocrx_word' id='word_1_633' title='bbox 2073 4311 2325 4380; x_wconf 89' lang='lat' dir='ltr'><strong>quoniam</strong></span> <span class='ocrx_word' id='word_1_634' title='bbox 2372 4317 2519 4362; x_wconf 82' lang='lat' dir='ltr'><strong>esset</strong></span> <span class='ocrx_word' id='word_1_635' title='bbox 2558 4306 2819 4376; x_wconf 87' lang='lat' dir='ltr'><strong>possibile</strong></span> <span class='ocrx_word' id='word_1_636' title='bbox 2866 4306 2935 4362; x_wconf 94' lang='lat' dir='ltr'><strong>de</strong></span> <span class='ocrx_word' id='word_1_637' title='bbox 2964 4307 3265 4363; x_wconf 90' lang='lat' dir='ltr'><strong>substantia</strong></span> <span class='ocrx_word' id='word_1_638' title='bbox 3312 4308 3658 4367; x_wconf 86' lang='lat' dir='ltr'><strong>demonstra-</strong></span> 
     </span>
    </p>
   </div>
   <div class='ocr_carea' id='block_1_88' title="bbox 2075 4400 3662 4473">
    <p class='ocr_par' dir='ltr' id='par_1_88' title="bbox 2075 4400 3662 4473">
     <span class='ocr_line' id='line_1_88' title="bbox 2075 4400 3662 4473; baseline 0.001 -14"><span class='ocrx_word' id='word_1_639' title='bbox 2075 4405 2272 4459; x_wconf 91' lang='lat' dir='ltr'><strong>tionem</strong></span> <span class='ocrx_word' id='word_1_640' title='bbox 2304 4402 2442 4471; x_wconf 85' lang='lat' dir='ltr'><strong>tieri,</strong></span> <span class='ocrx_word' id='word_1_641' title='bbox 2468 4410 2522 4459; x_wconf 90' lang='lat' dir='ltr'><strong>et</strong></span> <span class='ocrx_word' id='word_1_642' title='bbox 2546 4400 2615 4457; x_wconf 90' lang='lat' dir='ltr'><strong>de</strong></span> <span class='ocrx_word' id='word_1_643' title='bbox 2637 4416 2704 4457; x_wconf 90' lang='lat' dir='ltr'><strong>eo</strong></span> <span class='ocrx_word' id='word_1_644' title='bbox 2720 4400 2861 4471; x_wconf 92' lang='lat' dir='ltr'><strong>quod</strong></span> <span class='ocrx_word' id='word_1_645' title='bbox 2884 4401 3136 4471; x_wconf 85' lang='lat' dir='ltr'><strong>estquid;</strong></span> <span class='ocrx_word' id='word_1_646' title='bbox 3156 4416 3322 4472; x_wconf 91' lang='lat' dir='ltr'><strong>quare</strong></span> <span class='ocrx_word' id='word_1_647' title='bbox 3342 4418 3515 4473; x_wconf 89' lang='lat' dir='ltr'><strong>neque</strong></span> <span class='ocrx_word' id='word_1_648' title='bbox 3531 4419 3662 4471; x_wconf 73' lang='lat' dir='ltr'><strong>quo~</strong></span> 
     </span>
    </p>
   </div>
   <div class='ocr_carea' id='block_1_89' title="bbox 378 4488 3662 4580">
    <p class='ocr_par' dir='ltr' id='par_1_89' title="bbox 378 4488 3662 4580">
     <span class='ocr_line' id='line_1_89' title="bbox 378 4488 3662 4580; baseline 0.001 -30"><span class='ocrx_word' id='word_1_649' title='bbox 378 4493 554 4564; x_wconf 74' lang='lat' dir='ltr'><strong>gentis</strong></span> <span class='ocrx_word' id='word_1_650' title='bbox 578 4493 942 4564; x_wconf 76' lang='lat' dir='ltr'><strong>syllogismuS.</strong></span> <span class='ocrx_word' id='word_1_651' title='bbox 990 4490 1240 4545; x_wconf 76' lang='lat' dir='ltr'><strong>Similiter</strong></span> <span class='ocrx_word' id='word_1_652' title='bbox 1267 4498 1443 4546; x_wconf 69' lang='lat' dir='ltr'><strong>autem</strong></span> <span class='ocrx_word' id='word_1_653' title='bbox 1478 4504 1538 4545; x_wconf 79' lang='lat'><strong>88</strong></span> <span class='ocrx_word' id='word_1_654' title='bbox 1565 4488 1787 4546; x_wconf 70' lang='lat' dir='ltr'><strong>habebit</strong></span> <span class='ocrx_word' id='word_1_655' title='bbox 1829 4500 1883 4545; x_wconf 72' lang='grc' dir='ltr'><strong>ει</strong></span> <span class='ocrx_word' id='word_1_656' title='bbox 1910 4489 1965 4545; x_wconf 82' lang='lat' dir='ltr'><strong>in</strong></span> <span class='ocrx_word' id='word_1_657' title='bbox 1995 4517 2051 4580; x_wconf 77' lang='lat' dir='ltr'><strong><em>D</em></strong></span> <span class='ocrx_word' id='word_1_658' title='bbox 2076 4496 2217 4553; x_wconf 85' lang='lat' dir='ltr'><strong>niam</strong></span> <span class='ocrx_word' id='word_1_659' title='bbox 2245 4493 2924 4566; x_wconf 82' lang='lat' dir='ltr'><strong>contingebatsyllogizare</strong></span> <span class='ocrx_word' id='word_1_660' title='bbox 2944 4508 3039 4550; x_wconf 85' lang='lat' dir='ltr'><strong>eos</strong></span> <span class='ocrx_word' id='word_1_661' title='bbox 3062 4494 3150 4565; x_wconf 91' lang='lat' dir='ltr'><strong>qui</strong></span> <span class='ocrx_word' id='word_1_662' title='bbox 3173 4494 3662 4563; x_wconf 60' lang='lat' dir='ltr'><strong>dividunt,&#39;intelle-</strong></span> 
     </span>
    </p>
   </div>
   <div class='ocr_carea' id='block_1_90' title="bbox 380 4582 1021 4654">
    <p class='ocr_par' dir='ltr' id='par_1_90' title="bbox 380 4582 1021 4654">
     <span class='ocr_line' id='line_1_90' title="bbox 380 4582 1021 4654; baseline -0.012 -11"><span class='ocrx_word' id='word_1_663' title='bbox 380 4585 500 4643; x_wconf 75' lang='lat' dir='ltr'><strong>aliis</strong></span> <span class='ocrx_word' id='word_1_664' title='bbox 530 4582 1021 4654; x_wconf 65' lang='lat' dir='ltr'><strong>praedicationibus.</strong></span> 
     </span>
    </p>
   </div>
   <div class='ocr_carea' id='block_1_91' title="bbox 948 4747 1408 4805">
    <p class='ocr_par' dir='ltr' id='par_1_91' title="bbox 948 4747 1408 4805">
     <span class='ocr_line' id='line_1_91' title="bbox 948 4747 1408 4805; baseline 0.007 -4"><span class='ocrx_word' id='word_1_665' title='bbox 948 4748 1176 4805; x_wconf 80' lang='lat' dir='ltr'><strong>CAPUT</strong></span> <span class='ocrx_word' id='word_1_666' title='bbox 1216 4747 1408 4805; x_wconf 85' lang='lat' dir='ltr'><strong>XXXI.</strong></span> 
     </span>
    </p>
   </div>
   <div class='ocr_carea' id='block_1_92' title="bbox 440 4873 1915 4945">
    <p class='ocr_par' dir='ltr' id='par_1_92' title="bbox 440 4873 1915 4945">
     <span class='ocr_line' id='line_1_92' title="bbox 440 4873 1915 4945; baseline 0.001 -18"><span class='ocrx_word' id='word_1_667' title='bbox 440 4874 590 4941; x_wconf 77' lang='lat' dir='ltr'><strong>Quod</strong></span> <span class='ocrx_word' id='word_1_668' title='bbox 621 4875 849 4928; x_wconf 87' lang='lat' dir='ltr'><strong>omnium</strong></span> <span class='ocrx_word' id='word_1_669' title='bbox 890 4875 1220 4929; x_wconf 82' lang='lat' dir='ltr'><strong>scientiarum</strong></span> <span class='ocrx_word' id='word_1_670' title='bbox 1252 4873 1537 4945; x_wconf 76' lang='lat' dir='ltr'><strong>syllogismi</strong></span> <span class='ocrx_word' id='word_1_671' title='bbox 1561 4875 1915 4945; x_wconf 77' lang='lat' dir='ltr'><strong>superioribus</strong></span> 
     </span>
    </p>
   </div>
   <div class='ocr_carea' id='block_1_93' title="bbox 878 4946 1482 5017">
    <p class='ocr_par' dir='ltr' id='par_1_93' title="bbox 878 4946 1482 5017">
     <span class='ocr_line' id='line_1_93' title="bbox 878 4946 1482 5017; baseline 0 -18"><span class='ocrx_word' id='word_1_672' title='bbox 878 4949 1146 5017; x_wconf 71' lang='lat' dir='ltr'><strong>prwceptt’s</strong></span> <span class='ocrx_word' id='word_1_673' title='bbox 1177 4946 1482 5016; x_wconf 73' lang='lat' dir='ltr'><strong>efﬁciantur.</strong></span> 
     </span>
    </p>
   </div>
   <div class='ocr_carea' id='block_1_94' title="bbox 451 5059 1971 5131">
    <p class='ocr_par' dir='ltr' id='par_1_94' title="bbox 451 5059 1971 5131">
     <span class='ocr_line' id='line_1_94' title="bbox 451 5059 1971 5131; baseline 0.002 -18"><span class='ocrx_word' id='word_1_674' title='bbox 451 5059 783 5113; x_wconf 79' lang='lat' dir='ltr'><strong>Manifestum</strong></span> <span class='ocrx_word' id='word_1_675' title='bbox 816 5073 945 5131; x_wconf 88' lang='lat' dir='ltr'><strong>ergo</strong></span> <span class='ocrx_word' id='word_1_676' title='bbox 972 5074 1036 5115; x_wconf 79' lang='lat' dir='ltr'><strong>ex</strong></span> <span class='ocrx_word' id='word_1_677' title='bbox 1071 5060 1339 5129; x_wconf 81' lang='lat' dir='ltr'><strong>praedictis</strong></span> <span class='ocrx_word' id='word_1_678' title='bbox 1372 5059 1624 5130; x_wconf 88' lang='lat' dir='ltr'><strong>quoniam</strong></span> <span class='ocrx_word' id='word_1_679' title='bbox 1662 5076 1768 5115; x_wconf 91' lang='lat' dir='ltr'><strong>non</strong></span> <span class='ocrx_word' id='word_1_680' title='bbox 1797 5060 1971 5116; x_wconf 91' lang='lat' dir='ltr'><strong>solum</strong></span> 
     </span>
    </p>
   </div>
   <div class='ocr_carea' id='block_1_95' title="bbox 384 5151 1970 5226">
    <p class='ocr_par' dir='ltr' id='par_1_95' title="bbox 384 5151 1970 5226">
     <span class='ocr_line' id='line_1_95' title="bbox 384 5151 1970 5226; baseline 0.003 -22"><span class='ocrx_word' id='word_1_681' title='bbox 384 5151 641 5221; x_wconf 84' lang='lat' dir='ltr'><strong>possibile</strong></span> <span class='ocrx_word' id='word_1_682' title='bbox 664 5162 746 5207; x_wconf 91' lang='lat' dir='ltr'><strong>est</strong></span> <span class='ocrx_word' id='word_1_683' title='bbox 774 5168 870 5223; x_wconf 90' lang='lat' dir='ltr'><strong>per</strong></span> <span class='ocrx_word' id='word_1_684' title='bbox 902 5152 1041 5208; x_wconf 86' lang='lat' dir='ltr'><strong>hanc</strong></span> <span class='ocrx_word' id='word_1_685' title='bbox 1076 5154 1214 5207; x_wconf 89' lang='lat' dir='ltr'><strong>viam</strong></span> <span class='ocrx_word' id='word_1_686' title='bbox 1248 5153 1362 5209; x_wconf 80' lang='lat' dir='ltr'><strong>ﬁeri</strong></span> <span class='ocrx_word' id='word_1_687' title='bbox 1392 5168 1579 5208; x_wconf 88' lang='lat' dir='ltr'><strong>omnes</strong></span> <span class='ocrx_word' id='word_1_688' title='bbox 1609 5155 1970 5226; x_wconf 83' lang='lat' dir='ltr'><strong>syllogismos,</strong></span> 
     </span>
    </p>
   </div>
   <div class='ocr_carea' id='block_1_96' title="bbox 383 5242 1973 5314">
    <p class='ocr_par' dir='ltr' id='par_1_96' title="bbox 383 5242 1973 5314">
     <span class='ocr_line' id='line_1_96' title="bbox 383 5242 1973 5314; baseline 0.001 -15"><span class='ocrx_word' id='word_1_689' title='bbox 383 5242 479 5299; x_wconf 87' lang='lat' dir='ltr'><strong>sed</strong></span> <span class='ocrx_word' id='word_1_690' title='bbox 498 5244 657 5298; x_wconf 89' lang='lat' dir='ltr'><strong>etiam</strong></span> <span class='ocrx_word' id='word_1_691' title='bbox 687 5245 936 5313; x_wconf 86' lang='lat' dir='ltr'><strong>quoniam</strong></span> <span class='ocrx_word' id='word_1_692' title='bbox 960 5260 1052 5314; x_wconf 90' lang='lat' dir='ltr'><strong>per</strong></span> <span class='ocrx_word' id='word_1_693' title='bbox 1078 5245 1236 5299; x_wconf 91' lang='lat' dir='ltr'><strong>aliam</strong></span> <span class='ocrx_word' id='word_1_694' title='bbox 1255 5244 1607 5314; x_wconf 90' lang='lat' dir='ltr'><strong>impossibile.</strong></span> <span class='ocrx_word' id='word_1_695' title='bbox 1626 5245 1812 5301; x_wconf 90' lang='lat' dir='ltr'><strong>Omnis</strong></span> <span class='ocrx_word' id='word_1_696' title='bbox 1830 5246 1973 5302; x_wconf 91' lang='lat' dir='ltr'><strong>enim</strong></span> 
     </span>
    </p>
   </div>
   <div class='ocr_carea' id='block_1_97' title="bbox 382 5334 1976 5408">
    <p class='ocr_par' dir='ltr' id='par_1_97' title="bbox 382 5334 1976 5408">
     <span class='ocr_line' id='line_1_97' title="bbox 382 5334 1976 5408; baseline 0.003 -18"><span class='ocrx_word' id='word_1_697' title='bbox 382 5334 735 5407; x_wconf 85' lang='lat' dir='ltr'><strong>syllogismus</strong></span> <span class='ocrx_word' id='word_1_698' title='bbox 769 5344 1019 5391; x_wconf 83' lang='lat' dir='ltr'><strong>ostensus</strong></span> <span class='ocrx_word' id='word_1_699' title='bbox 1059 5344 1143 5392; x_wconf 90' lang='lat' dir='ltr'><strong>est</strong></span> <span class='ocrx_word' id='word_1_700' title='bbox 1182 5336 1436 5408; x_wconf 89' lang='lat' dir='ltr'><strong>quoniam</strong></span> <span class='ocrx_word' id='word_1_701' title='bbox 1463 5352 1560 5407; x_wconf 88' lang='lat' dir='ltr'><strong>per</strong></span> <span class='ocrx_word' id='word_1_702' title='bbox 1579 5337 1808 5407; x_wconf 85' lang='lat' dir='ltr'><strong>aliquam</strong></span> <span class='ocrx_word' id='word_1_703' title='bbox 1840 5354 1976 5407; x_wconf 65' lang='lat' dir='ltr'><strong>pra-</strong></span> 
     </span>
    </p>
   </div>
   <div class='ocr_carea' id='block_1_98' title="bbox 380 5430 1981 5503">
    <p class='ocr_par' dir='ltr' id='par_1_98' title="bbox 380 5430 1981 5503">
     <span class='ocr_line' id='line_1_98' title="bbox 380 5430 1981 5503; baseline 0.002 -17"><span class='ocrx_word' id='word_1_704' title='bbox 380 5431 641 5486; x_wconf 85' lang='lat' dir='ltr'><strong>dictarutn</strong></span> <span class='ocrx_word' id='word_1_705' title='bbox 684 5430 972 5500; x_wconf 80' lang='lat' dir='ltr'><strong>ﬁgurarum</strong></span> <span class='ocrx_word' id='word_1_706' title='bbox 998 5431 1074 5500; x_wconf 82' lang='lat' dir='ltr'><strong>fit,</strong></span> <span class='ocrx_word' id='word_1_707' title='bbox 1109 5431 1205 5487; x_wconf 87' lang='lat' dir='ltr'><strong>ltas</strong></span> <span class='ocrx_word' id='word_1_708' title='bbox 1231 5440 1408 5487; x_wconf 91' lang='lat' dir='ltr'><strong>autem</strong></span> <span class='ocrx_word' id='word_1_709' title='bbox 1449 5447 1554 5485; x_wconf 91' lang='lat' dir='ltr'><strong>non</strong></span> <span class='ocrx_word' id='word_1_710' title='bbox 1586 5432 1849 5503; x_wconf 87' lang='lat' dir='ltr'><strong>contingit</strong></span> <span class='ocrx_word' id='word_1_711' title='bbox 1887 5448 1981 5503; x_wconf 89' lang='lat' dir='ltr'><strong>per</strong></span> 
     </span>
    </p>
   </div>
   <div class='ocr_carea' id='block_1_99' title="bbox 382 5524 1980 5596">
    <p class='ocr_par' dir='ltr' id='par_1_99' title="bbox 382 5524 1980 5596">
     <span class='ocr_line' id='line_1_99' title="bbox 382 5524 1980 5596; baseline 0.002 -16"><span class='ocrx_word' id='word_1_712' title='bbox 382 5524 487 5580; x_wconf 86' lang='lat' dir='ltr'><strong>alia</strong></span> <span class='ocrx_word' id='word_1_713' title='bbox 532 5524 785 5581; x_wconf 90' lang='lat' dir='ltr'><strong>constitui</strong></span> <span class='ocrx_word' id='word_1_714' title='bbox 812 5540 972 5595; x_wconf 87' lang='lat' dir='ltr'><strong>quam</strong></span> <span class='ocrx_word' id='word_1_715' title='bbox 1017 5541 1113 5595; x_wconf 90' lang='lat' dir='ltr'><strong>per</strong></span> <span class='ocrx_word' id='word_1_716' title='bbox 1143 5526 1426 5596; x_wconf 89' lang='lat' dir='ltr'><strong>sequentia</strong></span> <span class='ocrx_word' id='word_1_717' title='bbox 1476 5535 1532 5581; x_wconf 89' lang='lat' dir='ltr'><strong>et</strong></span> <span class='ocrx_word' id='word_1_718' title='bbox 1568 5540 1690 5595; x_wconf 62' lang='lat' dir='ltr'><strong>quae</strong></span> <span class='ocrx_word' id='word_1_719' title='bbox 1737 5528 1980 5595; x_wconf 89' lang='lat' dir='ltr'><strong>sequitur</strong></span> 
     </span>
    </p>
   </div>
   <div class='ocr_carea' id='block_1_100' title="bbox 381 5616 1982 5690">
    <p class='ocr_par' dir='ltr' id='par_1_100' title="bbox 381 5616 1982 5690">
     <span class='ocr_line' id='line_1_100' title="bbox 381 5616 1982 5690; baseline 0.001 -18"><span class='ocrx_word' id='word_1_720' title='bbox 381 5617 823 5690; x_wconf 89' lang='lat' dir='ltr'><strong>unumquodque,</strong></span> <span class='ocrx_word' id='word_1_721' title='bbox 856 5632 925 5674; x_wconf 85' lang='lat' dir='ltr'><strong>ex</strong></span> <span class='ocrx_word' id='word_1_722' title='bbox 958 5618 1042 5674; x_wconf 92' lang='lat' dir='ltr'><strong>his</strong></span> <span class='ocrx_word' id='word_1_723' title='bbox 1073 5617 1218 5673; x_wconf 91' lang='lat' dir='ltr'><strong>enim</strong></span> <span class='ocrx_word' id='word_1_724' title='bbox 1262 5616 1679 5688; x_wconf 88' lang='lat' dir='ltr'><strong>propositiones,</strong></span> <span class='ocrx_word' id='word_1_725' title='bbox 1716 5624 1770 5672; x_wconf 87' lang='lat' dir='ltr'><strong>et</strong></span> <span class='ocrx_word' id='word_1_726' title='bbox 1819 5617 1982 5674; x_wconf 90' lang='lat' dir='ltr'><strong>medii</strong></span> 
     </span>
    </p>
   </div>
   <div class='ocr_carea' id='block_1_101' title="bbox 381 5710 1983 5786">
    <p class='ocr_par' dir='ltr' id='par_1_101' title="bbox 381 5710 1983 5786">
     <span class='ocr_line' id='line_1_101' title="bbox 381 5710 1983 5786; baseline -0.001 -18"><span class='ocrx_word' id='word_1_727' title='bbox 381 5713 637 5783; x_wconf 79' lang='lat' dir='ltr'><strong>sumptio,</strong></span> <span class='ocrx_word' id='word_1_728' title='bbox 660 5710 949 5783; x_wconf 36' lang='lat' dir='ltr'><strong>quare‘nec</strong></span> <span class='ocrx_word' id='word_1_729' title='bbox 968 5712 1333 5786; x_wconf 80' lang='lat' dir='ltr'><strong>syllogismum</strong></span> <span class='ocrx_word' id='word_1_730' title='bbox 1366 5711 1622 5782; x_wconf 86' lang='lat' dir='ltr'><strong>possibile</strong></span> <span class='ocrx_word' id='word_1_731' title='bbox 1644 5718 1727 5767; x_wconf 88' lang='lat' dir='ltr'><strong>est</strong></span> <span class='ocrx_word' id='word_1_732' title='bbox 1748 5711 1860 5766; x_wconf 81' lang='lat' dir='ltr'><strong>ﬁeri</strong></span> <span class='ocrx_word' id='word_1_733' title='bbox 1885 5725 1983 5781; x_wconf 89' lang='lat' dir='ltr'><strong>per</strong></span> 
     </span>
    </p>
   </div>
   <div class='ocr_carea' id='block_1_102' title="bbox 382 5802 1973 5880">
    <p class='ocr_par' dir='ltr' id='par_1_102' title="bbox 382 5802 1973 5880">
     <span class='ocr_line' id='line_1_102' title="bbox 382 5802 1973 5880; baseline -0.001 -18"><span class='ocrx_word' id='word_1_734' title='bbox 382 5806 509 5862; x_wconf 83' lang='lat' dir='ltr'><strong>alia.</strong></span> <span class='ocrx_word' id='word_1_735' title='bbox 543 5806 686 5880; x_wconf 86' lang='lat' dir='ltr'><strong>Ergo</strong></span> <span class='ocrx_word' id='word_1_736' title='bbox 708 5806 1000 5865; x_wconf 85' lang='lat' dir='ltr'><strong>methodus</strong></span> <span class='ocrx_word' id='word_1_737' title='bbox 1038 5807 1255 5877; x_wconf 90' lang='lat' dir='ltr'><strong>quidem</strong></span> <span class='ocrx_word' id='word_1_738' title='bbox 1284 5806 1352 5863; x_wconf 90' lang='lat' dir='ltr'><strong>de</strong></span> <span class='ocrx_word' id='word_1_739' title='bbox 1379 5804 1630 5863; x_wconf 86' lang='lat' dir='ltr'><strong>omnibus</strong></span> <span class='ocrx_word' id='word_1_740' title='bbox 1659 5802 1848 5861; x_wconf 86' lang='lat' dir='ltr'><strong>eadem</strong></span> <span class='ocrx_word' id='word_1_741' title='bbox 1870 5810 1973 5872; x_wconf 83' lang='lat' dir='ltr'><strong>est,</strong></span> 
     </span>
    </p>
   </div>
   <div class='ocr_carea' id='block_1_103' title="bbox 2076 4587 3664 4660">
    <p class='ocr_par' dir='ltr' id='par_1_103' title="bbox 2076 4587 3664 4660">
     <span class='ocr_line' id='line_1_103' title="bbox 2076 4587 3664 4660; baseline 0.003 -14"><span class='ocrx_word' id='word_1_742' title='bbox 2076 4598 2290 4653; x_wconf 78' lang='lat' dir='ltr'><strong>xerunt,</strong></span> <span class='ocrx_word' id='word_1_743' title='bbox 2306 4604 2479 4658; x_wconf 83' lang='lat' dir='ltr'><strong>neque</strong></span> <span class='ocrx_word' id='word_1_744' title='bbox 2496 4587 2748 4658; x_wconf 91' lang='lat' dir='ltr'><strong>quoniam</strong></span> <span class='ocrx_word' id='word_1_745' title='bbox 2764 4588 3106 4658; x_wconf 89' lang='lat' dir='ltr'><strong>contingebat</strong></span> <span class='ocrx_word' id='word_1_746' title='bbox 3121 4588 3199 4645; x_wconf 89' lang='lat' dir='ltr'><strong>sic</strong></span> <span class='ocrx_word' id='word_1_747' title='bbox 3210 4591 3664 4660; x_wconf 87' lang='lat' dir='ltr'><strong>quemadmodum</strong></span> 
     </span>
    </p>
   </div>
   <div class='ocr_carea' id='block_1_104' title="bbox 2075 4681 3664 4756">
    <p class='ocr_par' dir='ltr' id='par_1_104' title="bbox 2075 4681 3664 4756">
     <span class='ocr_line' id='line_1_104' title="bbox 2075 4681 3664 4756; baseline -0.003 -16"><span class='ocrx_word' id='word_1_748' title='bbox 2075 4684 2330 4740; x_wconf 80' lang='lat' dir='ltr'><strong>diximus.</strong></span> <span class='ocrx_word' id='word_1_749' title='bbox 2346 4683 2487 4753; x_wconf 78' lang='lat' dir='ltr'><strong>Ergo</strong></span> <span class='ocrx_word' id='word_1_750' title='bbox 2506 4683 2561 4737; x_wconf 93' lang='lat' dir='ltr'><strong>in</strong></span> <span class='ocrx_word' id='word_1_751' title='bbox 2577 4681 3129 4737; x_wconf 89' lang='lat' dir='ltr'><strong>demonstrationibus</strong></span> <span class='ocrx_word' id='word_1_752' title='bbox 3144 4683 3359 4753; x_wconf 90' lang='lat' dir='ltr'><strong>quidem</strong></span> <span class='ocrx_word' id='word_1_753' title='bbox 3374 4698 3493 4740; x_wconf 91' lang='lat' dir='ltr'><strong>cum</strong></span> <span class='ocrx_word' id='word_1_754' title='bbox 3508 4700 3664 4756; x_wconf 75' lang='lat' dir='ltr'><strong>opor.</strong></span> 
     </span>
    </p>
   </div>
   <div class='ocr_carea' id='block_1_105' title="bbox 2077 4776 3667 4849">
    <p class='ocr_par' dir='ltr' id='par_1_105' title="bbox 2077 4776 3667 4849">
     <span class='ocr_line' id='line_1_105' title="bbox 2077 4776 3667 4849; baseline 0 -16"><span class='ocrx_word' id='word_1_755' title='bbox 2077 4788 2183 4835; x_wconf 89' lang='lat' dir='ltr'><strong>teat</strong></span> <span class='ocrx_word' id='word_1_756' title='bbox 2201 4778 2327 4849; x_wconf 91' lang='lat' dir='ltr'><strong>quid</strong></span> <span class='ocrx_word' id='word_1_757' title='bbox 2344 4776 2682 4848; x_wconf 85' lang='lat' dir='ltr'><strong>syllogizare,</strong></span> <span class='ocrx_word' id='word_1_758' title='bbox 2698 4784 2911 4846; x_wconf 87' lang='lat' dir='ltr'><strong>oportet</strong></span> <span class='ocrx_word' id='word_1_759' title='bbox 2928 4776 3161 4833; x_wconf 91' lang='lat' dir='ltr'><strong>medium</strong></span> <span class='ocrx_word' id='word_1_760' title='bbox 3190 4792 3286 4847; x_wconf 90' lang='lat' dir='ltr'><strong>per</strong></span> <span class='ocrx_word' id='word_1_761' title='bbox 3300 4777 3443 4848; x_wconf 91' lang='lat' dir='ltr'><strong>quod</strong></span> <span class='ocrx_word' id='word_1_762' title='bbox 3473 4778 3533 4831; x_wconf 84' lang='lat' dir='ltr'><strong>lit</strong></span> <span class='ocrx_word' id='word_1_763' title='bbox 3554 4777 3667 4849; x_wconf 81' lang='lat' dir='ltr'><strong>syl-</strong></span> 
     </span>
    </p>
   </div>
   <div class='ocr_carea' id='block_1_106' title="bbox 2076 4868 3666 4942">
    <p class='ocr_par' dir='ltr' id='par_1_106' title="bbox 2076 4868 3666 4942">
     <span class='ocr_line' id='line_1_106' title="bbox 2076 4868 3666 4942; baseline -0.001 -15"><span class='ocrx_word' id='word_1_764' title='bbox 2076 4870 2335 4942; x_wconf 79' lang='lat' dir='ltr'><strong>IOgismus</strong></span> <span class='ocrx_word' id='word_1_765' title='bbox 2360 4870 2537 4924; x_wconf 92' lang='lat' dir='ltr'><strong>minus</strong></span> <span class='ocrx_word' id='word_1_766' title='bbox 2566 4883 2778 4940; x_wconf 88' lang='lat' dir='ltr'><strong>semper</strong></span> <span class='ocrx_word' id='word_1_767' title='bbox 2806 4883 2952 4936; x_wconf 88' lang='lat' dir='ltr'><strong>esse,</strong></span> <span class='ocrx_word' id='word_1_768' title='bbox 2977 4878 3031 4924; x_wconf 92' lang='lat' dir='ltr'><strong>et</strong></span> <span class='ocrx_word' id='word_1_769' title='bbox 3059 4883 3167 4924; x_wconf 90' lang='lat' dir='ltr'><strong>non</strong></span> <span class='ocrx_word' id='word_1_770' title='bbox 3198 4868 3572 4924; x_wconf 90' lang='lat' dir='ltr'><strong>universaliter</strong></span> <span class='ocrx_word' id='word_1_771' title='bbox 3598 4869 3666 4926; x_wconf 75' lang='lat' dir='ltr'><strong>de</strong></span> 
     </span>
    </p>
   </div>
   <div class='ocr_carea' id='block_1_107' title="bbox 2084 4961 3666 5035">
    <p class='ocr_par' dir='ltr' id='par_1_107' title="bbox 2084 4961 3666 5035">
     <span class='ocr_line' id='line_1_107' title="bbox 2084 4961 3666 5035; baseline -0.001 -18"><span class='ocrx_word' id='word_1_772' title='bbox 2084 4966 2253 5035; x_wconf 88' lang='lat' dir='ltr'><strong>prima</strong></span> <span class='ocrx_word' id='word_1_773' title='bbox 2287 4962 2658 5019; x_wconf 81' lang='lat' dir='ltr'><strong>extremitate.</strong></span> <span class='ocrx_word' id='word_1_774' title='bbox 2691 4961 2896 5019; x_wconf 83' lang='lat' dir='ltr'><strong>Divisio</strong></span> <span class='ocrx_word' id='word_1_775' title='bbox 2940 4971 3119 5018; x_wconf 84' lang='lat' dir='ltr'><strong>autem</strong></span> <span class='ocrx_word' id='word_1_776' title='bbox 3168 4962 3501 5018; x_wconf 90' lang='lat' dir='ltr'><strong>contrarium</strong></span> <span class='ocrx_word' id='word_1_777' title='bbox 3532 4961 3666 5031; x_wconf 87' lang='lat' dir='ltr'><strong>vult,</strong></span> 
     </span>
    </p>
   </div>
   <div class='ocr_carea' id='block_1_108' title="bbox 2084 5054 3667 5114">
    <p class='ocr_par' dir='ltr' id='par_1_108' title="bbox 2084 5054 3667 5114">
     <span class='ocr_line' id='line_1_108' title="bbox 2084 5054 3667 5114; baseline 0 -2"><span class='ocrx_word' id='word_1_778' title='bbox 2084 5072 2207 5112; x_wconf 89' lang='lat' dir='ltr'><strong>nam</strong></span> <span class='ocrx_word' id='word_1_779' title='bbox 2260 5055 2618 5111; x_wconf 85' lang='lat' dir='ltr'><strong>universalius</strong></span> <span class='ocrx_word' id='word_1_780' title='bbox 2672 5056 2837 5112; x_wconf 88' lang='lat' dir='ltr'><strong>sumit</strong></span> <span class='ocrx_word' id='word_1_781' title='bbox 2883 5056 3141 5112; x_wconf 89' lang='lat' dir='ltr'><strong>medium.</strong></span> <span class='ocrx_word' id='word_1_782' title='bbox 3170 5054 3251 5111; x_wconf 82' lang='lat' dir='ltr'><strong>Sit</strong></span> <span class='ocrx_word' id='word_1_783' title='bbox 3278 5055 3422 5111; x_wconf 89' lang='lat' dir='ltr'><strong>enim</strong></span> <span class='ocrx_word' id='word_1_784' title='bbox 3471 5054 3667 5114; x_wconf 91' lang='lat' dir='ltr'><strong>animal</strong></span> 
     </span>
    </p>
   </div>
   <div class='ocr_carea' id='block_1_109' title="bbox 2084 5149 3668 5221">
    <p class='ocr_par' dir='ltr' id='par_1_109' title="bbox 2084 5149 3668 5221">
     <span class='ocr_line' id='line_1_109' title="bbox 2084 5149 3668 5221; baseline -0.001 -17"><span class='ocrx_word' id='word_1_785' title='bbox 2084 5152 2302 5221; x_wconf 89' lang='lat' dir='ltr'><strong>quidem</strong></span> <span class='ocrx_word' id='word_1_786' title='bbox 2324 5152 2377 5206; x_wconf 89' lang='lat' dir='ltr'><strong>in</strong></span> <span class='ocrx_word' id='word_1_787' title='bbox 2403 5165 2512 5220; x_wconf 91' lang='lat' dir='ltr'><strong>quo</strong></span> <span class='ocrx_word' id='word_1_788' title='bbox 2532 5167 2584 5217; x_wconf 90' lang='lat' dir='ltr'><strong>a,</strong></span> <span class='ocrx_word' id='word_1_789' title='bbox 2612 5151 2842 5206; x_wconf 86' lang='lat' dir='ltr'><strong>mortale</strong></span> <span class='ocrx_word' id='word_1_790' title='bbox 2861 5158 3043 5206; x_wconf 86' lang='lat' dir='ltr'><strong>autem</strong></span> <span class='ocrx_word' id='word_1_791' title='bbox 3074 5149 3127 5204; x_wconf 91' lang='lat' dir='ltr'><strong>in</strong></span> <span class='ocrx_word' id='word_1_792' title='bbox 3154 5164 3261 5219; x_wconf 89' lang='lat' dir='ltr'><strong>quo</strong></span> <span class='ocrx_word' id='word_1_793' title='bbox 3293 5150 3343 5216; x_wconf 89' lang='lat' dir='ltr'><strong>b,</strong></span> <span class='ocrx_word' id='word_1_794' title='bbox 3366 5157 3423 5204; x_wconf 90' lang='lat' dir='ltr'><strong>ct</strong></span> <span class='ocrx_word' id='word_1_795' title='bbox 3451 5149 3668 5204; x_wconf 77' lang='lat' dir='ltr'><strong>immor-</strong></span> 
     </span>
    </p>
   </div>
   <div class='ocr_carea' id='block_1_110' title="bbox 2087 5242 3669 5314">
    <p class='ocr_par' dir='ltr' id='par_1_110' title="bbox 2087 5242 3669 5314">
     <span class='ocr_line' id='line_1_110' title="bbox 2087 5242 3669 5314; baseline 0.002 -16"><span class='ocrx_word' id='word_1_796' title='bbox 2087 5244 2192 5299; x_wconf 85' lang='lat' dir='ltr'><strong>tale</strong></span> <span class='ocrx_word' id='word_1_797' title='bbox 2234 5244 2285 5299; x_wconf 92' lang='lat' dir='ltr'><strong>in</strong></span> <span class='ocrx_word' id='word_1_798' title='bbox 2334 5259 2516 5314; x_wconf 37' lang='lat' dir='ltr'><strong>quo&#39;c,</strong></span> <span class='ocrx_word' id='word_1_799' title='bbox 2549 5243 2709 5299; x_wconf 88' lang='lat' dir='ltr'><strong>homo</strong></span> <span class='ocrx_word' id='word_1_800' title='bbox 2738 5258 2872 5299; x_wconf 89' lang='lat' dir='ltr'><strong>vero</strong></span> <span class='ocrx_word' id='word_1_801' title='bbox 2924 5242 3080 5313; x_wconf 89' lang='lat' dir='ltr'><strong>cujus</strong></span> <span class='ocrx_word' id='word_1_802' title='bbox 3123 5242 3413 5297; x_wconf 85' lang='lat' dir='ltr'><strong>terminum</strong></span> <span class='ocrx_word' id='word_1_803' title='bbox 3458 5250 3669 5312; x_wconf 83' lang='lat' dir='ltr'><strong>oportet</strong></span> 
     </span>
    </p>
   </div>
   <div class='ocr_carea' id='block_1_111' title="bbox 2084 5334 3669 5408">
    <p class='ocr_par' dir='ltr' id='par_1_111' title="bbox 2084 5334 3669 5408">
     <span class='ocr_line' id='line_1_111' title="bbox 2084 5334 3669 5408; baseline 0.002 -17"><span class='ocrx_word' id='word_1_804' title='bbox 2084 5351 2297 5393; x_wconf 87' lang='lat' dir='ltr'><strong>sumere</strong></span> <span class='ocrx_word' id='word_1_805' title='bbox 2346 5338 2400 5392; x_wconf 89' lang='lat' dir='ltr'><strong>in</strong></span> <span class='ocrx_word' id='word_1_806' title='bbox 2450 5352 2555 5407; x_wconf 91' lang='lat' dir='ltr'><strong>quo</strong></span> <span class='ocrx_word' id='word_1_807' title='bbox 2594 5337 2646 5403; x_wconf 82' lang='grc' dir='ltr'><strong>ά,</strong></span> <span class='ocrx_word' id='word_1_808' title='bbox 2697 5352 2855 5393; x_wconf 90' lang='lat' dir='ltr'><strong>omne</strong></span> <span class='ocrx_word' id='word_1_809' title='bbox 2915 5350 3045 5408; x_wconf 87' lang='lat' dir='ltr'><strong>ergo</strong></span> <span class='ocrx_word' id='word_1_810' title='bbox 3094 5334 3291 5390; x_wconf 87' lang='lat' dir='ltr'><strong>animai</strong></span> <span class='ocrx_word' id='word_1_811' title='bbox 3342 5336 3538 5406; x_wconf 88' lang='lat' dir='ltr'><strong>accipit</strong></span> <span class='ocrx_word' id='word_1_812' title='bbox 3576 5345 3669 5395; x_wconf 86' lang='lat' dir='ltr'><strong>aut</strong></span> 
     </span>
    </p>
   </div>
   <div class='ocr_carea' id='block_1_112' title="bbox 2088 5430 3668 5521">
    <p class='ocr_par' dir='ltr' id='par_1_112' title="bbox 2088 5430 3668 5521">
     <span class='ocr_line' id='line_1_112' title="bbox 2088 5430 3668 5521; baseline 0.001 -35"><span class='ocrx_word' id='word_1_813' title='bbox 2088 5430 2333 5521; x_wconf 59' lang='lat' dir='ltr'><strong>mortale,</strong></span> <span class='ocrx_word' id='word_1_814' title='bbox 2383 5438 2475 5485; x_wconf 87' lang='lat' dir='ltr'><strong>aut</strong></span> <span class='ocrx_word' id='word_1_815' title='bbox 2516 5431 2868 5486; x_wconf 88' lang='lat' dir='ltr'><strong>immortale:</strong></span> <span class='ocrx_word' id='word_1_816' title='bbox 2902 5430 3004 5486; x_wconf 88' lang='lat' dir='ltr'><strong>hoc</strong></span> <span class='ocrx_word' id='word_1_817' title='bbox 3055 5436 3231 5483; x_wconf 87' lang='lat' dir='ltr'><strong>autem</strong></span> <span class='ocrx_word' id='word_1_818' title='bbox 3282 5437 3366 5485; x_wconf 86' lang='lat' dir='ltr'><strong>est</strong></span> <span class='ocrx_word' id='word_1_819' title='bbox 3410 5430 3668 5500; x_wconf 90' lang='lat' dir='ltr'><strong>quidquid</strong></span> 
     </span>
    </p>
   </div>
   <div class='ocr_carea' id='block_1_113' title="bbox 2085 5520 3669 5590">
    <p class='ocr_par' dir='ltr' id='par_1_113' title="bbox 2085 5520 3669 5590">
     <span class='ocr_line' id='line_1_113' title="bbox 2085 5520 3669 5590; baseline -0.001 -10"><span class='ocrx_word' id='word_1_820' title='bbox 2085 5530 2219 5590; x_wconf 88' lang='lat' dir='ltr'><strong>erat,</strong></span> <span class='ocrx_word' id='word_1_821' title='bbox 2248 5520 2407 5580; x_wconf 84' lang='lat' dir='ltr'><strong>omne</strong></span> <span class='ocrx_word' id='word_1_822' title='bbox 2433 5538 2553 5580; x_wconf 89' lang='lat' dir='ltr'><strong>esse</strong></span> <span class='ocrx_word' id='word_1_823' title='bbox 2590 5533 2681 5578; x_wconf 90' lang='lat' dir='ltr'><strong>aut</strong></span> <span class='ocrx_word' id='word_1_824' title='bbox 2706 5523 2755 5587; x_wconf 88' lang='lat' dir='ltr'><strong>b,</strong></span> <span class='ocrx_word' id='word_1_825' title='bbox 2779 5529 2872 5576; x_wconf 92' lang='lat' dir='ltr'><strong>aut</strong></span> <span class='ocrx_word' id='word_1_826' title='bbox 2899 5538 2945 5575; x_wconf 88' lang='lat' dir='ltr'><strong>c.</strong></span> <span class='ocrx_word' id='word_1_827' title='bbox 2981 5522 3186 5576; x_wconf 82' lang='lat' dir='ltr'><strong>Rursus</strong></span> <span class='ocrx_word' id='word_1_828' title='bbox 3215 5520 3487 5577; x_wconf 90' lang='lat' dir='ltr'><strong>hominem</strong></span> <span class='ocrx_word' id='word_1_829' title='bbox 3519 5536 3669 5578; x_wconf 85' lang='lat' dir='ltr'><strong>sem-</strong></span> 
     </span>
    </p>
   </div>
   <div class='ocr_carea' id='block_1_114' title="bbox 2085 5615 3670 5689">
    <p class='ocr_par' dir='ltr' id='par_1_114' title="bbox 2085 5615 3670 5689">
     <span class='ocr_line' id='line_1_114' title="bbox 2085 5615 3670 5689; baseline 0 -15"><span class='ocrx_word' id='word_1_830' title='bbox 2085 5634 2182 5689; x_wconf 91' lang='lat' dir='ltr'><strong>per</strong></span> <span class='ocrx_word' id='word_1_831' title='bbox 2211 5618 2300 5689; x_wconf 89' lang='lat' dir='ltr'><strong>qui</strong></span> <span class='ocrx_word' id='word_1_832' title='bbox 2331 5618 2541 5685; x_wconf 87' lang='lat' dir='ltr'><strong>dividit,</strong></span> <span class='ocrx_word' id='word_1_833' title='bbox 2575 5619 2727 5688; x_wconf 90' lang='lat' dir='ltr'><strong>ponit</strong></span> <span class='ocrx_word' id='word_1_834' title='bbox 2752 5616 2949 5672; x_wconf 87' lang='lat' dir='ltr'><strong>animal</strong></span> <span class='ocrx_word' id='word_1_835' title='bbox 2978 5629 3130 5677; x_wconf 84' lang='lat' dir='ltr'><strong>esse,</strong></span> <span class='ocrx_word' id='word_1_836' title='bbox 3159 5630 3326 5684; x_wconf 89' lang='lat' dir='ltr'><strong>quare</strong></span> <span class='ocrx_word' id='word_1_837' title='bbox 3350 5615 3420 5671; x_wconf 93' lang='lat' dir='ltr'><strong>de</strong></span> <span class='ocrx_word' id='word_1_838' title='bbox 3445 5616 3479 5668; x_wconf 78' lang='grc' dir='ltr'>ά</span> <span class='ocrx_word' id='word_1_839' title='bbox 3504 5617 3670 5674; x_wconf 86' lang='lat' dir='ltr'><strong>sumit</strong></span> 
     </span>
    </p>
   </div>
   <div class='ocr_carea' id='block_1_115' title="bbox 2083 5707 3670 5781">
    <p class='ocr_par' dir='ltr' id='par_1_115' title="bbox 2083 5707 3670 5781">
     <span class='ocr_line' id='line_1_115' title="bbox 2083 5707 3670 5781; baseline 0 -17"><span class='ocrx_word' id='word_1_840' title='bbox 2083 5727 2117 5764; x_wconf 90' lang='lat' dir='ltr'><strong>a</strong></span> <span class='ocrx_word' id='word_1_841' title='bbox 2142 5725 2262 5767; x_wconf 92' lang='lat' dir='ltr'><strong>esse</strong></span> <span class='ocrx_word' id='word_1_842' title='bbox 2282 5751 2296 5775; x_wconf 90' lang='lat'><strong>,</strong></span> <span class='ocrx_word' id='word_1_843' title='bbox 2327 5726 2455 5781; x_wconf 91' lang='lat' dir='ltr'><strong>ergo</strong></span> <span class='ocrx_word' id='word_1_844' title='bbox 2481 5709 2827 5780; x_wconf 87' lang='lat' dir='ltr'><strong>syllogismus</strong></span> <span class='ocrx_word' id='word_1_845' title='bbox 2849 5707 3064 5777; x_wconf 89' lang='lat' dir='ltr'><strong>quidem</strong></span> <span class='ocrx_word' id='word_1_846' title='bbox 3091 5714 3197 5773; x_wconf 91' lang='lat' dir='ltr'><strong>est,</strong></span> <span class='ocrx_word' id='word_1_847' title='bbox 3220 5707 3468 5775; x_wconf 89' lang='lat' dir='ltr'><strong>quoniam</strong></span> <span class='ocrx_word' id='word_1_848' title='bbox 3490 5707 3542 5771; x_wconf 88' lang='lat' dir='ltr'><strong>d,</strong></span> <span class='ocrx_word' id='word_1_849' title='bbox 3573 5716 3670 5764; x_wconf 86' lang='lat' dir='ltr'><strong>aut</strong></span> 
     </span>
    </p>
   </div>
   <div class='ocr_carea' id='block_1_116' title="bbox 2086 5797 3668 5873">
    <p class='ocr_par' dir='ltr' id='par_1_116' title="bbox 2086 5797 3668 5873">
     <span class='ocr_line' id='line_1_116' title="bbox 2086 5797 3668 5873; baseline -0.003 -16"><span class='ocrx_word' id='word_1_850' title='bbox 2086 5803 2137 5873; x_wconf 89' lang='lat' dir='ltr'><strong>b,</strong></span> <span class='ocrx_word' id='word_1_851' title='bbox 2166 5812 2260 5859; x_wconf 89' lang='lat' dir='ltr'><strong>aut</strong></span> <span class='ocrx_word' id='word_1_852' title='bbox 2285 5819 2312 5857; x_wconf 78' lang='grc' dir='ltr'><strong><em>ο</em></strong></span> <span class='ocrx_word' id='word_1_853' title='bbox 2341 5815 2502 5857; x_wconf 91' lang='lat' dir='ltr'><strong>omne</strong></span> <span class='ocrx_word' id='word_1_854' title='bbox 2530 5798 2656 5865; x_wconf 82' lang='lat' dir='ltr'><strong>erit,</strong></span> <span class='ocrx_word' id='word_1_855' title='bbox 2703 5812 2869 5868; x_wconf 89' lang='lat' dir='ltr'><strong>quare</strong></span> <span class='ocrx_word' id='word_1_856' title='bbox 2919 5797 3188 5865; x_wconf 85' lang='lat' dir='ltr'><strong>hominem</strong></span> <span class='ocrx_word' id='word_1_857' title='bbox 3235 5806 3323 5867; x_wconf 88' lang='lat' dir='ltr'><strong>aut</strong></span> <span class='ocrx_word' id='word_1_858' title='bbox 3356 5797 3668 5867; x_wconf 88' lang='lat' dir='ltr'><strong>mortalem,</strong></span> 
     </span>
    </p>
   </div>
  </div>
