4112 6332
424 276 529 332 675

428 487 582 553 dem,
614 494 706 542 aut
757 484 1059 541 immortale
1100 500 1221 539 esse
1261 484 1625 540 necessarium
1672 496 1751 541 est
1792 485 2013 553 animal,

428 583 652 636 mortale
678 590 854 635 autem
888 594 992 632 non
1020 578 1385 633 necessarium
1416 588 1514 640 est,
1545 577 1635 631 sed
1664 578 1875 646 petitur.
1905 578 2016 632 lloe

428 685 603 728 autem
637 683 750 727 erat
781 670 920 741 quod
949 669 1229 738 Oportebat
1254 668 1591 740 syllogizare.
1625 668 1691 723 Et
1714 684 1900 724 rursus
1922 668 2016 739 qui

428 769 579 837 ponit
602 784 632 819 (ι
660 766 873 834 quidem
896 764 1091 819 animal
1115 763 1339 818 mortale
1369 766 1419 818 in
1451 779 1557 834 quo
1588 772 1765 819 autem
1791 763 1817 817 b
1850 763 2013 833 pedes

426 857 649 921 habens,
680 857 729 908 iu
756 872 865 925 quo
880 863 1131 921 autem‘c,
1166 870 1273 909 non
1296 854 1503 909 habens
1526 854 1711 924 pedes,
1738 852 2009 911 hominem

428 966 552 1006 vero
584 949 637 1014 ά,
665 948 914 1003 similiter
943 949 1104 1002 sumit
1135 965 1166 1001 a
1211 948 1424 1018 quidem
1445 990 1459 1013 ,
1504 957 1595 1002 aut
1625 949 1674 1003 in
1702 949 1752 1015 ὸ,
1784 957 1873 1005 aut
1905 951 1955 1004 in
1986 966 2013 1005 ο

426 1056 567 1096 esse.
600 1040 770 1095 Omne
798 1039 942 1095 enim
975 1038 1171 1093 animal
1201 1038 1426 1094 mortale
1450 1050 1541 1093 aut
1585 1038 1749 1110 pedes
1779 1038 2008 1107 habens,

427 1142 517 1189 aut
564 1133 725 1203 pedes
768 1148 872 1186 non
907 1132 1112 1187 habens
1142 1140 1246 1197 est,
1278 1130 1345 1187 de
1376 1132 1411 1184 ά
1458 1141 1635 1188 autem
1670 1149 1722 1200 a,
1755 1149 1877 1188 nam
1914 1134 2012 1188 lto-

427 1226 624 1280 minem
656 1224 855 1278 animal
887 1222 1115 1279 mortale
1159 1222 1389 1293 sumpsit
1416 1238 1557 1288 esse,
1593 1239 1758 1294 quare
1804 1224 2011 1281 habens

426 1318 620 1389 pedes,
651 1318 737 1371 vel
784 1331 887 1371 non
921 1316 1126 1372 habens
1181 1315 1345 1386 pedes
1376 1331 1495 1371 esse
1538 1317 1759 1380 animal.
1792 1334 2015 1374 necesse

426 1420 507 1467 est
537 1411 832 1475 hominem,
865 1410 1030 1481 pedes
1056 1417 1236 1465 autem
1290 1410 1493 1465 habens
1524 1427 1627 1465 non
1657 1426 1881 1467 necesse
1911 1421 2014 1477 est,

427 1504 521 1561 sed
568 1505 753 1572 sumit,
786 1504 888 1559 hoc
919 1512 1097 1558 autem
1141 1512 1256 1557 erat
1286 1504 1427 1571 quod
1476 1505 1755 1572 oportebat
1804 1519 2016 1558 rursum

428 1598 731 1652 ostendere.
761 1596 826 1650 Et
851 1597 917 1649 ad
952 1595 1095 1650 hunc
1125 1595 1347 1650 modum
1388 1611 1606 1664 semper
1634 1596 2015 1661 dividentibus,

427 1690 736 1747 universale
764 1688 982 1759 quidem
1032 1688 1229 1743 accidit
1269 1688 1346 1743 eis
1401 1689 1633 1743 medium
1666 1705 1903 1751 sumere,
1950 1690 2019 1743 de

1237 340 1246 350 ,
1640 274 1775 333 ΑΝ.
1818 274 2024 337 nam.
2066 276 2221 335 sev.
2262 277 2487 338 nos'ru

425 401 517 450 aut
546 391 905 450 immortalem
952 397 1165 465 oportet
1192 405 1425 460 sumere,
1464 406 1585 448 nam
1618 394 1843 449 mortale
1892 394 2015 465 qui-
2045 394 2096 468 Α
2127 403 2229 466 tes,
2263 404 2355 452 aut
2383 395 2480 452 has
2510 396 2725 470 quidem
2750 398 3097 469 protendunt,
3129 414 3229 472 per
3256 415 3389 472 quas
3420 412 3603 461 autem
3629 404 3714 461 lue

3595 286 3716 353 .676

2124 489 2543 555 concluduntur,
2577 490 2867 559 omitumt,
2903 491 3003 545 alia
3031 506 3160 547 vero
3189 508 3325 550 vane
3354 494 3711 568 interrogant.

2123 579 2586 635 Considerandum
2620 590 2798 635 autem
2828 583 2873 636 si
2906 583 3030 652 quid
3080 585 3410 652 superfluum
3442 600 3713 657 sumptum

2124 672 2211 738 sit,
2247 681 2301 727 et
2330 673 2375 727 si
2405 674 2528 742 quid
2561 677 2993 730 necessariorum
3037 679 3320 743 omissum,
3368 690 3422 735 et
3455 680 3558 736 hoc
3588 683 3712 750 qui-

2123 764 2246 818 dem
2282 766 2610 834 ponendmn,
2659 767 2784 820 illud
2817 782 2946 822 vero
2990 771 3365 836 auferendum,
3396 772 3569 827 donec
3616 790 3713 828 ve-

2124 856 2236 909 niat
2269 858 2388 927 quis
2419 856 2485 911 ad
2519 857 2652 912 duas
2682 861 3097 929 propositiones.
3133 863 3249 917 sine
3299 864 3383 921 bis
3411 865 3556 920 enim
3608 882 3713 921 non

2124 957 2207 1003 est
2234 950 2497 1005 reducere
2527 951 2603 1005 sic
2636 950 2993 1022 interrogatos
3026 956 3317 1010 orationes.
3354 955 3408 1012 In
3444 956 3715 1027 aliquibus

2123 1050 2252 1111 ergo
2283 1037 2439 1094 facile
2470 1052 2550 1094 est
2593 1041 2778 1097 videre
2807 1043 2949 1112 quod
2999 1045 3176 1099 minus
3216 1054 3321 1112 est,
3366 1046 3531 1117 aliqui
3584 1064 3714 1103 νεεο

2123 1128 2308 1195 latent,
2338 1141 2392 1185 et
2417 1130 2668 1187 videntur
2692 1135 2906 1204 quidem
2958 1136 3301 1205 syllogizare,
3336 1153 3401 1193 eo
3446 1140 3587 1207 quod
3621 1154 3715 1195 ne-

2122 1220 2414 1275 cessarium
2444 1222 2571 1291 quid
2615 1223 2806 1277 accidit
2839 1240 2902 1278 ex
2938 1224 3002 1279 iis
3027 1241 3147 1295 qua:
3177 1227 3346 1297 posita
3381 1243 3522 1283 sunt.
3555 1229 3621 1285 Ut
3669 1232 3713 1286 si

2122 1321 2384 1378 sumatur,
2414 1330 2519 1366 non
2541 1314 2836 1370 substantia
2863 1316 3186 1388 interempta
3218 1317 3575 1375 substantiam
3608 1338 3712 1377 non

2125 1405 2388 1472 interimi,
2422 1423 2487 1461 ex
2519 1407 2712 1477 quibus
2743 1418 2922 1463 autem
2954 1419 3055 1473 est,
3085 1412 3444 1482 interemptis,
3476 1429 3523 1468 εί
3571 1416 3711 1483 qtrud

2124 1516 2186 1553 ex
2217 1502 2296 1555 eis
2326 1508 2410 1554 est
2437 1501 2729 1569 corrumpi.
2783 1501 2876 1555 llis
2904 1503 3046 1557 enim
3093 1503 3310 1570 positis,
3350 1507 3711 1561 uel-essarium

2124 1599 2209 1645 est
2237 1591 2553 1647 substantiae
2578 1602 2782 1661 partem
2813 1608 2934 1648 esse
2963 1594 3341 1658 substantiam,
3388 1612 3493 1651 non
3536 1607 3713 1655 tamen

2125 1685 2502 1757 syllogizatum
2535 1694 2619 1739 est
2648 1686 2789 1754 quod
2836 1701 2899 1739 ea
2930 1702 3048 1756 qua:
3079 1698 3289 1755 sumpta
3320 1699 3467 1756 sunt,
3496 1689 3591 1744 sed
3622 1692 3713 1745 de-

427 1801 535 1856 quo
575 1790 823 1855 oporteat
854 1782 1140 1838 ostendere
1169 1790 1222 1837 et
1252 1781 1580 1837 differentias
1616 1792 1668 1836 et
1706 1781 2017 1836 extremita-
2049 1786 2100 1849 Β
2127 1786 2275 1843 sunt,
2310 1777 2725 1845 propositiones.
2760 1778 2990 1833 Rursum
3022 1781 3066 1832 si
3118 1796 3238 1835 cum
3283 1794 3364 1837 est
3398 1784 3579 1847 homo,
3624 1804 3713 1842 ue-

431 1887 530 1935 tes.
564 1880 617 1931 in
651 1878 757 1931 ﬁne
778 1884 958 1931 autem
992 1874 1246 1942 quoniam
1276 1875 1377 1928 hoc
1418 1883 1501 1929 est
1530 1876 1715 1937 homo,
1744 1884 1834 1927 aut
1860 1874 2015 1943 quiil-

430 1970 554 2043 qttid
586 1979 704 2026 erat
745 1968 886 2038 quod
916 1968 1197 2038 quaeritur,
1252 1966 1385 2023 nihil
1417 1967 1599 2021 dicunt
1652 1966 2015 2029 manifestum,

428 2081 591 2137 quare
619 2063 977 2121 necessarium
1005 2071 1086 2117 est
1099 2076 1239 2127 esse,
1264 2063 1461 2116 etenim
1484 2061 1641 2116 aliam
1663 2060 1798 2114 viam
1820 2060 2017 2115 iaciunt

428 2172 667 2224 omnem,
703 2171 810 2211 non
852 2155 1071 2226 quidem
1100 2154 1474 2225 contingente;
1504 2153 1861 2218 idoucitates,
1896 2152 2016 2221 epi-

430 2260 621 2309 nantes
646 2264 785 2305 esse.
824 2247 1165 2304 Manifestum
1212 2257 1295 2303 est
1325 2258 1502 2301 autem
1547 2246 1799 2315 quoniam
1844 2260 2018 2314 neque

429 2344 709 2399 destruere
736 2342 836 2396 hac
861 2342 945 2395 via
999 2350 1100 2405 est,
1152 2354 1327 2413 neque
1375 2339 1443 2393 de
1486 2338 1762 2392 aeridente
1794 2354 1823 2392 a
1850 2338 2014 2407 iquid,

430 2446 521 2493 aut
549 2435 617 2492 de
644 2432 861 2506 preprio
887 2434 1229 2505 syllogizare,
1281 2447 1454 2501 neque
1484 2432 1549 2486 de
1576 2447 1796 2501 genere,
1845 2445 2019 2496 neque

428 2531 497 2587 de
516 2531 710 2602 quibus
737 2518 1011 2599 ignoretur
1054 2535 1232 2581 utrum
1264 2526 1363 2581 hoc
1403 2526 1565 2579 modo
1593 2534 1683 2578 aut
1712 2526 1807 2580 illo
1833 2541 1889 2580 se
1925 2525 2020 2579 ha-

428 2623 541 2690 bet,
572 2630 624 2676 ut
657 2628 881 2690 putasne
901 2620 1163 2674 diameter
1188 2627 1271 2674 est
1298 2628 1559 2689 symeter,
1596 2618 1681 2673 vel
1710 2619 2017 2689 asymeter?

428 2717 473 2773 si
506 2717 653 2774 enim
693 2720 869 2771 stertat
897 2711 1148 2785 quoniam
1184 2713 1360 2766 omnis
1394 2711 1674 2782 longitudo
1727 2720 1809 2765 est
1841 2727 2020 2783 syme-

430 2819 542 2865 tros
578 2808 663 2864 vel
704 2815 1033 2879 asymetros,
1077 2805 1339 2859 diameter
1367 2813 1545 2857 autem
1581 2804 1876 2873 longitudo.
1913 2803 2021 2874 sy?-

429 2900 715 2973 logizatum
744 2907 827 2954 est
846 2900 1101 2969 quoniam
1122 2904 1363 2968 symeter
1389 2896 1472 2949 Vel
1504 2906 1775 2966 asymeter
1798 2903 1881 2950 est
1906 2895 2023 2949 dia-

431 3001 621 3049 rneter.
657 2992 714 3047 Si
746 3001 929 3046 autem
969 2998 1212 3044 sumetur
1256 2986 1826 3049 incommensurabile,
1879 2985 2020 3055 quod

431 3082 711 3151 oportebat
736 3080 1058 3151 syllogizare
1095 3087 1360 3140 sumetur,
1411 3092 1515 3129 non
1547 3091 1676 3145 ergo
1708 3087 1791 3130 est
1836 3089 2021 3133 osren-

2127 1882 2283 1922 cesso
2311 1875 2395 1921 est
2424 1882 2544 1921 esse
2566 1868 2788 1933 animal,
2823 1879 2878 1923 et
2927 1884 3049 1924 eum
3080 1879 3165 1925 est
3213 1874 3436 1939 animal,
3466 1876 3712 1931 substan~

2126 1965 2272 2027 tiam,
2299 1973 2351 2017 et
2373 1978 2492 2018 cum
2513 1974 2595 2018 est
2622 1962 2801 2029 homo,
2831 1980 3052 2022 necesse
3079 1978 3161 2022 est
3187 1983 3307 2023 esse
3336 1972 3710 2041 substantiam,

2124 2055 2219 2107 sed
2268 2054 2504 2108 nondum
2545 2055 2918 2125 syllogizaturn
2951 2068 3051 2125 est,
3086 2076 3193 2113 non
3242 2064 3382 2115 enim
3423 2080 3482 2119 se
3522 2065 3715 2125 habent

2122 2145 2522 2215 propositiones
2556 2158 2613 2200 ut
2637 2147 2896 2203 diximus.
2934 2149 3192 2205 Fallimur
3222 2164 3403 2208 autem
3439 2158 3492 2210 in
3528 2161 3716 2215 talibus

2122 2252 2191 2292 eo
2219 2236 2362 2305 quod
2409 2238 2771 2293 necessarium
2826 2240 3077 2306 quiddam
3130 2244 3334 2297 accidat
3392 2262 3453 2299 ex
3490 2248 3571 2303 his
3599 2266 3715 2320 qua:

2123 2332 2303 2401 posita
2333 2342 2487 2400 sunt,
2538 2348 2701 2402 quam
2729 2343 2784 2389 et
2810 2336 3170 2406 syllogismus,
3218 2341 3581 2395 necessarium
3613 2354 3713 2415 est,

2123 2424 2181 2477 in
2212 2425 2330 2492 plus
2375 2435 2555 2480 autem
2607 2437 2693 2482 est
2723 2430 3085 2484 necessarium
3134 2448 3292 2500 quam
3345 2434 3715 2506 syllogismus,

2125 2531 2251 2573 nam
2283 2517 2463 2573 omnis
2512 2517 2873 2589 syllogismus,
2912 2520 3303 2588 necessarium,
3353 2526 3717 2583 necessarium

2124 2616 2304 2659 autem
2354 2623 2458 2661 non
2491 2624 2653 2663 omne
2700 2610 3065 2681 syIIOgisrnus.
3111 2612 3291 2679 Quare
3344 2628 3453 2671 non
3484 2610 3551 2687 (si
3593 2616 3717 2687 quid

2123 2697 2333 2752 accidat
2362 2690 2558 2768 positis
2586 2700 2939 2771 nummariam)
2967 2704 3147 2759 statim
3177 2705 3496 2762 tentandum
3523 2716 3606 2762 est
3633 2723 3717 2763 re-

2126 2787 2357 2855 ducere,
2407 2790 2503 2847 sed
2561 2791 2792 2861 primum
2836 2794 3135 2855 secundum
3179 2805 3263 2850 est
3298 2798 3435 2855 duas
3472 2801 3717 2871 propest.

2126 2882 2320 2943 ιὶοηεε.

2669 2978 2897 3036 CAPUT
2940 2980 3179 3038 XXXIV.

2524 3069 2605 3133 De
2634 3073 2951 3129 ardalione
2979 3074 3035 3128 in
3060 3076 3325 3131 terminos.

431 3174 580 3239 dere,
609 3186 730 3226 nam
758 3171 845 3229 via
876 3170 1091 3240 quidam
1119 3168 1232 3265 hinc
1253 3210 1266 3231 ν
1298 3181 1394 3236 Per
1425 3167 1561 3222 hanc
1593 3175 1771 3265 ξυίειη
1801 3183 1916 3265 ιιοη⁸
1936 3176 2018 3223 ρει
2048 3162 2097 3233 C
2200 3184 2403 3239 Deinde
2424 3188 2502 3241 sic
2525 3186 2868 3241 dividendum
2894 3190 2945 3242 in
2972 3191 3254 3246 terminos.
3280 3190 3514 3251 Medium
3538 3204 3717 3265 autem

434 3264 724 3319 ostendere
752 3271 1048 3335 symotrum
1089 3260 1173 3315 vel
1214 3268 1573 3330 asymetrum,
1609 3262 1659 3314 in
1712 3275 1818 3329 quo
1843 3278 1874 3314 a
1905 3262 2019 3316 lon-

432 3356 635 3427 gitudo,
668 3355 697 3408 o
727 3364 906 3409 autem
935 3359 1176 3423 syrueter
1204 3359 1298 3409 ant
1334 3361 1627 3422 asytueler,
1663 3352 1928 3408 diameter
1969 3371 2017 3408 c.

433 3449 767 3509 Manifestum
815 3456 899 3503 est
947 3447 1108 3517 igitur
1158 3446 1409 3515 quoniam
1465 3462 1639 3515 neque
1682 3447 1747 3500 ad
1800 3462 2018 3502 omnem

433 3543 923 3600 considerationem
960 3538 1210 3609 congruit
1252 3538 1619 3607 inquisitionis
1663 3539 1875 3607 modus,
1927 3555 2022 3595 ne-

434 3650 539 3706 que
571 3636 621 3689 in
652 3634 851 3704 quibus
877 3631 1111 3695 mnino
1143 3631 1357 3689 videtur
1384 3632 1701 3695 oonrerrin,
1737 3634 1789 3687 in
1828 3632 1909 3686 Itis
1939 3642 2022 3688 est

433 3728 598 3783 utilis.
650 3725 972 3795 Exyqujbus
1028 3739 1158 3795 ergo
1209 3724 1709 3787 demonstrationes.
1753 3726 1915 3791 ﬁunt,
1963 3738 2018 3781 et

433 3818 742 3891 quomodo,
806 3824 867 3874 et
909 3816 975 3877 ad
1044 3831 1165 3895 qure
1232 3818 1667 3887 perspiciendmn
1716 3823 2015 3879 secundum

433 3906 850 3980 unumquodque
880 3908 1212 3976 propositum
1247 3909 1589 3965 manifestum
1620 3923 1691 3964 ex
1725 3910 1908 3968 dictis.

968 4020 1199 4079 CAPUT
1239 4020 1482 4079 XXXIII.

532 4118 616 4175 De
641 4117 949 4179 resolutione
970 4115 1387 4189 syllogismorum
1410 4117 1465 4171 in
1488 4118 1892 4188 propositiones.

503 4230 787 4302 Quomodo
803 4241 985 4287 autem
1012 4229 1330 4286 redueemus
1358 4230 1699 4300 syllogismos
1735 4231 1787 4285 in
1822 4232 2016 4301 βψωόί-

431 4337 544 4384 etas
576 4328 792 4395 ﬁguras,
839 4322 1125 4379 dicendum
1184 4324 1433 4388 eritpost
1482 4322 1619 4387 hmc,
1655 4332 1822 4377 restat
1874 4326 2016 4378 enim

429 4419 793 4478 consideratio
814 4416 950 4482 haec.
989 4414 1035 4470 si
1066 4414 1209 4473 enim
1249 4424 1298 4469 et
1328 4415 1733 4485 generationem
1764 4414 2019 4486 syllogis-

430 4528 641 4573 morum
694 4510 1061 4583 inspiciamus,
1091 4519 1145 4565 et
1191 4508 1499 4564 inveniendi
1532 4508 1827 4582 habeamus
1869 4518 2020 4577 pote.

431 4617 646 4671 atatem,
679 4605 909 4674 amplius
938 4612 1115 4657 autem
1147 4602 1315 4657 factos
1361 4601 1684 4656 reducamus
1729 4600 2016 4670 prmdictas

432 4701 653 4771 ﬁguras,
686 4698 848 4753 tinem
874 4694 1090 4753 habebit
1117 4694 1264 4764 quod
1285 4709 1352 4750 ex
1384 4693 1651 4763 principio
1677 4693 2017 4762 propositum

390 4777 396 4789 ’
430 4801 537 4862 est,
576 4790 794 4847 accidet
816 4788 981 4845 etiarn
1005 4786 1165 4843 simul
1198 4800 1319 4857 quae
1363 4786 1618 4853 pmdieta
1650 4798 1775 4840 sunt
1821 4787 2017 4843 conﬁr-

431 4885 571 4944 tttari
610 4896 666 4941 et
706 4880 1065 4938 manifestiora
1109 4894 1267 4944 esse,
1299 4881 1551 4950 quoniam
1593 4881 1671 4935 sic
1723 4896 1780 4934 se
1814 4882 2016 4938 habent

434 4994 530 5052 per
557 4995 618 5035 ea
643 4992 765 5049 qua
791 4990 932 5032 nunc
960 4973 1185 5030 dicenda
1233 4983 1379 5028 sunt.
1410 4975 1637 5043 Oportet
1677 4975 1821 5029 enim
1852 4990 2014 5031 nume

431 5071 574 5142 quod
604 5083 787 5125 verum
833 5075 937 5134 est,
988 5068 1159 5136 ipsum
1205 5065 1306 5121 sibi
1344 5066 1443 5134 ipsi
1500 5066 1843 5121 maiiil‘estum
1899 5078 2021 5122 esse

432 5164 673 5219 mutuae.
707 5162 941 5217 Primum
970 5175 1103 5228 ergo
1128 5167 1341 5225 upcrtet
1376 5168 1587 5213 tentare
1614 5158 1747 5213 duas
1770 5158 2014 5228 pmposi-

433 5256 607 5311 tiones
635 5255 881 5322 aoeipere
915 5251 1234 5323 syllogismi,
1267 5250 1474 5304 facilius
1520 5251 1661 5305 enim
1708 5251 1763 5306 in
1810 5256 2015 5318 majora

433 5348 675 5404 dividere
704 5360 863 5416 grain
913 5344 969 5397 in
996 5342 1202 5398 minora
1234 5360 1245 5394 :
1282 5343 1485 5412 majora
1535 5353 1715 5417 autem
1745 5344 2016 5411 compesi-

434 5441 573 5497 tiara
602 5447 725 5495 sunt
752 5451 918 5506 quam
941 5450 1007 5491 ea
1035 5450 1103 5489 ex
1133 5434 1327 5503 quibus
1357 5443 1777 5502 componuntur.
1814 5434 2018 5489 Deinde

433 5531 781 5587 considerare
810 5526 1005 5584 attain
1046 5535 1178 5592 toto,
1218 5534 1273 5581 et
1295 5535 1413 5581 utra
1446 5526 1498 5579 in
1539 5535 1708 5593 parte.
1742 5526 1809 5579 Et
1837 5527 1882 5581 si
1912 5542 2017 5581 non

432 5627 605 5684 stultae
627 5634 854 5693 summa
878 5625 1010 5688 sint,
1053 5636 1176 5678 eum
1208 5622 1311 5693 qui
1330 5622 1481 5691 ponit
1508 5621 1752 5674 alteoam.
1797 5620 2020 5690 Aliquo-

434 5718 535 5774 tios
557 5716 698 5772 enim
726 5713 1085 5770 universalern
1117 5713 1519 5783 protendentes,
1550 5726 1668 5766 eam
1699 5727 1817 5782 qun
1842 5712 1893 5765 in
1920 5713 2019 5768 hac

434 5819 519 5867 est
547 5825 655 5869 non
673 5814 914 5875 sumunt,
938 5820 1113 5877 neque
1131 5806 1449 5867 scribentes.
1482 5820 1654 5890 neque
1684 5805 2018 5876 interrogan-

2129 3277 2436 3346 ponendum
2463 3280 2836 3344 termiuorum,
2868 3282 2957 3349 qui
2990 3284 3233 3354 utrisque
3265 3288 3718 3355 propositionibus

2125 3368 2342 3436 dicitur,
2379 3384 2607 3425 necesse
2637 3380 2719 3425 est
2744 3370 2889 3425 enim
2914 3373 3145 3427 medium
3171 3374 3224 3428 in
3255 3376 3491 3447 utrisque
3520 3395 3642 3437 esse
3665 3384 3718 3441 in

2131 3462 2381 3515 omnibus
2427 3462 2633 3532 ﬁguris.
2679 3463 2733 3517 Si
2781 3479 2909 3534 ergo
2947 3464 3261 3535 subjiciatur
3306 3476 3361 3522 et
3402 3470 3719 3543 praedicetur

2126 3552 2363 3607 medium
2388 3594 2403 3615 ,
2450 3563 2542 3609 aut
2568 3555 2740 3624 ipsum
2769 3556 2989 3624 quidem
3034 3557 3374 3626 przedicetur,
3411 3554 3558 3617 aliud
3588 3580 3719 3631 vero

2130 3646 2225 3702 illo
2249 3648 2564 3717 abnegetur.
2596 3648 2771 3717 prima
2801 3651 2906 3704 erit
2932 3647 3122 3719 ligus.
3150 3650 3207 3705 Si
3230 3660 3408 3707 autem
3439 3654 3497 3708 et
3524 3655 3719 3723 praedis

2131 3750 2315 3804 eetur,
2366 3750 2417 3796 et
2470 3751 2693 3811 negetur
2720 3742 2788 3795 ab
2834 3741 3048 3811 aliquo,
3083 3741 3253 3795 media
3283 3740 3388 3798 erit
3414 3740 3623 3817 ﬁgura:
3673 3744 3718 3804 si

2132 3845 2259 3886 vero
2287 3830 2391 3885 alia
2418 3831 2491 3885 de
2514 3831 2611 3884 illo
2623 3830 3003 3899 praeﬁcentur,
3023 3842 3115 3886 aut
3146 3833 3247 3886 hoc
3276 3832 3494 3903 quidem
3526 3834 3715 3904 praedi-

2128 3920 2442 3988 oetur,illud
2470 3935 2599 3975 vero
2626 3920 2695 3975 ab
2718 3921 2816 3976 illo
2842 3932 3071 3993 negetur
3092 3968 3107 3992 ,
3143 3934 3431 3996 postrema,
3466 3927 3545 3982 sic
3576 3932 3733 3987 enim.

2127 4025 2189 4067 se
2218 4011 2401 4065 habuit
2432 4012 2483 4065 in
2526 4020 2798 4080 postrema
2829 4012 2997 4083 ﬁgura
3048 4015 3316 4081 medium,
3349 4018 3600 4073 similiter
3624 4035 3707 4073 au-

2129 4109 2239 4157 tem
2283 4102 2386 4157 etsi
2435 4116 2545 4161 non
2603 4103 2939 4159 universales
2978 4105 3089 4161 sint
3120 4108 3541 4196 propositiones,
3596 4124 3715 4166 nam

2129 4203 2212 4249 est
2255 4196 2440 4251 eodem
2492 4194 2871 4253 deterininatio
2917 4198 3099 4255 medii.
3155 4194 3494 4258 Manifestum
3550 4207 3712 4276 igitur

2128 4292 2380 4358 quoniam
2421 4291 2473 4345 in
2499 4307 2601 4362 qua
2628 4293 2875 4349 oratione
2900 4310 3005 4349 non
3036 4280 3234 4350 diditur
3279 4298 3420 4354 idem
3456 4301 3712 4373 frequeu~

2130 4389 2241 4447 ter,
2275 4395 2378 4437 non
2411 4384 2461 4436 ﬁt
2494 4385 2860 4455 syllogisrms,
2889 4401 2994 4441 non
3023 4388 3169 4443 enim.
3190 4398 3463 4461 sumptura
3496 4402 3581 4447 est
3607 4410 3715 4450 me-

2129 4470 2294 4529 dium.
2343 4474 2607 4539 Quoniam
2637 4487 2823 4532 autem
2851 4477 3111 4535 habemus
3142 4480 3285 4550 quod
3322 4486 3715 4554 propositorum

2046 4555 2099 4616 D
2126 4562 2179 4617 in
2210 4581 2525 4635 unaquaque
2558 4566 2722 4638 ﬁgura
2754 4568 3043 4640 clauditur,
3075 4580 3131 4627 et
3169 4573 3229 4627 in
3257 4589 3361 4646 qua
3390 4578 3715 4647 universale,

2127 4666 2177 4708 et
2209 4655 2260 4708 iu
2297 4672 2399 4725 qua
2437 4658 2795 4726 particulare,
2835 4662 3177 4717 manifestum
3214 4675 3297 4720 est
3328 4673 3578 4737 quoniam
3608 4688 3712 4727 non

2125 4744 2189 4798 ad
2221 4760 2408 4800 omnes
2435 4748 2632 4817 ﬁguras
2661 4751 3089 4818 perspiciendum
3115 4797 3129 4817 ,
3165 4756 3255 4811 sed
3290 4757 3341 4811 iu
3395 4774 3716 4833 unoquoque

2125 4836 2402 4907 proposito
2430 4838 2495 4895 ad
2529 4842 2829 4909 propriam.
2856 4844 3201 4917 Quantaque
3227 4864 3355 4907 vero
3394 4851 3447 4907 in
3480 4854 3716 4922 pluribus

2123 4928 2537 4995 concluduntur,
2568 4932 2735 4987 medii
2764 4934 3027 5002 positione
3054 4940 3431 5009 cognoscimus
3462 4943 3715 5016 ﬁguram.

2681 5046 2906 5105 CAPHT
2946 5050 3163 5107 XXXV.

2430 5134 2508 5191 De
2527 5141 2813 5193 necessario
2840 5151 2885 5194 et
2909 5141 3037 5196 rhesi
3056 5144 3407 5201 Morinorum.

2197 5247 2528 5318 Frequenter
2583 5267 2713 5322 ergo
2765 5253 2873 5308 falli
2930 5256 3123 5312 accidit
3178 5261 3320 5315 circa
3380 5262 3718 5334 syllogismos

2127 5351 2346 5410 propter
2401 5345 2806 5412 necessarium,
2866 5348 3316 5416 quemadmodum
3374 5354 3575 5411 dictum
3639 5368 3719 5416 est

2129 5433 2307 5499 prius:
2348 5434 2635 5505 siquoies
2662 5446 2838 5493 autem
2878 5449 3098 5509 prOpter
3134 5441 3541 5502 similitudinem
3573 5451 3718 5519 posi-

2128 5527 2293 5581 tionis
2332 5530 2715 5597 termiuorum,
2746 5532 2887 5602 quod
2919 5548 3025 5589 non
3074 5546 3290 5603 oportet
3317 5538 3487 5596 latere
3525 5559 3625 5600 nos
3653 5542 3721 5601 Bt

2127 5622 2173 5676 si
2196 5638 2227 5674 α
2256 5623 2321 5679 de
2345 5623 2374 5677 ὁ
2401 5623 2619 5693 dicitur,
2652 5634 2708 5681 et
2733 5627 2762 5680 b
2788 5626 2855 5683 de
2879 5644 2926 5693 c,
2952 5629 3220 5686 videbitur
3248 5633 3390 5688 enim
3421 5635 3499 5690 sic
3541 5652 3600 5693 se
3630 5638 3721 5692 lia-

2128 5713 2376 5771 hentibus
2435 5717 2677 5773 terminis
2714 5732 2833 5774 esse
2878 5719 3252 5791 syllogismus,
3290 5739 3394 5780 non
3430 5725 3487 5780 ﬁt
3542 5738 3718 5787 autem

2076 5890 2087 5901 _
2128 5825 2305 5882 neque
2336 5814 2703 5870 necessarium
2734 5813 3024 5886 quidquam
3051 5856 3065 5885 ,
3116 5830 3293 5888 neque
3343 5818 3714 5891 syllogismus.
