4112 6332
502 241 606 298 679

502 443 646 499 enim
694 442 796 497 hoc
839 440 1065 495 dicimus
1089 438 1157 493 de
1186 436 1479 502 omnibus,
1531 438 1780 506 quoniam
1834 437 2092 491 terminos

501 536 716 606 quidem
764 546 978 603 semper
1023 529 1327 601 ponendum
1367 528 1661 584 secundum
1705 527 2092 585 declinationes

501 628 798 692 nominum,
830 631 889 679 ut
918 626 1107 690 homo,
1142 629 1233 676 aut
1269 620 1470 677 bonum
1498 660 1515 687 ,
1549 629 1642 675 aut
1662 619 1931 676 contraria
1953 664 1969 688 ,
2000 626 2092 675 aut

504 718 757 784 hominis,
787 724 878 771 aut
904 714 1030 771 boni
1058 754 1074 781 ,
1116 721 1207 769 aut
1239 712 1653 768 contrariorum.
1687 710 2091 783 Proposiliones

505 818 680 865 autem
728 807 1044 864 sumendum
1095 806 1387 862 secundum
1444 806 1707 877 cujusque
1753 820 1943 872 casus,
2001 814 2091 860 aut

504 903 647 960 enim
670 900 922 974 quoniam
954 900 1075 955 huic
1102 909 1157 954 ut
1186 901 1413 969 aequale,
1444 909 1535 954 aut
1564 900 1816 969 quoniam
1847 898 2003 969 hujus
2034 907 2093 954 ut

504 997 754 1068 duplum,
787 1004 877 1051 aut
900 994 1152 1065 quoniam
1183 994 1285 1049 hoc
1312 1002 1371 1048 ut
1397 993 1619 1062 feriens,
1645 994 1729 1049 vel
1761 994 1970 1062 videns,
1999 1001 2093 1049 aut

499 1091 751 1163 quoniam
787 1090 873 1145 hic
902 1097 960 1143 ut
980 1087 1161 1156 homo,
1197 1088 1430 1154 animal,
1456 1095 1548 1143 aut
1577 1087 1622 1142 si
1652 1086 1893 1157 quolibet
1931 1086 2093 1142 modo

502 1186 658 1241 aliter
677 1184 820 1240 cadit
846 1195 1045 1238 nomen
1078 1182 1373 1238 secundum
1417 1180 1841 1249 propositionem
1865 1220 1882 1247 ,
1913 1179 2091 1237 inesse

504 1287 680 1335 autem
731 1278 831 1332 hoc
885 1276 1030 1341 huic,
1064 1284 1118 1331 et
1140 1290 1328 1331 verum
1379 1289 1501 1330 esse
1532 1274 1634 1330 hoc
1664 1273 1733 1329 de
1759 1274 1861 1329 hoc
1882 1315 1897 1341 ,
1929 1274 2089 1329 toties

508 1369 848 1434 sumendum,
867 1368 1075 1439 quoties
1096 1366 1511 1437 praedicamenta
1534 1365 1706 1421 divisa
1726 1375 1873 1433 sunt,
1895 1374 1949 1422 et
1976 1364 2095 1421 bare

506 1471 599 1518 aut
624 1462 803 1531 aliquo
830 1460 1023 1525 modo,
1058 1468 1152 1513 aut
1176 1459 1519 1530 simpliciter,
1572 1458 1803 1530 amplius
1826 1467 1919 1515 aut
1957 1458 2091 1514 sim-

505 1556 696 1627 plicia,
726 1553 1134 1623 autcomplexa.
1167 1553 1424 1609 Similiter
1449 1563 1625 1609 autem
1658 1563 1712 1610 et
1742 1568 1846 1609 non
1892 1554 2088 1609 inesse.

508 1644 965 1703 Considerandum
995 1644 1109 1700 haec
1139 1654 1349 1713 autem,
1398 1654 1454 1702 et
1491 1645 1954 1703 determinandum
1997 1659 2094 1715 op-

508 1740 713 1795 timum.

1025 1913 1251 1971 CAPUT
1282 1914 1572 1975 XXXVIII.

512 2074 593 2132 De
619 2073 912 2145 anadiplosi
940 2080 988 2128 et
1007 2071 1137 2155 tltesi
1164 2071 1599 2155 syllogismorum,
1633 2070 1727 2125 hoc
1750 2076 1825 2125 est
1847 2070 1913 2124 de
1942 2068 2098 2143 gemi-

1017 2150 1223 2198 natione
1251 2152 1298 2198 et
1326 2150 1597 2213 positione.

589 2325 1002 2396 Reduplicatum
1045 2333 1222 2381 autem
1269 2323 1324 2380 in
1371 2321 1828 2394 propositionibus
1874 2306 1947 2377 ad
1983 2320 2095 2393 pri-

517 2434 660 2477 mam
690 2417 1085 2475 extremitatem
1108 2416 1439 2489 ponendum,
1463 2432 1569 2472 non
1592 2415 1659 2471 ad
1688 2415 1947 2483 medium,
1978 2415 2101 2472 dico

516 2525 694 2571 autem
743 2523 799 2571 ut
847 2514 1017 2571 sitiat
1059 2514 1427 2586 syllogismus,
1477 2514 1729 2586 quoniam
1758 2514 1979 2584 justitia:
2016 2522 2102 2570 est

515 2610 801 2682 disciplina
830 2610 1084 2681 quoniam
1128 2609 1352 2675 bonum,
1400 2610 1466 2665 ad
1514 2609 1740 2680 primatu
1785 2609 2102 2665 extremita-

518 2714 625 2763 tem
659 2703 989 2775 ponendum,
1023 2702 1104 2760 Sit
1136 2705 1278 2760 enim
1329 2720 1363 2757 a
1404 2701 1687 2773 disciplina
1720 2701 1969 2773 quoniam
2000 2702 2100 2758 bo-

514 2815 665 2867 num,
694 2799 749 2855 in
785 2802 892 2870 quo
918 2806 1102 2854 autem
1136 2796 1166 2851 ὁ
1199 2797 1422 2865 bonum,
1458 2795 1513 2851 in
1549 2810 1658 2868 quo
1685 2806 1865 2853 autem
1896 2813 1922 2849 c
1948 2795 2106 2866 justi-

490 2944 495 2949 ,
522 2893 615 2960 tia,
648 2906 781 2962 ergo
802 2906 993 2947 verum
1032 2897 1114 2947 est
1143 2906 1177 2944 a
1214 2890 1282 2946 de
1314 2890 1343 2945 b
1371 2890 1670 2960 praedicari.
1699 2889 1832 2944 Nam
1873 2888 1999 2945 boni
2020 2897 2107 2944 est

516 2986 798 3058 disciplina
827 2986 1079 3057 quoniam
1108 2984 1331 3041 bonum.
1366 2984 1472 3040 Sed
1495 2994 1550 3039 et
1570 2984 1598 3037 ὁ
1628 2985 1697 3039 de
1723 2986 1926 3050 c,‘nam
1946 2981 2106 3053 justi-

521 3085 596 3141 tia
622 3084 875 3154 quiddam
907 3083 1103 3137 bonum
1130 3088 1245 3147 est;
1270 3081 1349 3135 sic
1379 3095 1508 3151 ergo
1532 3080 1591 3135 Iit
1616 3079 1896 3136 resolutio.
1926 3080 1983 3135 Si
2010 3093 2105 3134 au-

1739 231 1855 291 au.
1892 232 2101 291 usus.
2140 232 2295 292 sev.
2339 232 2561 293 somn
2664 202 2670 209 ’

499 358 679 406 autem
701 346 957 405 sumenda
982 342 1278 402 secundum
1294 342 1526 400 nominis
1544 354 1752 411 casum,
1776 344 2091 415 simpliciter
2114 349 2171 413 Α

2123 1743 2175 1806 Β

3687 234 3794 289 680

2735 366 2961 426 CAPUT
3000 367 3247 427 XXXIX.

2509 503 2617 559 Pro
2646 503 2815 560 debita
2853 504 3165 561 resolutione
3194 514 3469 579 praecepta.
3516 496 3519 499 ’

2266 660 2491 730 Oportet
2517 670 2694 717 autem
2718 662 2966 733 accipere
2997 680 3118 736 qua:
3148 664 3287 721 idem
3314 675 3541 737 possunt
3566 670 3789 726 nomina

2197 767 2296 823 pro
2324 753 2653 818 nominibus,
2685 762 2751 809 et;
2768 755 3043 811 orationes
3072 770 3171 827 pro
3199 758 3558 826 orationibus,
3602 768 3658 815 et
3685 773 3786 813 no-

2196 860 2320 900 men
2360 855 2415 900 et
2458 846 2759 901 orationem
2796 854 2852 901 et
2899 860 3117 918 semper
3146 863 3245 918 pro
3292 849 3539 905 oratione
3587 864 3787 906 nomen

2196 940 2493 1008 suscipere,
2544 940 2755 995 facilior
2797 948 2882 997 est
2931 928 3073 996 enim
3106 942 3456 997 terminorum
3497 945 3784 1013 expositio,

2195 1039 2253 1085 ut
2283 1031 2328 1085 si
2358 1032 2430 1085 nil
2462 1031 2643 1086 dill'ert
2665 1032 2845 1088 dicere
2870 1034 3193 1102 suspicabile
3221 1021 3509 1104 opinabilis
3532 1051 3640 1090 non
3666 1051 3789 1093 esse

2196 1136 2383 1190 genus,
2410 1131 2501 1177 aut
2529 1136 2634 1176 non
2664 1137 2785 1178 esse
2816 1122 2953 1177 idem
2985 1122 3237 1193 quiddam
3268 1126 3617 1197 suspicabile,
3641 1126 3787 1197 quod

2197 1214 2485 1283 opinabile,
2541 1228 2665 1268 nam
2714 1214 2758 1269 si
2799 1213 2940 1269 idem
2982 1223 3066 1269 est
3100 1214 3243 1283 quod
3291 1215 3649 1285 signiﬁcatur,
3685 1232 3783 1286 pro

2197 1307 2445 1363 oratione
2493 1306 2658 1373 dicta,
2709 1307 3035 1378 suspicabile
3083 1316 3135 1363 et
3187 1309 3458 1378 opinabile
3520 1309 3787 1364 terminos

2198 1400 2522 1469 ponendum.
2551 1399 2814 1467 Quoniam
2845 1415 2972 1458 vero
3003 1417 3113 1457 non
3153 1413 3236 1457 est
3267 1400 3409 1458 idem
3449 1401 3783 1472 voluptatem

2196 1506 2317 1547 esse
2346 1492 2565 1559 bonum,
2611 1503 2666 1548 et
2708 1508 2829 1549 esse
2860 1494 3187 1564 voluptatem
3235 1494 3378 1565 quod
3408 1493 3635 1562 bonum,
3679 1498 3789 1549 noh

2196 1584 2445 1640 similiter
2474 1586 2779 1656 ponendum
2809 1586 3103 1652 terminos;
3137 1586 3230 1641 sed
3259 1587 3306 1642 si
3333 1594 3415 1642 est
3443 1586 3787 1657 syllogismus

2197 1677 2448 1745 quoniam
2493 1678 2739 1747 voluptas
2781 1678 2925 1749 quod
2969 1678 3196 1743 bonum,
3246 1679 3534 1734 terminum
3578 1692 3788 1748 ponen-

2200 1766 2324 1819 dum
2364 1765 2505 1836 quod
2553 1767 2784 1833 bonum;
2829 1768 2876 1823 si
2928 1777 3105 1824 autem
3136 1768 3390 1839 quoniam
3419 1769 3645 1835 bonum,
3695 1769 3789 1823 bo-

2199 1871 2346 1923 num,
2372 1857 2621 1913 similiter
2644 1868 2824 1915 autem
2852 1869 2907 1915 et
2935 1859 2988 1915 in
3010 1860 3151 1915 aliis.
3183 1859 3298 1915 Non
3328 1870 3412 1915 est
3440 1870 3618 1916 autem
3645 1860 3786 1915 idem

2200 1962 2375 2018 neque
2402 1963 2546 2015 esse,
2581 1964 2758 2021 neque
2784 1950 2964 2007 dicere
2991 1952 3243 2023 quoniam
3292 1952 3379 2007 cui
3406 1952 3435 2006 Ι)
3467 1952 3631 2019 inest,
3664 1951 3789 2008 huic

2203 2058 2419 2114 quoque
2446 2044 2593 2098 omni
2620 2059 2652 2097 a
2678 2044 2838 2110 inest,
2872 2052 2925 2099 et
2953 2043 3156 2112 dicere,
3186 2044 3273 2099 cui
3302 2045 3448 2100 omni
3482 2047 3510 2099 b
3550 2045 3712 2110 inest,
3739 2053 3792 2101 et

2200 2155 2234 2193 a
2282 2138 2425 2194 inest
2452 2137 2620 2203 omni,
2669 2135 2803 2193 nihil
2845 2136 3005 2195 enim,
3037 2139 3286 2209 prohibet
3314 2138 3343 2192 ὁ
3373 2139 3551 2195 inesse
3594 2154 3644 2203 c,
3680 2152 3789 2193 non

2202 2239 2382 2286 autem
2428 2228 2595 2284 omni.
2634 2227 2704 2285 Ut
2743 2231 2813 2284 sit
2840 2229 2868 2283 b
2915 2228 3201 2301 pulchrum
3252 2229 3402 2300 quid,
3435 2245 3464 2283 c
3501 2237 3681 2283 autem
3717 2228 3794 2283 al-

2202 2322 2353 2389 bum,
2374 2322 2423 2378 si
2447 2320 2608 2393 igitur
2631 2320 2789 2377 alicui
2819 2322 2944 2378 albo
2965 2322 3103 2377 inest
3123 2321 3404 2393 pulchrum
3429 2320 3580 2390 quid.
3603 2335 3795 2376 verum

2204 2424 2290 2471 est
2328 2414 2508 2471 dicere
2537 2417 2792 2485 quoniam
2834 2414 2959 2470 albo
3002 2415 3142 2470 inest
3185 2414 3494 2485 pulchrum,
3543 2414 3640 2469 sed
3688 2428 3795 2470 non

2211 2511 2360 2567 omni
2391 2510 2644 2566 fortasse.
2691 2509 2750 2566 Si
2778 2526 2909 2580 ergo
2939 2527 2972 2565 a
3018 2512 3159 2566 inest
3187 2512 3236 2577 ὁ,
3290 2525 3396 2566 non
3426 2511 3573 2565 omni
3616 2521 3798 2567 autem

2204 2606 2275 2663 de
2302 2620 2410 2676 quo
2436 2605 2465 2660 b
2493 2603 2691 2676 (neque
2728 2603 2774 2659 si
2804 2603 2950 2659 omni
2981 2620 3026 2670 c,
3076 2604 3217 2659 inest
3266 2603 3319 2672 b,
3348 2618 3519 2674 neque
3545 2606 3593 2658 si
3623 2604 3797 2660 solum

2206 2698 2415 2763 alicui),
2444 2711 2553 2752 non
2596 2710 2818 2752 necesse
2859 2704 2942 2751 est
2970 2695 3020 2751 ei
3050 2695 3191 2766 quod
3221 2705 3304 2751 est
3338 2712 3367 2749 c
3393 2697 3571 2751 inesse
3595 2714 3648 2761 α,
3692 2711 3798 2753 non

2208 2792 2334 2861 quia
2363 2805 2469 2847 non
2497 2789 2662 2854 omni,
2707 2788 2803 2845 sed
2831 2803 2930 2845 nec
2954 2787 3133 2844 inesse
3169 2790 3219 2845 ei
3247 2788 3393 2859 quod
3424 2797 3507 2843 est
3531 2806 3580 2844 c.
3611 2788 3669 2844 Si
3703 2803 3799 2844 au-

2209 2890 2317 2939 tem
2347 2882 2415 2938 de
2436 2896 2756 2953 quocunque
2782 2881 2811 2934 ὁ
2841 2880 3051 2937 dicatur
3078 2895 3227 2949 vere,
3259 2881 3385 2936 huic
3410 2882 3552 2936 omni
3580 2882 3725 2939 inest
3744 2900 3798 2948 α,

2208 2977 2415 3033 accidet
2442 2976 2576 3032 o’de
2611 2991 2718 3047 quo
2737 2976 2888 3031 omni
2908 2976 2938 3030 b
2970 2975 3189 3041 dicitur,
3219 2975 3288 3033 de
3316 2990 3383 3031 eo
3412 2975 3562 3031 omni
3588 2976 3717 3031 dici.
3741 2977 3800 3033 Si

2210 3080 2389 3125 autem
2418 3087 2452 3122 a
2480 3069 2677 3125 dicitur
2704 3068 2773 3124 de
2799 3068 2945 3123 omni
2971 3068 3039 3124 de
3067 3082 3176 3139 quo
3204 3069 3234 3121 b
3258 3068 3490 3137 dicatur,
3522 3068 3653 3124 nihil
3675 3082 3801 3139 pro-

520 3144 724 3233 tem-ad
748 3175 777 3229 b
806 3181 1058 3245 ponatur,
1088 3144 1341 3243 quoniam
1374 3144 1593 3237 bonum,
1628 3186 1734 3235 non
1765 3172 1889 3234 erit,
1923 3160 2042 3225 nam
2072 3186 2107 3225 α
2132 3144 2181 3211 C
2211 3165 2359 3221 hibet
2387 3164 2439 3220 ei
2462 3163 2606 3235 quod
2632 3172 2718 3218 est
2744 3180 2773 3217 c
2804 3164 2982 3218 inesse
3016 3163 3068 3229 b,
3102 3177 3208 3218 non
3239 3164 3386 3218 omni
3421 3164 3599 3218 autem
3629 3180 3680 3230 α,
3712 3172 3803 3219 aut

520 3268 738 3341 quidem
762 3267 838 3322 de
868 3269 897 3322 ὸ
917 3280 1102 3323 verum
1135 3265 1238 3322 erit
1269 3306 1284 3332 ,
1320 3265 1349 3319 b
1375 3273 1556 3321 autem
1593 3264 1661 3319 de
1692 3279 1722 3317 c
1750 3279 1857 3320 non
1887 3263 1992 3319 erit
2019 3278 2110 3319 ve-

520 3357 663 3425 rum,
703 3372 827 3414 nam
856 3357 1055 3413 bonum
1085 3357 1335 3428 quoniam
1365 3357 1566 3413 bonum
1598 3356 1881 3426 praedicari
1927 3355 1996 3410 de
2018 3356 2107 3425 ju-

519 3451 668 3508 stitia
697 3451 887 3506 falsum
913 3458 1015 3515 est,
1039 3458 1094 3506 et
1124 3465 1230 3506 non
1258 3448 1615 3521 intelligibile.
1642 3448 1899 3505 Similiter
1922 3457 2102 3503 autem

520 3553 577 3601 et
607 3546 650 3599 si
680 3543 898 3614 salubre
937 3540 1275 3608 ostendatur,
1301 3540 1552 3611 quoniam
1595 3539 1993 3610 disciplinatum
2024 3546 2109 3594 est

519 3640 573 3695 in
601 3652 669 3695 eo
695 3636 838 3709 quod
867 3636 1091 3701 bonum,
1116 3634 1604 3714 aut'hircocervus,
1631 3630 1918 3702 epinabilis
1946 3630 2003 3685 in
2042 3643 2111 3686 eo

522 3732 669 3802 quod
718 3731 978 3795 existens,
1026 3739 1119 3783 aut
1162 3727 1324 3783 homo
1366 3724 1735 3795 corruptibilis
1778 3724 1832 3779 in
1873 3737 1939 3778 eo
1968 3721 2111 3793 quod

521 3821 804 3887 sensibile,
831 3821 887 3875 in
902 3819 1163 3875 omnibus
1198 3818 1341 3875 enim
1376 3818 1678 3889 praedicatis
1707 3816 1772 3872 ad
1804 3826 2109 3873 extremum

524 3914 1009 3986 reduplicationem
1047 3912 1378 3983 ponendum.
1414 3912 1531 3967 Non
1562 3921 1647 3968 est
1689 3919 1866 3965 autem
1917 3909 2110 3966 eadem

525 4008 722 4081 positio
752 4006 1127 4071 lerminorum,
1149 4004 1366 4077 quando
1389 4004 1708 4075 simpliciter
1742 4001 1962 4074 quidem
1993 4000 2110 4073 syl-

523 4103 809 4173 logizatum
841 4100 1023 4167 fuerit,
1051 4108 1109 4155 et
1127 4098 1341 4170 quando
1370 4098 1473 4153 hoc
1494 4096 1714 4169 aliquid,
1750 4103 1842 4151 aut
1867 4110 1995 4166 quo,
2020 4102 2114 4150 aut

524 4195 814 4268 quomodo.
850 4194 980 4250 Dico
1014 4201 1192 4249 autem
1223 4202 1281 4246 ut
1310 4189 1524 4261 quando
1569 4190 1771 4245 bonum
1802 4185 2116 4257 diSciplina-

528 4298 639 4343 tum
692 4294 967 4342 ostensum
1002 4286 1128 4354 erit,
1178 4292 1233 4339 et
1271 4282 1486 4354 quando
1529 4281 1928 4351 disciplinatnm
1978 4268 2113 4349 quo?

496 4380 668 4437 .niam
713 4379 934 4435 bonum.
965 4376 1071 4434 Sed
1101 4376 1421 4445 simpliciter
1455 4375 1671 4445 quidem
1704 4373 2107 4443 disciplinatum

524 4485 799 4531 ostensum
825 4483 909 4529 est
936 4472 1171 4528 medium
1204 4469 1510 4542 ponendum
1542 4483 1662 4534 ens,
1697 4468 1743 4522 si
1772 4477 1951 4523 autem
1974 4481 2109 4537 quo-

2211 3275 2318 3316 non
2349 3260 2528 3316 incsse
2557 3259 2800 3314 omnino.
2835 3259 2888 3314 In
2917 3259 3093 3315 tribus
3115 3259 3278 3329 igitur
3306 3260 3549 3316 terminis
3581 3260 3802 3316 manife-

2209 3360 2353 3407 stum
2392 3360 2475 3405 est
2503 3350 2757 3420 quoniam
2799 3350 2869 3405 de
2892 3364 3001 3420 quo
3031 3350 3061 3403 b
3087 3350 3306 3420 quidem
3333 3352 3503 3417 omni,
3536 3361 3590 3406 et
3615 3369 3647 3405 α
3676 3348 3802 3406 dici-

2211 3453 2318 3511 tur,
2351 3444 2454 3503 hoe
2482 3454 2567 3502 est
2605 3446 2677 3503 de
2713 3448 3121 3521 quibuseunque
3146 3451 3177 3504 b
3204 3450 3422 3518 dicitur,
3452 3449 3520 3505 de
3553 3450 3803 3505 omnibus
3856 3522 3857 3525 η

2210 3539 2410 3596 dicitur
2452 3551 2507 3597 et
2532 3557 2582 3609 a,
2613 3548 2669 3597 et
2709 3543 2755 3598 si
2785 3543 2814 3597 ὁ
2837 3543 3052 3614 quidem
3081 3543 3151 3600 de
3179 3546 3349 3613 omni,
3382 3555 3435 3600 et
3464 3562 3496 3598 a
3534 3544 3803 3610 similiter,

2213 3630 2257 3685 si
2307 3639 2487 3687 autem
2533 3646 2640 3688 non
2672 3634 2739 3689 de
2786 3635 2957 3704 omni,
3002 3650 3108 3691 non
3151 3651 3375 3692 necesse
3422 3646 3507 3692 est
3545 3654 3579 3691 α
3629 3636 3804 3698 inesse

2212 3729 2379 3783 omni.
2412 3728 2527 3784 Non
2557 3736 2772 3800 oportet
2817 3737 2997 3785 autem
3039 3730 3291 3785 arbitrari
3341 3740 3564 3800 propter
3592 3732 3806 3801 exposi~

2213 3820 2412 3876 tionem
2444 3821 2687 3876 accidere
2716 3821 2928 3890 aliquod
2973 3820 3377 3886 inconveniens,
3411 3836 3519 3876 non
3550 3822 3694 3876 enim
3726 3821 3805 3877 la-

2214 3912 2467 3969 boramus
2492 3914 2546 3968 in
2574 3926 2639 3967 eo
2663 3912 2805 3982 quod
2836 3911 3039 3983 aliquid
3077 3912 3146 3967 sit
3176 3913 3301 3977 hoc,
3332 3912 3428 3968 sed
3453 3913 3799 3983 quemadmo-

2216 4006 2341 4061 dum
2373 4014 2652 4076 geometer
2675 4005 2943 4076 pedalem,
2974 4013 3029 4060 et
3054 4013 3257 4060 rectam
3293 4004 3432 4059 hanc
3459 4018 3582 4060 esse
3605 4014 3661 4059 et
3689 4004 3801 4059 sine

2204 4099 2496 4155 latitudine
2525 4099 2657 4155 dicit
2682 4113 2803 4170 quae
2851 4113 2954 4154 non
2985 4107 3090 4164 est,
3135 4098 3232 4154 sed
3283 4113 3388 4153 non
3420 4100 3499 4154 sic
3530 4100 3719 4166 utitur,
3748 4107 3803 4154 ut

2217 4193 2295 4248 eis
2324 4193 2669 4264 syllogizans.
2701 4191 2932 4247 Omnino
2954 4191 3095 4246 enim
3127 4190 3271 4261 quod
3295 4205 3405 4246 non
3433 4200 3519 4247 est
3549 4201 3608 4245 ut
3637 4200 3803 4246 totum

2218 4286 2283 4341 ad
2316 4294 2543 4356 partem,
2593 4295 2649 4343 et
2695 4286 2839 4340 aliud
2886 4285 2951 4340 ad
2994 4285 3099 4341 hoc
3146 4294 3207 4341 ut
3254 4300 3380 4357 pars
3415 4285 3481 4340 ad
3517 4293 3710 4352 totum,
3741 4300 3804 4341 ex

2218 4382 2368 4439 nullo
2398 4381 2583 4435 talium
2635 4379 2869 4435 ostendit
2897 4378 3313 4442 demonstrator,
3362 4394 3537 4449 neque
3566 4379 3710 4435 enim
3751 4377 3808 4432 lit

2223 4474 2585 4545 syllogismus,
2641 4472 2978 4543 expositione
3025 4480 3205 4526 autem
3253 4471 3331 4526 sic
3375 4473 3598 4537 utimur,
3653 4479 3710 4525 ut
3751 4477 3807 4524 et

530 4570 673 4623 niam
710 4568 931 4633 bonum,
971 4565 1097 4637 quid
1129 4534 1248 4619 ens.
1291 4564 1372 4619 Sit
1415 4564 1559 4619 enim
1600 4578 1633 4616 a
1675 4562 1962 4632 disciplina
1990 4534 2120 4631 quo-
2144 4534 2197 4595 D
2223 4534 2421 4621 sentiat
2449 4565 2538 4635 qui
2572 4534 2734 4620 discit
2761 4566 3026 4632 dicentes,
3069 4579 3175 4620 non
3207 4564 3351 4619 enim
3383 4563 3466 4619 sic
3496 4573 3553 4618 ut
3577 4534 3697 4621 sine
3726 4562 3808 4619 bis

529 4660 670 4714 niam
698 4657 823 4727 quid
861 4672 979 4726 ens,
1004 4657 1057 4711 in
1087 4672 1192 4726 quo
1220 4663 1400 4709 autem
1431 4656 1459 4708 b
1496 4669 1595 4710 ens
1616 4653 1763 4725 quid,
1796 4654 1849 4709 in
1883 4668 1992 4724 quo
2020 4669 2119 4709 au-

504 4804 507 4809 .
531 4761 638 4807 tem
666 4766 692 4803 c
718 4750 938 4815 bonum,
973 4762 1157 4803 verum
1190 4758 1271 4803 est
1298 4762 1426 4817 ergo
1450 4765 1482 4801 ιι
1505 4747 1574 4802 de
1596 4746 1624 4800 b
1672 4745 1974 4815 praedicari,
2002 4756 2118 4803 erat

531 4844 675 4899 enim
706 4841 984 4911 disciplina
1006 4840 1231 4911 alicujus
1255 4842 1414 4905 entis,
1441 4840 1694 4912 quoniam
1724 4839 1850 4909 quid
1875 4854 1994 4905 ens,
2020 4838 2116 4896 sed

531 4946 587 4993 et
613 4937 641 4990 b
669 4936 738 4992 de
765 4953 816 5001 c,
857 4950 978 4991 nam
1016 4935 1071 4991 in
1110 4950 1216 5005 quo
1251 4950 1279 4989 c
1307 4949 1404 4990 ens
1435 4934 1587 5005 quid,
1616 4948 1787 5005 quare
1816 4943 1871 4989 et
1907 4951 1940 4988 a
1970 4932 2040 4989 de
2062 4948 2113 5001 ε,

536 5030 640 5086 erit
664 5026 792 5102 ergo
823 5027 1103 5099 disciplina
1136 5028 1260 5085 boni
1284 5029 1542 5099 quoniam
1576 5028 1799 5095 bonum,
1830 5036 1949 5084 erat
1971 5028 2117 5085 enim

533 5123 661 5194 quid
690 5137 809 5191 ens,
843 5124 1057 5193 proprie
1086 5120 1398 5179 substantia;
1444 5122 1679 5191 signum.
1722 5122 1779 5177 Si
1810 5131 1988 5177 autem
2017 5135 2117 5178 ens

538 5217 769 5273 rnedium
800 5216 1032 5286 positum
1072 5215 1161 5282 sit,
1193 5223 1249 5271 et
1285 5217 1351 5269 ad
1383 5222 1683 5269 extremum
1722 5227 1821 5269 ens
1861 5211 2118 5283 simplici-

456 5362 461 5367 .
537 5322 639 5378 ter,
662 5320 716 5365 et
742 5325 847 5366 non
868 5311 997 5381 quid
1022 5323 1119 5366 ens
1139 5309 1340 5364 dictum
1368 5310 1460 5374 sit,
1488 5323 1594 5362 non
1617 5309 1721 5363 erit
1745 5308 2115 5379 syllogismus,

536 5406 789 5477 quoniam
826 5414 914 5471 est
949 5403 1230 5473 disciplina
1278 5401 1406 5458 boni
1450 5401 1699 5471 quoniam
1756 5402 1977 5463 bonum.
2020 5400 2118 5456 sed

540 5496 795 5565 quoniam
829 5509 944 5560 ens,
986 5503 1045 5549 ut
1072 5494 1119 5550 si
1150 5495 1218 5548 sit
1249 5492 1303 5549 in
1348 5506 1453 5562 quo
1482 5508 1513 5544 a
1543 5482 1823 5560 disciplina
1863 5492 2120 5562 quoniam

510 5654 513 5655 ν
538 5601 658 5651 ens,
684 5587 736 5641 in
760 5601 865 5657 quo
888 5586 917 5639 b
947 5601 1070 5655 ens,
1096 5586 1151 5641 in
1176 5601 1280 5655 quo
1304 5602 1330 5639 c
1351 5585 1571 5640 bonum.
1598 5584 1931 5640 Manifestum
1958 5586 2120 5656 igitur

520 5681 789 5750 quoniam
822 5664 1315 5751 inparticularibus
1341 5678 1665 5753 syllogismis
1693 5680 1773 5735 sic
1802 5682 2120 5736 sumendum

542 5774 822 5833 terminos.

2221 4677 2329 4718 non
2378 4661 2633 4732 possibile
2673 4663 2746 4717 sit
2794 4661 3188 4727 demonstrare,
3235 4659 3693 4732 quemadmodum
3737 4675 3803 4715 ex

2221 4755 2415 4825 quibus
2440 4761 2524 4809 est
2560 4753 2922 4824 syllogismus.
2953 4752 3069 4808 Non
3105 4753 3270 4808 lateat
3307 4762 3488 4808 autem
3517 4768 3641 4823 nos,
3674 4769 3808 4825 quo-

2221 4849 2368 4903 niam
2408 4846 2461 4901 in
2490 4844 2678 4900 eodem
2704 4845 3041 4918 syllogismo,
3073 4860 3179 4901 non
3206 4860 3395 4901 omnes
3432 4845 3806 4902 conclusiones

2224 4956 2322 5012 per
2367 4954 2525 4995 unam
2563 4940 2807 4995 eamdem
2850 4939 3071 5010 figuram
3115 4948 3259 5004 sunt,
3309 4938 3405 4993 sed
3444 4938 3560 4995 hare
3588 4939 3804 5012 quidem

2222 5030 2320 5105 per
2357 5032 2515 5097 hanc,
2557 5031 2647 5086 illa
2678 5046 2806 5086 vero
2838 5046 2935 5101 per
2959 5032 3139 5087 aliam.
3184 5032 3365 5086 Palam
3396 5046 3524 5102 ergo
3551 5030 3802 5102 quoniam

2224 5135 2279 5181 et
2306 5126 2665 5181 resolutiones
2709 5126 2788 5179 sic
2829 5125 3149 5180 faciendum.
3177 5124 3441 5191 Quoniam
3478 5132 3658 5179 autem
3700 5138 3802 5178 non

2222 5235 2383 5274 omne
2415 5219 2740 5288 propositum
2784 5219 2835 5272 in
2876 5219 3020 5273 omni
3049 5218 3236 5289 ﬁgura,
3274 5217 3368 5273 sed
3398 5219 3449 5273 in
3491 5200 3805 5288 unaquaque

2224 5314 2479 5381 disposita
2503 5321 2647 5377 sunt,
2684 5312 3026 5366 manifestum
3056 5320 3221 5366 estex
3253 5308 3599 5366 conclusione
3623 5312 3676 5365 in
3704 5324 3803 5380 qua

2227 5405 2393 5476 ﬁgura
2426 5405 2496 5459 sit
2526 5403 2891 5475 qumrendum.
2929 5403 2993 5457 Et
3025 5402 3091 5457 ad
3132 5403 3473 5458 deﬁnitiones
3503 5402 3804 5457 orationum

2226 5512 2556 5568 quaecunque
2592 5498 2659 5551 ad
2712 5512 2871 5550 unum
2901 5496 3152 5567 quiddam
3181 5504 3308 5551 sunt
3335 5505 3720 5565 argumentatus
3752 5496 3804 5551 in

2226 5605 2413 5646 eorum
2444 5604 2562 5658 qua:
2587 5588 2770 5643 insunt
2801 5589 3053 5655 termino,
3098 5588 3165 5643 ad
3195 5587 3336 5659 quod
3376 5596 3806 5658 argumentatum

2228 5690 2307 5737 est
2336 5680 2639 5752 ponendum
2686 5682 2991 5745 terminum,
3038 5692 3092 5736 et
3143 5695 3246 5735 non
3274 5687 3439 5735 totam
3482 5680 3805 5748 orationem,

2234 5776 2411 5831 minus
2443 5772 2588 5830 enim
2627 5774 2894 5846 contingit
2933 5774 3234 5846 perturbari
3280 5780 3499 5845 propter
3522 5771 3807 5845 longitudi-
