4060 6330
327 256 426 312 [ἷ81

933 253 1239 311 PRIORUM
1262 246 1816 309 ίΑΝΑιΝτιαοῐιυΜ
1856 246 2301 307 ᾸΒΙΞΤΟΪΕΜό
2337 251 2812 306 ΙΝΪΕῐὶΡιὶι-ΙΙᾺΪ
2825 253 2902 304 lt).

3477 247 3582 304 682

330 388 477 446 nem,
519 380 577 425 o't
605 369 792 440 si’quis
822 383 1013 446 aquam
1058 372 1295 426 ostendit
1322 370 1571 439 quoniam
1616 377 1699 421 est
1726 366 1899 420 Immi-
1929 372 1975 425 A
2003 365 2107 420 hoc
2149 367 2290 420 enim
2339 366 2471 421 nulli
2516 382 2583 431 α,
2628 384 2658 420 a
2704 379 2879 420 au'em
2908 362 3049 418 omni
3079 362 3134 423 b,
3173 376 3337 430 quare
3382 361 3529 416 nulli
3556 368 3584 413 ιι

330 467 431 519 dua
471 474 649 533 potus,
714 472 895 531 potum
942 473 996 517 et
1034 478 1222 531 aquam
1268 462 1521 516 terminos
1578 458 1902 528 ponendum.

939 568 1179 651 canor
1205 572 1315 625 XL.

373 664 465 719 De.
484 682 527 718 τι
540 663 795 718 solutione
827 648 1250 803 syllogliztg‘rﬂ;
1281 663 1349 716 ad
1388 659 1700 751 impossibile
1735 670 1780 714 et
1810 677 1871 755 eis

407 827 653 895 Amplius
680 836 856 880 autem
890 840 951 879 ex
1003 819 1284 894 ltypothesi
1316 822 1657 894 syllogismos
1687 834 1792 875 non
1830 830 1914 875 est

337 917 648 973 tentandum
680 916 955 981 reducere,
987 930 1111 969 nam
1157 910 1264 969 non
1296 925 1379 968 est
1412 928 1477 967 ex
1507 913 1570 968 iis
1598 927 1717 982 qua:
1745 912 1913 980 posita

338 1021 462 1063 sunt
490 990 789 1073 reducere';
844 1024 948 1062 non
980 1008 1128 1062 enim
1177 1022 1272 1076 per
1308 1006 1672 1078 syllogismum
1715 1006 1913 1059 ostensi

340 1112 495 1169 sunt,
542 1102 637 1157 sed
684 1102 750 1155 ad
785 1100 1038 1170 placitum
1087 1100 1330 1154 concessi
1362 1108 1483 1154 sunt
1520 1086 1730 1152 omnes.
1763 1097 1829 1150 Ut
1872 1094 1916 1148 si

338 1196 458 1264 quis
491 1204 673 1263 ponat,
709 1195 754 1249 si
786 1209 888 1247 una
921 1193 1165 1260 qumdam
1198 1200 1431 1261 potestas
1467 1207 1574 1245 non
1617 1190 1687 1244 sit
1716 1198 1920 1244 eontra-

342 1289 564 1349 riorum,
598 1302 771 1355 neque
819 1285 1153 1353 diseip'inam
1186 1299 1308 1340 esse
1349 1299 1540 1347 unam;
1590 1282 1782 1336 deinde
1812 1282 1918 1335 dis-

343 1386 487 1447 putet
531 1376 784 1445 quoniam
841 1391 945 1428 non
973 1383 1055 1429 est
1103 1389 1204 1428 una
1232 1382 1468 1443 potestas
1505 1373 1917 1439 contrariorum,

344 1480 399 1522 ut
434 1469 661 1522 sanativi
691 1476 745 1521 et
770 1468 1092 1537 :egrotativi,
1119 1467 1279 1522 simul
1307 1467 1447 1519 enim
1470 1465 1612 1518 idem
1638 1465 1735 1519 erit
1767 1479 1922 1516 sana-

345 1561 514 1613 tivum
564 1569 618 1613 et
671 1557 1068 1627 aegrotativum.
1124 1558 1387 1623 Quoniam
1443 1565 1620 1609 autem
1680 1569 1784 1608 non
1841 1562 1925 1607 est

345 1649 579 1704 omnium
627 1651 1014 1704 contrariorum
1057 1664 1160 1702 una
1200 1656 1460 1717 potestas,
1500 1656 1770 1701 ostensum
1818 1653 1920 1710 est,

2008 458 2168 513 inerit
2192 474 2239 523 c,
2274 473 2403 526 ergo
2428 466 2485 511 et
2505 457 2534 510 b
2562 458 2766 522 nulli“c,
2799 454 3123 510 convertitur
3144 455 3283 508 enim
3308 454 3583 522 privativa.

2009 552 2064 607 Si
2096 561 2274 604 autem
2310 551 2646 615 rarticularis
2678 551 2751 603 sit
2775 548 3141 617 syllogismus,
3166 548 3376 615 quando
3408 546 3587 614 priva-

2006 643 2175 711 tivum
2201 641 2414 710 quidem
2444 643 2549 693 erit
2588 640 2653 692 ad
2686 640 2939 708 majorem
2969 638 3391 701 extremitatem,
3420 638 3593 690 reSol—

2013 743 2165 788 vetur
2212 724 2277 786 in‘
2312 732 2535 800 primam
2584 724 2843 799 ﬁguram,
2874 736 2937 783 'ut
2975 731 3018 783 si
3060 746 3090 781 α
3120 728 3247 781 nulli
3277 728 3333 791 b,
3360 728 3387 779 b
3412 736 3588 780 autem

2012 826 2187 881 alicui
2217 842 2273 892 ο,
2304 822 2735 889 conversaenitu
2769 823 3021 891 privativa
3058 816 3223 890 prima
3255 821 3356 874 erit
3390 819 3552 888 ﬁgura
3578 861 3592 881 ,

2015 933 2137 973 nam
2166 917 2193 969 b
2218 916 2433 986 quidem
2462 914 2592 968 nulli
2620 931 2671 973 α,
2702 924 2934 980 αωιιεω
2963 913 3115 965 alicui
3144 928 3190 963 ς.
3217 910 3437 976 Quando
3466 923 3596 962 vero

2018 1014 2451 1085 pra’dicativum,
2480 1028 2584 1067 non
2624 1012 2921 1065 resolvetur
2941 1052 2955 1074 ,
2977 1021 3034 1065 ut
3058 1010 3127 1073 si,
3146 1027 3176 1061 a
3206 1026 3273 1078 qu
3297 1008 3425 1073 dem,
3452 1009 3596 1061 omni

2021 1108 2070 1171 b,
2092 1123 2119 1160 ο
2144 1121 2274 1161 vero
2298 1090 2407 1162 non
2433 1105 2603 1170 omni,
2636 1119 2740 1158 non
2765 1103 2906 1157 enim
2936 1100 3595 1171 suscipit,conversionem

2018 1215 2051 1251 a
2083 1198 2141 1261 ὁ,
2176 1212 2347 1267 neque
2396 1212 2514 1250 cum
2546 1197 2635 1258 ﬁt,
2670 1196 2769 1249 erit
2802 1193 3159 1264 syllogismus.
3190 1192 3393 1247 Rursus
3424 1192 3511 1259 qui
3548 1191 3600 1244 in

2020 1288 2177 1343 tertia
2203 1287 2417 1357 quidem
2447 1296 2571 1340 sunt
2600 1285 2761 1353 ﬁgura
2781 1327 2793 1349 ,
2831 1300 2933 1337 non
2964 1270 3299 1337 resolvuntur
3328 1296 3516 1336 omnes
3548 1282 3600 1334 in

2025 1379 2274 1444 primam,
2299 1378 2386 1445 qui
2414 1385 2589 1430 autem
2613 1386 2738 1430 sunt
2766 1376 2816 1429 in
2846 1375 3044 1443 prima,
3075 1390 3263 1428 omnes
3289 1375 3338 1427 in
3370 1376 3598 1429 tertiam.

2024 1469 2154 1524 lusit
2178 1469 2320 1523 enim
2346 1486 2375 1519 a
2396 1468 2609 1535 quidem
2636 1467 2777 1519 omni
2805 1466 2836 1518 b
2858 1507 2870 1525 .
2898 1466 2924 1518 b
2954 1475 3128 1520 autem
3168 1466 3324 1518 alicui
3368 1482 3395 1518 c
3416 1506 3430 1529 ,
3473 1481 3602 1534 ergo

2021 1560 2144 1629 quia
2168 1560 2501 1613 convertitur
2527 1558 2861 1627 particularis
2888 1557 3224 1625 przedicativa
3243 1599 3256 1620 ,
3299 1556 3458 1611 inerit
3496 1569 3547 1610 et
3577 1574 3603 1609 c

2023 1651 2178 1704 alicui
2208 1650 2256 1709 ὁ,
2277 1668 2307 1701 ιι
2338 1665 2464 1703 vero
2480 1654 2622 1703 omai
2646 1654 2673 1701 b
2693 1648 3305 1717 inerat,quareiit:ertia
3338 1648 3519 1714 ﬁgura.
3544 1648 3605 1701 Et

346 1741 439 1796 sed
464 1740 712 1809 quoniam
744 1739 1020 1807 disciplina
1054 1754 1158 1793 non
1186 1750 1317 1803 una,
1358 1753 1463 1791 non
1493 1744 1576 1791 est
1601 1747 1873 1790 ostensum
1900 1751 1914 1800 ;
1951 1749 1993 1808 Β
2023 1742 2067 1796 si
2097 1742 2388 1810 privativus
2424 1743 2493 1793 sit
2538 1741 2909 1809 syllogismus,
2943 1740 3191 1794 similiter
3228 1757 3253 1813 εκ
3280 1740 3605 1793 rouvertitur

344 1831 588 1899 quamvis
625 1831 868 1894 conﬁteri
896 1831 965 1884 sit
992 1845 1234 1893 necesse,
1262 1838 1316 1883 at
1346 1844 1450 1883 non
1479 1844 1544 1883 ex
1580 1828 1913 1898 syllogismo,

348 1938 531 1977 verum
562 1937 629 1977 ex
680 1921 1000 1991 hypothesi;
1052 1921 1153 1975 hoc
1183 1922 1340 1990 igitur
1368 1936 1472 1974 non
1510 1928 1596 1973 est
1639 1914 1916 1985 reducere,

348 2016 602 2084 quoniam
650 2029 756 2067 non
795 2029 897 2068 una
943 2023 1180 2083 p0testas
1225 2022 1306 2066 est
1334 2030 1347 2064 :
1378 2012 1465 2066 hic
1510 2010 1651 2065 enim
1695 2010 1921 2064 fortasse

346 2116 464 2161 erat
498 2106 870 2176 syllogismus,
912 2105 1039 2159 illud
1078 2115 1255 2159 autem
1295 2104 1623 2178 bypothesis.
1664 2102 1923 2157 Similiter

346 2208 524 2253 autem
558 2199 610 2252 in
640 2199 723 2252 his
751 2198 839 2266 q'ui
871 2213 967 2266 per
988 2196 1319 2265 impossibile
1350 2188 1763 2259 concluduniur,
1798 2208 1920 2247 nam

349 2304 523 2359 neque
544 2280 651 2344 'lioc
676 2298 759 2344 est
785 2286 1076 2353 resolvere,
1110 2282 1201 2342 sed
1235 2288 1298 2341 ad
1340 2285 1671 2356 impossibile
1700 2283 1914 2354 quidem

349 2370 589 2434 reductio
646 2380 770 2443 eSt;
820 2378 1129 2449 syllogismo
1180 2378 1323 2432 enim
1371 2378 1732 2437 monstratur;
1792 2374 1926 2427 alte-

278 2464 281 2465 ⁷
349 2485 467 2523 rum
499 2478 811 2523 autemnon
854 2477 960 2533 est,
995 2478 1113 2522 nam
1145 2484 1229 2523 ex-
1256 2464 1541 2538 liypothesi
1570 2466 1922 2522 enucluditur.

351 2559 615 2614 Dill'erttnt
663 2568 840 2613 autem
884 2575 913 2612 a
948 2559 1230 2628 prmdimis
1288 2558 1539 2627 quOniam
1573 2557 1625 2611 iu
1676 2556 1781 2611 illis
1811 2556 1928 2625 qui-

349 2652 473 2706 dem
503 2659 714 2718 Oportet
756 2651 901 2720 prius
944 2651 1208 2716 conﬁteri,
1254 2651 1297 2704 si
1339 2651 1499 2705 debet
1524 2638 1838 2713 concedere,
1873 2656 1929 2703 ut

349 2744 397 2797 si
423 2742 733 2796 osmudatur
761 2726 865 2795 una
896 2752 1128 2811 potestas
1158 2743 1573 2805 contrariorum,
1604 2752 1658 2796 et
1687 2741 1929 2809 discipli-

352 2848 474 2887 nam
501 2848 559 2887 es
591 2848 623 2887 e
649 2834 891 2887 eamdem
919 2849 933 2897 ;
977 2833 1062 2887 hic
1092 2843 1269 2888 autem
1300 2842 1354 2887 et
1382 2848 1489 2886 non
1519 2834 1668 2902 prius
1700 2833 1928 2886 confessi

355 2926 684 2990 concedunt,
721 2942 787 2981 eu
824 2920 965 2995 quod
998 2926 1335 2981 manifestum
1387 2927 1453 2980 sit
1485 2928 1697 2991 falsum,
1742 2935 1805 2980 ut
1838 2942 1930 2994 po-

353 3018 457 3071 sita
482 3018 603 3070 dim
628 3031 745 3072 etro
774 3032 1033 3088 symetro,
1066 3035 1129 3073 eo
1166 3020 1305 3089 quod
1339 3020 1563 3088 imparia
1605 3034 1725 3074 esse
1755 3033 1930 3089 atqua-

2024 1832 2165 1886 enim
2192 1830 2527 1900 particularis
2575 1832 2889 1883 altirtnativa
2912 1871 2925 1891 ,
2956 1845 3119 1897 quare
3155 1848 3185 1882 a
3222 1830 3436 1899 quidem
3479 1829 3605 1883 nulli

2026 1924 2313 1991 b,cauteut
2338 1922 2494 1991 alicui
2532 1922 2708 1975 inerit.
2738 1923 2935 1975 Eorum
2972 1933 3148 1975 autem
3177 1936 3236 1991 sy
3264 1922 3608 1991 logismorum

2020 2014 2114 2082 qui
2159 2021 2282 2066 sunt
2311 2014 2363 2065 in
2390 2020 2660 2080 postrema
2691 2010 2854 2080 ﬁgura
2903 2026 3036 2081 unus
3077 2021 3277 2065 tantum
3312 2027 3413 2065 non
3445 2013 3611 2066 resol-

2027 2105 2168 2155 vitur
2209 2101 2259 2155 in
2310 2102 2569 2171 primam,
2619 2096 2834 2170 quando
2879 2115 2985 2154 non
3032 2103 3348 2155 universalis
3400 2102 3611 2170 ponitur

2031 2192 2309 2261 privativa,
2338 2192 2425 2245 alii
2450 2202 2625 2246 autem
2650 2207 2838 2247 omnes
2863 2191 3223 2247 resolvuntur.
3247 2193 3303 2246 P.
3320 2194 3613 2249 radicentur

2029 2283 2174 2337 enim
2218 2284 2285 2337 de
2326 2283 2470 2334 omni
2520 2300 2574 2345 c,
2617 2294 2672 2337 et
2726 2294 2830 2337 ait
2877 2284 2936 2349 b,
2967 2299 3095 2353 ergo
3121 2294 3461 2340 convertetur
3489 2305 3515 2340 c
3546 2286 3611 2340 ad

2030 2382 2315 2440 utrumque
2337 2371 2768 2441 particulariter;
2797 2374 2955 2427 inerit
2976 2379 3103 2444 ergo
3127 2392 3154 2426 η
3185 2377 3345 2431 alicui
3373 2378 3422 2441 b,
3448 2394 3613 2446 quare

2029 2462 2131 2537 erit
2154 2457 2320 2530 prima
2349 2462 2536 2531 ﬁgura,
2570 2464 2830 2532 siquidem
2861 2483 2889 2516 (ι
2918 2466 3063 2519 omni
3093 2482 3138 2531 c,
3164 2484 3190 2519 c
3218 2483 3344 2522 vero
3365 2470 3522 2525 alicui
3551 2472 3613 2534 ος

2030 2562 2085 2607 et
2114 2553 2155 2606 si
2186 2570 2216 2605 a
2241 2552 2452 2621 quidem
2484 2555 2627 2631 omni
2653 2570 2698 2617 ι,
2725 2554 2753 2607 b
2777 2563 2953 2608 autem
2985 2572 3011 2608 a
3035 2556 3139 2609 icui
3165 2575 3210 2621 ε,
3244 2558 3430 2613 eadem
3456 2561 3614 2627 ratio.

2017 2645 2360 2719 convertitur
2380 2644 2522 2697 enim
2554 2644 2619 2698 ad
2652 2645 2679 2697 b
2710 2661 2754 2697 ς.
2782 2644 2834 2699 Si
2860 2658 3033 2701 autem
3060 2647 3088 2699 b
3110 2648 3320 2715 quidem
3344 2652 3487 2705 omni
3512 2668 3556 2715 c,
3583 2668 3615 2704 α

2031 2742 2208 2786 autem
2233 2732 2386 2786 alicui
2418 2752 2440 2782 ι·
2463 2776 2477 2798 ,
2510 2734 2714 2801 primus
2735 2736 3013 2802 ponenlus
3038 2736 3069 2788 b
3089 2777 3104 2801 ,
3138 2753 3258 2791 nam
3283 2740 3313 2792 b
3336 2741 3479 2795 omni
3511 2758 3557 2807 c,
3589 2758 3617 2795 ε

2032 2834 2207 2877 autem
2235 2824 2390 2898 alicui
2418 2841 2471 2889 a,
2498 2840 2663 2894 quate
2685 2826 2712 2878 ὸ
2739 2826 2894 2880 alicui
2921 2844 2973 2893 a,
2999 2831 3250 2896 quoniam
3281 2841 3458 2886 autem
3487 2848 3614 2897 con-

2034 2916 2268 2968 vertitur
2293 2914 2735 2991 particularis,,et
2759 2932 2799 2987 α¹
2820 2918 2975 2993 aletti
3006 2920 3031 2970 b
3055 2919 3234 2974 inerit.
3269 2922 3334 2975 Et
3363 2924 3405 2976 si
3439 2926 3617 2992 priva-

2035 3010 2174 3061 tivus
2200 3010 2270 3061 sit
2297 3009 2637 3077 syllogismus
2666 3003 3054 3071 universalibu's
3088 3014 3349 3079 terminis,
3374 3017 3619 3093 similiter

355 3108 425 3161 lia
455 3110 687 3176 paribus.
732 3110 916 3164 Plures
946 3121 1122 3164 autem
1154 3120 1206 3165 et
1247 3111 1444 3165 diversi
1476 3106 1825 3166 terminantur
1867 3127 1927 3163 ex
1961 3133 2002 3191 ρ
2037 3098 2374 3153 ευιηεηάυητ·
2404 3099 2534 3154 IIISil
2576 3101 2717 3155 enim
2747 3101 2775 3155 θ
2806 3102 2949 3156 omni
2980 3119 3005 3155 ε
3026 3143 3043 3167 θ
3090 3112 3121 3155 α
3169 3116 3349 3173 mlle"!
3387 3107 3619 3177 ﬂuuii.

353 3198 685 3259 conditione,
719 3215 849 3268 quos
881 3203 1191 3269 prospicere
1214 3210 1446 3270 oportet,
1479 3211 1533 3256 et
1561 3211 1745 3255 notare
1785 3198 1927 3270 apte.

354 3292 490 3357 Quae
534 3307 663 3361 ergo
698 3294 883 3345 horum
936 3292 1275 3358 dill‘erentire,
1322 3303 1376 3347 et
1404 3294 1610 3363 quoties
1650 3294 1801 3358 ﬁunt,
1844 3293 1932 3361 qui

361 3370 910 3451 sunt‘ex'hypotltesi,
947 3394 1126 3452 postea
1151 3385 1410 3439 dicemus.
1439 3386 1590 3439 Nunc
1620 3396 1794 3440 autem
1820 3395 1936 3439 tau-

294 3534 297 3535 ν
360 3484 475 3527 tum
506 3476 574 3528 sit
606 3470 757 3528 nobis
809 3474 1148 3529 manifestum
1198 3478 1447 3545 quoniam
1490 3492 1593 3530 non
1641 3488 1721 3531 est
1763 3474 1934 3532 resol-

362 3580 488 3619 vere
524 3566 796 3635 inﬁgat-as
827 3566 1128 3635 bujusmodi
1181 3567 1547 3638 syll0gismos,
1578 3576 1632 3623 et
1680 3567 1749 3621 ob
1777 3582 1935 3636 quam

359 3669 576 3709 causam
599 3656 850 3711 diximus.

948 3765 1176 3823 CAPUT
1217 3767 1351 3822 XLI.

374 3857 450 3910 De
490 3859 746 3927 reciproca
786 3861 1079 3942 retractione
1119 3861 1531 3982 syllogismorum
1570 3864 1725 3916 unius
1762 3863 1940 3933 ﬁgura:

1018 3947 1071 3982 ιη
1098 3947 1131 3982 a
1155 3948 1274 3982 ιαηι.

1018 3947 1071 3984 ιη
1098 3947 1274 3983 atram.

358 4098 361 4101 λ
444 4062 779 4132 Quaecunque
803 4073 979 4117 autem
1008 4066 1061 4119 iu
1098 4067 1335 4134 pluribus
1366 4067 1546 4135 ﬁguris
1577 4079 1941 4124 monstrantur

370 4152 666 4221 proposita,
723 4156 766 4208 si
821 4155 870 4207 in
917 4155 1084 4211 altera
1135 4158 1501 4227 syllogizetur,
1552 4171 1635 4214 est
1682 4160 1941 4216 reducere

369 4246 737 4317 syllogismum
782 4246 837 4301 in
884 4248 1129 4315 alteram,
1172 4259 1229 4302 ut
1267 4265 1387 4305 eum
1427 4253 1514 4320 qui
1564 4252 1617 4307 in
1663 4254 1828 4321 prima
1860 4263 1943 4309 est

370 4337 687 4405 privativum
735 4338 787 4390 in
835 4338 1122 4392 secundam
1173 4340 1416 4409 ﬁguram,
1466 4352 1522 4397 et
1568 4358 1689 4398 eum
1737 4344 1826 4414 qui
1886 4345 1938 4399 in

372 4426 545 4481 media
570 4435 652 4480 est
684 4426 735 4480 in
764 4427 1014 4495 primam.
1047 4428 1378 4485 Non‘omnes
1422 4438 1624 4497 autem,
1652 4434 1744 4488 sed
1775 4449 1939 4504 quos-

370 4516 514 4580 dam,
546 4516 651 4570 erit
678 4526 853 4571 autem
886 4517 938 4570 in
960 4518 1303 4586 sequentibus
1326 4518 1685 4575 manifestum.
1718 4521 1775 4578 Si
1793 4500 1937 4577 enim
1972 4500 2025 4560 D

368 4623 402 4659 a
432 4608 559 4660 nulli
587 4608 636 4671 ὁ,
670 4607 698 4659 b
728 4616 905 4662 autem
937 4610 1078 4662 omni
1111 4627 1157 4675 c,
1186 4626 1218 4663 a
1250 4611 1381 4665 nulli
1414 4628 1459 4675 ε,
1492 4614 1573 4667 sic
1599 4628 1729 4686 ergo
1772 4615 1941 4682 prima

370 4696 572 4767 ﬁgura;
604 4698 650 4752 si
681 4709 859 4753 autem
903 4712 1248 4755 convertatur
1286 4703 1561 4771 privativa,
1598 4706 1769 4760 media
1818 4707 1939 4762 erit.

368 4786 497 4841 Nam
532 4789 560 4840 ὁ
588 4806 619 4841 a
649 4790 863 4859 quidem
892 4791 1047 4856 nulli,
1077 4808 1104 4844 c
1136 4803 1311 4847 autem
1343 4796 1487 4871 omni
1516 4795 1692 4850 inerit.
1734 4794 1943 4851 Simili-

372 4890 453 4933 ter
480 4888 659 4934 autem
704 4890 758 4935 et
787 4884 831 4936 si
860 4898 970 4937 non
1013 4884 1353 4953 universalis,
1384 4887 1478 4941 sed
1521 4890 1857 4957 particularis
1885 4890 1944 4945 ﬁt

370 4970 731 5040 syllogismus,
763 4982 819 5026 ut
839 4974 944 5027 sia
969 4976 1183 5042 quidem
1211 4977 1343 5031 nulli
1372 4976 1423 5043 b,
1456 4981 1484 5030 b
1512 4990 1688 5033 autem
1712 4982 1867 5036 alicui
1891 4999 1937 5051 c,

369 5075 629 5115 conversa
648 5064 787 5117 enim
824 5054 1085 5133 privativa
1111 5068 1281 5121 media
1302 5070 1403 5122 erit
1421 5068 1608 5138 ﬁgura.
1631 5072 1825 5128 Eorum
1850 5089 1944 5129 au-

298 5234 301 5237 λ
371 5163 475 5207 tem
494 5155 958 5225 “syllogismorum,
981 5160 1071 5228 qui
1103 5170 1228 5214 sunt
1257 5163 1308 5215 in
1340 5164 1571 5218 secunda
1602 5166 1763 5235 ﬁgura
1786 5213 1799 5235 ,
1830 5171 1946 5223 uni-

368 5246 607 5300 versales
650 5248 862 5314 quidem
919 5251 1241 5305 reducentur
1292 5255 1341 5307 in
1402 5256 1622 5323 primam
1678 5259 1940 5328 ﬁguram,

365 5338 769 5404 particularium
834 5350 1011 5396 autem
1061 5342 1201 5399 alter
1235 5345 1427 5400 solum.
1476 5346 1605 5402 lusit
1646 5352 1787 5405 enim
1831 5369 1862 5406 a
1916 5355 1945 5407 b

365 5430 581 5495 quidem
615 5431 767 5497 nulli,
794 5448 821 5485 c
847 5449 974 5488 vero
1020 5437 1186 5500 omni,
1215 5452 1471 5493 conversa
1496 5441 1748 5509 privativa
1775 5445 1944 5512 prima

365 5520 470 5572 erit
497 5521 658 5589 ﬁgura
687 5563 701 5587 ,
735 5537 855 5576 nam
888 5525 917 5578 ὁ
948 5526 1161 5594 quidem
1194 5530 1324 5582 nulli
1353 5547 1419 5590 a.
1453 5548 1483 5583 a
1512 5542 1687 5586 autem
1735 5536 1879 5589 omni
1921 5555 1946 5591 c

366 5615 547 5669 inerit.
576 5618 628 5671 Si
658 5624 837 5672 autem
853 5622 1253 5688 przedieativum
1276 5626 1487 5693 quidem
1519 5629 1586 5681 sit
1609 5629 1672 5683 ad
1697 5632 1746 5693 ι),
1771 5632 1949 5699 priva-

368 5706 534 5765 tivum
564 5718 741 5762 autem
772 5713 835 5763 ad
867 5727 926 5779 c,
958 5714 1160 5781 primus
1187 5718 1445 5775 terminus
1469 5723 1745 5791 p0uendus
1766 5734 1849 5780 est
1878 5743 1903 5776 c
1928 5722 1943 5795 ’,

631 5804 903 5867 Ρηιιοι..
946 5807 1169 5869 LXIV.

2035 3205 2163 3260 ergo
2189 3192 2347 3245 alicui
2378 3192 2405 3244 ὁ
2436 3193 2596 3247 inerit
2616 3210 2661 3260 c,
2685 3210 2717 3246 a
2740 3202 2915 3247 autem
2947 3194 3073 3247 nulli
3106 3212 3154 3261 ε,
3185 3211 3349 3265 quare
3376 3198 3478 3252 erit
3508 3214 3619 3252 me-

2036 3279 2182 3334 dium
2230 3298 2277 3334 ε.
2325 3281 2581 3336 Similiter
2628 3294 2803 3337 autem
2850 3293 2903 3338 et
2951 3286 2991 3337 si
3044 3286 3297 3353 privativa
3331 3288 3545 3356 quidem
3576 3293 3619 3346 si

2037 3372 2385 3440 universalis,
2432 3374 2768 3441 praedicatit-a
2812 3383 2989 3426 autem
3036 3358 3557 3445 particularis,'uam
3588 3398 3620 3435 a

2038 3460 2252 3528 quidem
2299 3462 2426 3514 nulli
2455 3478 2514 3527 c,
2549 3472 2776 3516 cautem
2824 3462 2983 3516 alicui
3031 3463 3059 3516 ιι
3111 3466 3289 3519 inerit.
3342 3468 3397 3520 Si
3443 3480 3619 3539 autem

2034 3552 2377 3618 particularis
2405 3562 2641 3606 sumatur
2675 3554 2960 3620 privativa,
2994 3570 3096 3608 uoo
3127 3557 3227 3608 erit
3257 3560 3532 3627 reso'utio,
3570 3570 3621 3614 ut

2040 3644 2083 3695 si
2112 3643 2145 3694 b
2173 3627 2384 3711 quidem
2416 3644 2559 3696 omni
2590 3659 2638 3707 c,
2664 3660 2694 3695 a
2719 3654 2897 3698 autem
2920 3645 3083 3700 .aliciti
3114 3663 3141 3697 ε
3168 3663 3272 3701 nou
3303 3649 3459 3714 inest,
3488 3666 3619 3705 con-

2042 3748 2193 3788 versa
2218 3734 2361 3788 enim
2391 3735 2419 3787 ι)
2450 3751 2497 3799 r,
2532 3746 2767 3806 utraeque
2800 3737 3189 3806 propositiones
3213 3752 3367 3795 erunt
3392 3744 3622 3811 particu-

2044 3826 2206 3880 lar.s.
2242 3826 2578 3903 Manifestum
2609 3836 2787 3881 autem
2836 3829 3088 3897 quoniam
3135 3829 3199 3883 ad
3250 3833 3621 3887 ra-stdveudutu

2044 3920 2107 3973 ad
2138 3933 2197 3990 se
2224 3920 2446 3974 invicem
2482 3920 2707 3988 ﬁguras,
2750 3936 2869 3990 quae
2901 3921 2966 3975 ad
3014 3921 3272 3977 minorem
3314 3926 3619 3981 esttetnita-

2045 3988 2161 4065 teni
2180 4019 2261 4065 est
2296 4011 2588 4079 propositio
2610 4054 2622 4071 .
2654 4012 3010 4067 convertenda
3044 4014 3094 4065 in
3136 4026 3222 4067 utr
3243 4030 3373 4084 sque
3415 4015 3621 4087 ﬁguris,

2045 4101 2142 4155 hac
2183 4115 2463 4164 conversa,
2494 4103 2734 4155 transitio
2765 4101 2849 4162 ﬁt;
2879 4118 3065 4158 eorum
3096 4115 3271 4160 autem
3303 4110 3391 4177 qui
3423 4109 3475 4163 in
3507 4126 3621 4167 me-

2045 4191 2130 4246 dia
2155 4201 2279 4245 sunt
2308 4191 2506 4260 ﬁgura,
2537 4192 2671 4247 alter
2705 4192 2919 4263 quidem
2960 4196 3284 4262 resolvitur,
3324 4201 3461 4265 alter
3497 4219 3626 4263 vero

2049 4297 2152 4336 nou
2194 4279 2477 4335 resolvitur
2515 4281 2568 4335 in
2613 4284 2856 4348 tertiam,
2885 4298 3004 4337 nam
3040 4298 3158 4340 eum
3188 4288 3336 4357 situ
3362 4289 3623 4359 .iversalls

2048 4371 2327 4439 privativa,
2360 4371 2665 4427 resolvitur.
2685 4372 2742 4427 Si
2770 4373 2911 4427 enim
2938 4391 2969 4428 a
2997 4375 3123 4449 nulli
3149 4379 3362 4449 quidem
3387 4383 3436 4448 b,
3463 4385 3621 4440 alicui

2048 4471 2225 4514 autem
2253 4475 2299 4523 θ,
2335 4472 2557 4530 utraque
2584 4461 2829 4516 similiter
2859 4466 3188 4520 convertitur
3214 4468 3278 4521 ad
3311 4486 3370 4532 α,
3400 4488 3565 4541 quare
3595 4478 3623 4528 b

2048 4551 2261 4621 quidem
2288 4552 2417 4605 nulli
2439 4568 2491 4620 a,
2522 4568 2548 4604 ο
2573 4568 2699 4606 vero
2719 4554 2896 4618 alicui,
2930 4558 3159 4611 medium
3183 4576 3307 4630 ergo
3328 4581 3378 4618 α.
3403 4566 3625 4630 Quando

2047 4649 2224 4694 autem
2275 4659 2305 4694 a
2358 4643 2501 4717 omni
2543 4642 2603 4706 b,
2662 4660 2688 4697 ο
2734 4654 2910 4703 autem
2960 4648 3118 4704 alicui
3166 4667 3268 4706 non
3309 4656 3465 4721 insit,
3518 4630 3622 4714 non

2051 4731 2107 4785 ﬁt
2140 4733 2424 4799 resolutio,
2460 4746 2643 4789 neutra
2674 4738 2814 4791 enim
2849 4743 3272 4809 proliositionum
3305 4766 3367 4802 ex
3399 4765 3623 4806 com-er-

2049 4819 2199 4873 Sionu
2228 4824 2559 4878 universalis.
2586 4826 2686 4892 Qui
2716 4838 2892 4883 autem
2938 4847 3002 4885 ex
3047 4841 3195 4889 tertia
3246 4848 3367 4891 sunt
3414 4840 3576 4910 ﬁgura
3608 4884 3622 4905 ,

2050 4911 2385 4967 resolventur
2432 4914 2482 4967 in
2522 4916 2750 4971 mediam
2778 4959 2793 4983 ,
2834 4923 3048 4990 quando
3101 4923 3260 4982 fuerit
3310 4931 3625 4987 universalis

2053 5004 2329 5071 privativa.
2363 5008 2483 5061 utsi
2506 5025 2535 5059 a
2568 5010 2695 5064 nulli
2724 5027 2771 5078 c,
2806 5012 2834 5065 b
2864 5023 3038 5070 autem
3063 5017 3245 5083 alicui,
3276 5032 3367 5075 aut
3392 5025 3537 5078 omni
3563 5042 3621 5089 c,

2052 5109 2173 5149 nam
2197 5112 2241 5163 c,
2273 5114 2305 5151 a
2326 5100 2534 5167 quidem
2560 5102 2707 5168 nulli,
2732 5104 2760 5156 ὁ
2786 5116 2958 5160 autem
2985 5109 3143 5164 alicui
3170 5113 3344 5166 inerit.
3367 5115 3421 5168 Si
3444 5128 3621 5172 autem

2056 5187 2389 5255 particularis
2418 5191 2483 5243 sit
2515 5191 2798 5259 privativa,
2830 5201 3290 5265 nou-resolvetur,
3336 5220 3440 5257 non
3482 5208 3621 5261 enim

2055 5278 2274 5346 suscipit
2321 5282 2727 5338 conversionem
2771 5288 3105 5355 particularis
3157 5294 3418 5361 negativa.
3460 5297 3626 5351 Mani-

2054 5368 2245 5424 festum
2273 5386 2401 5441 ergo
2424 5375 2672 5443 quoniam
2706 5379 2861 5431 iidem
2891 5380 3185 5450 syllogismi
3214 5401 3319 5438 non
3351 5388 3627 5441 resolvun-

2052 5470 2137 5515 tur
2163 5461 2213 5515 in
2250 5462 2330 5516 Itis
2366 5465 2578 5534 ﬁguris,
2608 5466 2697 5533 qui
2727 5482 2825 5521 nec
2854 5470 2904 5521 in
2935 5470 3156 5538 primam
3194 5476 3624 5544 resolvebantur,

2050 5562 2103 5608 et
2142 5557 2389 5623 quoniam
2416 5557 2466 5609 in
2498 5560 2720 5625 primam
2746 5560 2964 5628 ﬁguram
2999 5564 3229 5619 reductis
3256 5569 3580 5641 syll0gismis
3606 5614 3619 5631 .

2050 5647 2134 5700 isti
2173 5649 2270 5701 soli
2303 5650 2594 5720 syllogismi
2627 5667 2720 5721 per
2764 5653 3092 5722 impossibile
3122 5658 3458 5716 clauduntur.
3485 5664 3628 5729 Quo.

2051 5737 2208 5792 modo
2235 5732 2363 5807 ergo
2391 5751 2599 5808 oportet
2621 5743 2968 5813 syllogismos
2996 5749 3271 5811 reducere.
3290 5767 3338 5805 et
3368 5756 3618 5823 quoniam

3195 5842 3269 5901 2:2
