4060 6330
538 296 643 352 685

1768 290 1877 343 ΑΝ.
1924 288 2127 343 MANL.
2169 288 2319 343 εεγ.
2362 291 2581 346 BOETll

3702 308 3800 359 63!

539 408 876 463 resolvuntur
924 410 1100 474 ﬁgura
1151 418 1201 457 ,ιι
1246 418 1303 457 u
1353 404 1577 454 invneem
1604 416 1629 463 ,·
1666 398 2003 454 manifestum
2053 414 2115 452 ex
2152 403 2191 458 Λ
2224 414 2386 466 quare
2417 403 2449 451 ιι
2481 418 2660 454 verum
2686 411 2787 461 est,
2813 413 2864 455 et
2894 421 2925 456 α
2955 420 3057 457 nun
3087 421 3268 459 verum
3292 449 3305 469 ,
3336 410 3587 478 quoniam
3624 423 3709 469 est
3745 417 3803 470 ιι-

539 501 718 554 ιΙιριίε.

1112 641 1334 697 CAPUT
1379 641 1534 697 XLII.

541 764 614 815 De
641 757 948 832 syllogismis
989 757 1240 829 inﬁnitis,
1292 767 1337 809 et
1382 758 1569 824 regulis
1612 755 2108 809 consequentiarnm.

606 911 793 966 Diﬁ‘ert
821 919 998 963 autem
1028 909 1078 962 in
1112 910 1476 963 construendo
1520 908 1600 961 vel
1646 905 1973 960 destruendo
2003 907 2116 974 opi-

525 1008 646 1056 nari
671 1044 684 1068 ,
715 1011 806 1055 aut
837 1002 1006 1066 idem,
1039 1010 1130 1054 aut
1160 1000 1426 1054 diversum
1474 999 1803 1069 signiﬁcare,
1846 1013 1949 1052 non
1996 1013 2117 1052 esse

533 1096 652 1160 hoc,
678 1107 730 1149 et
760 1109 880 1148 esse
910 1110 1013 1147 non
1043 1093 1165 1159 huc,
1196 1102 1254 1147 ut
1282 1108 1385 1146 non
1418 1107 1538 1146 εεεε
1563 1090 1757 1151 albmn,
1789 1090 1837 1143 ei
1868 1086 2008 1158 quod
2033 1098 2116 1143 est

524 1202 652 1241 esse
680 1201 784 1239 non
809 1186 1017 1247 album;
1049 1200 1153 1237 non
1191 1185 1331 1237 enim
1366 1184 1503 1236 idem
1535 1182 1837 1250 signiﬁcant
1858 1222 1872 1246 ,
1908 1195 2004 1233 nec
2034 1187 2115 1232 est

529 1280 744 1348 negatio
795 1278 909 1347 ejus
936 1293 1053 1346 qua:
1079 1288 1160 1330 est
1190 1291 1309 1329 esse
1331 1275 1508 1328 album
1536 1290 1597 1328 ea
1622 1288 1737 1341 qua:
1757 1281 1838 1326 est
1866 1285 1986 1324 esse
2009 1285 2113 1323 non

530 1370 741 1432 album,
774 1367 869 1423 Sed
900 1384 1003 1421 non
1033 1381 1155 1421 esse
1186 1366 1387 1420 album.
1424 1366 1577 1417 llatio
1602 1373 1783 1417 autem
1812 1361 1968 1430 hujus
2002 1361 2116 1414 huc

531 1475 641 1525 esu;
674 1461 922 1513 similiter
959 1459 1102 1513 enim
1134 1473 1192 1512 se
1242 1458 1397 1511 habet
1445 1456 1697 1525 possibile
1728 1464 1807 1508 est
1839 1453 2114 1506 ambulare

531 1556 596 1609 ad
625 1552 875 1624 possibile
903 1568 1007 1606 non
1035 1551 1333 1614 ambulare,
1366 1551 1415 1603 id
1446 1565 1564 1619 qua:
1589 1559 1670 1602 est
1692 1563 1814 1601 esse
1843 1547 2019 1600 album
2044 1546 2111 1598 ad

527 1658 650 1698 esse
681 1660 786 1698 non
817 1644 992 1699 album
1019 1684 1033 1709 ,
1062 1653 1116 1697 et
1137 1644 1240 1697 scit
1270 1643 1466 1696 bonum
1497 1642 1562 1694 ad
1590 1642 1689 1694 scit
1729 1656 1830 1693 nun
1865 1639 2059 1693 bonum
2097 1654 2110 1690 :

531 1753 654 1791 nam
680 1739 780 1791 scil
807 1738 1001 1790 bontnn
1026 1738 1105 1789 vel
1136 1737 1312 1790 sciens
1342 1735 1536 1789 bonum
1564 1734 1695 1787 nihil
1720 1733 1915 1795 differt,
1942 1748 2111 1800 neque

530 1838 705 1897 potest
734 1829 1006 1881 ambulare
1038 1827 1120 1880 vel
1152 1838 1231 1879 est
1280 1833 1467 1893 potens
1511 1822 1817 1883 ambulare;
1848 1836 2013 1887 quare
2059 1831 2112 1875 et

529 1920 715 1989 opposi
745 1935 797 1983 a,
835 1934 939 1971 non
1010 1927 1183 1986 pntest
1230 1915 1502 1969 ainbulare
1545 1922 1601 1967 et
1646 1928 1751 1965 non
1800 1920 1881 1964 est
1927 1920 2112 1979 potens

528 2014 824 2067 ambulare.
855 2014 905 2066 Si
940 2013 1098 2082 igitur
1134 2028 1241 2064 non
1279 2021 1360 2064 est
1405 2021 1592 2077 potens
1642 2007 1920 2061 ambulare
1970 2005 2109 2059 idem

525 2105 793 2172 signiﬁcat
839 2113 892 2157 et
936 2114 1018 2157 est
1065 2110 1253 2171 potens
1301 2116 1427 2177 non,
1458 2099 1760 2163 ambulare,
1800 2096 1912 2166 ipsa
1951 2098 2110 2150 simul

518 2195 739 2249 inerunt
762 2194 959 2258 eidem,
991 2209 1111 2246 nam
1141 2192 1283 2246 idem
1310 2199 1481 2257 potest
1504 2190 1778 2244 ambulare
1798 2197 1853 2242 et
1879 2203 1982 2241 non
2005 2203 2111 2241 am-

523 2286 748 2350 bulare,
780 2298 831 2339 et
877 2285 1016 2339 idem
1048 2286 1227 2338 sciens
1277 2283 1474 2336 bonum
1519 2292 1574 2335 et
1621 2297 1726 2334 non
1773 2280 1965 2332 bonum
2006 2287 2105 2333 est.

524 2376 827 2430 Afﬁrmaiio
878 2386 1053 2430 autem
1096 2387 1148 2429 et
1180 2376 1391 2443 negatio
1430 2390 1535 2427 non
1572 2382 1697 2427 sunt
1734 2370 1997 2439 opposita:
2036 2373 2109 2423 si-

524 2468 631 2525 mul
681 2467 731 2520 in
784 2450 993 2520 eodem.
1024 2467 1482 2533 Quemadmodum
1512 2482 1640 2535 ergo
1673 2481 1779 2519 non
1817 2469 1958 2523 idem
2004 2477 2106 2531 est,

523 2576 626 2611 non
659 2561 799 2627 scire
832 2559 1028 2613 bonum
1061 2568 1111 2613 ct
1141 2560 1281 2613 scire
1310 2576 1413 2613 non
1440 2559 1637 2614 bonum
1661 2602 1674 2625 ,
1714 2576 1971 2616 necesse
2002 2577 2105 2614 non

523 2654 719 2705 bonum
748 2661 801 2704 et
831 2668 934 2704 non
976 2665 1095 2705 esse
1138 2654 1333 2705 bonum
1365 2652 1536 2718 idem,
1583 2668 1704 2706 nam
1736 2654 2107 2723 proportiuna-

521 2742 571 2794 li.
598 2756 674 2804 ιιι,
710 2742 753 2795 si
782 2741 1010 2795 alterum
1037 2742 1127 2803 sit,
1155 2750 1209 2794 et
1232 2742 1483 2807 alterum,
1508 2757 1606 2796 nec
1629 2757 1748 2796 esse
1776 2758 1878 2796 non
1903 2743 2108 2811 aequale

517 2841 572 2887 ει
609 2849 713 2887 non
758 2848 876 2887 esse
922 2833 1128 2901 :i-quale
1163 2834 1299 2886 idem
1329 2873 1343 2897 ,
1375 2833 1500 2887 huic
1536 2849 1600 2886 en
1627 2850 1676 2887 ιιι
1709 2835 1847 2901 quod
1880 2844 1959 2886 est
2003 2849 2105 2886 non

510 2925 723 2992 mqnale
747 2926 985 2990 subjacet
1012 2924 1232 2991 aliquid,
1261 2931 1314 2976 ει
1340 2923 1440 2977 Ιιοε
1462 2934 1543 2977 εει
1574 2924 1855 2991 inmqnale,
1880 2923 1949 2975 illi
1983 2938 2108 2976 vero

510 3016 670 3076 nihil.
700 3030 765 3069 en
792 3014 930 3084 quod
964 3014 1166 3081 aequale
1188 3014 1401 3082 quidem
1424 3015 1506 3067 vel
1534 3015 1793 3080 insequale
1818 3028 1921 3065 non
1946 3027 2107 3066 omne

516 3117 619 3170 est,
654 3110 856 3174 n-quale
898 3113 1076 3158 autem
1100 3105 1183 3159 vel
1232 3120 1339 3158 non
1371 3106 1577 3173 tequale
1610 3120 1806 3167 omne;
1839 3107 2065 3174 ampliue

517 3206 599 3251 est
631 3212 735 3249 nun
768 3196 946 3248 album
978 3194 1177 3251 li,num
1207 3204 1260 3247 et
1288 3210 1391 3247 non
1424 3203 1506 3248 est
1542 3195 1719 3248 album
1767 3196 1965 3263 lignum
1996 3210 2101 3248 non

516 3288 675 3343 simul
703 3297 859 3349 sunt,
891 3288 932 3339 si
974 3286 1118 3340 enim
1165 3294 1247 3339 est
1282 3286 1480 3354 lignum
1529 3302 1633 3340 non
1670 3287 1877 3349 album,
1907 3287 2010 3340 erit
2041 3286 2104 3339 li-

514 3396 711 3449 gnum,
749 3379 887 3449 quod
921 3390 1098 3432 autem
1142 3395 1247 3433 non
1279 3390 1361 3434 est
1388 3379 1563 3433 album
1600 3380 1832 3448 lignum,
1876 3396 1979 3435 non
2011 3397 2102 3434 ne-

514 3486 666 3528 cesse
708 3484 789 3527 est
836 3488 953 3526 esse
986 3471 1223 3539 lignum:
1257 3484 1421 3540 quare
1464 3470 1805 3525 manifesxum
1853 3480 1935 3525 est
1972 3488 2103 3541 quo-

515 3564 654 3617 niam
680 3579 783 3617 non
816 3573 897 3617 est
924 3562 1040 3632 ejus
1069 3560 1211 3631 quod
1236 3568 1319 3614 εει
1350 3561 1544 3616 bonum
1565 3604 1579 3625 ,
1619 3570 1700 3615 est
1726 3575 1831 3615 non
1866 3561 2061 3615 bonum
2084 3604 2098 3627 ,

512 3655 755 3725 negatio;
787 3655 831 3708 si
860 3670 987 3723 ergo
1013 3651 1081 3707 de
1112 3642 1256 3705 omni
1290 3666 1394 3705 uno
1423 3651 1507 3706 vel
1539 3651 1853 3718 afﬁrmatio,
1893 3653 1973 3707 vel
2002 3669 2099 3708 ne-

512 3748 654 3816 gatio
686 3760 843 3807 vera,
873 3744 919 3798 si
947 3759 1051 3797 non
1085 3753 1166 3797 εει
1188 3743 1401 3812 negatio
1424 3784 1438 3807 ,
1472 3742 1646 3811 palam
1675 3744 1924 3812 quoniam
1948 3744 2099 3799 afﬁr-

513 3837 678 3892 matio
705 3836 884 3903 aliquo
917 3833 1075 3886 modo
1099 3834 1237 3898 erit;
1270 3834 1644 3888 afﬁrmationis
1683 3845 1860 3889 autem
1898 3838 2096 3905 omnis,

514 3928 728 3998 negatio
757 3937 870 3989 est,
900 3933 954 3979 et
980 3924 1136 3994 hujus
1167 3939 1315 3993 ergo,
1348 3939 1409 3977 ea
1448 3940 1563 3992 quae
1598 3933 1679 3977 est
1722 3939 1825 3979 non
1856 3935 1957 3991 est,
1991 3942 2097 3981 non

513 4020 731 4072 bonum.
761 4015 972 4071 Habent
998 4024 1175 4069 autem
1208 4012 1453 4068 ordinem
1486 4014 1626 4068 hunc
1652 4013 1718 4068 ad
1752 4016 2000 4082 invicem,
2029 4017 2098 4071 sit

508 4122 629 4162 esse
654 4107 869 4178 quidem
898 4105 1096 4160 bonum
1126 4105 1178 4159 in
1205 4119 1309 4174 quo
1331 4120 1383 4168 a,
1408 4119 1511 4158 non
1541 4118 1663 4159 esse
1687 4114 1865 4161 autem
1898 4106 2094 4162 bonum

508 4200 563 4253 in
587 4213 695 4269 quo
723 4198 771 4262 b,
795 4212 915 4253 esse
942 4208 1119 4254 autem
1149 4211 1255 4251 non
1283 4196 1479 4251 bonum
1508 4195 1563 4249 in
1589 4211 1693 4266 quo
1720 4212 1746 4249 c
1775 4197 1876 4252 sub
1904 4199 1931 4251 b
1951 4238 1967 4263 ,
1990 4214 2094 4254 non

502 4305 630 4345 esse
660 4301 837 4344 autem
870 4306 973 4345 non
1006 4290 1209 4344 bonum
1250 4290 1301 4343 in
1353 4302 1457 4359 quo
1486 4290 1519 4341 ἀ
1547 4288 1647 4343 sub
1686 4305 1717 4342 a
1739 4329 1753 4352 ,
1779 4291 1921 4343 omni
1968 4304 2096 4360 ergo

512 4383 674 4437 inerit
709 4392 799 4435 aut
838 4398 904 4447 α,
932 4391 1022 4435 aut
1047 4380 1074 4433 b
1096 4423 1111 4448 ,
1150 4390 1205 4435 et
1240 4380 1373 4434 nulli
1400 4379 1604 4445 eidem,
1639 4390 1693 4435 et
1737 4382 1880 4434 omni
1916 4392 2005 4434 aut
2035 4397 2092 4446 c,

509 4484 600 4527 aut
627 4474 695 4540 ά,
716 4482 775 4528 ει
801 4473 928 4527 nulli
970 4472 1177 4538 eidem,
1209 4480 1263 4526 et
1292 4472 1378 4525 cui
1425 4488 1451 4525 c
1476 4473 1646 4537 inest,
1685 4486 1910 4527 necesse
1951 4482 2035 4527 est
2062 4472 2091 4526 ὁ
2123 4511 2169 4571 D

511 4564 658 4620 omni
683 4566 884 4620 inesse.
913 4565 970 4621 Si
998 4569 1142 4620 enim
1170 4580 1355 4620 verum
1391 4575 1474 4621 est
1513 4564 1694 4620 dicere
1730 4566 1983 4635 quoniam
2012 4577 2093 4621 εει

510 4676 617 4715 non
648 4660 849 4723 album,
887 4669 940 4713 et
964 4660 1211 4727 quoniam
1251 4673 1357 4712 non
1387 4667 1468 4713 est
1500 4659 1700 4723 album,
1734 4674 1955 4724 verum;
1990 4659 2094 4713 im-

511 4753 765 4822 possibile
788 4760 870 4804 est
898 4751 1042 4804 enim
1074 4750 1229 4804 simul
1268 4764 1388 4804 esse
1416 4750 1592 4806 album
1635 4760 1689 4805 et
1729 4765 1849 4806 esse
1880 4767 1984 4806 non
2011 4754 2091 4806 al-

516 4842 661 4905 bum,
695 4847 787 4893 aut
816 4852 934 4893 esse
966 4837 1165 4908 lignum
1198 4837 1375 4892 album
1408 4848 1460 4893 et
1498 4854 1617 4894 esse
1649 4839 1849 4909 lignum
1881 4856 1984 4894 non
2014 4840 2093 4895 al-

514 4933 638 4984 lium
662 4946 676 4983 :
696 4944 859 4999 quare
880 4929 924 4982 si
950 4942 1057 4982 non
1083 4927 1387 4995 afﬁrmatio,
1411 4939 1463 4985 et
1485 4932 1694 5000 negatio
1715 4932 1893 4989 inerit.
1924 4932 1983 4987 Ei
2003 4948 2093 4986 au.

509 5032 615 5077 tem
646 5022 785 5091 quod
827 5030 910 5076 est
946 5020 974 5073 ὁ
996 5062 1009 5086 ,
1038 5035 1141 5075 non
1179 5036 1392 5090 semper
1416 5039 1475 5086 ε,
1509 5025 1648 5091 quod
1687 5026 1830 5079 enim
1874 5026 2091 5080 omnino

509 5131 614 5168 non
644 5123 727 5169 est
752 5114 950 5183 lignum
979 5158 992 5181 ,
1029 5130 1200 5185 neque
1230 5115 1429 5183 lignum
1477 5119 1581 5171 erit
1619 5119 1796 5174 album
1818 5161 1832 5185 ,
1859 5136 1957 5175 nec
1984 5136 2089 5177 non

506 5208 706 5260 album.
756 5206 797 5260 E
840 5219 1101 5259 converso
1150 5215 1325 5259 autem
1369 5208 1452 5261 cui
1497 5209 1637 5263 inest
1675 5227 1741 5275 a,
1774 5219 1829 5265 et
1866 5212 1900 5263 ά
1943 5212 2088 5267 omni

509 5298 679 5360 inest,
710 5310 799 5352 ant
837 5292 979 5352 enim
1010 5313 1064 5358 ε,
1097 5302 1186 5349 aut
1218 5297 1250 5347 d
1286 5314 1303 5350 :
1335 5298 1586 5367 quoniam
1604 5311 1794 5354 autem
1826 5316 1931 5354 non
1971 5316 2094 5368 pos-

508 5400 631 5442 sunt
658 5389 814 5443 simul
845 5403 965 5443 esse
995 5402 1096 5442 neu
1138 5390 1315 5442 a'bum
1360 5400 1412 5442 et
1443 5403 1562 5442 esse
1596 5390 1768 5443 alhun
1790 5432 1803 5453 ,
1837 5391 1871 5443 ά
1900 5392 2087 5455 inerit,

508 5496 625 5535 nam
658 5483 723 5535 de
755 5496 822 5535 eo
850 5481 989 5550 qund
1024 5489 1104 5533 εει
1144 5482 1321 5533 album
1371 5494 1553 5532 verum
1615 5489 1698 5533 est
1737 5482 1911 5534 ditere
1960 5498 2091 5549 quo-

507 5572 647 5623 niam
684 5586 788 5625 non
819 5583 900 5625 εει
932 5585 1035 5624 non
1064 5571 1270 5624 album.
1304 5570 1375 5623 De
1408 5570 1441 5620 ιι
1473 5579 1649 5622 autem
1683 5585 1785 5622 non
1817 5570 2035 5623 omnino
2060 5586 2091 5622 α

506 5663 641 5723 erit,
677 5676 795 5714 nam
828 5664 894 5715 de
932 5676 996 5715 eo
1022 5664 1161 5730 quod
1198 5661 1415 5715 omnino
1455 5675 1562 5714 non
1603 5672 1682 5713 εει
1726 5663 1950 5729 lignum,
1983 5675 2088 5715 non

507 5768 690 5810 verum
749 5766 832 5813 εει
876 5756 1056 5811 dicere
1105 5772 1135 5808 α
1182 5757 1433 5825 quoniam
1480 5764 1563 5844 est
1612 5754 1809 5825 lignum
1869 5755 2086 5823 album;

2221 506 2378 558 gnum
2408 493 2605 545 album.
2714 546 2719 549 _

2292 580 2469 634 Palam
2504 592 2677 636 autem
2703 584 2949 652 quoniam
2976 595 3031 639 et
3056 602 3087 638 α
3115 596 3168 642 ει
3196 605 3220 640 c
3249 590 3375 643 nulli
3399 593 3571 647 eidem
3598 595 3783 650 insunt

2219 674 2310 727 sed
2340 674 2368 725 ὁ
2394 682 2450 728 ει
2477 675 2511 726 d
2540 675 2798 743 contingit
2821 675 2992 729 eidem
3021 678 3213 732 alicuii
3256 696 3396 738 esse.
3427 685 3688 742 Similiter
3711 703 3780 741 au

2223 776 2326 820 tem
2350 783 2406 819 se
2438 766 2632 821 habent
2662 778 2713 821 et
2746 770 3068 838 privationes
3092 773 3157 824 ad
3181 774 3582 839 praedicatiOnes
3612 780 3801 833 eadem

2221 857 2517 926 positione:
2551 860 2620 911 sit
2650 865 2792 912 enim
2824 861 3025 925 irquale
3065 862 3116 913 in
3149 879 3253 930 quo
3281 882 3341 928 η,
3378 884 3424 918 ιιι
3451 884 3482 919 ιι
3513 869 3719 936 :equalr:
3752 873 3802 923 in

2218 962 2323 1016 quo
2350 950 2410 1013 b,
2442 949 2703 1018 inaequale
2727 952 2777 1002 in
2808 965 2913 1018 quo
2943 968 3001 1015 c,
3028 967 3131 1005 non
3161 954 3418 1024 inchuale
3447 957 3498 1009 in
3526 975 3634 1027 qua
3660 965 3713 1011 ιι.
3748 961 3801 1014 lu

2220 1041 2460 1109 pluribus
2490 1054 2663 1095 autem
2692 1058 2915 1111 quorum
2951 1044 3031 1097 his
3069 1046 3282 1114 quidem
3317 1049 3449 1102 inest
3471 1089 3487 1113 ,
3533 1050 3644 1103 illis
3675 1068 3802 1106 vero

2220 1146 2323 1185 non
2354 1133 2492 1185 ineSt
2519 1132 2565 1185 id
2606 1150 2677 1196 ιιι⁹
2712 1135 2921 1203 negatio
2952 1134 3163 1203 quidem
3200 1137 3447 1207 similiter
3480 1155 3603 1193 vera
3637 1142 3726 1204 ﬁt,
3750 1154 3803 1194 ut

2215 1226 2468 1291 quoniam
2503 1239 2602 1291 non
2639 1236 2765 1279 sunt
2796 1227 2912 1280 alba
2938 1228 3150 1291 pmnia,
3182 1239 3273 1283 aut
3298 1232 3548 1299 quoniam
3583 1250 3690 1287 non
3722 1246 3801 1288 est

2216 1316 2393 1368 album
2440 1319 2883 1386 unumquodque,
2928 1330 3018 1372 aut
3048 1322 3296 1390 quoniam
3340 1333 3424 1376 est
3471 1341 3572 1377 non
3622 1326 3797 1379 album

2218 1409 2664 1479 unumquodque,
2706 1424 2793 1463 :Ittt
2835 1413 3084 1480 quoniam
3130 1415 3309 1467 omnia
3348 1425 3473 1469 sunt
3519 1434 3624 1470 non
3656 1420 3796 1483 allia,

2216 1500 2403 1554 falsum
2450 1513 2551 1555 est.
2595 1503 2853 1559 Similiter
2896 1513 3072 1558 autem
3120 1515 3172 1558 et
3218 1507 3335 1572 ejus
3362 1523 3479 1576 qna-
3519 1518 3603 1563 est
3642 1526 3798 1567 omne

2214 1590 2408 1647 animal
2445 1592 2623 1646 album
2646 1633 2661 1657 ,
2694 1609 2796 1646 nun
2831 1599 2943 1647 haec
2971 1596 3084 1663 (est
3121 1612 3225 1649 nun
3262 1596 3439 1650 album
3478 1614 3641 1653 omne
3685 1604 3796 1655 ani-

2218 1680 2352 1750 mal)
2383 1682 2630 1750 negatio,
2662 1684 2831 1736 amba:
2862 1684 3003 1738 cnim
3031 1683 3210 1750 falsae,
3243 1685 3334 1740 sed
3367 1703 3425 1740 es
3453 1728 3469 1753 ,
3502 1706 3607 1742 non
3639 1706 3797 1746 omne

2147 1768 2412 1826 Banimal
2460 1773 2662 1826 album.
2709 1774 2970 1841 Quoniam
3020 1789 3196 1830 autem
3247 1779 3416 1846 palam
3457 1782 3599 1849 quod
3655 1784 3796 1838 aliud

2216 1865 2478 1933 significat
2503 1875 2585 1919 est
2611 1883 2715 1919 non
2744 1868 2828 1921 aib
2856 1885 2952 1932 ιιι,
3001 1878 3054 1924 ει
3103 1886 3207 1925 nun
3236 1880 3319 1926 est
3364 1874 3573 1941 album,
3612 1886 3669 1930 et
3712 1879 3796 1932 illa

2214 1956 2427 2023 quidem
2477 1959 2792 2019 affirmatio,
2839 1963 2952 2013 hzcc
3001 1977 3128 2015 vero
3176 1964 3426 2033 negatio,
3458 1969 3796 2025 manifestum

2217 2048 2465 2113 q‘uon‘am
2499 2059 2705 2101 nonest
2738 2050 2872 2102 idem
2898 2052 3086 2104 modus
3116 2055 3446 2108 monstrandi
3478 2068 3796 2128 utrumque,

2217 2149 2271 2191 nt
2301 2140 2550 2207 queniam
2581 2141 2831 2209 quidquid
2865 2153 2947 2196 est
2977 2144 3198 2208 animal,
3227 2161 3329 2200 ron
3357 2156 3438 2200 est
3463 2148 3644 2203 album
3666 2190 3682 2213 ,
3708 2165 3797 2205 aut

2214 2235 2472 2295 contingit
2498 2248 2600 2287 non
2634 2250 2751 2289 esse
2778 2232 2953 2291 album
2978 2277 2997 2304 ,
3025 2249 3076 2291 et
3124 2240 3373 2306 quoniam
3405 2256 3587 2295 verum
3621 2243 3798 2299 dicere

2214 2340 2317 2376 non
2343 2324 2541 2386 album,
2574 2326 2671 2378 hoc
2701 2330 2841 2380 enim
2862 2339 2942 2381 est
2973 2345 3091 2384 esse
3114 2345 3219 2383 non
3249 2332 3447 2384 album.
3476 2332 3580 2386 Sed
3612 2350 3795 2389 verum

2211 2411 2423 2482 quidem
2475 2417 2685 2483 dicere,
2733 2429 2812 2470 εει
2856 2418 3069 2482 album,
3099 2421 3214 2474 sive
3255 2437 3359 2473 non
3392 2422 3604 2487 album,
3656 2425 3793 2479 idem

2213 2504 2421 2557 modus.
2455 2507 2822 2561 (Innslruclive
2850 2504 2991 2563 enim
3020 2511 3191 2577 amba:
3219 2528 3312 2580 per
3351 2516 3570 2578 l-rimam
3612 2526 3793 2570 nsten-

2210 2594 2407 2648 dnntur
2451 2596 2705 2663 figuram,
2748 2616 2867 2652 nam
2909 2616 3094 2655 verum
3131 2602 3182 2657 ei
3231 2605 3371 2670 quod
3419 2617 3499 2659 est
3544 2608 3795 2663 similiter

2208 2687 2485 2741 ordinatur
2504 2729 2519 2754 ,
2548 2688 2661 2758 ejus
2693 2692 2831 2743 enim
2856 2708 2972 2761 qua:
2998 2703 3109 2758 est,
3145 2711 3343 2749 verum.
3368 2698 3548 2752 dicere
3576 2701 3790 2766 album,

2210 2793 2240 2828 n
2284 2794 2313 2829 ιι
2347 2776 2478 2844 hmo,
2512 2794 2694 2833 verum
2716 2780 2893 2835 direre
2923 2798 3026 2836 non
3046 2784 3247 2849 album,
3277 2788 3507 2854 nrgatiu,
3535 2792 3629 2843 sed
3657 2790 3790 2857 bare,

2211 2886 2315 2923 non
2348 2880 2428 2924 est
2459 2887 2641 2924 verum
2676 2874 2855 2927 dicere
2878 2876 3081 2931 album.
3114 2877 3167 2931 Si
3199 2879 3341 2932 enim
3375 2896 3559 2935 verum
3592 2894 3673 2937 est
3712 2884 3792 2937 di-

2208 2976 2333 3015 cere
2359 2964 2610 3033 quidquid
2636 2977 2712 3018 est
2739 2965 2897 3021 bomn
2927 2969 3186 3021 musicum
3216 2984 3357 3036 esse,
3383 2982 3470 3025 aut
3494 2988 3600 3025 non
3625 2977 3790 3029 musi-

2207 3068 2326 3106 cum
2358 3070 2499 3119 esse,
2526 3056 2778 3124 quidquid
2837 3067 2919 3112 est
2946 3060 3137 3111 animal
3167 3064 3426 3115 sumendu
3452 3086 3478 3111 ιι
3529 3066 3785 3117 musicum

2088 3148 2100 3167 ‘
2132 3145 2174 3204 C
2209 3160 2329 3199 esse
2351 3187 2365 3211 ,
2397 3157 2484 3199 aut
2516 3163 2619 3201 nun
2663 3149 2921 3203 musicum
2956 3166 3076 3203 esse
3100 3193 3112 3211 ,
3150 3162 3200 3204 et
3233 3163 3503 3206 ostensum
3542 3165 3643 3207 est.
3675 3156 3785 3209 Non

2204 3250 2323 3290 esse
2346 3247 2524 3291 autem
2562 3241 2821 3294 musicum
2855 3243 3109 3310 quidquid
3136 3251 3219 3296 est
3247 3243 3436 3307 homo,
3464 3247 3787 3300 destructive

2206 3338 2531 3380 lllllllrll‘allll'
2564 3331 2855 3382 secundum
2889 3331 3060 3385 dctos
3095 3343 3201 3386 tres
3231 3334 3434 3386 modos.
3468 3334 3789 3403 Simpliciter

2202 3430 2376 3471 autem
2405 3421 2618 3487 quando
2647 3420 2723 3474 sic
2753 3436 2811 3475 se
2842 3423 3037 3476 habent
3064 3440 3093 3475 a
3124 3433 3178 3478 et
3209 3424 3270 3487 b,
3303 3433 3361 3478 ut
3386 3426 3545 3478 simul
3575 3427 3785 3494 quidem

2206 3516 2381 3572 eidem
2430 3534 2535 3572 non
2576 3521 2916 3589 ecutingant,
2958 3522 3104 3575 οιιιιιί
3133 3534 3312 3578 autem
3362 3524 3428 3578 de
3475 3529 3787 3580 necessitate

2200 3616 2429 3671 alterum
2450 3659 2462 3681 ,
2500 3628 2554 3673 et
2583 3635 2793 3674 rursum
2826 3639 2852 3673 c
2879 3633 2929 3675 et
2960 3623 2994 3675 ιι
3023 3624 3288 3684 similiter.
3322 3626 3575 3696 Sequitur
3612 3638 3786 3683 autem

2201 3712 2253 3768 id
2281 3716 2421 3783 quod
2444 3725 2527 3770 εει
2554 3734 2609 3783 c,
2638 3734 2700 3780 a,
2732 3729 2785 3773 et
2814 3735 2917 3773 non
2950 3736 3132 3776 convei
3151 3724 3298 3789 titur,
3322 3736 3371 3778 et
3400 3726 3451 3778 id
3480 3730 3623 3795 quod
3651 3740 3732 3782 est
3759 3732 3787 3781 b

2201 3816 2457 3875 sequetur
2487 3809 2551 3873 d,
2582 3816 2637 3862 et
2676 3825 2779 3864 non
2827 3813 3191 3877 convertitur,
3241 3824 3293 3867 et
3330 3832 3362 3867 a
3400 3818 3617 3884 quidem
3659 3830 3713 3873 et
3754 3822 3787 3871 ά

2199 3908 2511 3976 contingunt
2531 3909 2730 3976 eidem,
2764 3912 2792 3965 b
2817 3921 2994 3967 autem
3025 3924 3078 3967 et
3106 3931 3133 3967 ε
3157 3929 3261 3969 ηοιι
3292 3919 3633 3988 contingunt.
3670 3921 3784 3976 Pri-

2200 4014 2346 4053 mum
2385 4015 2512 4071 ergo
2556 4006 2809 4071 quoniam
2858 4005 2907 4059 id
2948 4008 3088 4075 quod
3120 4018 3203 4062 εει
3241 4009 3268 4061 b
3294 4013 3537 4079 sequitur
3565 4013 3632 4078 ά,
3667 4013 3786 4069 hinc

2199 4101 2538 4157 mani‘estum
2570 4105 2819 4173 quoniam
2845 4122 3029 4160 eorum
3059 4124 3174 4174 qua:
3202 4118 3326 4163 sunt
3348 4126 3375 4162 c
3398 4109 3434 4161 d
3460 4111 3691 4166 alterum
3717 4129 3781 4168 ex

2200 4194 2523 4249 necessitate
2548 4197 2693 4249 omni
2719 4196 2885 4261 inest,
2916 4197 3001 4250 cui
3035 4208 3212 4251 autem
3242 4199 3269 4251 b
3299 4214 3403 4251 non
3430 4204 3697 4270 contingit
3724 4219 3781 4267 ε,

2199 4298 2265 4338 eo
2290 4286 2433 4355 quod
2464 4286 2624 4340 simul
2648 4286 2809 4341 infert
2838 4304 2869 4339 a
2891 4327 2907 4352 ,
2938 4304 2969 4339 a
2999 4297 3176 4341 autem
3205 4301 3254 4342 et
3285 4288 3313 4341 ὁ
3339 4304 3442 4344 non
3470 4292 3788 4359 contingunt

2197 4378 2399 4445 eidem,
2437 4379 2774 4434 manifestum
2820 4380 3073 4449 quoniam
3116 4381 3149 4431 ά
3177 4391 3430 4449 sequetur
3470 4382 3523 4435 ὸ.
3558 4383 3784 4438 Rursum

2197 4470 2448 4539 quoniam
2476 4471 2523 4523 ei
2552 4468 2694 4539 quod
2724 4480 2811 4537 est
2834 4486 2867 4521 a
2912 4485 3016 4524 non
3047 4471 3379 4525 convertitur
3408 4488 3463 4533 ε,
3496 4472 3651 4527 omni
3694 4489 3789 4527 au-

2204 4572 2308 4618 tem
2345 4563 2426 4617 vel
2460 4579 2514 4627 c,
2546 4563 2627 4617 vel
2656 4563 2717 4627 ά,
2746 4564 3008 4633 contingit
3043 4580 3105 4629 a,
3145 4574 3197 4617 et
3228 4564 3264 4616 ά
3302 4564 3474 4619 eidem
3519 4566 3725 4631 inesse;
3754 4567 3786 4618 b

2202 4665 2378 4709 autem
2410 4666 2462 4709 et
2493 4671 2520 4706 c
2549 4670 2652 4709 non
2684 4654 2972 4724 contingit,
3014 4671 3080 4709 eo
3109 4656 3251 4725 quod
3282 4657 3633 4725 consequitur
3660 4675 3693 4710 α
3736 4659 3786 4711 id

2202 4747 2342 4817 quod
2366 4757 2447 4801 est
2476 4764 2502 4800 c
2521 4788 2535 4806 .
2559 4747 2750 4802 accidit
2781 4748 2922 4801 enim
2949 4746 3202 4816 quiddam
3235 4748 3587 4814 impossibile.
3618 4748 3786 4802 Mani-

2204 4839 2395 4893 festum
2428 4847 2511 4893 εει
2539 4854 2667 4908 ergo
2692 4838 2941 4908 quoniam
2972 4854 3071 4892 nec
3098 4841 3124 4890 ιι
3156 4837 3203 4891 ei
3233 4838 3372 4905 quod
3402 4848 3486 4891 εει
3508 4839 3543 4890 d
3568 4853 3789 4893 conver-

2205 4931 2364 4995 titur,
2395 4946 2461 4985 eo
2482 4932 2619 5001 quod
2651 4932 2912 4998 contingit
2954 4930 3111 4984 simul
3153 4946 3219 4995 a,
3269 4930 3304 4981 d
3347 4931 3544 4984 inesse.
3582 4930 3789 4985 Accidit

2200 5031 2379 5076 autem
2408 5022 2690 5091 aliquoties
2737 5022 2789 5079 in
2839 5019 3142 5090 bujusmodi
3194 5021 3545 5075 tcrminorum
3598 5023 3788 5076 ordine

2199 5112 2341 5183 falli,
2372 5130 2436 5170 eo
2464 5113 2604 5184 quod
2628 5114 2874 5183 Opposita
2907 5129 3011 5167 non
3041 5121 3321 5167 sumantur
3345 5122 3490 5167 recte
3510 5156 3526 5180 ,
3555 5129 3782 5182 quorum

2199 5222 2418 5263 necesse
2463 5216 2547 5261 est
2592 5207 2737 5261 omni
2782 5208 3006 5260 alterum
3055 5205 3271 5259 inesse:
3298 5214 3355 5258 ut
3398 5206 3441 5258 si
3471 5221 3501 5258 a
3538 5214 3592 5260 et
3620 5205 3650 5258 ι
3678 5220 3781 5258 non

2196 5301 2511 5367 contingunt
2539 5298 2698 5353 simul
2723 5298 2916 5360 eidem,
2943 5312 3164 5352 necesse
3190 5307 3269 5351 est
3290 5309 3469 5351 autem
3500 5298 3678 5352 inesse
3696 5297 3780 5349 cui

2200 5406 2304 5443 non
2334 5390 2584 5455 alterum,
2614 5387 2862 5451 alterum,
2894 5400 2945 5442 et
2978 5403 3167 5442 rursus
3197 5405 3223 5440 c
3247 5398 3300 5443 et
3330 5389 3364 5439 ιι
3394 5389 3671 5453 similiter,
3694 5390 3779 5442 cui

2198 5495 2375 5535 autem
2408 5497 2434 5531 ε
2459 5482 2604 5534 omni
2632 5480 2872 5548 sequitur
2894 5498 2945 5543 α,
2969 5480 3176 5534 accidet
3205 5483 3345 5534 enim
3369 5483 3451 5534 cui
3473 5482 3527 5541 ά,
3554 5482 3581 5533 b
3604 5483 3780 5536 inesse

2200 5587 2264 5627 ex
2297 5572 2642 5635 necessitate,
2672 5571 2809 5638 quod
2862 5572 3053 5624 falsum
3094 5581 3205 5632 est;
3257 5570 3302 5624 si
3348 5581 3589 5624 sumatur
3632 5573 3774 5625 enim

2200 5662 2409 5732 negatio
2436 5677 2620 5716 eorum
2648 5678 2765 5731 quae
2788 5674 2910 5716 sunt
2936 5679 2965 5714 a
2994 5663 3042 5727 ὁ,
3074 5678 3135 5717 ea
3167 5677 3286 5731 qua:
3319 5663 3473 5716 estin
3505 5663 3699 5731 quibus
3719 5663 3772 5728 ί,

2200 5763 2253 5810 ει
2279 5769 2462 5809 rursus
2491 5768 2676 5808 eorum
2707 5769 2824 5823 qua:
2847 5765 2969 5808 sunt
2994 5771 3018 5806 c
3050 5758 3104 5821 (Ι,
3149 5770 3208 5811 ea
3239 5772 3355 5825 qua:
3390 5764 3472 5811 est
3503 5759 3551 5810 (ιι
3581 5755 3773 5825 quibus
