4060 6330
387 291 488 345 ϋὸὕ

1021 301 1325 357 PlllOllUM
1368 302 1896 359 ANALYTICORUM

2040 306 2378 367 ISTOTELIS
2421 315 2977 382 lNTERPliETATIQ

3536 330 3636 386 086

385 426 438 479 g.
472 408 717 503 ‘Necesse
739 422 823 466 est
856 413 1014 483 igitur
1039 418 1183 470 omni
1234 418 1408 474 inesse
1458 418 1539 473 vel
1580 435 1643 481 a,
1672 419 1757 473 vel
1794 419 1846 487 f,
1878 428 1965 471 aut
1994 422 2038 479 Α
2071 432 2247 475 autem
2277 423 2497 488 falsum;
2529 445 2559 483 ε
2584 433 2853 484 contrario
2878 435 3021 488 enim
3056 445 3166 489 erat
3200 436 3250 491 In
3283 436 3364 491 his
3390 437 3539 509 (qua:
3563 443 3639 496 sic

386 492 527 554 enim
549 500 961 559 aftirmatiouem
985 550 993 561 .
1020 518 1113 561 aut
1134 510 1500 577 negationem,
1524 520 1576 562 et
1603 524 1845 572 rursum,
1873 519 1962 562 aut

387 605 447 654 c,
477 601 566 643 aut
595 608 660 661 g;
688 592 974 649 affirmatio
1004 599 1146 650 cnim
1167 611 1219 652 et
1251 600 1497 668 negatio,
1524 610 1577 661 et
1602 601 1684 652 cui
1709 618 1735 651 c
1759 604 1900 652 onmi
1931 617 1963 652 a

389 683 659 752 subiacet,
690 702 854 755 quare
882 690 966 742 cui
998 692 1191 759 [omni
1236 692 1336 747 hoc
1362 692 1501 761 quod
1531 703 1613 757 est
1649 710 1702 760 g.
1736 691 1962 746 Rursum

386 777 636 844 quoniam
663 793 849 833 eorum
874 794 991 849 qua:
1018 791 1141 860 sunt
1161 782 1231 850 fb
1258 786 1399 837 omni
1422 783 1673 847 alterum,
1694 793 1959 839 eteorum

386 883 505 935 quae
534 879 657 921 sunt
683 887 714 939 g
737 871 771 924 ά
797 873 1059 926 similiter.
1093 876 1344 942 Sequitur
1371 884 1545 931 autem
1573 893 1603 946 g
1630 875 1679 930 id
1709 876 1848 945 quod
1876 886 1962 930 est

385 964 435 1027 f,
468 969 524 1014 et
548 961 599 1014 id
626 965 767 1029 quod
795 971 881 1020 est
907 964 942 1017 ά
980 965 1221 1034 sequitur
1242 966 1302 1028 b,
1331 966 1433 1021 hoc
1469 966 1611 1021 enim
1658 967 1877 1021 scimus.
1903 965 1960 1019 Si

354 1058 355 1061 ‘
384 1044 512 1119 ergo
535 1068 568 1104 α
597 1053 646 1105 id
672 1053 811 1124 quod
837 1065 917 1109 est
945 1072 993 1120 c,
1020 1066 1071 1109 et
1093 1056 1144 1111 id
1173 1059 1310 1128 quod
1342 1067 1421 1111 est
1444 1058 1479 1110 ά
1503 1068 1757 1127 sequetur
1781 1058 1830 1121 b,
1859 1056 1961 1111 hoc

2065 530 2126 567 se
2163 516 2379 584 habent)
2407 526 2807 591 consequentia.
2836 526 2948 580 Non
2972 527 3114 582 enim
3143 529 3367 585 fortasse
3394 546 3641 589 necessa-

2068 605 2147 657 rin
2175 628 2197 652 ιι
2224 610 2368 660 omni
2400 610 2598 677 inesse,
2630 626 2713 665 :tttt
2740 634 2770 666 (ι
2798 627 2889 670 aut
2916 620 2956 688 f,
2990 634 3088 673 nec
3111 620 3137 687 Ῑ
3159 630 3249 674 aut
3277 622 3338 674 b:
3366 637 3469 677 non
3496 625 3639 678 enim

2067 705 2150 751 est
2173 699 2386 768 negatio
2415 702 2530 769 ejus
2558 707 2696 771 quod
2724 717 2807 761 est
2837 727 2869 761 a
2900 711 3003 764 hoc
3033 712 3172 776 quod
3194 725 3273 766 est
3297 718 3338 783 Ῑ,
3370 729 3491 768 nam
3518 716 3639 768 boni

2066 803 2174 841 non
2207 787 2405 843 bonum
2440 796 2678 860 negotio;
2712 811 2816 850 non
2847 808 3021 852 autem
3053 809 3136 854 est
3168 802 3318 856 idem
3358 802 3459 858 hoc
3499 806 3639 873 quod

2062 887 2148 932 est
2177 896 2279 932 noti
2312 881 2507 936 bonum
2537 884 2585 937 ei
2617 888 2756 954 quod
2786 898 2869 943 est
2894 904 3071 958 neque
3100 892 3295 945 bonum
3327 908 3500 962 neque
3534 910 3639 947 novt

2065 967 2294 1031 bonum;
2329 970 2576 1027 similiter
2601 984 2778 1030 autem
2814 986 2867 1031 et
2908 978 2962 1032 in
2995 996 3022 1031 ε
3047 981 3113 1046 d,
3158 996 3279 1035 nam
3328 983 3642 1051 negationes

2065 1074 2185 1126 qua
2210 1073 2437 1129 sumpta:
2464 1066 2611 1127 sunt,
2639 1066 2758 1120 dum
2787 1076 2931 1124 sunt.

1934 1181 3578 1213 Ἣ

1553 1254 1841 1334 LIBER
1917 1252 2475 1333 SECUNDUS.

1851 1391 2158 1406 *ι-

885 1476 1114 1531 CAPUT
1154 1474 1441 1532 PRIMUM.

450 1591 505 1645 In
533 1599 664 1662 quot
708 1602 837 1660 ergo
876 1588 1059 1657 figuris
1080 1628 1095 1653 ,
1123 1598 1178 1642 et
1209 1602 1303 1655 per
1327 1588 1545 1657 quales,
1580 1597 1633 1644 et
1663 1598 1791 1657 quot
1830 1576 1951 1657 pro-

381 1681 692 1751 positiones,
734 1687 788 1733 et
827 1677 1061 1749 quando,
1092 1686 1148 1732 et
1171 1677 1441 1747 quomodo
1485 1680 1541 1731 fit
1567 1678 1910 1747 syllogismus
1931 1717 1949 1742 ,

2060 1478 2202 1546 quod
2234 1476 2335 1530 sub
2364 1476 2707 1531 conclusione
2730 1486 2811 1532 est
2840 1493 2943 1533 non
2966 1479 3086 1541 erit,
3112 1484 3331 1537 alterius
3363 1502 3485 1542 vero
3508 1490 3630 1549 erit,

2058 1583 2244 1623 verum
2279 1585 2382 1623 non
2403 1584 2497 1638 per
2518 1569 2910 1639 syllogismum,
2936 1587 3000 1625 eo
3028 1574 3166 1640 quod
3193 1585 3245 1627 et
3277 1574 3329 1628 in
3358 1579 3633 1634 universa-

2059 1655 2199 1711 libus
2228 1672 2291 1712 ex
2322 1656 2741 1713 indemonstrata
2788 1662 3151 1727 propositione
3196 1679 3314 1731 qua:
3359 1672 3491 1723 sunt'
3532 1671 3631 1725 sub

381 1746 608 1843 amplius
628 1783 802 1826 autem
829 1746 893 1824 ad
924 1784 1043 1838 qua}
1074 1746 1497 1838 perspiciendum
1539 1746 1870 1822 construenti
1898 1777 1953 1822 et
1989 1774 2028 1833 Β
2278 1748 2731 1813 οδίθηάεδίδηίυτὶ
2764 1765 2928 1821 Q‘m‘e
2956 1746 3131 1821 ne‘l‘le
3160 1751 3242 1806 hic
3291 1755 3427 1813 θΐῖιι
3459 1758 3537 1811 "ei
3581 1769 3634 1811 et

378 1860 696 1926 destruenti,
729 1867 785 1914 et
828 1858 1096 1928 quomodo
1121 1867 1367 1927 Oporteat
1394 1873 1637 1928 qurerere
1664 1858 1731 1912 de
1761 1873 1957 1928 propo-

378 1953 483 2007 sito
512 1950 806 2006 secundum
836 1964 1266 2019 unamquamque
1294 1959 1489 2016 artem,
1517 1950 1744 2018 amplius
1772 1957 1952 2004 autem

377 2057 474 2112 per
504 2056 662 2111 quam
691 2040 834 2095 viam
855 2054 1154 2101 sumemus,
1184 2054 1302 2109 quas
1334 2038 1386 2093 in
1413 2039 1637 2108 singulis
1657 2047 1781 2094 sunt
1808 2038 1956 2108 prin-

339 2156 347 2165 ο
374 2134 512 2201 cipia
537 2132 649 2202 jam
694 2133 1156 2202 pertransivimus.
1184 2132 1445 2199 Quoniam
1481 2141 1660 2188 autem
1706 2132 1799 2186 alii
1831 2132 1953 2201 qui-

375 2221 497 2276 dem
519 2222 955 2292 syllogismorum
978 2230 1101 2276 sunt
1123 2220 1477 2287 universales,
1506 2221 1599 2275 alii
1630 2237 1760 2277 vero
1790 2221 1955 2291 parti-

373 2313 616 2366 culares:
649 2312 983 2366 universales
1029 2311 1245 2381 quidem
1294 2327 1482 2366 omnes
1537 2327 1752 2381 semper
1798 2313 1951 2381 plura

374 2404 711 2473 syllogizaut,
745 2402 1146 2472 particularium
1174 2412 1349 2458 autem
1382 2403 1708 2473 prmdicativi
1736 2405 1950 2474 quidem

374 2496 547 2566 plura,
578 2495 809 2565 negativi
844 2508 973 2549 vero
1009 2494 1407 2549 conclusionem
1437 2494 1627 2549 solam.
1665 2494 1795 2548 Nam
1828 2494 1953 2549 alia:

374 2588 585 2657 quidem
634 2586 1027 2655 propositiones
1070 2592 1491 2646 convertuntur,
1522 2584 1778 2651 privativa
1822 2599 1952 2639 vero

375 2691 483 2730 non
538 2672 889 2729 convertitur.
941 2675 1226 2729 Conclusio
1268 2691 1395 2730 vero
1435 2675 1633 2744 aliquid
1665 2676 1731 2730 de
1774 2675 1952 2746 aliquo

373 2777 477 2833 est,
520 2782 684 2836 quare
711 2767 799 2819 alii
829 2766 1045 2834 quidem
1078 2766 1375 2836 syllogismi
1414 2768 1562 2836 plura
1594 2767 1946 2838 syllogizant:

372 2866 431 2909 ut
476 2857 518 2910 si
560 2872 592 2907 α
620 2864 896 2909 ostensum
947 2855 1016 2909 sit
1040 2857 1181 2909 omni
1213 2865 1304 2909 aut
1332 2856 1487 2913 alicui
1524 2857 1555 2909 ὸ
1600 2858 1807 2926 inesse,
1837 2873 1892 2915 et
1921 2861 1949 2914 b

372 2945 528 2998 alicui
559 2960 589 2996 a
619 2944 975 2999 necessarium
1008 2953 1088 2997 est
1112 2945 1311 3005 inesse,
1337 2949 1455 3001 etsi
1480 2948 1607 3000 nulli
1636 2949 1665 3000 ὁ
1694 2949 1871 3003 inesse
1892 2967 1945 3018 α,

371 3043 426 3087 ει
454 3033 482 3085 b
516 3033 643 3085 nulli
667 3049 720 3095 a,
745 3032 843 3085 hoc
872 3042 1048 3087 autem
1078 3034 1221 3087 aliud
1252 3042 1334 3089 est
1354 3051 1380 3087 a
1408 3036 1603 3102 priore.
1628 3036 1686 3091 Si
1709 3046 1883 3092 autem
1914 3056 1947 3091 a

2060 1841 2111 1893 itt
2143 1839 2269 1894 illis.

2680 1929 2909 1989 CAPUT
2948 1935 3012 1988 ll.

2126 2021 2279 2089 Quod
2306 2037 2371 2075 ea:
2404 2022 2547 2092 falsis
2578 2023 2629 2075 in
2660 2026 2826 2094 prima
2864 2025 3033 2095 ﬁgura
3063 2042 3231 2079 verum
3261 2029 3550 2101 colligatur.

2129 2112 2380 2180 Esttergo
2402 2112 2478 2165 sic
2508 2126 2567 2166 se
2597 2112 2816 2181 habere,
2851 2124 2908 2169 ut
2933 2130 3073 2170 vera:
3102 2121 3208 2171 sint
3236 2123 3630 2188 propositiones

2056 2215 2151 2270 per
2180 2214 2313 2270 quas
2330 2201 2388 2254 lit
2414 2201 2785 2272 syllogismus;
2808 2214 2893 2259 est
2921 2216 3099 2260 autem
3131 2217 3186 2262 ut
3214 2207 3381 2273 falsm,
3404 2221 3485 2264 est
3505 2227 3633 2266 vero

2056 2303 2115 2347 ut
2144 2293 2259 2375 hinc
2289 2293 2503 2362 quidem
2537 2310 2687 2361 vcra,
2722 2296 2808 2350 illa
2840 2307 3016 2353 autem
3050 2298 3205 2367 falsa,
3234 2303 3503 2357 conclusio
3539 2320 3631 2359 au-

2056 2393 2163 2439 tem
2196 2394 2286 2438 aut
2313 2400 2463 2452 vera,
2492 2396 2583 2441 aut
2603 2388 2734 2442 falsa
2763 2406 2828 2445 ex
2861 2394 3197 2449 necessitate.
3230 2394 3307 2449 Ex
3336 2398 3477 2451 veris
3506 2413 3631 2468 ergo

2055 2490 2160 2528 non
2202 2483 2283 2528 est
2309 2474 2500 2530 falsum
2531 2472 2866 2547 syllogiiare,
2910 2496 2976 2536 ex
3015 2482 3163 2537 falsis
3204 2495 3379 2539 autem
3412 2501 3629 2552 verum,

2055 2574 2235 2619 tamen
2278 2581 2383 2619 nou
2422 2575 2639 2637 propter
2668 2569 2815 2637 quid,
2844 2573 2937 2626 sed
2968 2574 3111 2641 quia,
3146 2591 3266 2629 nam
3296 2578 3414 2645 ejus
3435 2579 3523 2647 qui
3550 2590 3630 2633 est
3670 2604 3675 2613 ν

2055 2664 2273 2725 propter
2324 2657 2451 2725 quid
2480 2673 2586 2712 non
2613 2667 2780 2714 estex
2810 2660 2962 2716 falsis
2990 2664 3353 2734 syllogismus,
3378 2664 3448 2722 ob
3474 2684 3628 2738 quam

2050 2754 2230 2803 autem
2261 2762 2476 2801 causam
2510 2748 2565 2802 in
2592 2751 2939 2819 sequentibus
2970 2752 3195 2808 dicetur.
3224 2755 3460 2811 Primum
3502 2752 3633 2829 ergo

2050 2838 2394 2915 quoniatn'ex
2428 2839 2568 2894 veris
2616 2855 2720 2895 non
2754 2843 3007 2912 possibile
3048 2844 3237 2900 falsum
3278 2847 3625 2917 syllogizare,

2052 2924 2177 2979 hinc
2223 2927 2585 2983 manifestum.
2620 2929 2675 2985 Si
2720 2933 2865 2985 enim
2914 2946 3035 2987 cum
3073 2944 3155 2988 est
3184 2952 3247 3003 a,
3282 2951 3502 2994 necesse
3549 2951 3630 2994 est

2049 3028 2168 3069 esse
2197 3022 2245 3081 υ,
2278 3017 2321 3071 si
2356 3033 2459 3072 non
2482 3028 2565 3073 est
2596 3019 2648 3085 b7,
2683 3036 2901 3077 necesse
2928 3032 3009 3078 est
3036 3041 3068 3077 α
3098 3041 3203 3080 non
3242 3042 3400 3095 esse;
3434 3032 3476 3085 si
3502 3047 3628 3102 ergo

368 3121 526 3175 alicui
556 3123 584 3174 ὁ
624 3137 730 3177 non
760 3122 905 3187 insit,
940 3136 1042 3175 non
1094 3138 1314 3178 necesse
1342 3137 1422 3178 est
1448 3134 1501 3177 et
1532 3128 1559 3178 ὁ
1590 3126 1747 3179 alicui
1772 3144 1803 3179 a
1836 3142 1938 3182 non

2048 3122 2231 3161 verum
2255 3116 2338 3161 est
2358 3125 2410 3175 a,
2438 3124 2653 3166 necesse
2682 3122 2762 3167 est
2786 3122 2841 3168 et
2861 3115 2888 3167 b
2919 3130 3104 3170 verum
3129 3131 3268 3184 esse,
3293 3130 3385 3175 aut
3421 3122 3628 3178 accidet

369 3214 579 3277 inesse;
608 3214 866 3281 contingit
914 3214 1058 3266 enim
1115 3214 1258 3267 omni
1309 3230 1340 3265 a
1388 3214 1585 3269 inesse.
1640 3214 1765 3269 Haec
1810 3230 1939 3286 ergo

366 3304 664 3355 communis
710 3303 947 3355 omnium
985 3316 1151 3357 causa
1206 3302 1584 3357 universalium
1625 3314 1677 3358 et
1710 3308 1937 3375 particu-

367 3391 576 3447 larium.
603 3392 692 3448 Est
722 3404 895 3448 autem
927 3394 992 3448 de
1024 3394 1431 3459 universalibus,
1462 3406 1513 3449 et
1550 3396 1706 3449 aliter
1733 3397 1933 3463 dicere,

365 3498 697 3553 quzccunque
726 3484 867 3539 enim
900 3493 990 3536 aut
1019 3484 1119 3537 sub
1150 3484 1326 3539 metlio
1354 3494 1444 3536 aut
1468 3483 1566 3539 sub
1593 3485 1936 3541 conclusione

365 3581 519 3639 sunt,
547 3572 783 3626 omnium
813 3573 916 3626 erit.
946 3572 1084 3627 idem
1119 3572 1490 3641 syllogismus,
1517 3574 1561 3625 si
1589 3573 1677 3627 illa
1718 3573 1934 3642 quidem

364 3663 418 3718 in
458 3664 666 3731 medio,
700 3664 816 3717 haec
864 3677 991 3716 vero
1022 3663 1075 3717 in
1108 3663 1452 3717 conclusione
1482 3671 1766 3730 ponantur,
1803 3672 1863 3716 ut
1889 3665 1936 3719 si

361 3771 395 3810 α
424 3756 451 3808 b
469 3755 749 3810 conclusio
777 3769 871 3824 per
898 3771 944 3819 c,
971 3769 1300 3823 qumcunque
1330 3755 1430 3808 sub
1454 3756 1481 3808 ὸ
1514 3763 1605 3807 aut
1630 3755 1929 3823 suhcsunt,

364 3861 582 3901 necesse
609 3857 692 3901 est
716 3846 783 3899 de
812 3844 1058 3898 omnibus
1089 3844 1188 3897 dici
1209 3858 1262 3909 a,
1282 3859 1402 3897 nam
1435 3844 1468 3896 d
1496 3845 1540 3896 si
1582 3845 1631 3896 in
1661 3853 1772 3897 toto
1802 3845 1851 3909 ὸ,
1883 3853 1935 3899 et

363 3940 391 3992 b
421 3941 473 3993 in
503 3956 554 4006 a,
581 3948 637 3993 et
664 3938 698 3990 ά
737 3939 841 3994 erit
878 3937 930 3991 in
962 3953 1011 3990 α.
1041 3938 1268 3991 Rursum
1304 3936 1349 3989 si
1378 3953 1405 3989 e
1435 3937 1488 3990 in
1524 3947 1633 3990 toto
1654 3952 1713 4002 c,
1743 3947 1795 3991 et
1824 3953 1851 3991 c
1880 3937 1932 3992 in

361 4036 475 4083 tot‘o
506 4045 555 4092 α,
581 4038 634 4083 ει
665 4045 688 4080 e
717 4030 770 4082 in
816 4039 976 4083 totoa
999 4027 1121 4081 erit.
1152 4026 1408 4081 Similiter
1436 4036 1611 4079 antem
1642 4035 1696 4081 et
1743 4026 1786 4080 si
1820 4026 1931 4096 pri-

362 4122 569 4173 vativus
596 4119 662 4171 sit
684 4118 1041 4188 syllogismus.
1075 4117 1128 4170 lu
1147 4116 1380 4171 secunda
1396 4125 1574 4169 autem
1603 4116 1764 4184 ﬁgura
1791 4116 1932 4185 quod

358 4208 463 4265 sub
489 4207 832 4265 conclusione
879 4209 1003 4271 erit,
1035 4208 1211 4261 solum
1236 4207 1340 4260 erit
1365 4204 1702 4275 syllogizare,
1735 4214 1792 4257 ut
1821 4207 1862 4256 si
1894 4221 1933 4257 α

356 4300 482 4355 insit
523 4298 654 4353 nulli
682 4298 740 4363 ὁ,
792 4309 844 4352 ει
881 4297 1024 4352 omni
1052 4313 1079 4349 c
1101 4338 1116 4360 ,
1144 4296 1419 4350 conclusio
1462 4296 1712 4363 quoniam
1746 4294 1874 4348 nulli
1900 4311 1933 4350 ο

357 4393 495 4447 inest
527 4391 591 4453 b;
629 4391 671 4444 si
703 4399 877 4443 autem
912 4391 945 4441 ά
973 4390 1074 4443 sub
1096 4406 1121 4440 c
1149 4399 1262 4454 est,
1287 4386 1630 4441 manifestum
1680 4388 1928 4455 quoniam

344 4468 468 4537 non
496 4484 637 4537 inest
663 4483 710 4537 ei
734 4484 783 4543 lt,
814 4481 878 4535 iis
910 4490 1082 4534 autent
1113 4496 1229 4553 qua:
1261 4487 1386 4533 sunt
1414 4478 1513 4532 sub
1540 4496 1590 4545 a,
1622 4479 1870 4547 quoniam
1903 4479 1931 4533 ι

356 4590 460 4631 non
492 4577 651 4639 inest,
687 4590 789 4628 non
820 4575 989 4641 palam
1014 4588 1096 4628 est
1126 4588 1219 4639 per
1246 4572 1639 4642 syllogismum,
1664 4582 1719 4626 et
1747 4573 1791 4627 si
1823 4588 1928 4627 non

355 4668 495 4720 inest
524 4667 550 4717 b
580 4666 627 4720 ei
660 4664 799 4734 quod
831 4673 912 4719 est
950 4680 997 4729 e,
1022 4665 1066 4718 si
1098 4674 1228 4717 este
1255 4663 1353 4717 sob
1377 4681 1427 4730 a,
1472 4663 1566 4717 sed
1612 4664 1788 4718 inesse
1814 4663 1931 4732 qui-

352 4757 478 4809 dem
521 4755 550 4807 b
581 4755 710 4809 nulli
748 4772 774 4808 c
807 4770 900 4823 per
938 4754 1306 4824 syllogismum
1349 4763 1623 4808 ostensum
1671 4764 1784 4820 est,
1820 4770 1927 4809 non

350 4849 528 4901 inesse
560 4862 688 4900 vero
711 4863 742 4899 a
779 4846 880 4900 hoc
910 4845 1050 4915 quod
1079 4854 1160 4897 est
1186 4845 1235 4906 b,
1266 4845 1743 4899 indemonstratum
1776 4859 1924 4899 sum-

348 4945 498 5004 ptum
529 4946 631 4997 est,
666 4949 830 5004 quare
861 4949 958 4987 nec
999 4949 1098 5002 per
1126 4934 1493 5003 syllogismum
1533 4934 1724 4989 accidit
1755 4934 1785 4987 ὸ
1820 4950 1923 4988 non

349 5024 527 5078 inesse
540 5042 589 5077 ε.
619 5023 673 5077 In
696 5023 1107 5092 particularibus
1125 5033 1324 5086 autem,
1346 5038 1531 5078 eorum
1555 5026 1771 5093 quidem
1803 5039 1923 5094 qua

350 5115 449 5169 sub
493 5114 834 5170 conclusione
884 5122 1027 5175 sunt,
1077 5129 1182 5168 non
1233 5115 1335 5168 erit
1381 5114 1761 5168 necessarium.
1807 5116 1921 5170 Non

348 5205 491 5262 enim
521 5208 577 5259 lit
603 5207 962 5276 syllogismus,
991 5212 1204 5276 quando
1229 5223 1291 5260 ea
1321 5218 1531 5274 sumpta
1565 5208 1722 5262 fuerit
1753 5207 1921 5277 parti-

346 5299 563 5361 cularis,
596 5314 778 5354 eorum
820 5307 996 5353 autem
1021 5314 1140 5368 qua:
1166 5307 1283 5351 sunt
1313 5300 1413 5352 sub
1444 5298 1643 5365 medio,
1675 5299 1778 5352 erit
1801 5314 1919 5353 om-

344 5393 513 5456 nium,
534 5398 895 5445 verumtamen
920 5406 1023 5443 non
1050 5406 1143 5456 per
1164 5390 1554 5460 syllogismum,
1571 5402 1627 5443 ut
1652 5390 1696 5443 si
1719 5407 1750 5442 a
1770 5390 1915 5444 omni

342 5482 392 5545 b,
440 5492 495 5536 et
524 5482 552 5534 b
584 5481 747 5535 alicui
781 5497 840 5535 c:
869 5495 989 5533 nam
1019 5480 1138 5548 ejus
1168 5480 1308 5547 quod
1345 5479 1446 5532 sub
1476 5496 1501 5531 c
1541 5489 1621 5533 est
1650 5481 1878 5548 positum
1899 5520 1915 5545 ,

343 5587 447 5626 non
477 5573 582 5625 erit
616 5572 978 5641 syllogismus,
1005 5573 1122 5638 eius
1158 5585 1287 5623 vero
1314 5570 1454 5637 quod
1478 5570 1577 5623 sub
1616 5571 1643 5623 ὁ
1666 5571 1787 5634 erit,
1824 5571 1915 5625 sed

340 5676 444 5713 non
476 5674 693 5730 prOplel‘
719 5678 841 5716 eum
882 5662 970 5729 qui
1018 5660 1160 5725 ιιτίυς
1205 5660 1372 5715 factus
1405 5669 1486 5714 est
1526 5661 1914 5732 syllogismum.

339 5752 595 5808 Similiter
617 5761 795 5806 autem
827 5758 884 5807 et
911 5755 962 5805 in
992 5751 1111 5805 aliis
1155 5749 1359 5826 figuris,
1390 5764 1512 5809 nam
1542 5752 1658 5821 ejus
1701 5749 1914 5822 quidem

2048 3198 2185 3251 idem
2225 3200 2380 3253 simul
2425 3209 2478 3254 et
2505 3215 2627 3257 esse
2657 3213 2710 3257 et
2740 3219 2846 3259 non
2876 3221 3018 3274 esse,
3055 3207 3153 3263 hoc
3176 3219 3353 3264 autem
3384 3212 3629 3281 impossi-

2041 3290 2167 3345 bile.
2215 3290 2329 3346 Nou
2370 3302 2546 3347 autem
2579 3296 2825 3363 quooiam
2870 3299 3084 3366 ponitur
3109 3318 3141 3352 a
3166 3317 3302 3355 unus
3338 3303 3623 3371 terminus,

2038 3381 2352 3450 accipiatur,
2398 3386 2709 3455 contingere
2758 3404 2865 3441 uno
2913 3391 3092 3459 aliquo
3113 3394 3403 3464 existente,
3437 3411 3502 3451 ex
3532 3412 3626 3453 ne-

2037 3473 2289 3527 cessitate
2332 3474 2529 3545 aliquid
2577 3478 2841 3544 accidere,
2900 3494 3003 3533 non
3058 3485 3197 3536 enim
3249 3497 3441 3553 potest.
3491 3488 3629 3543 Nam‘

2038 3566 2177 3633 quod
2207 3565 2397 3619 accidit
2427 3582 2497 3622 ex
2552 3570 2875 3625 necessitate
2913 3574 3192 3628 conclusio
3245 3586 3347 3642 est,
3387 3594 3479 3646 per
3506 3570 3625 3649 qum

2037 3664 2219 3709 autem
2247 3656 2303 3709 fit
2324 3657 2391 3711 ad
2424 3659 2697 3713 minimum
2732 3671 2839 3716 tres
2868 3672 2993 3716 sunt
3022 3667 3259 3731 termini,
3289 3668 3397 3723 duo
3445 3683 3623 3728 autem

2035 3747 2319 3801 intervalla
2365 3759 2421 3803 et
2471 3752 2884 3819 propositiones.
2933 3754 2988 3810 Si
3018 3770 3147 3827 ergo
3200 3773 3383 3813 verum
3431 3774 3511 3816 est
3538 3767 3624 3824 cui

2035 3840 2181 3893 omni
2231 3840 2376 3895 inest
2420 3841 2447 3894 b
2480 3850 2535 3895 et
2560 3858 2613 3909 a,
2646 3844 2731 3898 cui
2780 3854 2957 3899 autem
2981 3863 3009 3899 c
3037 3856 3090 3901 et
3124 3832 3287 3914 b,cui
3320 3868 3366 3916 c,
3403 3868 3624 3910 necesse

2035 3939 2176 3984 esta
2207 3930 2402 3997 inesse,
2437 3941 2490 3986 et
2517 3946 2621 3987 non
2649 3944 2826 4001 potest
2880 3935 2983 3991 hoc
3036 3937 3225 3992 falsum
3276 3955 3415 4006 esse,
3461 3945 3622 4000 simul

2032 4021 2175 4075 enim
2193 4023 2295 4075 erit
2323 4021 2463 4077 idem
2495 4034 2548 4078 et
2578 4039 2684 4078 non
2714 4025 2909 4091 inerit;
2942 4042 3071 4097 ergo
3100 4046 3131 4081 a
3161 4039 3219 4083 ut.
3253 4047 3437 4097 unum,
3472 4037 3620 4104 posi-

2034 4118 2143 4166 tum
2165 4122 2248 4165 est
2269 4111 2402 4166 duas
2431 4114 2821 4183 propositiones
2857 4118 3132 4186 colligere.
3162 4119 3423 4177 Similiter
3441 4134 3617 4182 autem

2033 4216 2092 4256 se
2117 4202 2277 4257 habet
2296 4212 2354 4258 et
2384 4203 2436 4257 in
2461 4206 2760 4273 privativis,
2786 4222 2890 4260 non
2915 4208 3059 4262 enim
3085 4219 3167 4264 est
3192 4226 3260 4265 ex
3286 4213 3427 4269 veris
3441 4228 3619 4272 οειεη-

2032 4293 2159 4348 dere
2203 4293 2411 4348 falsum.
2444 4295 2524 4349 Ex
2552 4294 2703 4350 falsis
2725 4308 2902 4352 autem
2937 4309 3021 4354 est
3047 4315 3229 4356 verum
3277 4306 3617 4376 syllogizare,

2032 4384 2268 4452 utrisque
2293 4386 2743 4454 propositionibus
2767 4387 2934 4452 falsis,
2954 4398 3007 4443 et
3033 4407 3167 4457 una;
3192 4393 3292 4449 hac
3314 4407 3490 4452 autem
3514 4416 3616 4454 non

2034 4477 2288 4531 utrolibet
2316 4478 2594 4547 contingit,
2640 4479 2735 4534 sed
2774 4480 3046 4548 secunda,
3091 4483 3136 4537 si
3181 4485 3398 4554 quidem
3449 4497 3615 4543 totam

2038 4585 2309 4624 sumamus
2344 4570 2551 4634 falsam,
2584 4586 2688 4625 non
2717 4580 2822 4625 tota
2856 4583 3032 4626 autem
3069 4588 3277 4643 sumpta
3321 4589 3403 4631 est
3432 4582 3617 4633 utrali-v

2035 4660 2143 4715 bet.
2182 4660 2307 4714 lnsit
2335 4662 2475 4715 enim
2507 4677 2538 4712 a
2564 4661 2707 4713 omni
2750 4676 2798 4728 c,
2824 4661 2874 4716 ei
2909 4674 3085 4717 autem
3130 4665 3269 4734 quod
3299 4677 3381 4721 est
3410 4669 3437 4721 b
3460 4671 3612 4735 nulli,

2036 4766 2133 4805 nec
2160 4751 2187 4803 b
2213 4752 2340 4805 insit
2358 4767 2416 4815 c;
2440 4752 2696 4818 contingit
2718 4761 2895 4806 autem
2919 4751 3043 4820 hoc,
3076 4764 3133 4808 ut
3156 4756 3283 4811 nulli
3309 4758 3468 4828 Ιηρὶἁί
3495 4762 3614 4813 ani-

2034 4841 2183 4905 mal,
2233 4851 2288 4895 et
2330 4840 2466 4909 lapis
2519 4841 2646 4894 nulli
2697 4840 2927 4908 homini;
2988 4844 3033 4898 si
3090 4844 3248 4913 igitur
3297 4858 3540 4902 sumatur
3581 4867 3611 4902 a

2034 4934 2181 4988 omni
2212 4934 2259 5000 b,
2293 4945 2344 4988 et
2369 4935 2399 4986 ὁ
2428 4935 2573 4987 οηιηί
2594 4950 2645 4999 c,
2674 4951 2705 4985 a
2734 4937 2880 4988 omni
2910 4952 2935 4987 c
2959 4935 3139 5002 inerit,
3168 4954 3333 5008 quare
3356 4956 3420 4993 ex
3452 4943 3612 4995 uiris-

2035 5038 2137 5092 que
2169 5024 2314 5076 falsis
2356 5039 2479 5077 vera
2504 5031 2584 5078 est
2608 5025 2907 5092 conclusio,
2936 5027 3109 5085 omnis
3138 5030 3277 5082 enim
3308 5028 3467 5084 homo
3497 5033 3611 5086 ani-

2032 5116 2157 5169 mal.
2187 5114 2442 5169 Similiter
2461 5127 2635 5169 atttem
2664 5125 2717 5171 et
2735 5116 3077 5185 privativum:
3102 5119 3227 5173 insit
3247 5122 3387 5174 enim
3410 5138 3437 5173 c
3453 5125 3606 5188 nulli,

2030 5220 2128 5259 nec
2156 5223 2206 5268 a,
2234 5220 2332 5260 nec
2358 5207 2407 5267 ὑ,
2440 5222 2472 5257 a
2497 5215 2672 5260 autem
2700 5205 2729 5258 ὁ
2755 5207 2921 5271 omni,
2959 5218 3017 5261 ut
3055 5208 3098 5261 si
3126 5208 3326 5263 eisdem
3368 5215 3609 5268 terminis
3650 5250 3675 5275 χ

2026 5297 2255 5365 sumptis
2303 5297 2533 5351 medium
2585 5307 2811 5366 ponatur
2861 5298 3041 5363 homo,
3105 5298 3261 5366 lapidi
3309 5299 3449 5355 enim
3503 5317 3604 5357 nec

2026 5387 2244 5451 animal,
2296 5402 2393 5440 nec
2425 5387 2583 5442 homo
2613 5390 2740 5443 nulli
2791 5389 2950 5453 inest,
3000 5388 3199 5441 homini
3244 5399 3418 5443 autem
3456 5396 3602 5447 omni

2021 5478 2217 5531 animal
2251 5493 2265 5541 ;
2298 5492 2463 5546 quare
2514 5481 2556 5533 si
2584 5480 2669 5532 cui
2696 5480 2911 5548 quidem
2936 5480 3079 5533 omni
3126 5480 3295 5545 inest,
3325 5495 3600 5539 sumamus

2021 5569 2151 5621 nulli
2204 5569 2401 5635 inesse,
2452 5570 2536 5623 cui
2568 5585 2694 5624 vero
2744 5587 2845 5624 non
2898 5571 3067 5636 inest’,
3100 5574 3243 5625 omni
3295 5558 3491 5640 inesse,
3533 5591 3600 5631 ex

2020 5657 2168 5712 falsis
2197 5646 2443 5729 utrisque
2466 5675 2589 5714 vera
2637 5662 2741 5714 erit
2785 5660 3077 5713 conclusio.
3130 5660 3392 5716 Similiter
3416 5675 3595 5718 autem

2018 5756 2329 5810 ostendetur
2354 5764 2411 5811 et
2450 5759 2493 5810 si
2540 5757 2593 5809 in
2623 5755 2800 5823 aliquo
2831 5765 3052 5825 utraque
3085 5756 3214 5810 falsa
3244 5767 3503 5812 sumatur.
3536 5761 3591 5812 St
