  <div class='ocr_page' id='page_1' title='image "/cluster/home/n/w/nwhite01/storage/ocr_20150623/64/hvd.32044024222309/351.png"; bbox 0 0 4060 6330; ppageno 0'>
   <div class='ocr_carea' id='block_1_1' title="bbox 478 333 580 389">
    <p class='ocr_par' dir='ltr' id='par_1_1' title="bbox 478 333 580 389">
     <span class='ocr_line' id='line_1_1' title="bbox 478 333 580 389; baseline 0 0"><span class='ocrx_word' id='word_1_1' title='bbox 478 333 580 389; x_wconf 78' lang='lat'><strong>687</strong></span> 
     </span>
    </p>
   </div>
   <div class='ocr_carea' id='block_1_2' title="bbox 1715 316 2517 378">
    <p class='ocr_par' dir='ltr' id='par_1_2' title="bbox 1715 316 2517 378">
     <span class='ocr_line' id='line_1_2' title="bbox 1715 316 2517 378; baseline -0.004 -1"><span class='ocrx_word' id='word_1_2' title='bbox 1715 321 1818 378; x_wconf 78' lang='grc' dir='ltr'><strong>ΔΝ.</strong></span> <span class='ocrx_word' id='word_1_3' title='bbox 1861 316 2068 376; x_wconf 73' lang='grc' dir='ltr'><strong>ΜΑΜ..</strong></span> <span class='ocrx_word' id='word_1_4' title='bbox 2112 316 2262 375; x_wconf 67' lang='grc' dir='ltr'><strong>ειν.</strong></span> <span class='ocrx_word' id='word_1_5' title='bbox 2302 317 2517 375; x_wconf 79' lang='grc' dir='ltr'><strong>ΒΟΕΠΙ</strong></span> 
     </span>
    </p>
   </div>
   <div class='ocr_carea' id='block_1_3' title="bbox 3632 318 3735 370">
    <p class='ocr_par' dir='ltr' id='par_1_3' title="bbox 3632 318 3735 370">
     <span class='ocr_line' id='line_1_3' title="bbox 3632 318 3735 370; baseline 0 -1"><span class='ocrx_word' id='word_1_6' title='bbox 3632 318 3735 370; x_wconf 68' lang='grc'><strong>633</strong></span> 
     </span>
    </p>
   </div>
   <div class='ocr_carea' id='block_1_4' title="bbox 478 429 3736 513">
    <p class='ocr_par' dir='ltr' id='par_1_4' title="bbox 478 429 3736 513">
     <span class='ocr_line' id='line_1_4' title="bbox 478 429 3736 513; baseline -0.006 -11"><span class='ocrx_word' id='word_1_7' title='bbox 478 460 655 502; x_wconf 87' lang='lat' dir='ltr'><strong>autem</strong></span> <span class='ocrx_word' id='word_1_8' title='bbox 684 450 847 500; x_wconf 76' lang='lat' dir='ltr'><strong>altera</strong></span> <span class='ocrx_word' id='word_1_9' title='bbox 884 450 1109 513; x_wconf 86' lang='lat' dir='ltr'><strong>ponatur</strong></span> <span class='ocrx_word' id='word_1_10' title='bbox 1136 441 1289 506; x_wconf 84' lang='lat' dir='ltr'><strong>falsa,</strong></span> <span class='ocrx_word' id='word_1_11' title='bbox 1339 438 1509 508; x_wconf 89' lang='lat' dir='ltr'><strong>prima</strong></span> <span class='ocrx_word' id='word_1_12' title='bbox 1541 435 1758 505; x_wconf 82' lang='lat' dir='ltr'><strong>quidem</strong></span> <span class='ocrx_word' id='word_1_13' title='bbox 1788 444 1895 489; x_wconf 79' lang='lat' dir='ltr'><strong>tota</strong></span> <span class='ocrx_word' id='word_1_14' title='bbox 1926 434 2054 487; x_wconf 88' lang='lat' dir='ltr'><strong>falsa</strong></span> <span class='ocrx_word' id='word_1_15' title='bbox 2086 433 2133 491; x_wconf 75' lang='grc' dir='ltr'><strong>Δ</strong></span> <span class='ocrx_word' id='word_1_16' title='bbox 2163 431 2359 499; x_wconf 90' lang='lat' dir='ltr'><strong>inesse,</strong></span> <span class='ocrx_word' id='word_1_17' title='bbox 2390 444 2609 489; x_wconf 86' lang='lat' dir='ltr'><strong>cautem</strong></span> <span class='ocrx_word' id='word_1_18' title='bbox 2641 434 2820 503; x_wconf 81' lang='lat' dir='ltr'><strong>alicui,</strong></span> <span class='ocrx_word' id='word_1_19' title='bbox 2853 442 2905 487; x_wconf 88' lang='lat' dir='ltr'><strong>et</strong></span> <span class='ocrx_word' id='word_1_20' title='bbox 2934 434 2962 485; x_wconf 74' lang='grc' dir='ltr'><strong>ὁ</strong></span> <span class='ocrx_word' id='word_1_21' title='bbox 2990 433 3144 486; x_wconf 88' lang='lat' dir='ltr'><strong>alicui</strong></span> <span class='ocrx_word' id='word_1_22' title='bbox 3170 448 3197 484; x_wconf 84' lang='lat' dir='ltr'><strong>c</strong></span> <span class='ocrx_word' id='word_1_23' title='bbox 3226 432 3424 498; x_wconf 81' lang='lat' dir='ltr'><strong>inesse,</strong></span> <span class='ocrx_word' id='word_1_24' title='bbox 3458 440 3516 483; x_wconf 89' lang='lat' dir='ltr'><strong>ut</strong></span> <span class='ocrx_word' id='word_1_25' title='bbox 3538 429 3736 483; x_wconf 84' lang='lat' dir='ltr'><strong>animal</strong></span> 
     </span>
    </p>
   </div>
   <div class='ocr_carea' id='block_1_5' title="bbox 479 528 2051 604">
    <p class='ocr_par' dir='ltr' id='par_1_5' title="bbox 479 528 2051 604">
     <span class='ocr_line' id='line_1_5' title="bbox 479 528 2051 604; baseline -0.01 -10"><span class='ocrx_word' id='word_1_26' title='bbox 479 541 763 604; x_wconf 75' lang='lat' dir='ltr'><strong>existente,</strong></span> <span class='ocrx_word' id='word_1_27' title='bbox 798 546 910 590; x_wconf 87' lang='lat' dir='ltr'><strong>uta</strong></span> <span class='ocrx_word' id='word_1_28' title='bbox 950 534 1118 599; x_wconf 84' lang='lat' dir='ltr'><strong>b,non</strong></span> <span class='ocrx_word' id='word_1_29' title='bbox 1154 534 1257 587; x_wconf 88' lang='lat' dir='ltr'><strong>erit</strong></span> <span class='ocrx_word' id='word_1_30' title='bbox 1285 530 1526 583; x_wconf 80' lang='lat' dir='ltr'><strong>conclusi</strong></span> <span class='ocrx_word' id='word_1_31' title='bbox 1548 548 1560 578; x_wconf 78' lang='grc' dir='ltr'>ι</span> <span class='ocrx_word' id='word_1_32' title='bbox 1585 543 1727 592; x_wconf 85' lang='lat' dir='ltr'><strong>vera,</strong></span> <span class='ocrx_word' id='word_1_33' title='bbox 1762 528 1790 580; x_wconf 87' lang='lat' dir='ltr'><strong>b</strong></span> <span class='ocrx_word' id='word_1_34' title='bbox 1818 543 1844 578; x_wconf 86' lang='lat' dir='ltr'><strong>c</strong></span> <span class='ocrx_word' id='word_1_35' title='bbox 1876 538 2051 579; x_wconf 76' lang='lat' dir='ltr'><strong>autem</strong></span> 
     </span>
    </p>
   </div>
   <div class='ocr_carea' id='block_1_6' title="bbox 480 618 2050 690">
    <p class='ocr_par' dir='ltr' id='par_1_6' title="bbox 480 618 2050 690">
     <span class='ocr_line' id='line_1_6' title="bbox 480 618 2050 690; baseline -0.012 -4"><span class='ocrx_word' id='word_1_36' title='bbox 480 634 601 686; x_wconf 85' lang='lat' dir='ltr'><strong>erit.</strong></span> <span class='ocrx_word' id='word_1_37' title='bbox 665 630 788 683; x_wconf 90' lang='lat' dir='ltr'><strong>Dico</strong></span> <span class='ocrx_word' id='word_1_38' title='bbox 840 635 1017 681; x_wconf 88' lang='lat' dir='ltr'><strong>autem</strong></span> <span class='ocrx_word' id='word_1_39' title='bbox 1074 634 1233 678; x_wconf 91' lang='lat' dir='ltr'><strong>totatn</strong></span> <span class='ocrx_word' id='word_1_40' title='bbox 1299 621 1485 676; x_wconf 81' lang='lat' dir='ltr'><strong>falsam</strong></span> <span class='ocrx_word' id='word_1_41' title='bbox 1540 622 1680 690; x_wconf 86' lang='lat' dir='ltr'><strong>quod</strong></span> <span class='ocrx_word' id='word_1_42' title='bbox 1729 618 2050 673; x_wconf 77' lang='lat' dir='ltr'><strong>contrariam</strong></span> 
     </span>
    </p>
   </div>
   <div class='ocr_carea' id='block_1_7' title="bbox 481 714 2051 789">
    <p class='ocr_par' dir='ltr' id='par_1_7' title="bbox 481 714 2051 789">
     <span class='ocr_line' id='line_1_7' title="bbox 481 714 2051 789; baseline -0.01 -13"><span class='ocrx_word' id='word_1_43' title='bbox 481 738 637 785; x_wconf 65' lang='lat' dir='ltr'><strong>verm,</strong></span> <span class='ocrx_word' id='word_1_44' title='bbox 672 730 729 775; x_wconf 91' lang='lat' dir='ltr'><strong>ut</strong></span> <span class='ocrx_word' id='word_1_45' title='bbox 756 720 798 773; x_wconf 91' lang='lat' dir='ltr'><strong>si</strong></span> <span class='ocrx_word' id='word_1_46' title='bbox 827 719 967 789; x_wconf 90' lang='lat' dir='ltr'><strong>quod</strong></span> <span class='ocrx_word' id='word_1_47' title='bbox 998 718 1123 771; x_wconf 88' lang='lat' dir='ltr'><strong>nulli</strong></span> <span class='ocrx_word' id='word_1_48' title='bbox 1154 718 1311 781; x_wconf 87' lang='lat' dir='ltr'><strong>inest,</strong></span> <span class='ocrx_word' id='word_1_49' title='bbox 1330 714 1474 769; x_wconf 90' lang='lat' dir='ltr'><strong>omni</strong></span> <span class='ocrx_word' id='word_1_50' title='bbox 1524 721 1789 782; x_wconf 89' lang='lat' dir='ltr'><strong>sumptum</strong></span> <span class='ocrx_word' id='word_1_51' title='bbox 1822 720 1935 775; x_wconf 89' lang='lat' dir='ltr'><strong>est;</strong></span> <span class='ocrx_word' id='word_1_52' title='bbox 1962 722 2051 763; x_wconf 89' lang='lat' dir='ltr'><strong>aut</strong></span> 
     </span>
    </p>
   </div>
   <div class='ocr_carea' id='block_1_8' title="bbox 478 803 2052 885">
    <p class='ocr_par' dir='ltr' id='par_1_8' title="bbox 478 803 2052 885">
     <span class='ocr_line' id='line_1_8' title="bbox 478 803 2052 885; baseline -0.01 -15"><span class='ocrx_word' id='word_1_53' title='bbox 478 820 517 871; x_wconf 79' lang='lat' dir='ltr'><strong>si</strong></span> <span class='ocrx_word' id='word_1_54' title='bbox 554 815 693 885; x_wconf 90' lang='lat' dir='ltr'><strong>quod</strong></span> <span class='ocrx_word' id='word_1_55' title='bbox 744 814 909 879; x_wconf 91' lang='lat' dir='ltr'><strong>omni,</strong></span> <span class='ocrx_word' id='word_1_56' title='bbox 947 811 1075 865; x_wconf 89' lang='lat' dir='ltr'><strong>nulli</strong></span> <span class='ocrx_word' id='word_1_57' title='bbox 1128 810 1325 863; x_wconf 88' lang='lat' dir='ltr'><strong>inesse.</strong></span> <span class='ocrx_word' id='word_1_58' title='bbox 1370 807 1495 861; x_wconf 68' lang='lat' dir='ltr'><strong>Insit</strong></span> <span class='ocrx_word' id='word_1_59' title='bbox 1540 806 1679 859; x_wconf 90' lang='lat' dir='ltr'><strong>enim</strong></span> <span class='ocrx_word' id='word_1_60' title='bbox 1723 822 1753 857; x_wconf 87' lang='lat' dir='ltr'><strong>a</strong></span> <span class='ocrx_word' id='word_1_61' title='bbox 1785 804 1812 856; x_wconf 87' lang='lat' dir='ltr'><strong>b</strong></span> <span class='ocrx_word' id='word_1_62' title='bbox 1842 803 1991 867; x_wconf 87' lang='lat' dir='ltr'><strong>nulli,</strong></span> <span class='ocrx_word' id='word_1_63' title='bbox 2025 803 2052 854; x_wconf 87' lang='lat' dir='ltr'><strong>b</strong></span> 
     </span>
    </p>
   </div>
   <div class='ocr_carea' id='block_1_9' title="bbox 478 896 2055 971">
    <p class='ocr_par' dir='ltr' id='par_1_9' title="bbox 478 896 2055 971">
     <span class='ocr_line' id='line_1_9' title="bbox 478 896 2055 971; baseline -0.011 -8"><span class='ocrx_word' id='word_1_64' title='bbox 478 918 659 963; x_wconf 77' lang='lat' dir='ltr'><strong>autem</strong></span> <span class='ocrx_word' id='word_1_65' title='bbox 682 907 824 962; x_wconf 91' lang='lat' dir='ltr'><strong>omni</strong></span> <span class='ocrx_word' id='word_1_66' title='bbox 855 921 881 956; x_wconf 89' lang='lat' dir='ltr'><strong>c</strong></span> <span class='ocrx_word' id='word_1_67' title='bbox 898 920 916 969; x_wconf 91' lang='lat'><em>;</em></span> <span class='ocrx_word' id='word_1_68' title='bbox 946 905 987 957; x_wconf 87' lang='lat' dir='ltr'><strong>si</strong></span> <span class='ocrx_word' id='word_1_69' title='bbox 1019 918 1145 971; x_wconf 81' lang='lat' dir='ltr'><strong>ergo</strong></span> <span class='ocrx_word' id='word_1_70' title='bbox 1175 900 1203 953; x_wconf 88' lang='lat' dir='ltr'><strong>b</strong></span> <span class='ocrx_word' id='word_1_71' title='bbox 1224 916 1250 953; x_wconf 89' lang='lat' dir='ltr'><strong>c</strong></span> <span class='ocrx_word' id='word_1_72' title='bbox 1271 899 1484 969; x_wconf 90' lang='lat' dir='ltr'><strong>quidem</strong></span> <span class='ocrx_word' id='word_1_73' title='bbox 1523 896 1935 966; x_wconf 75' lang='lat' dir='ltr'><strong>propositionem</strong></span> <span class='ocrx_word' id='word_1_74' title='bbox 1965 909 2055 946; x_wconf 79' lang='lat' dir='ltr'><strong>su-</strong></span> 
     </span>
    </p>
   </div>
   <div class='ocr_carea' id='block_1_10' title="bbox 482 984 2053 1058">
    <p class='ocr_par' dir='ltr' id='par_1_10' title="bbox 482 984 2053 1058">
     <span class='ocr_line' id='line_1_10' title="bbox 482 984 2053 1058; baseline -0.01 -6"><span class='ocrx_word' id='word_1_75' title='bbox 482 1013 687 1053; x_wconf 91' lang='lat' dir='ltr'><strong>mamus</strong></span> <span class='ocrx_word' id='word_1_76' title='bbox 716 1010 916 1058; x_wconf 89' lang='lat' dir='ltr'><strong>veram,</strong></span> <span class='ocrx_word' id='word_1_77' title='bbox 949 1010 982 1045; x_wconf 91' lang='lat' dir='ltr'><strong>a</strong></span> <span class='ocrx_word' id='word_1_78' title='bbox 1020 994 1048 1045; x_wconf 86' lang='lat' dir='ltr'><strong>b</strong></span> <span class='ocrx_word' id='word_1_79' title='bbox 1074 1000 1250 1046; x_wconf 89' lang='lat' dir='ltr'><strong>autem</strong></span> <span class='ocrx_word' id='word_1_80' title='bbox 1294 991 1483 1045; x_wconf 83' lang='lat' dir='ltr'><strong>falsam</strong></span> <span class='ocrx_word' id='word_1_81' title='bbox 1530 998 1715 1051; x_wconf 87' lang='lat' dir='ltr'><strong>totam,</strong></span> <span class='ocrx_word' id='word_1_82' title='bbox 1754 997 1807 1041; x_wconf 91' lang='lat' dir='ltr'><strong>et</strong></span> <span class='ocrx_word' id='word_1_83' title='bbox 1833 988 1976 1041; x_wconf 93' lang='lat' dir='ltr'><strong>omni</strong></span> <span class='ocrx_word' id='word_1_84' title='bbox 2024 984 2053 1037; x_wconf 71' lang='grc' dir='ltr'><strong>ὁ</strong></span> 
     </span>
    </p>
   </div>
   <div class='ocr_carea' id='block_1_11' title="bbox 481 1083 2051 1157">
    <p class='ocr_par' dir='ltr' id='par_1_11' title="bbox 481 1083 2051 1157">
     <span class='ocr_line' id='line_1_11' title="bbox 481 1083 2051 1157; baseline -0.01 -11"><span class='ocrx_word' id='word_1_85' title='bbox 481 1094 658 1149; x_wconf 83' lang='lat' dir='ltr'><strong>inesse</strong></span> <span class='ocrx_word' id='word_1_86' title='bbox 694 1108 746 1156; x_wconf 88' lang='lat' dir='ltr'><strong>a,</strong></span> <span class='ocrx_word' id='word_1_87' title='bbox 810 1087 1138 1157; x_wconf 85' lang='lat' dir='ltr'><strong>impossibile</strong></span> <span class='ocrx_word' id='word_1_88' title='bbox 1177 1094 1258 1140; x_wconf 91' lang='lat' dir='ltr'><strong>est</strong></span> <span class='ocrx_word' id='word_1_89' title='bbox 1309 1102 1337 1136; x_wconf 87' lang='lat' dir='ltr'><strong>a</strong></span> <span class='ocrx_word' id='word_1_90' title='bbox 1368 1100 1393 1137; x_wconf 79' lang='grc' dir='ltr'><em>ο</em></span> <span class='ocrx_word' id='word_1_91' title='bbox 1440 1083 1837 1137; x_wconf 88' lang='lat' dir='ltr'><strong>conclusionem</strong></span> <span class='ocrx_word' id='word_1_92' title='bbox 1871 1093 2051 1132; x_wconf 81' lang='lat' dir='ltr'><strong>veram</strong></span> 
     </span>
    </p>
   </div>
   <div class='ocr_carea' id='block_1_12' title="bbox 477 1167 2051 1249">
    <p class='ocr_par' dir='ltr' id='par_1_12' title="bbox 477 1167 2051 1249">
     <span class='ocr_line' id='line_1_12' title="bbox 477 1167 2051 1249; baseline -0.011 -11"><span class='ocrx_word' id='word_1_93' title='bbox 477 1197 619 1249; x_wconf 81' lang='lat' dir='ltr'><strong>esse,</strong></span> <span class='ocrx_word' id='word_1_94' title='bbox 649 1180 781 1235; x_wconf 91' lang='lat' dir='ltr'><strong>nulli</strong></span> <span class='ocrx_word' id='word_1_95' title='bbox 804 1179 945 1233; x_wconf 91' lang='lat' dir='ltr'><strong>enim</strong></span> <span class='ocrx_word' id='word_1_96' title='bbox 968 1178 1138 1231; x_wconf 85' lang='lat' dir='ltr'><strong>inerat</strong></span> <span class='ocrx_word' id='word_1_97' title='bbox 1166 1193 1197 1229; x_wconf 89' lang='lat' dir='ltr'><strong>a</strong></span> <span class='ocrx_word' id='word_1_98' title='bbox 1218 1189 1399 1229; x_wconf 89' lang='lat' dir='ltr'><strong>earum</strong></span> <span class='ocrx_word' id='word_1_99' title='bbox 1422 1186 1540 1242; x_wconf 73' lang='lat' dir='ltr'><strong>qua:</strong></span> <span class='ocrx_word' id='word_1_100' title='bbox 1565 1180 1688 1225; x_wconf 90' lang='lat' dir='ltr'><strong>sunt</strong></span> <span class='ocrx_word' id='word_1_101' title='bbox 1710 1186 1757 1236; x_wconf 78' lang='grc' dir='ltr'><strong>ο,</strong></span> <span class='ocrx_word' id='word_1_102' title='bbox 1788 1167 2051 1236; x_wconf 86' lang='lat' dir='ltr'><strong>siquidem</strong></span> 
     </span>
    </p>
   </div>
   <div class='ocr_carea' id='block_1_13' title="bbox 478 1257 2049 1334">
    <p class='ocr_par' dir='ltr' id='par_1_13' title="bbox 478 1257 2049 1334">
     <span class='ocr_line' id='line_1_13' title="bbox 478 1257 2049 1334; baseline -0.01 -9"><span class='ocrx_word' id='word_1_103' title='bbox 478 1274 562 1327; x_wconf 90' lang='lat' dir='ltr'><strong>cui</strong></span> <span class='ocrx_word' id='word_1_104' title='bbox 592 1273 620 1324; x_wconf 78' lang='grc' dir='ltr'><strong>ὁ</strong></span> <span class='ocrx_word' id='word_1_105' title='bbox 648 1268 799 1334; x_wconf 90' lang='lat' dir='ltr'><strong>nulli,</strong></span> <span class='ocrx_word' id='word_1_106' title='bbox 832 1269 859 1320; x_wconf 88' lang='lat' dir='ltr'><strong>b</strong></span> <span class='ocrx_word' id='word_1_107' title='bbox 888 1276 1066 1320; x_wconf 90' lang='lat' dir='ltr'><strong>autem</strong></span> <span class='ocrx_word' id='word_1_108' title='bbox 1097 1265 1241 1319; x_wconf 90' lang='lat' dir='ltr'><strong>omni</strong></span> <span class='ocrx_word' id='word_1_109' title='bbox 1270 1281 1316 1317; x_wconf 82' lang='grc' dir='ltr'><strong>ε.</strong></span> <span class='ocrx_word' id='word_1_110' title='bbox 1347 1262 1605 1318; x_wconf 79' lang='lat' dir='ltr'><strong>Similiter</strong></span> <span class='ocrx_word' id='word_1_111' title='bbox 1649 1268 1828 1313; x_wconf 88' lang='lat' dir='ltr'><strong>autem</strong></span> <span class='ocrx_word' id='word_1_112' title='bbox 1863 1272 1962 1312; x_wconf 93' lang='lat' dir='ltr'><strong>nec</strong></span> <span class='ocrx_word' id='word_1_113' title='bbox 2006 1257 2049 1310; x_wconf 92' lang='lat' dir='ltr'><strong>si</strong></span> 
     </span>
    </p>
   </div>
   <div class='ocr_carea' id='block_1_14' title="bbox 478 1352 2053 1424">
    <p class='ocr_par' dir='ltr' id='par_1_14' title="bbox 478 1352 2053 1424">
     <span class='ocr_line' id='line_1_14' title="bbox 478 1352 2053 1424; baseline -0.01 -6"><span class='ocrx_word' id='word_1_114' title='bbox 478 1363 669 1418; x_wconf 91' lang='lat' dir='ltr'><strong>aomni</strong></span> <span class='ocrx_word' id='word_1_115' title='bbox 702 1362 729 1414; x_wconf 87' lang='lat' dir='ltr'><strong>b</strong></span> <span class='ocrx_word' id='word_1_116' title='bbox 759 1361 917 1424; x_wconf 91' lang='lat' dir='ltr'><strong>inest,</strong></span> <span class='ocrx_word' id='word_1_117' title='bbox 955 1366 1007 1412; x_wconf 88' lang='lat' dir='ltr'><strong>et</strong></span> <span class='ocrx_word' id='word_1_118' title='bbox 1036 1358 1064 1410; x_wconf 88' lang='lat' dir='ltr'><strong>b</strong></span> <span class='ocrx_word' id='word_1_119' title='bbox 1091 1356 1238 1410; x_wconf 90' lang='lat' dir='ltr'><strong>omni</strong></span> <span class='ocrx_word' id='word_1_120' title='bbox 1285 1371 1333 1420; x_wconf 88' lang='lat' dir='ltr'><strong>c,</strong></span> <span class='ocrx_word' id='word_1_121' title='bbox 1379 1364 1589 1422; x_wconf 88' lang='lat' dir='ltr'><strong>sumpta</strong></span> <span class='ocrx_word' id='word_1_122' title='bbox 1620 1354 1689 1407; x_wconf 88' lang='lat' dir='ltr'><strong>sit</strong></span> <span class='ocrx_word' id='word_1_123' title='bbox 1725 1361 1903 1406; x_wconf 90' lang='lat' dir='ltr'><strong>autem</strong></span> <span class='ocrx_word' id='word_1_124' title='bbox 1947 1352 1975 1405; x_wconf 75' lang='grc' dir='ltr'><strong>ὁ</strong></span> <span class='ocrx_word' id='word_1_125' title='bbox 2028 1366 2053 1402; x_wconf 87' lang='lat' dir='ltr'><strong>c</strong></span> 
     </span>
    </p>
   </div>
   <div class='ocr_carea' id='block_1_15' title="bbox 477 1441 2056 1525">
    <p class='ocr_par' dir='ltr' id='par_1_15' title="bbox 477 1441 2056 1525">
     <span class='ocr_line' id='line_1_15' title="bbox 477 1441 2056 1525; baseline -0.009 -18"><span class='ocrx_word' id='word_1_126' title='bbox 477 1453 841 1525; x_wconf 68' lang='lat' dir='ltr'><strong>qnidemyera</strong></span> <span class='ocrx_word' id='word_1_127' title='bbox 888 1447 1202 1518; x_wconf 79' lang='lat' dir='ltr'><strong>propositio,</strong></span> <span class='ocrx_word' id='word_1_128' title='bbox 1247 1462 1280 1499; x_wconf 88' lang='lat' dir='ltr'><strong>a</strong></span> <span class='ocrx_word' id='word_1_129' title='bbox 1329 1446 1358 1499; x_wconf 87' lang='lat' dir='ltr'><strong>b</strong></span> <span class='ocrx_word' id='word_1_130' title='bbox 1405 1454 1582 1498; x_wconf 89' lang='lat' dir='ltr'><strong>autem</strong></span> <span class='ocrx_word' id='word_1_131' title='bbox 1638 1441 1769 1498; x_wconf 85' lang='lat' dir='ltr'><strong>falsa</strong></span> <span class='ocrx_word' id='word_1_132' title='bbox 1819 1450 1957 1505; x_wconf 72' lang='lat' dir='ltr'><strong>tota,</strong></span> <span class='ocrx_word' id='word_1_133' title='bbox 2002 1449 2056 1493; x_wconf 92' lang='lat' dir='ltr'><strong>et</strong></span> 
     </span>
    </p>
   </div>
   <div class='ocr_carea' id='block_1_16' title="bbox 479 1531 2051 1601">
    <p class='ocr_par' dir='ltr' id='par_1_16' title="bbox 479 1531 2051 1601">
     <span class='ocr_line' id='line_1_16' title="bbox 479 1531 2051 1601; baseline -0.01 -5"><span class='ocrx_word' id='word_1_134' title='bbox 479 1543 630 1601; x_wconf 90' lang='lat' dir='ltr'><strong>nulli.</strong></span> <span class='ocrx_word' id='word_1_135' title='bbox 660 1541 744 1595; x_wconf 91' lang='lat' dir='ltr'><strong>cui</strong></span> <span class='ocrx_word' id='word_1_136' title='bbox 775 1539 803 1592; x_wconf 90' lang='lat' dir='ltr'><strong>b</strong></span> <span class='ocrx_word' id='word_1_137' title='bbox 832 1538 971 1593; x_wconf 92' lang='lat' dir='ltr'><strong>inest</strong></span> <span class='ocrx_word' id='word_1_138' title='bbox 999 1554 1051 1598; x_wconf 77' lang='grc' dir='ltr'>α,</span> <span class='ocrx_word' id='word_1_139' title='bbox 1094 1536 1367 1590; x_wconf 88' lang='lat' dir='ltr'><strong>conclusio</strong></span> <span class='ocrx_word' id='word_1_140' title='bbox 1399 1534 1527 1587; x_wconf 84' lang='lat' dir='ltr'><strong>falsa</strong></span> <span class='ocrx_word' id='word_1_141' title='bbox 1556 1534 1677 1594; x_wconf 91' lang='lat' dir='ltr'><strong>erit,</strong></span> <span class='ocrx_word' id='word_1_142' title='bbox 1723 1531 1871 1584; x_wconf 91' lang='lat' dir='ltr'><strong>omni</strong></span> <span class='ocrx_word' id='word_1_143' title='bbox 1909 1532 2051 1585; x_wconf 89' lang='lat' dir='ltr'><strong>enim</strong></span> 
     </span>
    </p>
   </div>
   <div class='ocr_carea' id='block_1_17' title="bbox 477 1610 2054 1699">
    <p class='ocr_par' dir='ltr' id='par_1_17' title="bbox 477 1610 2054 1699">
     <span class='ocr_line' id='line_1_17' title="bbox 477 1610 2054 1699; baseline -0.012 -9"><span class='ocrx_word' id='word_1_144' title='bbox 477 1654 504 1689; x_wconf 85' lang='lat' dir='ltr'><strong>c</strong></span> <span class='ocrx_word' id='word_1_145' title='bbox 532 1637 670 1690; x_wconf 90' lang='lat' dir='ltr'><strong>inest</strong></span> <span class='ocrx_word' id='word_1_146' title='bbox 709 1610 763 1697; x_wconf 85' lang='lat' dir='ltr'><strong>a,</strong></span> <span class='ocrx_word' id='word_1_147' title='bbox 789 1629 1050 1699; x_wconf 68' lang='lat' dir='ltr'><strong>siquidem</strong></span> <span class='ocrx_word' id='word_1_148' title='bbox 1089 1628 1174 1681; x_wconf 90' lang='lat' dir='ltr'><strong>cui</strong></span> <span class='ocrx_word' id='word_1_149' title='bbox 1206 1628 1234 1679; x_wconf 87' lang='lat' dir='ltr'><strong>b</strong></span> <span class='ocrx_word' id='word_1_150' title='bbox 1272 1625 1414 1678; x_wconf 91' lang='lat' dir='ltr'><strong>omni</strong></span> <span class='ocrx_word' id='word_1_151' title='bbox 1440 1640 1465 1676; x_wconf 76' lang='grc' dir='ltr'><em>ε</em></span> <span class='ocrx_word' id='word_1_152' title='bbox 1487 1633 1539 1678; x_wconf 86' lang='lat' dir='ltr'><strong>et</strong></span> <span class='ocrx_word' id='word_1_153' title='bbox 1572 1641 1620 1687; x_wconf 90' lang='lat' dir='ltr'><strong>a,</strong></span> <span class='ocrx_word' id='word_1_154' title='bbox 1648 1624 1675 1675; x_wconf 78' lang='grc' dir='ltr'><strong>ὁ</strong></span> <span class='ocrx_word' id='word_1_155' title='bbox 1707 1631 1883 1676; x_wconf 89' lang='lat' dir='ltr'><strong>autem</strong></span> <span class='ocrx_word' id='word_1_156' title='bbox 1906 1619 2054 1674; x_wconf 87' lang='lat' dir='ltr'><strong>omni</strong></span> 
     </span>
    </p>
   </div>
   <div class='ocr_carea' id='block_1_18' title="bbox 477 1712 2053 1791">
    <p class='ocr_par' dir='ltr' id='par_1_18' title="bbox 477 1712 2053 1791">
     <span class='ocr_line' id='line_1_18' title="bbox 477 1712 2053 1791; baseline -0.012 -9"><span class='ocrx_word' id='word_1_157' title='bbox 477 1747 521 1785; x_wconf 76' lang='grc' dir='ltr'><em>α,</em></span> <span class='ocrx_word' id='word_1_158' title='bbox 558 1725 893 1782; x_wconf 77' lang='lat' dir='ltr'><strong>Manifestum</strong></span> <span class='ocrx_word' id='word_1_159' title='bbox 933 1736 1060 1791; x_wconf 88' lang='lat' dir='ltr'><strong>ergo</strong></span> <span class='ocrx_word' id='word_1_160' title='bbox 1089 1720 1339 1789; x_wconf 89' lang='lat' dir='ltr'><strong>quoniam</strong></span> <span class='ocrx_word' id='word_1_161' title='bbox 1375 1718 1545 1786; x_wconf 88' lang='lat' dir='ltr'><strong>prima</strong></span> <span class='ocrx_word' id='word_1_162' title='bbox 1577 1725 1685 1770; x_wconf 91' lang='lat' dir='ltr'><strong>tota</strong></span> <span class='ocrx_word' id='word_1_163' title='bbox 1715 1723 1926 1782; x_wconf 89' lang='lat' dir='ltr'><strong>sumpta</strong></span> <span class='ocrx_word' id='word_1_164' title='bbox 1955 1712 2053 1765; x_wconf 87' lang='lat' dir='ltr'><strong>fal-</strong></span> 
     </span>
    </p>
   </div>
   <div class='ocr_carea' id='block_1_19' title="bbox 2157 522 3736 591">
    <p class='ocr_par' dir='ltr' id='par_1_19' title="bbox 2157 522 3736 591">
     <span class='ocr_line' id='line_1_19' title="bbox 2157 522 3736 591; baseline -0.001 -14"><span class='ocrx_word' id='word_1_165' title='bbox 2157 524 2283 578; x_wconf 91' lang='lat' dir='ltr'><strong>nulli</strong></span> <span class='ocrx_word' id='word_1_166' title='bbox 2312 525 2439 591; x_wconf 78' lang='lat' dir='ltr'><strong>nivi,</strong></span> <span class='ocrx_word' id='word_1_167' title='bbox 2465 526 2588 578; x_wconf 89' lang='lat' dir='ltr'><strong>albo</strong></span> <span class='ocrx_word' id='word_1_168' title='bbox 2615 532 2791 579; x_wconf 63' lang='lat' dir='ltr'><strong>ainem</strong></span> <span class='ocrx_word' id='word_1_169' title='bbox 2820 524 2977 578; x_wconf 82' lang='lat' dir='ltr'><strong>alicui</strong></span> <span class='ocrx_word' id='word_1_170' title='bbox 3017 522 3175 587; x_wconf 87' lang='lat' dir='ltr'><strong>inest,</strong></span> <span class='ocrx_word' id='word_1_171' title='bbox 3201 534 3255 577; x_wconf 89' lang='lat' dir='ltr'><strong>et</strong></span> <span class='ocrx_word' id='word_1_172' title='bbox 3292 524 3380 576; x_wconf 83' lang='lat' dir='ltr'><strong>nix</strong></span> <span class='ocrx_word' id='word_1_173' title='bbox 3410 524 3534 577; x_wconf 84' lang='lat' dir='ltr'><strong>albo</strong></span> <span class='ocrx_word' id='word_1_174' title='bbox 3555 524 3736 578; x_wconf 83' lang='lat' dir='ltr'><strong>alicui.</strong></span> 
     </span>
    </p>
   </div>
   <div class='ocr_carea' id='block_1_20' title="bbox 2155 614 3734 686">
    <p class='ocr_par' dir='ltr' id='par_1_20' title="bbox 2155 614 3734 686">
     <span class='ocr_line' id='line_1_20' title="bbox 2155 614 3734 686; baseline -0.001 -18"><span class='ocrx_word' id='word_1_175' title='bbox 2155 614 2210 668; x_wconf 88' lang='lat' dir='ltr'><strong>Si</strong></span> <span class='ocrx_word' id='word_1_176' title='bbox 2242 631 2369 686; x_wconf 82' lang='lat' dir='ltr'><strong>ergo</strong></span> <span class='ocrx_word' id='word_1_177' title='bbox 2398 626 2623 683; x_wconf 75' lang='lat' dir='ltr'><strong>ponatur</strong></span> <span class='ocrx_word' id='word_1_178' title='bbox 2653 617 2885 670; x_wconf 91' lang='lat' dir='ltr'><strong>medium</strong></span> <span class='ocrx_word' id='word_1_179' title='bbox 2910 616 3027 681; x_wconf 81' lang='lat' dir='ltr'><strong>nix,</strong></span> <span class='ocrx_word' id='word_1_180' title='bbox 3061 615 3287 683; x_wconf 90' lang='lat' dir='ltr'><strong>primum</strong></span> <span class='ocrx_word' id='word_1_181' title='bbox 3311 623 3487 669; x_wconf 91' lang='lat' dir='ltr'><strong>autem</strong></span> <span class='ocrx_word' id='word_1_182' title='bbox 3516 614 3734 680; x_wconf 86' lang='lat' dir='ltr'><strong>animal,</strong></span> 
     </span>
    </p>
   </div>
   <div class='ocr_carea' id='block_1_21' title="bbox 2154 704 3739 775">
    <p class='ocr_par' dir='ltr' id='par_1_21' title="bbox 2154 704 3739 775">
     <span class='ocr_line' id='line_1_21' title="bbox 2154 704 3739 775; baseline 0 -18"><span class='ocrx_word' id='word_1_183' title='bbox 2154 714 2204 757; x_wconf 90' lang='lat' dir='ltr'><strong>et</strong></span> <span class='ocrx_word' id='word_1_184' title='bbox 2236 714 2479 760; x_wconf 85' lang='lat' dir='ltr'><strong>sumatur</strong></span> <span class='ocrx_word' id='word_1_185' title='bbox 2505 722 2551 769; x_wconf 0' lang='lat' dir='ltr'><strong>ac</strong></span> <span class='ocrx_word' id='word_1_186' title='bbox 2577 704 2788 775; x_wconf 89' lang='lat' dir='ltr'><strong>quidem</strong></span> <span class='ocrx_word' id='word_1_187' title='bbox 2831 704 2928 759; x_wconf 91' lang='lat' dir='ltr'><strong>toti</strong></span> <span class='ocrx_word' id='word_1_188' title='bbox 2960 705 2987 757; x_wconf 89' lang='lat' dir='ltr'><strong>b</strong></span> <span class='ocrx_word' id='word_1_189' title='bbox 3018 704 3215 768; x_wconf 86' lang='lat' dir='ltr'><strong>inesse,</strong></span> <span class='ocrx_word' id='word_1_190' title='bbox 3239 705 3266 757; x_wconf 73' lang='grc' dir='ltr'><em>ιτ</em></span> <span class='ocrx_word' id='word_1_191' title='bbox 3290 715 3468 759; x_wconf 89' lang='lat' dir='ltr'><strong>autem</strong></span> <span class='ocrx_word' id='word_1_192' title='bbox 3498 705 3655 758; x_wconf 80' lang='lat' dir='ltr'><strong>alicui</strong></span> <span class='ocrx_word' id='word_1_193' title='bbox 3687 721 3739 770; x_wconf 85' lang='lat' dir='ltr'><strong>c,</strong></span> 
     </span>
    </p>
   </div>
   <div class='ocr_carea' id='block_1_22' title="bbox 2157 795 3737 863">
    <p class='ocr_par' dir='ltr' id='par_1_22' title="bbox 2157 795 3737 863">
     <span class='ocr_line' id='line_1_22' title="bbox 2157 795 3737 863; baseline 0.001 -16"><span class='ocrx_word' id='word_1_194' title='bbox 2157 812 2187 847; x_wconf 92' lang='lat' dir='ltr'><strong>a</strong></span> <span class='ocrx_word' id='word_1_195' title='bbox 2218 800 2245 848; x_wconf 87' lang='lat' dir='ltr'><strong>b</strong></span> <span class='ocrx_word' id='word_1_196' title='bbox 2295 805 2403 849; x_wconf 82' lang='lat' dir='ltr'><strong>tota</strong></span> <span class='ocrx_word' id='word_1_197' title='bbox 2448 796 2598 861; x_wconf 88' lang='lat' dir='ltr'><strong>falsa,</strong></span> <span class='ocrx_word' id='word_1_198' title='bbox 2644 795 2673 849; x_wconf 87' lang='lat' dir='ltr'><strong>b</strong></span> <span class='ocrx_word' id='word_1_199' title='bbox 2701 812 2728 850; x_wconf 89' lang='lat' dir='ltr'><strong>c</strong></span> <span class='ocrx_word' id='word_1_200' title='bbox 2770 806 2949 851; x_wconf 89' lang='lat' dir='ltr'><strong>autem</strong></span> <span class='ocrx_word' id='word_1_201' title='bbox 2987 811 3129 863; x_wconf 83' lang='lat' dir='ltr'><strong>\era,</strong></span> <span class='ocrx_word' id='word_1_202' title='bbox 3179 805 3234 851; x_wconf 88' lang='lat' dir='ltr'><strong>et</strong></span> <span class='ocrx_word' id='word_1_203' title='bbox 3278 796 3558 850; x_wconf 87' lang='lat' dir='ltr'><strong>conclusio</strong></span> <span class='ocrx_word' id='word_1_204' title='bbox 3590 810 3737 849; x_wconf 85' lang='lat' dir='ltr'><strong>vera.</strong></span> 
     </span>
    </p>
   </div>
   <div class='ocr_carea' id='block_1_23' title="bbox 2156 885 3739 955">
    <p class='ocr_par' dir='ltr' id='par_1_23' title="bbox 2156 885 3739 955">
     <span class='ocr_line' id='line_1_23' title="bbox 2156 885 3739 955; baseline -0.002 -14"><span class='ocrx_word' id='word_1_205' title='bbox 2156 887 2414 942; x_wconf 91' lang='lat' dir='ltr'><strong>Similiter</strong></span> <span class='ocrx_word' id='word_1_206' title='bbox 2458 896 2635 941; x_wconf 86' lang='lat' dir='ltr'><strong>autem</strong></span> <span class='ocrx_word' id='word_1_207' title='bbox 2664 895 2720 941; x_wconf 91' lang='lat' dir='ltr'><strong>et</strong></span> <span class='ocrx_word' id='word_1_208' title='bbox 2756 903 2887 943; x_wconf 24' lang='lat' dir='ltr'><strong>cum,</strong></span> <span class='ocrx_word' id='word_1_209' title='bbox 2910 886 3165 955; x_wconf 83' lang='lat' dir='ltr'><strong>privativa</strong></span> <span class='ocrx_word' id='word_1_210' title='bbox 3193 894 3274 941; x_wconf 79' lang='lat' dir='ltr'><strong>est</strong></span> <span class='ocrx_word' id='word_1_211' title='bbox 3298 903 3329 937; x_wconf 89' lang='lat' dir='ltr'><strong>a</strong></span> <span class='ocrx_word' id='word_1_212' title='bbox 3356 887 3385 938; x_wconf 73' lang='grc' dir='ltr'><strong>ὁ</strong></span> <span class='ocrx_word' id='word_1_213' title='bbox 3417 885 3739 954; x_wconf 83' lang='lat' dir='ltr'><strong>propositio,</strong></span> 
     </span>
    </p>
   </div>
   <div class='ocr_carea' id='block_1_24' title="bbox 2157 978 3740 1049">
    <p class='ocr_par' dir='ltr' id='par_1_24' title="bbox 2157 978 3740 1049">
     <span class='ocr_line' id='line_1_24' title="bbox 2157 978 3740 1049; baseline -0.003 -16"><span class='ocrx_word' id='word_1_214' title='bbox 2157 979 2410 1049; x_wconf 87' lang='lat' dir='ltr'><strong>possibile</strong></span> <span class='ocrx_word' id='word_1_215' title='bbox 2442 988 2526 1034; x_wconf 91' lang='lat' dir='ltr'><strong>est</strong></span> <span class='ocrx_word' id='word_1_216' title='bbox 2548 979 2689 1033; x_wconf 91' lang='lat' dir='ltr'><strong>enim</strong></span> <span class='ocrx_word' id='word_1_217' title='bbox 2738 995 2770 1031; x_wconf 89' lang='lat' dir='ltr'><strong>a</strong></span> <span class='ocrx_word' id='word_1_218' title='bbox 2813 979 2842 1031; x_wconf 75' lang='grc' dir='ltr'><strong><em>ὸ</em></strong></span> <span class='ocrx_word' id='word_1_219' title='bbox 2881 978 3096 1045; x_wconf 86' lang='lat' dir='ltr'><strong>quidem</strong></span> <span class='ocrx_word' id='word_1_220' title='bbox 3144 978 3239 1031; x_wconf 91' lang='lat' dir='ltr'><strong>toti</strong></span> <span class='ocrx_word' id='word_1_221' title='bbox 3272 979 3470 1042; x_wconf 85' lang='lat' dir='ltr'><strong>inesse,</strong></span> <span class='ocrx_word' id='word_1_222' title='bbox 3502 993 3530 1028; x_wconf 86' lang='lat' dir='ltr'><strong>c</strong></span> <span class='ocrx_word' id='word_1_223' title='bbox 3558 986 3740 1031; x_wconf 87' lang='lat' dir='ltr'><strong>autem</strong></span> 
     </span>
    </p>
   </div>
   <div class='ocr_carea' id='block_1_25' title="bbox 2160 1070 3743 1138">
    <p class='ocr_par' dir='ltr' id='par_1_25' title="bbox 2160 1070 3743 1138">
     <span class='ocr_line' id='line_1_25' title="bbox 2160 1070 3743 1138; baseline -0.001 -13"><span class='ocrx_word' id='word_1_224' title='bbox 2160 1074 2316 1128; x_wconf 89' lang='lat' dir='ltr'><strong>alicui</strong></span> <span class='ocrx_word' id='word_1_225' title='bbox 2361 1088 2466 1129; x_wconf 93' lang='lat' dir='ltr'><strong>non</strong></span> <span class='ocrx_word' id='word_1_226' title='bbox 2498 1073 2695 1138; x_wconf 68' lang='lat' dir='ltr'><strong>iucs&gt;e,</strong></span> <span class='ocrx_word' id='word_1_227' title='bbox 2729 1074 2757 1127; x_wconf 75' lang='grc' dir='ltr'><strong>ὁ</strong></span> <span class='ocrx_word' id='word_1_228' title='bbox 2792 1087 2921 1127; x_wconf 86' lang='lat' dir='ltr'><strong>vero</strong></span> <span class='ocrx_word' id='word_1_229' title='bbox 2947 1072 3104 1126; x_wconf 78' lang='lat' dir='ltr'><strong>alicui</strong></span> <span class='ocrx_word' id='word_1_230' title='bbox 3151 1088 3178 1125; x_wconf 83' lang='lat' dir='ltr'><strong>c</strong></span> <span class='ocrx_word' id='word_1_231' title='bbox 3206 1070 3405 1138; x_wconf 89' lang='lat' dir='ltr'><strong>inesse,</strong></span> <span class='ocrx_word' id='word_1_232' title='bbox 3438 1081 3499 1125; x_wconf 89' lang='lat' dir='ltr'><strong>ut</strong></span> <span class='ocrx_word' id='word_1_233' title='bbox 3540 1071 3743 1125; x_wconf 80' lang='lat' dir='ltr'><strong>animal</strong></span> 
     </span>
    </p>
   </div>
   <div class='ocr_carea' id='block_1_26' title="bbox 2158 1162 3737 1234">
    <p class='ocr_par' dir='ltr' id='par_1_26' title="bbox 2158 1162 3737 1234">
     <span class='ocr_line' id='line_1_26' title="bbox 2158 1162 3737 1234; baseline -0.001 -18"><span class='ocrx_word' id='word_1_234' title='bbox 2158 1162 2359 1218; x_wconf 86' lang='lat' dir='ltr'><strong>homini</strong></span> <span class='ocrx_word' id='word_1_235' title='bbox 2390 1163 2601 1234; x_wconf 84' lang='lat' dir='ltr'><strong>quidem</strong></span> <span class='ocrx_word' id='word_1_236' title='bbox 2624 1162 2770 1217; x_wconf 91' lang='lat' dir='ltr'><strong>omni</strong></span> <span class='ocrx_word' id='word_1_237' title='bbox 2800 1164 2958 1228; x_wconf 89' lang='lat' dir='ltr'><strong>inest,</strong></span> <span class='ocrx_word' id='word_1_238' title='bbox 2984 1163 3161 1217; x_wconf 87' lang='lat' dir='ltr'><strong>album</strong></span> <span class='ocrx_word' id='word_1_239' title='bbox 3184 1170 3364 1217; x_wconf 87' lang='lat' dir='ltr'><strong>autem</strong></span> <span class='ocrx_word' id='word_1_240' title='bbox 3392 1162 3609 1230; x_wconf 86' lang='lat' dir='ltr'><strong>aliquod</strong></span> <span class='ocrx_word' id='word_1_241' title='bbox 3628 1176 3737 1215; x_wconf 89' lang='lat' dir='ltr'><strong>non</strong></span> 
     </span>
    </p>
   </div>
   <div class='ocr_carea' id='block_1_27' title="bbox 2157 1252 3742 1325">
    <p class='ocr_par' dir='ltr' id='par_1_27' title="bbox 2157 1252 3742 1325">
     <span class='ocr_line' id='line_1_27' title="bbox 2157 1252 3742 1325; baseline -0.003 -17"><span class='ocrx_word' id='word_1_242' title='bbox 2157 1256 2417 1325; x_wconf 88' lang='lat' dir='ltr'><strong>sequitur,</strong></span> <span class='ocrx_word' id='word_1_243' title='bbox 2449 1254 2611 1309; x_wconf 88' lang='lat' dir='ltr'><strong>homo</strong></span> <span class='ocrx_word' id='word_1_244' title='bbox 2640 1269 2769 1308; x_wconf 91' lang='lat' dir='ltr'><strong>vero</strong></span> <span class='ocrx_word' id='word_1_245' title='bbox 2795 1255 2954 1310; x_wconf 85' lang='lat' dir='ltr'><strong>alicui</strong></span> <span class='ocrx_word' id='word_1_246' title='bbox 2998 1254 3117 1309; x_wconf 87' lang='lat' dir='ltr'><strong>albo</strong></span> <span class='ocrx_word' id='word_1_247' title='bbox 3146 1253 3319 1321; x_wconf 83' lang='lat' dir='ltr'><strong>inest;</strong></span> <span class='ocrx_word' id='word_1_248' title='bbox 3350 1267 3519 1322; x_wconf 89' lang='lat' dir='ltr'><strong>quare</strong></span> <span class='ocrx_word' id='word_1_249' title='bbox 3545 1252 3593 1306; x_wconf 79' lang='lat' dir='ltr'><strong>si</strong></span> <span class='ocrx_word' id='word_1_250' title='bbox 3623 1267 3742 1305; x_wconf 82' lang='lat' dir='ltr'><strong>me-</strong></span> 
     </span>
    </p>
   </div>
   <div class='ocr_carea' id='block_1_28' title="bbox 2158 1347 3743 1419">
    <p class='ocr_par' dir='ltr' id='par_1_28' title="bbox 2158 1347 3743 1419">
     <span class='ocr_line' id='line_1_28' title="bbox 2158 1347 3743 1419; baseline -0.003 -16"><span class='ocrx_word' id='word_1_251' title='bbox 2158 1349 2246 1404; x_wconf 92' lang='lat' dir='ltr'><strong>dio</strong></span> <span class='ocrx_word' id='word_1_252' title='bbox 2270 1350 2442 1419; x_wconf 89' lang='lat' dir='ltr'><strong>posito</strong></span> <span class='ocrx_word' id='word_1_253' title='bbox 2465 1351 2677 1406; x_wconf 88' lang='lat' dir='ltr'><strong>homine</strong></span> <span class='ocrx_word' id='word_1_254' title='bbox 2705 1363 2947 1406; x_wconf 86' lang='lat' dir='ltr'><strong>sumatur</strong></span> <span class='ocrx_word' id='word_1_255' title='bbox 2972 1366 3003 1403; x_wconf 87' lang='lat' dir='ltr'><strong>a</strong></span> <span class='ocrx_word' id='word_1_256' title='bbox 3043 1350 3173 1403; x_wconf 90' lang='lat' dir='ltr'><strong>nulli</strong></span> <span class='ocrx_word' id='word_1_257' title='bbox 3200 1350 3229 1403; x_wconf 84' lang='lat' dir='ltr'><strong>b</strong></span> <span class='ocrx_word' id='word_1_258' title='bbox 3255 1349 3457 1412; x_wconf 88' lang='lat' dir='ltr'><strong>inesse,</strong></span> <span class='ocrx_word' id='word_1_259' title='bbox 3509 1357 3560 1402; x_wconf 91' lang='lat' dir='ltr'><strong>et</strong></span> <span class='ocrx_word' id='word_1_260' title='bbox 3585 1350 3613 1400; x_wconf 87' lang='lat' dir='ltr'><strong>b</strong></span> <span class='ocrx_word' id='word_1_261' title='bbox 3639 1347 3743 1400; x_wconf 64' lang='lat' dir='ltr'><strong>alio</strong></span> 
     </span>
    </p>
   </div>
   <div class='ocr_carea' id='block_1_29' title="bbox 2158 1439 3745 1519">
    <p class='ocr_par' dir='ltr' id='par_1_29' title="bbox 2158 1439 3745 1519">
     <span class='ocr_line' id='line_1_29' title="bbox 2158 1439 3745 1519; baseline 0.001 -27"><span class='ocrx_word' id='word_1_262' title='bbox 2158 1442 2241 1493; x_wconf 80' lang='lat' dir='ltr'><strong>cui</strong></span> <span class='ocrx_word' id='word_1_263' title='bbox 2272 1456 2321 1506; x_wconf 90' lang='lat' dir='ltr'><strong>c,</strong></span> <span class='ocrx_word' id='word_1_264' title='bbox 2343 1455 2467 1497; x_wconf 83' lang='lat' dir='ltr'><strong>vera</strong></span> <span class='ocrx_word' id='word_1_265' title='bbox 2500 1441 2561 1497; x_wconf 77' lang='lat' dir='ltr'><strong>ﬁt</strong></span> <span class='ocrx_word' id='word_1_266' title='bbox 2580 1442 2874 1507; x_wconf 91' lang='lat' dir='ltr'><strong>conclusio,</strong></span> <span class='ocrx_word' id='word_1_267' title='bbox 2898 1457 3019 1497; x_wconf 92' lang='lat' dir='ltr'><strong>cum</strong></span> <span class='ocrx_word' id='word_1_268' title='bbox 3045 1443 3115 1496; x_wconf 89' lang='lat' dir='ltr'><strong>sit</strong></span> <span class='ocrx_word' id='word_1_269' title='bbox 3142 1450 3248 1519; x_wconf 83' lang='lat' dir='ltr'><strong>tota</strong></span> <span class='ocrx_word' id='word_1_270' title='bbox 3275 1440 3405 1494; x_wconf 89' lang='lat' dir='ltr'><strong>falsa</strong></span> <span class='ocrx_word' id='word_1_271' title='bbox 3432 1456 3465 1491; x_wconf 91' lang='lat' dir='ltr'><strong>a</strong></span> <span class='ocrx_word' id='word_1_272' title='bbox 3492 1439 3521 1491; x_wconf 76' lang='grc' dir='ltr'><strong><em>ὸ</em></strong></span> <span class='ocrx_word' id='word_1_273' title='bbox 3550 1454 3745 1509; x_wconf 86' lang='lat' dir='ltr'><strong>propo-</strong></span> 
     </span>
    </p>
   </div>
   <div class='ocr_carea' id='block_1_30' title="bbox 2160 1532 3745 1604">
    <p class='ocr_par' dir='ltr' id='par_1_30' title="bbox 2160 1532 3745 1604">
     <span class='ocr_line' id='line_1_30' title="bbox 2160 1532 3745 1604; baseline -0.001 -19"><span class='ocrx_word' id='word_1_274' title='bbox 2160 1533 2303 1587; x_wconf 85' lang='lat' dir='ltr'><strong>sitio.</strong></span> <span class='ocrx_word' id='word_1_275' title='bbox 2348 1534 2415 1589; x_wconf 86' lang='lat' dir='ltr'><strong>Et</strong></span> <span class='ocrx_word' id='word_1_276' title='bbox 2454 1535 2498 1589; x_wconf 88' lang='lat' dir='ltr'><strong>si</strong></span> <span class='ocrx_word' id='word_1_277' title='bbox 2540 1536 2592 1588; x_wconf 94' lang='lat' dir='ltr'><strong>in</strong></span> <span class='ocrx_word' id='word_1_278' title='bbox 2638 1536 2815 1604; x_wconf 89' lang='lat' dir='ltr'><strong>aliquo</strong></span> <span class='ocrx_word' id='word_1_279' title='bbox 2865 1536 2934 1589; x_wconf 88' lang='lat' dir='ltr'><strong>sit</strong></span> <span class='ocrx_word' id='word_1_280' title='bbox 2963 1537 3093 1590; x_wconf 83' lang='lat' dir='ltr'><strong>falsa</strong></span> <span class='ocrx_word' id='word_1_281' title='bbox 3140 1551 3171 1587; x_wconf 91' lang='lat' dir='ltr'><strong>a</strong></span> <span class='ocrx_word' id='word_1_282' title='bbox 3219 1534 3247 1587; x_wconf 88' lang='lat' dir='ltr'><strong>b</strong></span> <span class='ocrx_word' id='word_1_283' title='bbox 3286 1532 3603 1603; x_wconf 79' lang='lat' dir='ltr'><strong>propositio,</strong></span> <span class='ocrx_word' id='word_1_284' title='bbox 3636 1533 3665 1585; x_wconf 72' lang='grc' dir='ltr'><em>ι</em></span> <span class='ocrx_word' id='word_1_285' title='bbox 3717 1548 3745 1584; x_wconf 89' lang='lat' dir='ltr'><strong>c</strong></span> 
     </span>
    </p>
   </div>
   <div class='ocr_carea' id='block_1_31' title="bbox 2163 1629 3745 1699">
    <p class='ocr_par' dir='ltr' id='par_1_31' title="bbox 2163 1629 3745 1699">
     <span class='ocr_line' id='line_1_31' title="bbox 2163 1629 3745 1699; baseline 0.001 -18"><span class='ocrx_word' id='word_1_286' title='bbox 2163 1642 2285 1683; x_wconf 90' lang='lat' dir='ltr'><strong>vera</strong></span> <span class='ocrx_word' id='word_1_287' title='bbox 2312 1629 2595 1695; x_wconf 81' lang='lat' dir='ltr'><strong>existente,</strong></span> <span class='ocrx_word' id='word_1_288' title='bbox 2626 1631 2726 1686; x_wconf 90' lang='lat' dir='ltr'><strong>erit</strong></span> <span class='ocrx_word' id='word_1_289' title='bbox 2756 1631 3031 1687; x_wconf 90' lang='lat' dir='ltr'><strong>conclusio</strong></span> <span class='ocrx_word' id='word_1_290' title='bbox 3056 1646 3203 1687; x_wconf 91' lang='lat' dir='ltr'><strong>vera.</strong></span> <span class='ocrx_word' id='word_1_291' title='bbox 3230 1631 3370 1685; x_wconf 79' lang='lat' dir='ltr'><strong>Nihil</strong></span> <span class='ocrx_word' id='word_1_292' title='bbox 3390 1632 3534 1685; x_wconf 91' lang='lat' dir='ltr'><strong>enim</strong></span> <span class='ocrx_word' id='word_1_293' title='bbox 3564 1630 3745 1699; x_wconf 85' lang='lat' dir='ltr'><strong>prohi-</strong></span> 
     </span>
    </p>
   </div>
   <div class='ocr_carea' id='block_1_32' title="bbox 2164 1720 3746 1790">
    <p class='ocr_par' dir='ltr' id='par_1_32' title="bbox 2164 1720 3746 1790">
     <span class='ocr_line' id='line_1_32' title="bbox 2164 1720 3746 1790; baseline 0.003 -18"><span class='ocrx_word' id='word_1_294' title='bbox 2164 1721 2251 1774; x_wconf 87' lang='lat' dir='ltr'><strong>bet</strong></span> <span class='ocrx_word' id='word_1_295' title='bbox 2285 1736 2338 1787; x_wconf 88' lang='lat' dir='ltr'><strong>a,</strong></span> <span class='ocrx_word' id='word_1_296' title='bbox 2369 1732 2421 1774; x_wconf 90' lang='lat' dir='ltr'><strong>et</strong></span> <span class='ocrx_word' id='word_1_297' title='bbox 2448 1720 2498 1786; x_wconf 85' lang='lat' dir='ltr'><strong>b,</strong></span> <span class='ocrx_word' id='word_1_298' title='bbox 2521 1734 2647 1790; x_wconf 86' lang='lat' dir='ltr'><strong>etc,</strong></span> <span class='ocrx_word' id='word_1_299' title='bbox 2682 1723 2836 1776; x_wconf 79' lang='lat' dir='ltr'><strong>alicui</strong></span> <span class='ocrx_word' id='word_1_300' title='bbox 2879 1724 3075 1790; x_wconf 88' lang='lat' dir='ltr'><strong>inesse,</strong></span> <span class='ocrx_word' id='word_1_301' title='bbox 3107 1726 3136 1777; x_wconf 73' lang='grc' dir='ltr'><strong>ὁ</strong></span> <span class='ocrx_word' id='word_1_302' title='bbox 3167 1735 3343 1777; x_wconf 89' lang='lat' dir='ltr'><strong>autem</strong></span> <span class='ocrx_word' id='word_1_303' title='bbox 3387 1724 3544 1778; x_wconf 77' lang='lat' dir='ltr'><strong>alicui</strong></span> <span class='ocrx_word' id='word_1_304' title='bbox 3587 1739 3635 1787; x_wconf 75' lang='grc' dir='ltr'><strong>ε,</strong></span> <span class='ocrx_word' id='word_1_305' title='bbox 3688 1731 3746 1777; x_wconf 86' lang='lat' dir='ltr'><strong>ut</strong></span> 
     </span>
    </p>
   </div>
   <div class='ocr_carea' id='block_1_33' title="bbox 478 1806 3742 1887">
    <p class='ocr_par' dir='ltr' id='par_1_33' title="bbox 478 1806 3742 1887">
     <span class='ocr_line' id='line_1_33' title="bbox 478 1806 3742 1887; baseline -0.004 -4"><span class='ocrx_word' id='word_1_306' title='bbox 478 1834 556 1883; x_wconf 70' lang='lat' dir='ltr'><strong>Sa.</strong></span> <span class='ocrx_word' id='word_1_307' title='bbox 612 1815 724 1873; x_wconf 63' lang='lat' dir='ltr'><strong>Sive</strong></span> <span class='ocrx_word' id='word_1_308' title='bbox 770 1812 1107 1875; x_wconf 69' lang='grc' dir='ltr'><strong>θίῖίτηηιιίνειν</strong></span> <span class='ocrx_word' id='word_1_309' title='bbox 1158 1811 1268 1863; x_wconf 53' lang='lat' dir='ltr'><strong>Si“?</strong></span> <span class='ocrx_word' id='word_1_310' title='bbox 1327 1808 1604 1877; x_wconf 67' lang='grc' dir='ltr'><strong>βτῖναιίνίιν</strong></span> <span class='ocrx_word' id='word_1_311' title='bbox 1652 1806 1822 1861; x_wconf 64' lang='grc' dir='ltr'><strong>Μιετὲ</strong></span> <span class='ocrx_word' id='word_1_312' title='bbox 1874 1813 2055 1859; x_wconf 68' lang='lat' dir='ltr'><strong>amem</strong></span> <span class='ocrx_word' id='word_1_313' title='bbox 2093 1812 2138 1870; x_wconf 83' lang='grc' dir='ltr'><strong>Β</strong></span> <span class='ocrx_word' id='word_1_314' title='bbox 2167 1813 2359 1867; x_wconf 84' lang='lat' dir='ltr'><strong>animal</strong></span> <span class='ocrx_word' id='word_1_315' title='bbox 2381 1813 2536 1867; x_wconf 89' lang='lat' dir='ltr'><strong>alicui</strong></span> <span class='ocrx_word' id='word_1_316' title='bbox 2566 1815 2811 1883; x_wconf 87' lang='lat' dir='ltr'><strong>pulchro,</strong></span> <span class='ocrx_word' id='word_1_317' title='bbox 2846 1826 2898 1871; x_wconf 89' lang='lat' dir='ltr'><strong>et</strong></span> <span class='ocrx_word' id='word_1_318' title='bbox 2934 1817 3091 1872; x_wconf 87' lang='lat' dir='ltr'><strong>alicui</strong></span> <span class='ocrx_word' id='word_1_319' title='bbox 3134 1832 3348 1887; x_wconf 83' lang='lat' dir='ltr'><strong>magno,</strong></span> <span class='ocrx_word' id='word_1_320' title='bbox 3377 1826 3429 1870; x_wconf 86' lang='lat' dir='ltr'><strong>et</strong></span> <span class='ocrx_word' id='word_1_321' title='bbox 3458 1818 3742 1885; x_wconf 87' lang='lat' dir='ltr'><strong>pulchrum</strong></span> 
     </span>
    </p>
   </div>
   <div class='ocr_carea' id='block_1_34' title="bbox 478 1897 2050 1973">
    <p class='ocr_par' dir='ltr' id='par_1_34' title="bbox 478 1897 2050 1973">
     <span class='ocr_line' id='line_1_34' title="bbox 478 1897 2050 1973; baseline -0.009 -12"><span class='ocrx_word' id='word_1_322' title='bbox 478 1922 625 1973; x_wconf 88' lang='lat' dir='ltr'><strong>vera,</strong></span> <span class='ocrx_word' id='word_1_323' title='bbox 661 1921 763 1959; x_wconf 91' lang='lat' dir='ltr'><strong>non</strong></span> <span class='ocrx_word' id='word_1_324' title='bbox 793 1904 987 1956; x_wconf 90' lang='lat' dir='ltr'><strong>litvera</strong></span> <span class='ocrx_word' id='word_1_325' title='bbox 1018 1900 1311 1955; x_wconf 87' lang='lat' dir='ltr'><strong>conclusio.</strong></span> <span class='ocrx_word' id='word_1_326' title='bbox 1348 1897 1462 1952; x_wconf 64' lang='lat' dir='ltr'><strong>Non</strong></span> <span class='ocrx_word' id='word_1_327' title='bbox 1496 1905 1603 1951; x_wconf 89' lang='lat' dir='ltr'><strong>tota</strong></span> <span class='ocrx_word' id='word_1_328' title='bbox 1635 1906 1809 1950; x_wconf 88' lang='lat' dir='ltr'><strong>autem</strong></span> <span class='ocrx_word' id='word_1_329' title='bbox 1840 1903 2050 1962; x_wconf 87' lang='lat' dir='ltr'><strong>sumpta</strong></span> 
     </span>
    </p>
   </div>
   <div class='ocr_carea' id='block_1_35' title="bbox 478 1987 2056 2059">
    <p class='ocr_par' dir='ltr' id='par_1_35' title="bbox 478 1987 2056 2059">
     <span class='ocr_line' id='line_1_35' title="bbox 478 1987 2056 2059; baseline -0.01 -6"><span class='ocrx_word' id='word_1_330' title='bbox 478 1999 628 2059; x_wconf 86' lang='lat' dir='ltr'><strong>falsa.</strong></span> <span class='ocrx_word' id='word_1_331' title='bbox 662 1997 762 2052; x_wconf 88' lang='lat' dir='ltr'><strong>erit</strong></span> <span class='ocrx_word' id='word_1_332' title='bbox 795 2012 808 2048; x_wconf 90' lang='lat'><strong>:</strong></span> <span class='ocrx_word' id='word_1_333' title='bbox 843 2008 962 2048; x_wconf 91' lang='lat' dir='ltr'><strong>nam</strong></span> <span class='ocrx_word' id='word_1_334' title='bbox 1004 1992 1049 2046; x_wconf 91' lang='lat' dir='ltr'><strong>si</strong></span> <span class='ocrx_word' id='word_1_335' title='bbox 1096 2008 1124 2043; x_wconf 83' lang='grc' dir='ltr'><em>α</em></span> <span class='ocrx_word' id='word_1_336' title='bbox 1151 2008 1177 2044; x_wconf 85' lang='lat' dir='ltr'><strong>c</strong></span> <span class='ocrx_word' id='word_1_337' title='bbox 1201 1989 1288 2059; x_wconf 89' lang='lat' dir='ltr'><strong>qui</strong></span> <span class='ocrx_word' id='word_1_338' title='bbox 1312 1991 1413 2043; x_wconf 88' lang='lat' dir='ltr'><strong>lem</strong></span> <span class='ocrx_word' id='word_1_339' title='bbox 1444 1988 1587 2042; x_wconf 91' lang='lat' dir='ltr'><strong>omni</strong></span> <span class='ocrx_word' id='word_1_340' title='bbox 1628 1987 1789 2051; x_wconf 90' lang='lat' dir='ltr'><strong>inest,</strong></span> <span class='ocrx_word' id='word_1_341' title='bbox 1822 1987 1850 2038; x_wconf 88' lang='lat' dir='ltr'><strong>b</strong></span> <span class='ocrx_word' id='word_1_342' title='bbox 1879 1996 2056 2039; x_wconf 86' lang='lat' dir='ltr'><strong>autem</strong></span> 
     </span>
    </p>
   </div>
   <div class='ocr_carea' id='block_1_36' title="bbox 476 2074 2059 2152">
    <p class='ocr_par' dir='ltr' id='par_1_36' title="bbox 476 2074 2059 2152">
     <span class='ocr_line' id='line_1_36' title="bbox 476 2074 2059 2152; baseline -0.01 -10"><span class='ocrx_word' id='word_1_343' title='bbox 476 2088 655 2152; x_wconf 62' lang='lat' dir='ltr'><strong>alirui,</strong></span> <span class='ocrx_word' id='word_1_344' title='bbox 689 2086 714 2139; x_wconf 91' lang='lat' dir='ltr'><strong>b</strong></span> <span class='ocrx_word' id='word_1_345' title='bbox 746 2092 923 2139; x_wconf 88' lang='lat' dir='ltr'><strong>autem</strong></span> <span class='ocrx_word' id='word_1_346' title='bbox 951 2081 1098 2137; x_wconf 76' lang='lat' dir='ltr'><strong>omni</strong></span> <span class='ocrx_word' id='word_1_347' title='bbox 1147 2096 1192 2144; x_wconf 88' lang='lat' dir='ltr'><strong>c,</strong></span> <span class='ocrx_word' id='word_1_348' title='bbox 1251 2088 1307 2132; x_wconf 91' lang='lat' dir='ltr'><strong>ut</strong></span> <span class='ocrx_word' id='word_1_349' title='bbox 1359 2078 1575 2140; x_wconf 86' lang='lat' dir='ltr'><strong>animal,</strong></span> <span class='ocrx_word' id='word_1_350' title='bbox 1622 2091 1795 2147; x_wconf 81' lang='lat' dir='ltr'><strong>cygno</strong></span> <span class='ocrx_word' id='word_1_351' title='bbox 1843 2074 2059 2145; x_wconf 83' lang='lat' dir='ltr'><strong>quidem</strong></span> 
     </span>
    </p>
   </div>
   <div class='ocr_carea' id='block_1_37' title="bbox 475 2165 2054 2241">
    <p class='ocr_par' dir='ltr' id='par_1_37' title="bbox 475 2165 2054 2241">
     <span class='ocr_line' id='line_1_37' title="bbox 475 2165 2054 2241; baseline -0.01 -7"><span class='ocrx_word' id='word_1_352' title='bbox 475 2179 643 2241; x_wconf 89' lang='lat' dir='ltr'><strong>omni,</strong></span> <span class='ocrx_word' id='word_1_353' title='bbox 672 2177 793 2231; x_wconf 88' lang='lat' dir='ltr'><strong>albo</strong></span> <span class='ocrx_word' id='word_1_354' title='bbox 824 2187 998 2228; x_wconf 88' lang='lat' dir='ltr'><strong>autem</strong></span> <span class='ocrx_word' id='word_1_355' title='bbox 1029 2169 1207 2237; x_wconf 82' lang='lat' dir='ltr'><strong>alicui,</strong></span> <span class='ocrx_word' id='word_1_356' title='bbox 1240 2169 1419 2223; x_wconf 89' lang='lat' dir='ltr'><strong>album</strong></span> <span class='ocrx_word' id='word_1_357' title='bbox 1467 2178 1644 2222; x_wconf 88' lang='lat' dir='ltr'><strong>autem</strong></span> <span class='ocrx_word' id='word_1_358' title='bbox 1686 2165 1830 2219; x_wconf 89' lang='lat' dir='ltr'><strong>omni</strong></span> <span class='ocrx_word' id='word_1_359' title='bbox 1859 2179 2054 2235; x_wconf 77' lang='lat' dir='ltr'><strong>Cygno,</strong></span> 
     </span>
    </p>
   </div>
   <div class='ocr_carea' id='block_1_38' title="bbox 474 2255 2059 2331">
    <p class='ocr_par' dir='ltr' id='par_1_38' title="bbox 474 2255 2059 2331">
     <span class='ocr_line' id='line_1_38' title="bbox 474 2255 2059 2331; baseline -0.013 -5"><span class='ocrx_word' id='word_1_360' title='bbox 474 2270 521 2325; x_wconf 89' lang='lat' dir='ltr'><strong>si</strong></span> <span class='ocrx_word' id='word_1_361' title='bbox 552 2277 791 2325; x_wconf 87' lang='lat' dir='ltr'><strong>sumatur</strong></span> <span class='ocrx_word' id='word_1_362' title='bbox 828 2282 859 2318; x_wconf 91' lang='lat' dir='ltr'><strong>a</strong></span> <span class='ocrx_word' id='word_1_363' title='bbox 886 2262 1031 2319; x_wconf 91' lang='lat' dir='ltr'><strong>omni</strong></span> <span class='ocrx_word' id='word_1_364' title='bbox 1055 2262 1105 2324; x_wconf 85' lang='lat' dir='ltr'><strong>b,</strong></span> <span class='ocrx_word' id='word_1_365' title='bbox 1137 2271 1189 2315; x_wconf 90' lang='lat' dir='ltr'><strong>et</strong></span> <span class='ocrx_word' id='word_1_366' title='bbox 1228 2261 1255 2313; x_wconf 91' lang='lat' dir='ltr'><strong>b</strong></span> <span class='ocrx_word' id='word_1_367' title='bbox 1288 2259 1429 2312; x_wconf 88' lang='lat' dir='ltr'><strong>omni</strong></span> <span class='ocrx_word' id='word_1_368' title='bbox 1483 2273 1529 2322; x_wconf 84' lang='lat' dir='ltr'><strong>c,</strong></span> <span class='ocrx_word' id='word_1_369' title='bbox 1566 2274 1612 2331; x_wconf 11' lang='lat' dir='ltr'><strong>Aa</strong></span> <span class='ocrx_word' id='word_1_370' title='bbox 1666 2257 1808 2310; x_wconf 89' lang='lat' dir='ltr'><strong>omni</strong></span> <span class='ocrx_word' id='word_1_371' title='bbox 1845 2274 1869 2308; x_wconf 80' lang='grc' dir='ltr'><em>ε</em></span> <span class='ocrx_word' id='word_1_372' title='bbox 1898 2255 2059 2309; x_wconf 87' lang='lat' dir='ltr'><strong>inerit</strong></span> 
     </span>
    </p>
   </div>
   <div class='ocr_carea' id='block_1_39' title="bbox 475 2347 2055 2424">
    <p class='ocr_par' dir='ltr' id='par_1_39' title="bbox 475 2347 2055 2424">
     <span class='ocr_line' id='line_1_39' title="bbox 475 2347 2055 2424; baseline -0.011 -8"><span class='ocrx_word' id='word_1_373' title='bbox 475 2376 623 2424; x_wconf 84' lang='lat' dir='ltr'><strong>vere,</strong></span> <span class='ocrx_word' id='word_1_374' title='bbox 662 2357 854 2423; x_wconf 85' lang='lat' dir='ltr'><strong>omnis</strong></span> <span class='ocrx_word' id='word_1_375' title='bbox 891 2355 1032 2408; x_wconf 87' lang='lat' dir='ltr'><strong>enim</strong></span> <span class='ocrx_word' id='word_1_376' title='bbox 1063 2365 1265 2422; x_wconf 81' lang='lat' dir='ltr'><strong>cygnus</strong></span> <span class='ocrx_word' id='word_1_377' title='bbox 1308 2349 1525 2423; x_wconf 81' lang='lat' dir='ltr'><strong>animal.</strong></span> <span class='ocrx_word' id='word_1_378' title='bbox 1567 2347 1824 2401; x_wconf 70' lang='lat' dir='ltr'><strong>Similiter</strong></span> <span class='ocrx_word' id='word_1_379' title='bbox 1878 2354 2055 2399; x_wconf 75' lang='lat' dir='ltr'><strong>autem</strong></span> 
     </span>
    </p>
   </div>
   <div class='ocr_carea' id='block_1_40' title="bbox 476 2434 2055 2516">
    <p class='ocr_par' dir='ltr' id='par_1_40' title="bbox 476 2434 2055 2516">
     <span class='ocr_line' id='line_1_40' title="bbox 476 2434 2055 2516; baseline -0.011 -12"><span class='ocrx_word' id='word_1_380' title='bbox 476 2434 532 2504; x_wconf 86' lang='lat' dir='ltr'><strong>et</strong></span> <span class='ocrx_word' id='word_1_381' title='bbox 552 2450 597 2503; x_wconf 88' lang='lat' dir='ltr'><strong>si</strong></span> <span class='ocrx_word' id='word_1_382' title='bbox 627 2446 883 2516; x_wconf 86' lang='lat' dir='ltr'><strong>privativa</strong></span> <span class='ocrx_word' id='word_1_383' title='bbox 911 2444 979 2497; x_wconf 90' lang='lat' dir='ltr'><strong>sit</strong></span> <span class='ocrx_word' id='word_1_384' title='bbox 1006 2461 1035 2495; x_wconf 81' lang='grc' dir='ltr'><em>α</em></span> <span class='ocrx_word' id='word_1_385' title='bbox 1067 2442 1095 2494; x_wconf 89' lang='lat' dir='ltr'><strong>b</strong></span> <span class='ocrx_word' id='word_1_386' title='bbox 1121 2457 1139 2506; x_wconf 85' lang='lat'><strong><em>;</em></strong></span> <span class='ocrx_word' id='word_1_387' title='bbox 1170 2438 1426 2509; x_wconf 89' lang='lat' dir='ltr'><strong>possibile</strong></span> <span class='ocrx_word' id='word_1_388' title='bbox 1452 2448 1528 2491; x_wconf 88' lang='lat' dir='ltr'><strong>est</strong></span> <span class='ocrx_word' id='word_1_389' title='bbox 1557 2437 1698 2491; x_wconf 88' lang='lat' dir='ltr'><strong>enim</strong></span> <span class='ocrx_word' id='word_1_390' title='bbox 1730 2453 1761 2488; x_wconf 90' lang='lat' dir='ltr'><strong>a</strong></span> <span class='ocrx_word' id='word_1_391' title='bbox 1785 2437 1811 2489; x_wconf 80' lang='grc' dir='ltr'>ιν</span> <span class='ocrx_word' id='word_1_392' title='bbox 1844 2434 2055 2504; x_wconf 91' lang='lat' dir='ltr'><strong>quidem</strong></span> 
     </span>
    </p>
   </div>
   <div class='ocr_carea' id='block_1_41' title="bbox 477 2528 2055 2601">
    <p class='ocr_par' dir='ltr' id='par_1_41' title="bbox 477 2528 2055 2601">
     <span class='ocr_line' id='line_1_41' title="bbox 477 2528 2055 2601; baseline -0.01 -6"><span class='ocrx_word' id='word_1_393' title='bbox 477 2542 629 2596; x_wconf 88' lang='lat' dir='ltr'><strong>alicui</strong></span> <span class='ocrx_word' id='word_1_394' title='bbox 661 2540 858 2601; x_wconf 89' lang='lat' dir='ltr'><strong>inesse,</strong></span> <span class='ocrx_word' id='word_1_395' title='bbox 899 2553 924 2588; x_wconf 82' lang='grc' dir='ltr'><em>ε</em></span> <span class='ocrx_word' id='word_1_396' title='bbox 967 2551 1091 2590; x_wconf 89' lang='lat' dir='ltr'><strong>vero</strong></span> <span class='ocrx_word' id='word_1_397' title='bbox 1135 2532 1286 2596; x_wconf 92' lang='lat' dir='ltr'><strong>nulli,</strong></span> <span class='ocrx_word' id='word_1_398' title='bbox 1334 2532 1364 2583; x_wconf 88' lang='lat' dir='ltr'><strong>b</strong></span> <span class='ocrx_word' id='word_1_399' title='bbox 1394 2542 1570 2585; x_wconf 88' lang='lat' dir='ltr'><strong>autem</strong></span> <span class='ocrx_word' id='word_1_400' title='bbox 1599 2529 1743 2583; x_wconf 89' lang='lat' dir='ltr'><strong>omni</strong></span> <span class='ocrx_word' id='word_1_401' title='bbox 1774 2545 1820 2595; x_wconf 77' lang='lat' dir='ltr'><strong>r,</strong></span> <span class='ocrx_word' id='word_1_402' title='bbox 1855 2538 1911 2581; x_wconf 90' lang='lat' dir='ltr'><strong>ut</strong></span> <span class='ocrx_word' id='word_1_403' title='bbox 1939 2528 2055 2581; x_wconf 83' lang='lat' dir='ltr'><strong>ani-</strong></span> 
     </span>
    </p>
   </div>
   <div class='ocr_carea' id='block_1_42' title="bbox 479 2620 2055 2694">
    <p class='ocr_par' dir='ltr' id='par_1_42' title="bbox 479 2620 2055 2694">
     <span class='ocr_line' id='line_1_42' title="bbox 479 2620 2055 2694; baseline -0.009 -7"><span class='ocrx_word' id='word_1_404' title='bbox 479 2634 583 2687; x_wconf 89' lang='lat' dir='ltr'><strong>mal</strong></span> <span class='ocrx_word' id='word_1_405' title='bbox 631 2632 788 2686; x_wconf 86' lang='lat' dir='ltr'><strong>alicui</strong></span> <span class='ocrx_word' id='word_1_406' title='bbox 841 2630 984 2694; x_wconf 90' lang='lat' dir='ltr'><strong>albo,</strong></span> <span class='ocrx_word' id='word_1_407' title='bbox 1020 2626 1127 2682; x_wconf 90' lang='lat' dir='ltr'><strong>nivi</strong></span> <span class='ocrx_word' id='word_1_408' title='bbox 1155 2639 1282 2679; x_wconf 89' lang='lat' dir='ltr'><strong>vero</strong></span> <span class='ocrx_word' id='word_1_409' title='bbox 1326 2624 1480 2687; x_wconf 72' lang='lat' dir='ltr'><strong>nulli&quot;,</strong></span> <span class='ocrx_word' id='word_1_410' title='bbox 1532 2622 1707 2674; x_wconf 89' lang='lat' dir='ltr'><strong>albmn</strong></span> <span class='ocrx_word' id='word_1_411' title='bbox 1741 2635 1867 2675; x_wconf 89' lang='lat' dir='ltr'><strong>vero</strong></span> <span class='ocrx_word' id='word_1_412' title='bbox 1911 2620 2055 2674; x_wconf 73' lang='lat' dir='ltr'><strong>omni</strong></span> 
     </span>
    </p>
   </div>
   <div class='ocr_carea' id='block_1_43' title="bbox 476 2710 2055 2791">
    <p class='ocr_par' dir='ltr' id='par_1_43' title="bbox 476 2710 2055 2791">
     <span class='ocr_line' id='line_1_43' title="bbox 476 2710 2055 2791; baseline -0.011 -12"><span class='ocrx_word' id='word_1_413' title='bbox 476 2722 613 2790; x_wconf 87' lang='lat' dir='ltr'><strong>nivi;</strong></span> <span class='ocrx_word' id='word_1_414' title='bbox 649 2723 694 2777; x_wconf 88' lang='lat' dir='ltr'><strong>si</strong></span> <span class='ocrx_word' id='word_1_415' title='bbox 745 2736 873 2791; x_wconf 82' lang='lat' dir='ltr'><strong>ergo</strong></span> <span class='ocrx_word' id='word_1_416' title='bbox 926 2728 1167 2773; x_wconf 89' lang='lat' dir='ltr'><strong>sumatur</strong></span> <span class='ocrx_word' id='word_1_417' title='bbox 1208 2731 1239 2768; x_wconf 90' lang='lat' dir='ltr'><strong>a</strong></span> <span class='ocrx_word' id='word_1_418' title='bbox 1282 2713 1495 2784; x_wconf 80' lang='lat' dir='ltr'><strong>quidem</strong></span> <span class='ocrx_word' id='word_1_419' title='bbox 1544 2711 1672 2765; x_wconf 92' lang='lat' dir='ltr'><strong>nulli</strong></span> <span class='ocrx_word' id='word_1_420' title='bbox 1706 2710 1754 2777; x_wconf 88' lang='lat' dir='ltr'><strong>b,</strong></span> <span class='ocrx_word' id='word_1_421' title='bbox 1804 2712 1831 2763; x_wconf 88' lang='lat' dir='ltr'><strong>b</strong></span> <span class='ocrx_word' id='word_1_422' title='bbox 1880 2720 2055 2763; x_wconf 87' lang='lat' dir='ltr'><strong>autem</strong></span> 
     </span>
    </p>
   </div>
   <div class='ocr_carea' id='block_1_44' title="bbox 448 2802 2065 2880">
    <p class='ocr_par' dir='ltr' id='par_1_44' title="bbox 448 2802 2065 2880">
     <span class='ocr_line' id='line_1_44' title="bbox 448 2802 2065 2880; baseline -0.01 -11"><span class='ocrx_word' id='word_1_423' title='bbox 448 2815 622 2869; x_wconf 49' lang='lat' dir='ltr'><strong>nomni</strong></span> <span class='ocrx_word' id='word_1_424' title='bbox 648 2831 696 2880; x_wconf 75' lang='grc' dir='ltr'><strong>τ,</strong></span> <span class='ocrx_word' id='word_1_425' title='bbox 728 2829 759 2867; x_wconf 86' lang='lat' dir='ltr'><strong>a</strong></span> <span class='ocrx_word' id='word_1_426' title='bbox 783 2813 911 2867; x_wconf 92' lang='lat' dir='ltr'><strong>nulli</strong></span> <span class='ocrx_word' id='word_1_427' title='bbox 943 2827 969 2864; x_wconf 77' lang='grc' dir='ltr'><strong><em>ο</em></strong></span> <span class='ocrx_word' id='word_1_428' title='bbox 1000 2808 1177 2863; x_wconf 88' lang='lat' dir='ltr'><strong>inerit.</strong></span> <span class='ocrx_word' id='word_1_429' title='bbox 1211 2804 1265 2860; x_wconf 91' lang='lat' dir='ltr'><strong>Si</strong></span> <span class='ocrx_word' id='word_1_430' title='bbox 1297 2812 1471 2858; x_wconf 88' lang='lat' dir='ltr'><strong>autem</strong></span> <span class='ocrx_word' id='word_1_431' title='bbox 1503 2820 1533 2856; x_wconf 90' lang='lat' dir='ltr'><strong>a</strong></span> <span class='ocrx_word' id='word_1_432' title='bbox 1557 2802 1584 2855; x_wconf 92' lang='lat' dir='ltr'><strong>b</strong></span> <span class='ocrx_word' id='word_1_433' title='bbox 1607 2802 1820 2871; x_wconf 87' lang='lat' dir='ltr'><strong>quidem</strong></span> <span class='ocrx_word' id='word_1_434' title='bbox 1860 2802 2065 2869; x_wconf 82' lang='lat' dir='ltr'><strong>propo-‘</strong></span> 
     </span>
    </p>
   </div>
   <div class='ocr_carea' id='block_1_45' title="bbox 476 2888 2060 2960">
    <p class='ocr_par' dir='ltr' id='par_1_45' title="bbox 476 2888 2060 2960">
     <span class='ocr_line' id='line_1_45' title="bbox 476 2888 2060 2960; baseline -0.011 0"><span class='ocrx_word' id='word_1_435' title='bbox 476 2905 597 2960; x_wconf 82' lang='lat' dir='ltr'><strong>sitio</strong></span> <span class='ocrx_word' id='word_1_436' title='bbox 626 2914 733 2957; x_wconf 87' lang='lat' dir='ltr'><strong>tota</strong></span> <span class='ocrx_word' id='word_1_437' title='bbox 764 2911 1005 2957; x_wconf 86' lang='lat' dir='ltr'><strong>sumatur</strong></span> <span class='ocrx_word' id='word_1_438' title='bbox 1041 2912 1185 2959; x_wconf 85' lang='lat' dir='ltr'><strong>vera,</strong></span> <span class='ocrx_word' id='word_1_439' title='bbox 1217 2895 1244 2947; x_wconf 91' lang='lat' dir='ltr'><strong>b</strong></span> <span class='ocrx_word' id='word_1_440' title='bbox 1296 2912 1322 2947; x_wconf 90' lang='lat' dir='ltr'><strong>c</strong></span> <span class='ocrx_word' id='word_1_441' title='bbox 1370 2904 1544 2946; x_wconf 91' lang='lat' dir='ltr'><strong>autem</strong></span> <span class='ocrx_word' id='word_1_442' title='bbox 1598 2901 1704 2945; x_wconf 86' lang='lat' dir='ltr'><strong>tota</strong></span> <span class='ocrx_word' id='word_1_443' title='bbox 1752 2890 1903 2955; x_wconf 87' lang='lat' dir='ltr'><strong>falsa,</strong></span> <span class='ocrx_word' id='word_1_444' title='bbox 1954 2888 2060 2943; x_wconf 77' lang='lat' dir='ltr'><strong>erit</strong></span> 
     </span>
    </p>
   </div>
   <div class='ocr_carea' id='block_1_46' title="bbox 476 2965 2059 3067">
    <p class='ocr_par' dir='ltr' id='par_1_46' title="bbox 476 2965 2059 3067">
     <span class='ocr_line' id='line_1_46' title="bbox 476 2965 2059 3067; baseline -0.012 -17"><span class='ocrx_word' id='word_1_445' title='bbox 476 2997 812 3067; x_wconf 82' lang='lat' dir='ltr'><strong>syllogismus</strong></span> <span class='ocrx_word' id='word_1_446' title='bbox 843 3006 1018 3057; x_wconf 90' lang='lat' dir='ltr'><strong>verus,</strong></span> <span class='ocrx_word' id='word_1_447' title='bbox 1071 2989 1197 3043; x_wconf 91' lang='lat' dir='ltr'><strong>nihil</strong></span> <span class='ocrx_word' id='word_1_448' title='bbox 1245 2986 1385 3040; x_wconf 91' lang='lat' dir='ltr'><strong>enim</strong></span> <span class='ocrx_word' id='word_1_449' title='bbox 1421 2965 1668 3053; x_wconf 68' lang='lat' dir='ltr'><strong>prohibet</strong></span> <span class='ocrx_word' id='word_1_450' title='bbox 1696 2997 1749 3047; x_wconf 81' lang='grc' dir='ltr'><strong>α,</strong></span> <span class='ocrx_word' id='word_1_451' title='bbox 1792 2990 1846 3034; x_wconf 89' lang='lat' dir='ltr'><strong>et</strong></span> <span class='ocrx_word' id='word_1_452' title='bbox 1892 2981 1919 3032; x_wconf 84' lang='lat' dir='ltr'><strong>b</strong></span> <span class='ocrx_word' id='word_1_453' title='bbox 1950 2991 2003 3034; x_wconf 90' lang='lat' dir='ltr'><strong>et</strong></span> <span class='ocrx_word' id='word_1_454' title='bbox 2032 2994 2059 3031; x_wconf 87' lang='lat' dir='ltr'><strong>c</strong></span> 
     </span>
    </p>
   </div>
   <div class='ocr_carea' id='block_1_47' title="bbox 474 3070 2054 3151">
    <p class='ocr_par' dir='ltr' id='par_1_47' title="bbox 474 3070 2054 3151">
     <span class='ocr_line' id='line_1_47' title="bbox 474 3070 2054 3151; baseline -0.014 -6"><span class='ocrx_word' id='word_1_455' title='bbox 474 3090 619 3145; x_wconf 91' lang='lat' dir='ltr'><strong>omni</strong></span> <span class='ocrx_word' id='word_1_456' title='bbox 645 3090 837 3151; x_wconf 59' lang='lat' dir='ltr'><strong>inesse,</strong></span> <span class='ocrx_word' id='word_1_457' title='bbox 864 3084 891 3137; x_wconf 87' lang='lat' dir='ltr'><strong>b</strong></span> <span class='ocrx_word' id='word_1_458' title='bbox 919 3091 1092 3136; x_wconf 89' lang='lat' dir='ltr'><strong>autem</strong></span> <span class='ocrx_word' id='word_1_459' title='bbox 1138 3080 1265 3133; x_wconf 88' lang='lat' dir='ltr'><strong>nulli</strong></span> <span class='ocrx_word' id='word_1_460' title='bbox 1288 3094 1334 3141; x_wconf 81' lang='grc' dir='ltr'><strong>ο,</strong></span> <span class='ocrx_word' id='word_1_461' title='bbox 1368 3086 1423 3129; x_wconf 88' lang='lat' dir='ltr'><strong>ttt</strong></span> <span class='ocrx_word' id='word_1_462' title='bbox 1448 3089 1671 3144; x_wconf 66' lang='lat' dir='ltr'><strong>quiecun</strong></span> <span class='ocrx_word' id='word_1_463' title='bbox 1696 3088 1780 3140; x_wconf 69' lang='lat' dir='ltr'><strong>itte</strong></span> <span class='ocrx_word' id='word_1_464' title='bbox 1811 3070 2054 3139; x_wconf 80' lang='lat' dir='ltr'><strong>ejusdem</strong></span> 
     </span>
    </p>
   </div>
   <div class='ocr_carea' id='block_1_48' title="bbox 2162 1894 3797 1978">
    <p class='ocr_par' dir='ltr' id='par_1_48' title="bbox 2162 1894 3797 1978">
     <span class='ocr_line' id='line_1_48' title="bbox 2162 1894 3797 1978; baseline 0.004 -23"><span class='ocrx_word' id='word_1_465' title='bbox 2162 1903 2319 1957; x_wconf 90' lang='lat' dir='ltr'><strong>alicui</strong></span> <span class='ocrx_word' id='word_1_466' title='bbox 2358 1919 2547 1974; x_wconf 86' lang='lat' dir='ltr'><strong>magno</strong></span> <span class='ocrx_word' id='word_1_467' title='bbox 2580 1908 2749 1970; x_wconf 89' lang='lat' dir='ltr'><strong>inest;</strong></span> <span class='ocrx_word' id='word_1_468' title='bbox 2778 1907 2823 1961; x_wconf 88' lang='lat' dir='ltr'><strong>si</strong></span> <span class='ocrx_word' id='word_1_469' title='bbox 2860 1923 2985 1978; x_wconf 82' lang='lat' dir='ltr'><strong>ergo</strong></span> <span class='ocrx_word' id='word_1_470' title='bbox 3030 1920 3273 1963; x_wconf 81' lang='lat' dir='ltr'><strong>sumatur</strong></span> <span class='ocrx_word' id='word_1_471' title='bbox 3301 1926 3332 1962; x_wconf 81' lang='grc' dir='ltr'><em>α</em></span> <span class='ocrx_word' id='word_1_472' title='bbox 3361 1908 3509 1963; x_wconf 90' lang='lat' dir='ltr'><strong>omni</strong></span> <span class='ocrx_word' id='word_1_473' title='bbox 3532 1908 3580 1972; x_wconf 71' lang='grc' dir='ltr'><strong>ὁ,</strong></span> <span class='ocrx_word' id='word_1_474' title='bbox 3627 1916 3680 1963; x_wconf 90' lang='lat' dir='ltr'><strong>et</strong></span> <span class='ocrx_word' id='word_1_475' title='bbox 3711 1909 3742 1961; x_wconf 69' lang='grc' dir='ltr'><strong>ὁ</strong></span> <span class='ocrx_word' id='word_1_476' title='bbox 3796 1894 3797 1897; x_wconf 29' lang='grc'><em>“</em></span> 
     </span>
    </p>
   </div>
   <div class='ocr_carea' id='block_1_49' title="bbox 2162 1996 3742 2069">
    <p class='ocr_par' dir='ltr' id='par_1_49' title="bbox 2162 1996 3742 2069">
     <span class='ocr_line' id='line_1_49' title="bbox 2162 1996 3742 2069; baseline 0.002 -20"><span class='ocrx_word' id='word_1_477' title='bbox 2162 1996 2321 2049; x_wconf 88' lang='lat' dir='ltr'><strong>alicui</strong></span> <span class='ocrx_word' id='word_1_478' title='bbox 2347 2011 2394 2059; x_wconf 84' lang='lat' dir='ltr'><strong>c,</strong></span> <span class='ocrx_word' id='word_1_479' title='bbox 2417 2006 2469 2049; x_wconf 92' lang='lat' dir='ltr'><strong>et</strong></span> <span class='ocrx_word' id='word_1_480' title='bbox 2494 2012 2526 2047; x_wconf 88' lang='lat' dir='ltr'><strong>a</strong></span> <span class='ocrx_word' id='word_1_481' title='bbox 2549 1996 2598 2061; x_wconf 90' lang='lat' dir='ltr'><strong>b,</strong></span> <span class='ocrx_word' id='word_1_482' title='bbox 2623 1996 2838 2066; x_wconf 88' lang='lat' dir='ltr'><strong>quidem</strong></span> <span class='ocrx_word' id='word_1_483' title='bbox 2865 1999 3163 2069; x_wconf 84' lang='lat' dir='ltr'><strong>propositio</strong></span> <span class='ocrx_word' id='word_1_484' title='bbox 3186 2001 3237 2054; x_wconf 84' lang='lat' dir='ltr'><strong>in‘</strong></span> <span class='ocrx_word' id='word_1_485' title='bbox 3260 2000 3435 2069; x_wconf 86' lang='lat' dir='ltr'><strong>aliquo</strong></span> <span class='ocrx_word' id='word_1_486' title='bbox 3460 2000 3591 2055; x_wconf 88' lang='lat' dir='ltr'><strong>falsa</strong></span> <span class='ocrx_word' id='word_1_487' title='bbox 3616 2002 3742 2066; x_wconf 89' lang='lat' dir='ltr'><strong>erit,</strong></span> 
     </span>
    </p>
   </div>
   <div class='ocr_carea' id='block_1_50' title="bbox 2164 2086 3746 2148">
    <p class='ocr_par' dir='ltr' id='par_1_50' title="bbox 2164 2086 3746 2148">
     <span class='ocr_line' id='line_1_50' title="bbox 2164 2086 3746 2148; baseline 0.003 -10"><span class='ocrx_word' id='word_1_488' title='bbox 2164 2086 2192 2138; x_wconf 85' lang='lat' dir='ltr'><strong>b</strong></span> <span class='ocrx_word' id='word_1_489' title='bbox 2221 2101 2248 2137; x_wconf 87' lang='lat' dir='ltr'><strong>c</strong></span> <span class='ocrx_word' id='word_1_490' title='bbox 2273 2092 2448 2138; x_wconf 87' lang='lat' dir='ltr'><strong>autem</strong></span> <span class='ocrx_word' id='word_1_491' title='bbox 2476 2100 2623 2148; x_wconf 86' lang='lat' dir='ltr'><strong>vera,</strong></span> <span class='ocrx_word' id='word_1_492' title='bbox 2657 2096 2712 2140; x_wconf 73' lang='lat' dir='ltr'><strong>et</strong></span> <span class='ocrx_word' id='word_1_493' title='bbox 2752 2089 3027 2144; x_wconf 80' lang='lat' dir='ltr'><strong>conclusio</strong></span> <span class='ocrx_word' id='word_1_494' title='bbox 3069 2106 3213 2146; x_wconf 88' lang='lat' dir='ltr'><strong>vera.</strong></span> <span class='ocrx_word' id='word_1_495' title='bbox 3255 2092 3519 2145; x_wconf 78' lang='lat' dir='ltr'><strong>Similiter</strong></span> <span class='ocrx_word' id='word_1_496' title='bbox 3563 2103 3746 2144; x_wconf 82' lang='lat' dir='ltr'><strong>autem</strong></span> 
     </span>
    </p>
   </div>
   <div class='ocr_carea' id='block_1_51' title="bbox 2161 2178 3746 2249">
    <p class='ocr_par' dir='ltr' id='par_1_51' title="bbox 2161 2178 3746 2249">
     <span class='ocr_line' id='line_1_51' title="bbox 2161 2178 3746 2249; baseline 0.003 -21"><span class='ocrx_word' id='word_1_497' title='bbox 2161 2186 2354 2229; x_wconf 89' lang='lat' dir='ltr'><strong>etcum</strong></span> <span class='ocrx_word' id='word_1_498' title='bbox 2387 2178 2644 2245; x_wconf 89' lang='lat' dir='ltr'><strong>privativa</strong></span> <span class='ocrx_word' id='word_1_499' title='bbox 2665 2188 2746 2232; x_wconf 89' lang='lat' dir='ltr'><strong>est</strong></span> <span class='ocrx_word' id='word_1_500' title='bbox 2775 2196 2805 2231; x_wconf 90' lang='lat' dir='ltr'><strong>a</strong></span> <span class='ocrx_word' id='word_1_501' title='bbox 2838 2183 2865 2231; x_wconf 87' lang='lat' dir='ltr'><strong>b</strong></span> <span class='ocrx_word' id='word_1_502' title='bbox 2890 2181 3207 2249; x_wconf 90' lang='lat' dir='ltr'><strong>pr0positio,</strong></span> <span class='ocrx_word' id='word_1_503' title='bbox 3241 2196 3362 2235; x_wconf 90' lang='lat' dir='ltr'><strong>nam</strong></span> <span class='ocrx_word' id='word_1_504' title='bbox 3397 2181 3557 2235; x_wconf 90' lang='lat' dir='ltr'><strong>iidem</strong></span> <span class='ocrx_word' id='word_1_505' title='bbox 3583 2190 3746 2234; x_wconf 88' lang='lat' dir='ltr'><strong>erunt</strong></span> 
     </span>
    </p>
   </div>
   <div class='ocr_carea' id='block_1_52' title="bbox 2162 2270 3746 2340">
    <p class='ocr_par' dir='ltr' id='par_1_52' title="bbox 2162 2270 3746 2340">
     <span class='ocr_line' id='line_1_52' title="bbox 2162 2270 3746 2340; baseline 0.004 -17"><span class='ocrx_word' id='word_1_506' title='bbox 2162 2270 2398 2337; x_wconf 88' lang='lat' dir='ltr'><strong>termini,</strong></span> <span class='ocrx_word' id='word_1_507' title='bbox 2422 2280 2473 2322; x_wconf 91' lang='lat' dir='ltr'><strong>et</strong></span> <span class='ocrx_word' id='word_1_508' title='bbox 2502 2270 2747 2326; x_wconf 86' lang='lat' dir='ltr'><strong>similiter</strong></span> <span class='ocrx_word' id='word_1_509' title='bbox 2775 2274 2928 2340; x_wconf 89' lang='lat' dir='ltr'><strong>positi</strong></span> <span class='ocrx_word' id='word_1_510' title='bbox 2962 2274 3028 2330; x_wconf 92' lang='lat' dir='ltr'><strong>ad</strong></span> <span class='ocrx_word' id='word_1_511' title='bbox 3052 2277 3584 2331; x_wconf 84' lang='lat' dir='ltr'><strong>demonstrationem.</strong></span> <span class='ocrx_word' id='word_1_512' title='bbox 3607 2277 3746 2329; x_wconf 77' lang='lat' dir='ltr'><strong>Rur-</strong></span> 
     </span>
    </p>
   </div>
   <div class='ocr_carea' id='block_1_53' title="bbox 2161 2359 3745 2427">
    <p class='ocr_par' dir='ltr' id='par_1_53' title="bbox 2161 2359 3745 2427">
     <span class='ocr_line' id='line_1_53' title="bbox 2161 2359 3745 2427; baseline 0.004 -15"><span class='ocrx_word' id='word_1_513' title='bbox 2161 2372 2275 2413; x_wconf 90' lang='lat' dir='ltr'><strong>sum</strong></span> <span class='ocrx_word' id='word_1_514' title='bbox 2303 2359 2407 2413; x_wconf 88' lang='lat' dir='ltr'><strong>sia</strong></span> <span class='ocrx_word' id='word_1_515' title='bbox 2445 2359 2471 2411; x_wconf 77' lang='grc' dir='ltr'><strong>ὁ</strong></span> <span class='ocrx_word' id='word_1_516' title='bbox 2517 2361 2727 2427; x_wconf 86' lang='lat' dir='ltr'><strong>quidem</strong></span> <span class='ocrx_word' id='word_1_517' title='bbox 2760 2378 2904 2424; x_wconf 86' lang='lat' dir='ltr'><strong>vera.</strong></span> <span class='ocrx_word' id='word_1_518' title='bbox 2944 2366 2972 2417; x_wconf 75' lang='grc' dir='ltr'>ὁ</span> <span class='ocrx_word' id='word_1_519' title='bbox 3018 2381 3044 2417; x_wconf 87' lang='lat' dir='ltr'><strong>c</strong></span> <span class='ocrx_word' id='word_1_520' title='bbox 3083 2375 3256 2419; x_wconf 89' lang='lat' dir='ltr'><strong>autem</strong></span> <span class='ocrx_word' id='word_1_521' title='bbox 3306 2365 3459 2427; x_wconf 88' lang='lat' dir='ltr'><strong>falsa,</strong></span> <span class='ocrx_word' id='word_1_522' title='bbox 3490 2380 3617 2419; x_wconf 81' lang='lat' dir='ltr'><strong>vera</strong></span> <span class='ocrx_word' id='word_1_523' title='bbox 3643 2366 3745 2419; x_wconf 88' lang='lat' dir='ltr'><strong>erit</strong></span> 
     </span>
    </p>
   </div>
   <div class='ocr_carea' id='block_1_54' title="bbox 2161 2450 3745 2525">
    <p class='ocr_par' dir='ltr' id='par_1_54' title="bbox 2161 2450 3745 2525">
     <span class='ocr_line' id='line_1_54' title="bbox 2161 2450 3745 2525; baseline 0.003 -20"><span class='ocrx_word' id='word_1_524' title='bbox 2161 2450 2455 2506; x_wconf 87' lang='lat' dir='ltr'><strong>conclusio.</strong></span> <span class='ocrx_word' id='word_1_525' title='bbox 2501 2452 2637 2504; x_wconf 83' lang='lat' dir='ltr'><strong>Nihil</strong></span> <span class='ocrx_word' id='word_1_526' title='bbox 2670 2454 2811 2506; x_wconf 87' lang='lat' dir='ltr'><strong>enim</strong></span> <span class='ocrx_word' id='word_1_527' title='bbox 2860 2455 3106 2521; x_wconf 88' lang='lat' dir='ltr'><strong>prohibet</strong></span> <span class='ocrx_word' id='word_1_528' title='bbox 3133 2473 3163 2507; x_wconf 89' lang='lat' dir='ltr'><strong>a</strong></span> <span class='ocrx_word' id='word_1_529' title='bbox 3192 2456 3402 2525; x_wconf 87' lang='lat' dir='ltr'><strong>quidem</strong></span> <span class='ocrx_word' id='word_1_530' title='bbox 3436 2455 3528 2508; x_wconf 91' lang='lat' dir='ltr'><strong>toti</strong></span> <span class='ocrx_word' id='word_1_531' title='bbox 3572 2456 3745 2509; x_wconf 76' lang='lat' dir='ltr'><strong>inesse</strong></span> 
     </span>
    </p>
   </div>
   <div class='ocr_carea' id='block_1_55' title="bbox 2160 2547 3742 2613">
    <p class='ocr_par' dir='ltr' id='par_1_55' title="bbox 2160 2547 3742 2613">
     <span class='ocr_line' id='line_1_55' title="bbox 2160 2547 3742 2613; baseline 0.001 -13"><span class='ocrx_word' id='word_1_532' title='bbox 2160 2548 2261 2613; x_wconf 87' lang='lat' dir='ltr'><strong>b,c</strong></span> <span class='ocrx_word' id='word_1_533' title='bbox 2302 2555 2479 2601; x_wconf 92' lang='lat' dir='ltr'><strong>autem</strong></span> <span class='ocrx_word' id='word_1_534' title='bbox 2534 2547 2713 2611; x_wconf 85' lang='lat' dir='ltr'><strong>alicui,</strong></span> <span class='ocrx_word' id='word_1_535' title='bbox 2755 2558 2808 2602; x_wconf 84' lang='lat' dir='ltr'><strong>et</strong></span> <span class='ocrx_word' id='word_1_536' title='bbox 2863 2550 2891 2602; x_wconf 89' lang='lat' dir='ltr'><strong>b</strong></span> <span class='ocrx_word' id='word_1_537' title='bbox 2942 2550 3073 2604; x_wconf 93' lang='lat' dir='ltr'><strong>nulli</strong></span> <span class='ocrx_word' id='word_1_538' title='bbox 3112 2567 3139 2602; x_wconf 87' lang='lat' dir='ltr'><strong>c</strong></span> <span class='ocrx_word' id='word_1_539' title='bbox 3183 2550 3357 2604; x_wconf 90' lang='lat' dir='ltr'><strong>inesse</strong></span> <span class='ocrx_word' id='word_1_540' title='bbox 3393 2566 3405 2601; x_wconf 93' lang='lat'>:</span> <span class='ocrx_word' id='word_1_541' title='bbox 3440 2559 3495 2602; x_wconf 90' lang='lat' dir='ltr'><strong>ut</strong></span> <span class='ocrx_word' id='word_1_542' title='bbox 3545 2549 3742 2602; x_wconf 80' lang='lat' dir='ltr'><strong>animal</strong></span> 
     </span>
    </p>
   </div>
   <div class='ocr_carea' id='block_1_56' title="bbox 2160 2638 3741 2709">
    <p class='ocr_par' dir='ltr' id='par_1_56' title="bbox 2160 2638 3741 2709">
     <span class='ocr_line' id='line_1_56' title="bbox 2160 2638 3741 2709; baseline 0 -18"><span class='ocrx_word' id='word_1_543' title='bbox 2160 2652 2331 2708; x_wconf 84' lang='lat' dir='ltr'><strong>cygno</strong></span> <span class='ocrx_word' id='word_1_544' title='bbox 2355 2638 2567 2704; x_wconf 90' lang='lat' dir='ltr'><strong>quidem</strong></span> <span class='ocrx_word' id='word_1_545' title='bbox 2596 2638 2763 2700; x_wconf 92' lang='lat' dir='ltr'><strong>omni,</strong></span> <span class='ocrx_word' id='word_1_546' title='bbox 2797 2639 2948 2708; x_wconf 89' lang='lat' dir='ltr'><strong>nigro</strong></span> <span class='ocrx_word' id='word_1_547' title='bbox 2974 2652 3151 2694; x_wconf 90' lang='lat' dir='ltr'><strong>autem</strong></span> <span class='ocrx_word' id='word_1_548' title='bbox 3186 2640 3363 2703; x_wconf 86' lang='lat' dir='ltr'><strong>alicui,</strong></span> <span class='ocrx_word' id='word_1_549' title='bbox 3390 2654 3592 2709; x_wconf 80' lang='lat' dir='ltr'><strong>cygnus</strong></span> <span class='ocrx_word' id='word_1_550' title='bbox 3615 2654 3741 2693; x_wconf 80' lang='lat' dir='ltr'><strong>vero</strong></span> 
     </span>
    </p>
   </div>
   <div class='ocr_carea' id='block_1_57' title="bbox 2160 2730 3741 2799">
    <p class='ocr_par' dir='ltr' id='par_1_57' title="bbox 2160 2730 3741 2799">
     <span class='ocr_line' id='line_1_57' title="bbox 2160 2730 3741 2799; baseline -0.001 -15"><span class='ocrx_word' id='word_1_551' title='bbox 2160 2730 2290 2784; x_wconf 93' lang='lat' dir='ltr'><strong>nulli</strong></span> <span class='ocrx_word' id='word_1_552' title='bbox 2331 2731 2513 2799; x_wconf 82' lang='lat' dir='ltr'><strong>nigro;</strong></span> <span class='ocrx_word' id='word_1_553' title='bbox 2546 2746 2711 2799; x_wconf 85' lang='lat' dir='ltr'><strong>quare</strong></span> <span class='ocrx_word' id='word_1_554' title='bbox 2744 2732 2787 2784; x_wconf 90' lang='lat' dir='ltr'><strong>si</strong></span> <span class='ocrx_word' id='word_1_555' title='bbox 2833 2742 3070 2786; x_wconf 87' lang='lat' dir='ltr'><strong>sumatur</strong></span> <span class='ocrx_word' id='word_1_556' title='bbox 3101 2749 3132 2784; x_wconf 92' lang='lat' dir='ltr'><strong>a</strong></span> <span class='ocrx_word' id='word_1_557' title='bbox 3168 2732 3312 2785; x_wconf 88' lang='lat' dir='ltr'><strong>omni</strong></span> <span class='ocrx_word' id='word_1_558' title='bbox 3346 2732 3397 2796; x_wconf 87' lang='lat' dir='ltr'><strong>b,</strong></span> <span class='ocrx_word' id='word_1_559' title='bbox 3448 2740 3503 2784; x_wconf 82' lang='lat' dir='ltr'><strong>et</strong></span> <span class='ocrx_word' id='word_1_560' title='bbox 3530 2733 3557 2782; x_wconf 88' lang='lat' dir='ltr'><strong>b</strong></span> <span class='ocrx_word' id='word_1_561' title='bbox 3587 2732 3741 2784; x_wconf 86' lang='lat' dir='ltr'><strong>alieni</strong></span> 
     </span>
    </p>
   </div>
   <div class='ocr_carea' id='block_1_58' title="bbox 2160 2810 3743 2890">
    <p class='ocr_par' dir='ltr' id='par_1_58' title="bbox 2160 2810 3743 2890">
     <span class='ocr_line' id='line_1_58' title="bbox 2160 2810 3743 2890; baseline -0.002 -13"><span class='ocrx_word' id='word_1_562' title='bbox 2160 2840 2207 2890; x_wconf 89' lang='lat' dir='ltr'><strong>c,</strong></span> <span class='ocrx_word' id='word_1_563' title='bbox 2238 2840 2361 2877; x_wconf 86' lang='lat' dir='ltr'><strong>vcra</strong></span> <span class='ocrx_word' id='word_1_564' title='bbox 2404 2810 2509 2878; x_wconf 87' lang='lat' dir='ltr'><strong>erit</strong></span> <span class='ocrx_word' id='word_1_565' title='bbox 2543 2823 2836 2881; x_wconf 77' lang='lat' dir='ltr'><strong>Conclusio.</strong></span> <span class='ocrx_word' id='word_1_566' title='bbox 2867 2837 2986 2876; x_wconf 91' lang='lat' dir='ltr'><strong>cum</strong></span> <span class='ocrx_word' id='word_1_567' title='bbox 3038 2822 3107 2876; x_wconf 88' lang='lat' dir='ltr'><strong>sit</strong></span> <span class='ocrx_word' id='word_1_568' title='bbox 3159 2821 3292 2875; x_wconf 89' lang='lat' dir='ltr'><strong>falsa</strong></span> <span class='ocrx_word' id='word_1_569' title='bbox 3323 2822 3350 2875; x_wconf 89' lang='lat' dir='ltr'><strong>b</strong></span> <span class='ocrx_word' id='word_1_570' title='bbox 3388 2839 3433 2875; x_wconf 82' lang='grc' dir='ltr'><strong>ι’.</strong></span> <span class='ocrx_word' id='word_1_571' title='bbox 3488 2822 3743 2877; x_wconf 90' lang='lat' dir='ltr'><strong>Similiter</strong></span> 
     </span>
    </p>
   </div>
   <div class='ocr_carea' id='block_1_59' title="bbox 2160 2914 3744 2985">
    <p class='ocr_par' dir='ltr' id='par_1_59' title="bbox 2160 2914 3744 2985">
     <span class='ocr_line' id='line_1_59' title="bbox 2160 2914 3744 2985; baseline 0 -19"><span class='ocrx_word' id='word_1_572' title='bbox 2160 2926 2333 2968; x_wconf 90' lang='lat' dir='ltr'><strong>autem</strong></span> <span class='ocrx_word' id='word_1_573' title='bbox 2384 2924 2438 2969; x_wconf 91' lang='lat' dir='ltr'><strong>et</strong></span> <span class='ocrx_word' id='word_1_574' title='bbox 2494 2917 2751 2983; x_wconf 73' lang='lat' dir='ltr'><strong>privativa</strong></span> <span class='ocrx_word' id='word_1_575' title='bbox 2803 2924 3011 2983; x_wconf 88' lang='lat' dir='ltr'><strong>sumpta</strong></span> <span class='ocrx_word' id='word_1_576' title='bbox 3045 2932 3076 2967; x_wconf 80' lang='grc' dir='ltr'><em>α</em></span> <span class='ocrx_word' id='word_1_577' title='bbox 3104 2915 3131 2985; x_wconf 74' lang='grc' dir='ltr'><strong>ι)</strong></span> <span class='ocrx_word' id='word_1_578' title='bbox 3160 2914 3544 2984; x_wconf 83' lang='lat' dir='ltr'><strong>propositione,</strong></span> <span class='ocrx_word' id='word_1_579' title='bbox 3574 2916 3744 2982; x_wconf 88' lang='lat' dir='ltr'><strong>possi-</strong></span> 
     </span>
    </p>
   </div>
   <div class='ocr_carea' id='block_1_60' title="bbox 2162 3006 3742 3079">
    <p class='ocr_par' dir='ltr' id='par_1_60' title="bbox 2162 3006 3742 3079">
     <span class='ocr_line' id='line_1_60' title="bbox 2162 3006 3742 3079; baseline -0.001 -19"><span class='ocrx_word' id='word_1_580' title='bbox 2162 3007 2266 3063; x_wconf 89' lang='lat' dir='ltr'><strong>bile</strong></span> <span class='ocrx_word' id='word_1_581' title='bbox 2294 3010 2433 3062; x_wconf 90' lang='lat' dir='ltr'><strong>enim</strong></span> <span class='ocrx_word' id='word_1_582' title='bbox 2477 3028 2507 3062; x_wconf 91' lang='lat' dir='ltr'><strong>a</strong></span> <span class='ocrx_word' id='word_1_583' title='bbox 2530 3009 2557 3061; x_wconf 88' lang='lat' dir='ltr'><strong>b</strong></span> <span class='ocrx_word' id='word_1_584' title='bbox 2584 3008 2796 3079; x_wconf 87' lang='lat' dir='ltr'><strong>quidem</strong></span> <span class='ocrx_word' id='word_1_585' title='bbox 2832 3008 2982 3070; x_wconf 89' lang='lat' dir='ltr'><strong>nulli,</strong></span> <span class='ocrx_word' id='word_1_586' title='bbox 3018 3026 3044 3061; x_wconf 87' lang='lat' dir='ltr'><strong>c</strong></span> <span class='ocrx_word' id='word_1_587' title='bbox 3067 3017 3242 3061; x_wconf 89' lang='lat' dir='ltr'><strong>autem</strong></span> <span class='ocrx_word' id='word_1_588' title='bbox 3295 3008 3452 3061; x_wconf 90' lang='lat' dir='ltr'><strong>alicui</strong></span> <span class='ocrx_word' id='word_1_589' title='bbox 3507 3024 3611 3061; x_wconf 90' lang='lat' dir='ltr'><strong>non</strong></span> <span class='ocrx_word' id='word_1_590' title='bbox 3662 3006 3742 3059; x_wconf 85' lang='lat' dir='ltr'><strong>in-</strong></span> 
     </span>
    </p>
   </div>
   <div class='ocr_carea' id='block_1_61' title="bbox 2160 3098 3742 3167">
    <p class='ocr_par' dir='ltr' id='par_1_61' title="bbox 2160 3098 3742 3167">
     <span class='ocr_line' id='line_1_61' title="bbox 2160 3098 3742 3167; baseline -0.001 -16"><span class='ocrx_word' id='word_1_591' title='bbox 2160 3114 2299 3163; x_wconf 88' lang='lat' dir='ltr'><strong>esse,</strong></span> <span class='ocrx_word' id='word_1_592' title='bbox 2327 3109 2380 3164; x_wconf 78' lang='lat' dir='ltr'><strong>et</strong></span> <span class='ocrx_word' id='word_1_593' title='bbox 2403 3100 2430 3151; x_wconf 73' lang='grc' dir='ltr'><strong>ὁ</strong></span> <span class='ocrx_word' id='word_1_594' title='bbox 2466 3101 2590 3153; x_wconf 89' lang='lat' dir='ltr'><strong>nulli</strong></span> <span class='ocrx_word' id='word_1_595' title='bbox 2622 3116 2667 3163; x_wconf 68' lang='grc' dir='ltr'><em>ε,</em></span> <span class='ocrx_word' id='word_1_596' title='bbox 2717 3108 2772 3151; x_wconf 81' lang='grc' dir='ltr'><strong>ιιι</strong></span> <span class='ocrx_word' id='word_1_597' title='bbox 2796 3114 2964 3167; x_wconf 87' lang='lat' dir='ltr'><strong>genus</strong></span> <span class='ocrx_word' id='word_1_598' title='bbox 2988 3113 3051 3152; x_wconf 81' lang='lat' dir='ltr'><strong>ex</strong></span> <span class='ocrx_word' id='word_1_599' title='bbox 3083 3098 3186 3151; x_wconf 78' lang='lat' dir='ltr'><strong>alio</strong></span> <span class='ocrx_word' id='word_1_600' title='bbox 3214 3113 3411 3167; x_wconf 78' lang='lat' dir='ltr'><strong>genere</strong></span> <span class='ocrx_word' id='word_1_601' title='bbox 3455 3098 3652 3165; x_wconf 86' lang='lat' dir='ltr'><strong>speciei</strong></span> <span class='ocrx_word' id='word_1_602' title='bbox 3687 3107 3742 3151; x_wconf 88' lang='lat' dir='ltr'><strong>et</strong></span> 
     </span>
    </p>
   </div>
   <div class='ocr_carea' id='block_1_62' title="bbox 475 3164 3740 3262">
    <p class='ocr_par' dir='ltr' id='par_1_62' title="bbox 475 3164 3740 3262">
     <span class='ocr_line' id='line_1_62' title="bbox 475 3164 3740 3262; baseline -0.002 -12"><span class='ocrx_word' id='word_1_603' title='bbox 475 3180 687 3250; x_wconf 71' lang='grc' dir='ltr'><strong>εεηθτίε</strong></span> <span class='ocrx_word' id='word_1_604' title='bbox 707 3186 830 3231; x_wconf 70' lang='lat' dir='ltr'><strong>sum</strong></span> <span class='ocrx_word' id='word_1_605' title='bbox 864 3174 1068 3243; x_wconf 42' lang='lat' dir='ltr'><strong>spec-“35</strong></span> <span class='ocrx_word' id='word_1_606' title='bbox 1098 3185 1202 3223; x_wconf 76' lang='lat'><strong>“0&quot;</strong></span> <span class='ocrx_word' id='word_1_607' title='bbox 1251 3168 1594 3231; x_wconf 58' lang='lat' dir='ltr'><strong>subauemm&#39;</strong></span> <span class='ocrx_word' id='word_1_608' title='bbox 1630 3164 2055 3262; x_wconf 19' lang='lat' dir='ltr'><strong>mmy&#39;fnlmalcf</strong></span> <span class='ocrx_word' id='word_1_609' title='bbox 2088 3188 2135 3251; x_wconf 87' lang='lat' dir='ltr'><strong><em>C</em></strong></span> <span class='ocrx_word' id='word_1_610' title='bbox 2165 3193 2423 3247; x_wconf 88' lang='lat' dir='ltr'><strong>accidenti</strong></span> <span class='ocrx_word' id='word_1_611' title='bbox 2444 3194 2559 3261; x_wconf 82' lang='lat' dir='ltr'><strong>ejus</strong></span> <span class='ocrx_word' id='word_1_612' title='bbox 2586 3193 2888 3262; x_wconf 82' lang='lat' dir='ltr'><strong>speciebus,</strong></span> <span class='ocrx_word' id='word_1_613' title='bbox 2917 3208 3036 3246; x_wconf 87' lang='lat' dir='ltr'><strong>nam</strong></span> <span class='ocrx_word' id='word_1_614' title='bbox 3064 3192 3257 3245; x_wconf 83' lang='lat' dir='ltr'><strong>animal</strong></span> <span class='ocrx_word' id='word_1_615' title='bbox 3278 3192 3493 3260; x_wconf 88' lang='lat' dir='ltr'><strong>quidem</strong></span> <span class='ocrx_word' id='word_1_616' title='bbox 3519 3208 3740 3245; x_wconf 89' lang='lat' dir='ltr'><strong>numero</strong></span> 
     </span>
    </p>
   </div>
   <div class='ocr_carea' id='block_1_63' title="bbox 479 3255 2061 3338">
    <p class='ocr_par' dir='ltr' id='par_1_63' title="bbox 479 3255 2061 3338">
     <span class='ocr_line' id='line_1_63' title="bbox 479 3255 2061 3338; baseline -0.011 -12"><span class='ocrx_word' id='word_1_617' title='bbox 479 3271 788 3338; x_wconf 63' lang='lat' dir='ltr'><strong>hominLet</strong></span> <span class='ocrx_word' id='word_1_618' title='bbox 844 3280 983 3336; x_wconf 90' lang='lat' dir='ltr'><strong>equo</strong></span> <span class='ocrx_word' id='word_1_619' title='bbox 1036 3265 1192 3327; x_wconf 86' lang='lat' dir='ltr'><strong>inest,</strong></span> <span class='ocrx_word' id='word_1_620' title='bbox 1224 3276 1393 3330; x_wconf 88' lang='lat' dir='ltr'><strong>equus</strong></span> <span class='ocrx_word' id='word_1_621' title='bbox 1448 3269 1626 3313; x_wconf 89' lang='lat' dir='ltr'><strong>autem</strong></span> <span class='ocrx_word' id='word_1_622' title='bbox 1672 3257 1801 3311; x_wconf 90' lang='lat' dir='ltr'><strong>nulli</strong></span> <span class='ocrx_word' id='word_1_623' title='bbox 1853 3255 2061 3333; x_wconf 80' lang='lat' dir='ltr'><strong>homini</strong></span> 
     </span>
    </p>
   </div>
   <div class='ocr_carea' id='block_1_64' title="bbox 478 3348 2059 3426">
    <p class='ocr_par' dir='ltr' id='par_1_64' title="bbox 478 3348 2059 3426">
     <span class='ocr_line' id='line_1_64' title="bbox 478 3348 2059 3426; baseline -0.011 -9"><span class='ocrx_word' id='word_1_624' title='bbox 478 3365 646 3425; x_wconf 89' lang='lat' dir='ltr'><strong>inest;</strong></span> <span class='ocrx_word' id='word_1_625' title='bbox 681 3361 722 3413; x_wconf 93' lang='lat' dir='ltr'><strong>si</strong></span> <span class='ocrx_word' id='word_1_626' title='bbox 755 3372 883 3426; x_wconf 72' lang='lat' dir='ltr'><strong>ergo</strong></span> <span class='ocrx_word' id='word_1_627' title='bbox 930 3361 1171 3410; x_wconf 87' lang='lat' dir='ltr'><strong>sumatur</strong></span> <span class='ocrx_word' id='word_1_628' title='bbox 1201 3369 1231 3404; x_wconf 91' lang='lat' dir='ltr'><strong>a</strong></span> <span class='ocrx_word' id='word_1_629' title='bbox 1276 3351 1417 3405; x_wconf 91' lang='lat' dir='ltr'><strong>omni</strong></span> <span class='ocrx_word' id='word_1_630' title='bbox 1466 3350 1514 3412; x_wconf 76' lang='grc' dir='ltr'><strong>ὁ.</strong></span> <span class='ocrx_word' id='word_1_631' title='bbox 1548 3360 1600 3403; x_wconf 91' lang='lat' dir='ltr'><strong>et</strong></span> <span class='ocrx_word' id='word_1_632' title='bbox 1626 3350 1653 3402; x_wconf 89' lang='lat' dir='ltr'><strong>b</strong></span> <span class='ocrx_word' id='word_1_633' title='bbox 1681 3348 1824 3402; x_wconf 91' lang='lat' dir='ltr'><strong>omni</strong></span> <span class='ocrx_word' id='word_1_634' title='bbox 1856 3363 1901 3412; x_wconf 89' lang='lat' dir='ltr'><strong>c,</strong></span> <span class='ocrx_word' id='word_1_635' title='bbox 1932 3361 2059 3399; x_wconf 89' lang='lat' dir='ltr'><strong>con-</strong></span> 
     </span>
    </p>
   </div>
   <div class='ocr_carea' id='block_1_65' title="bbox 476 3432 2063 3519">
    <p class='ocr_par' dir='ltr' id='par_1_65' title="bbox 476 3432 2063 3519">
     <span class='ocr_line' id='line_1_65' title="bbox 476 3432 2063 3519; baseline -0.013 -10"><span class='ocrx_word' id='word_1_636' title='bbox 476 3454 643 3517; x_wconf 76' lang='lat' dir='ltr'><strong>tlusiu</strong></span> <span class='ocrx_word' id='word_1_637' title='bbox 672 3466 791 3506; x_wconf 81' lang='lat' dir='ltr'><strong>vera</strong></span> <span class='ocrx_word' id='word_1_638' title='bbox 846 3448 968 3511; x_wconf 90' lang='lat' dir='ltr'><strong>erit,</strong></span> <span class='ocrx_word' id='word_1_639' title='bbox 1029 3455 1135 3500; x_wconf 92' lang='lat' dir='ltr'><strong>tota</strong></span> <span class='ocrx_word' id='word_1_640' title='bbox 1170 3432 1312 3497; x_wconf 79' lang='lat' dir='ltr'><strong>l&#39;alsa</strong></span> <span class='ocrx_word' id='word_1_641' title='bbox 1341 3442 1370 3495; x_wconf 77' lang='grc' dir='ltr'><strong>ὁ</strong></span> <span class='ocrx_word' id='word_1_642' title='bbox 1410 3459 1435 3495; x_wconf 86' lang='lat' dir='ltr'><strong>c</strong></span> <span class='ocrx_word' id='word_1_643' title='bbox 1470 3441 1850 3511; x_wconf 57' lang='lat' dir='ltr'><strong>propositione.</strong></span> <span class='ocrx_word' id='word_1_644' title='bbox 1891 3439 2063 3519; x_wconf 16' lang='lat' dir='ltr'><strong>Sitni-A</strong></span> 
     </span>
    </p>
   </div>
   <div class='ocr_carea' id='block_1_66' title="bbox 478 3528 2056 3609">
    <p class='ocr_par' dir='ltr' id='par_1_66' title="bbox 478 3528 2056 3609">
     <span class='ocr_line' id='line_1_66' title="bbox 478 3528 2056 3609; baseline -0.011 -10"><span class='ocrx_word' id='word_1_645' title='bbox 478 3547 597 3599; x_wconf 81' lang='lat' dir='ltr'><strong>liter</strong></span> <span class='ocrx_word' id='word_1_646' title='bbox 619 3530 794 3597; x_wconf 92' lang='lat' dir='ltr'><strong>autem</strong></span> <span class='ocrx_word' id='word_1_647' title='bbox 822 3554 943 3595; x_wconf 90' lang='lat' dir='ltr'><strong>cum</strong></span> <span class='ocrx_word' id='word_1_648' title='bbox 974 3536 1291 3609; x_wconf 87' lang='lat' dir='ltr'><strong>universalis</strong></span> <span class='ocrx_word' id='word_1_649' title='bbox 1317 3528 1570 3603; x_wconf 87' lang='lat' dir='ltr'><strong>privativa</strong></span> <span class='ocrx_word' id='word_1_650' title='bbox 1614 3543 1697 3588; x_wconf 81' lang='lat' dir='ltr'><strong>est</strong></span> <span class='ocrx_word' id='word_1_651' title='bbox 1742 3550 1772 3585; x_wconf 93' lang='lat' dir='ltr'><strong>a</strong></span> <span class='ocrx_word' id='word_1_652' title='bbox 1801 3532 1828 3584; x_wconf 87' lang='lat' dir='ltr'><strong><em>b</em></strong></span> <span class='ocrx_word' id='word_1_653' title='bbox 1862 3545 2056 3600; x_wconf 90' lang='lat' dir='ltr'><strong>propo-</strong></span> 
     </span>
    </p>
   </div>
   <div class='ocr_carea' id='block_1_67' title="bbox 475 3622 2054 3701">
    <p class='ocr_par' dir='ltr' id='par_1_67' title="bbox 475 3622 2054 3701">
     <span class='ocr_line' id='line_1_67' title="bbox 475 3622 2054 3701; baseline -0.011 -10"><span class='ocrx_word' id='word_1_654' title='bbox 475 3634 619 3701; x_wconf 86' lang='lat' dir='ltr'><strong>sitio,</strong></span> <span class='ocrx_word' id='word_1_655' title='bbox 646 3632 902 3701; x_wconf 86' lang='lat' dir='ltr'><strong>contingit</strong></span> <span class='ocrx_word' id='word_1_656' title='bbox 931 3629 1072 3683; x_wconf 91' lang='lat' dir='ltr'><strong>enim</strong></span> <span class='ocrx_word' id='word_1_657' title='bbox 1102 3643 1134 3681; x_wconf 91' lang='lat' dir='ltr'><strong>a</strong></span> <span class='ocrx_word' id='word_1_658' title='bbox 1165 3638 1336 3694; x_wconf 87' lang='lat' dir='ltr'><strong>neque</strong></span> <span class='ocrx_word' id='word_1_659' title='bbox 1361 3623 1415 3691; x_wconf 89' lang='lat' dir='ltr'><strong>b,</strong></span> <span class='ocrx_word' id='word_1_660' title='bbox 1456 3639 1625 3693; x_wconf 90' lang='lat' dir='ltr'><strong>neque</strong></span> <span class='ocrx_word' id='word_1_661' title='bbox 1651 3639 1679 3676; x_wconf 88' lang='lat' dir='ltr'><strong>c</strong></span> <span class='ocrx_word' id='word_1_662' title='bbox 1701 3623 1827 3677; x_wconf 92' lang='lat' dir='ltr'><strong>nulli</strong></span> <span class='ocrx_word' id='word_1_663' title='bbox 1860 3622 2054 3686; x_wconf 90' lang='lat' dir='ltr'><strong>inesse,</strong></span> 
     </span>
    </p>
   </div>
   <div class='ocr_carea' id='block_1_68' title="bbox 474 3714 2058 3787">
    <p class='ocr_par' dir='ltr' id='par_1_68' title="bbox 474 3714 2058 3787">
     <span class='ocr_line' id='line_1_68' title="bbox 474 3714 2058 3787; baseline -0.011 -6"><span class='ocrx_word' id='word_1_664' title='bbox 474 3735 531 3781; x_wconf 87' lang='lat' dir='ltr'><strong>et</strong></span> <span class='ocrx_word' id='word_1_665' title='bbox 577 3725 604 3777; x_wconf 87' lang='lat' dir='ltr'><strong>b</strong></span> <span class='ocrx_word' id='word_1_666' title='bbox 658 3723 788 3779; x_wconf 92' lang='lat' dir='ltr'><strong>nulli</strong></span> <span class='ocrx_word' id='word_1_667' title='bbox 814 3738 858 3787; x_wconf 77' lang='grc' dir='ltr'><strong>ε,</strong></span> <span class='ocrx_word' id='word_1_668' title='bbox 915 3728 1059 3774; x_wconf 74' lang='lat' dir='ltr'><strong>nte:</strong></span> <span class='ocrx_word' id='word_1_669' title='bbox 1088 3719 1194 3772; x_wconf 88' lang='lat' dir='ltr'><strong>alio</strong></span> <span class='ocrx_word' id='word_1_670' title='bbox 1216 3730 1418 3787; x_wconf 78' lang='lat' dir='ltr'><strong>genere</strong></span> <span class='ocrx_word' id='word_1_671' title='bbox 1467 3714 1748 3784; x_wconf 87' lang='lat' dir='ltr'><strong>speciebus</strong></span> <span class='ocrx_word' id='word_1_672' title='bbox 1784 3714 2058 3781; x_wconf 72' lang='lat' dir='ltr'><strong>diversum</strong></span> 
     </span>
    </p>
   </div>
   <div class='ocr_carea' id='block_1_69' title="bbox 475 3802 2061 3886">
    <p class='ocr_par' dir='ltr' id='par_1_69' title="bbox 475 3802 2061 3886">
     <span class='ocr_line' id='line_1_69' title="bbox 475 3802 2061 3886; baseline -0.012 -15"><span class='ocrx_word' id='word_1_673' title='bbox 475 3832 661 3886; x_wconf 42' lang='lat' dir='ltr'><strong>genua</strong></span> <span class='ocrx_word' id='word_1_674' title='bbox 719 3827 839 3865; x_wconf 89' lang='lat' dir='ltr'><strong>nam</strong></span> <span class='ocrx_word' id='word_1_675' title='bbox 866 3809 1061 3863; x_wconf 88' lang='lat' dir='ltr'><strong>animal</strong></span> <span class='ocrx_word' id='word_1_676' title='bbox 1114 3822 1210 3861; x_wconf 89' lang='lat' dir='ltr'><strong>nec</strong></span> <span class='ocrx_word' id='word_1_677' title='bbox 1255 3806 1493 3869; x_wconf 64' lang='lat' dir='ltr'><strong>musicae,</strong></span> <span class='ocrx_word' id='word_1_678' title='bbox 1534 3820 1630 3858; x_wconf 90' lang='lat' dir='ltr'><strong>nec</strong></span> <span class='ocrx_word' id='word_1_679' title='bbox 1671 3802 2061 3883; x_wconf 47' lang='lat' dir='ltr'><strong>medicinzcinj</strong></span> 
     </span>
    </p>
   </div>
   <div class='ocr_carea' id='block_1_70' title="bbox 473 3890 2057 3972">
    <p class='ocr_par' dir='ltr' id='par_1_70' title="bbox 473 3890 2057 3972">
     <span class='ocr_line' id='line_1_70' title="bbox 473 3890 2057 3972; baseline -0.013 -10"><span class='ocrx_word' id='word_1_680' title='bbox 473 3892 781 3972; x_wconf 84' lang='lat' dir='ltr'><strong>est,neque</strong></span> <span class='ocrx_word' id='word_1_681' title='bbox 808 3899 1011 3955; x_wconf 84' lang='lat' dir='ltr'><strong>musica</strong></span> <span class='ocrx_word' id='word_1_682' title='bbox 1049 3897 1347 3950; x_wconf 65' lang='lat' dir='ltr'><strong>medicinae.</strong></span> <span class='ocrx_word' id='word_1_683' title='bbox 1378 3896 1603 3963; x_wconf 90' lang='lat' dir='ltr'><strong>Sumpta</strong></span> <span class='ocrx_word' id='word_1_684' title='bbox 1629 3908 1756 3960; x_wconf 83' lang='lat' dir='ltr'><strong>ergo</strong></span> <span class='ocrx_word' id='word_1_685' title='bbox 1783 3909 1813 3943; x_wconf 92' lang='lat' dir='ltr'><strong>a</strong></span> <span class='ocrx_word' id='word_1_686' title='bbox 1842 3890 2057 3960; x_wconf 86' lang='lat' dir='ltr'><strong>quidem</strong></span> 
     </span>
    </p>
   </div>
   <div class='ocr_carea' id='block_1_71' title="bbox 477 3980 2059 4058">
    <p class='ocr_par' dir='ltr' id='par_1_71' title="bbox 477 3980 2059 4058">
     <span class='ocr_line' id='line_1_71' title="bbox 477 3980 2059 4058; baseline -0.012 -7"><span class='ocrx_word' id='word_1_687' title='bbox 477 3996 607 4052; x_wconf 92' lang='lat' dir='ltr'><strong>nulli</strong></span> <span class='ocrx_word' id='word_1_688' title='bbox 643 3995 692 4058; x_wconf 73' lang='grc' dir='ltr'><strong>ὑ,</strong></span> <span class='ocrx_word' id='word_1_689' title='bbox 729 3992 757 4045; x_wconf 87' lang='lat' dir='ltr'><strong>b</strong></span> <span class='ocrx_word' id='word_1_690' title='bbox 806 3996 982 4043; x_wconf 89' lang='lat' dir='ltr'><strong>autem</strong></span> <span class='ocrx_word' id='word_1_691' title='bbox 1013 3986 1159 4040; x_wconf 89' lang='lat' dir='ltr'><strong>omni</strong></span> <span class='ocrx_word' id='word_1_692' title='bbox 1183 4000 1235 4050; x_wconf 87' lang='lat' dir='ltr'><strong>c,</strong></span> <span class='ocrx_word' id='word_1_693' title='bbox 1271 3998 1394 4039; x_wconf 88' lang='lat' dir='ltr'><strong>vera</strong></span> <span class='ocrx_word' id='word_1_694' title='bbox 1438 3983 1542 4035; x_wconf 87' lang='lat' dir='ltr'><strong>erit</strong></span> <span class='ocrx_word' id='word_1_695' title='bbox 1579 3981 1874 4035; x_wconf 78' lang='lat' dir='ltr'><strong>conclusio.</strong></span> <span class='ocrx_word' id='word_1_696' title='bbox 1921 3980 1986 4033; x_wconf 85' lang='lat' dir='ltr'><strong>Et</strong></span> <span class='ocrx_word' id='word_1_697' title='bbox 2015 3980 2059 4032; x_wconf 90' lang='lat' dir='ltr'><strong>si</strong></span> 
     </span>
    </p>
   </div>
   <div class='ocr_carea' id='block_1_72' title="bbox 478 4073 2061 4145">
    <p class='ocr_par' dir='ltr' id='par_1_72' title="bbox 478 4073 2061 4145">
     <span class='ocr_line' id='line_1_72' title="bbox 478 4073 2061 4145; baseline -0.012 -2"><span class='ocrx_word' id='word_1_698' title='bbox 478 4103 585 4144; x_wconf 94' lang='lat' dir='ltr'><strong>non</strong></span> <span class='ocrx_word' id='word_1_699' title='bbox 620 4095 729 4140; x_wconf 90' lang='lat' dir='ltr'><strong>tota</strong></span> <span class='ocrx_word' id='word_1_700' title='bbox 759 4081 888 4137; x_wconf 85' lang='lat' dir='ltr'><strong>falsa</strong></span> <span class='ocrx_word' id='word_1_701' title='bbox 914 4080 980 4136; x_wconf 91' lang='lat' dir='ltr'><strong>sit</strong></span> <span class='ocrx_word' id='word_1_702' title='bbox 1012 4079 1041 4133; x_wconf 87' lang='lat' dir='ltr'><strong>b</strong></span> <span class='ocrx_word' id='word_1_703' title='bbox 1080 4094 1127 4143; x_wconf 90' lang='lat' dir='ltr'><strong>c,</strong></span> <span class='ocrx_word' id='word_1_704' title='bbox 1165 4077 1261 4132; x_wconf 89' lang='lat' dir='ltr'><strong>sed</strong></span> <span class='ocrx_word' id='word_1_705' title='bbox 1310 4078 1360 4130; x_wconf 95' lang='lat' dir='ltr'><strong>in</strong></span> <span class='ocrx_word' id='word_1_706' title='bbox 1408 4074 1607 4145; x_wconf 83' lang='lat' dir='ltr'><strong>aliquo,</strong></span> <span class='ocrx_word' id='word_1_707' title='bbox 1654 4074 1816 4128; x_wconf 77' lang='lat' dir='ltr'><strong>etiam</strong></span> <span class='ocrx_word' id='word_1_708' title='bbox 1844 4073 1922 4127; x_wconf 92' lang='lat' dir='ltr'><strong>sic</strong></span> <span class='ocrx_word' id='word_1_709' title='bbox 1958 4073 2061 4126; x_wconf 91' lang='lat' dir='ltr'><strong>erit</strong></span> 
     </span>
    </p>
   </div>
   <div class='ocr_carea' id='block_1_73' title="bbox 476 4170 2055 4242">
    <p class='ocr_par' dir='ltr' id='par_1_73' title="bbox 476 4170 2055 4242">
     <span class='ocr_line' id='line_1_73' title="bbox 476 4170 2055 4242; baseline -0.01 -5"><span class='ocrx_word' id='word_1_710' title='bbox 476 4181 747 4237; x_wconf 84' lang='lat' dir='ltr'><strong>conclusio</strong></span> <span class='ocrx_word' id='word_1_711' title='bbox 776 4194 915 4233; x_wconf 88' lang='lat' dir='ltr'><strong>vera.</strong></span> <span class='ocrx_word' id='word_1_712' title='bbox 949 4174 1093 4231; x_wconf 84' lang='lat' dir='ltr'><strong>Nihil</strong></span> <span class='ocrx_word' id='word_1_713' title='bbox 1132 4174 1273 4229; x_wconf 92' lang='lat' dir='ltr'><strong>enim</strong></span> <span class='ocrx_word' id='word_1_714' title='bbox 1302 4171 1549 4242; x_wconf 86' lang='lat' dir='ltr'><strong>prohibet</strong></span> <span class='ocrx_word' id='word_1_715' title='bbox 1576 4189 1627 4237; x_wconf 86' lang='grc' dir='ltr'><strong>α,</strong></span> <span class='ocrx_word' id='word_1_716' title='bbox 1661 4184 1714 4225; x_wconf 90' lang='lat' dir='ltr'><strong>et</strong></span> <span class='ocrx_word' id='word_1_717' title='bbox 1757 4170 1784 4222; x_wconf 87' lang='lat' dir='ltr'><strong>b</strong></span> <span class='ocrx_word' id='word_1_718' title='bbox 1813 4179 1917 4225; x_wconf 88' lang='lat' dir='ltr'><strong>etc</strong></span> <span class='ocrx_word' id='word_1_719' title='bbox 1961 4172 2055 4223; x_wconf 83' lang='lat' dir='ltr'><strong>tuti</strong></span> 
     </span>
    </p>
   </div>
   <div class='ocr_carea' id='block_1_74' title="bbox 476 4256 2061 4336">
    <p class='ocr_par' dir='ltr' id='par_1_74' title="bbox 476 4256 2061 4336">
     <span class='ocr_line' id='line_1_74' title="bbox 476 4256 2061 4336; baseline -0.009 -7"><span class='ocrx_word' id='word_1_720' title='bbox 476 4276 675 4336; x_wconf 87' lang='lat' dir='ltr'><strong>inesse,</strong></span> <span class='ocrx_word' id='word_1_721' title='bbox 700 4271 727 4325; x_wconf 75' lang='grc' dir='ltr'><strong>ὁ</strong></span> <span class='ocrx_word' id='word_1_722' title='bbox 750 4278 925 4324; x_wconf 79' lang='lat' dir='ltr'><strong>autem</strong></span> <span class='ocrx_word' id='word_1_723' title='bbox 952 4267 1105 4324; x_wconf 90' lang='lat' dir='ltr'><strong>alicui</strong></span> <span class='ocrx_word' id='word_1_724' title='bbox 1134 4284 1180 4332; x_wconf 90' lang='lat' dir='ltr'><strong>c,</strong></span> <span class='ocrx_word' id='word_1_725' title='bbox 1207 4274 1265 4320; x_wconf 89' lang='lat' dir='ltr'><strong>ut</strong></span> <span class='ocrx_word' id='word_1_726' title='bbox 1290 4256 1459 4335; x_wconf 86' lang='lat' dir='ltr'><strong>genus</strong></span> <span class='ocrx_word' id='word_1_727' title='bbox 1484 4264 1681 4334; x_wconf 89' lang='lat' dir='ltr'><strong>speciei</strong></span> <span class='ocrx_word' id='word_1_728' title='bbox 1712 4272 1765 4316; x_wconf 92' lang='lat' dir='ltr'><strong>et</strong></span> <span class='ocrx_word' id='word_1_729' title='bbox 1810 4260 2061 4317; x_wconf 76' lang='lat' dir='ltr'><strong>differen-</strong></span> 
     </span>
    </p>
   </div>
   <div class='ocr_carea' id='block_1_75' title="bbox 479 4355 2060 4425">
    <p class='ocr_par' dir='ltr' id='par_1_75' title="bbox 479 4355 2060 4425">
     <span class='ocr_line' id='line_1_75' title="bbox 479 4355 2060 4425; baseline -0.008 -7"><span class='ocrx_word' id='word_1_730' title='bbox 479 4366 583 4425; x_wconf 77' lang='lat' dir='ltr'><strong>tize,</strong></span> <span class='ocrx_word' id='word_1_731' title='bbox 632 4376 753 4416; x_wconf 91' lang='lat' dir='ltr'><strong>nam</strong></span> <span class='ocrx_word' id='word_1_732' title='bbox 801 4360 997 4414; x_wconf 89' lang='lat' dir='ltr'><strong>animal</strong></span> <span class='ocrx_word' id='word_1_733' title='bbox 1045 4357 1247 4411; x_wconf 89' lang='lat' dir='ltr'><strong>homini</strong></span> <span class='ocrx_word' id='word_1_734' title='bbox 1279 4356 1422 4411; x_wconf 90' lang='lat' dir='ltr'><strong>omni</strong></span> <span class='ocrx_word' id='word_1_735' title='bbox 1471 4364 1526 4410; x_wconf 90' lang='lat' dir='ltr'><strong>et</strong></span> <span class='ocrx_word' id='word_1_736' title='bbox 1578 4355 1721 4409; x_wconf 88' lang='lat' dir='ltr'><strong>omni</strong></span> <span class='ocrx_word' id='word_1_737' title='bbox 1763 4355 2060 4424; x_wconf 79' lang='lat' dir='ltr'><strong>gressibili,</strong></span> 
     </span>
    </p>
   </div>
   <div class='ocr_carea' id='block_1_76' title="bbox 481 4444 2062 4529">
    <p class='ocr_par' dir='ltr' id='par_1_76' title="bbox 481 4444 2062 4529">
     <span class='ocr_line' id='line_1_76' title="bbox 481 4444 2062 4529; baseline -0.008 -19"><span class='ocrx_word' id='word_1_738' title='bbox 481 4458 639 4510; x_wconf 91' lang='lat' dir='ltr'><strong>homo</strong></span> <span class='ocrx_word' id='word_1_739' title='bbox 678 4464 853 4507; x_wconf 88' lang='lat' dir='ltr'><strong>autem</strong></span> <span class='ocrx_word' id='word_1_740' title='bbox 884 4450 1043 4529; x_wconf 85' lang='lat' dir='ltr'><strong>alicui</strong></span> <span class='ocrx_word' id='word_1_741' title='bbox 1084 4447 1364 4518; x_wconf 55' lang='lat' dir='ltr'><strong>gressihili,</strong></span> <span class='ocrx_word' id='word_1_742' title='bbox 1416 4455 1468 4501; x_wconf 89' lang='lat' dir='ltr'><strong>et</strong></span> <span class='ocrx_word' id='word_1_743' title='bbox 1498 4457 1600 4499; x_wconf 89' lang='lat' dir='ltr'><strong>non</strong></span> <span class='ocrx_word' id='word_1_744' title='bbox 1646 4444 1822 4507; x_wconf 90' lang='lat' dir='ltr'><strong>omni;</strong></span> <span class='ocrx_word' id='word_1_745' title='bbox 1856 4446 1901 4497; x_wconf 94' lang='lat' dir='ltr'><strong>si</strong></span> <span class='ocrx_word' id='word_1_746' title='bbox 1933 4459 2062 4513; x_wconf 85' lang='lat' dir='ltr'><strong>ergo</strong></span> 
     </span>
    </p>
   </div>
   <div class='ocr_carea' id='block_1_77' title="bbox 2165 3283 3739 3349">
    <p class='ocr_par' dir='ltr' id='par_1_77' title="bbox 2165 3283 3739 3349">
     <span class='ocr_line' id='line_1_77' title="bbox 2165 3283 3739 3349; baseline -0.001 -13"><span class='ocrx_word' id='word_1_747' title='bbox 2165 3283 2292 3336; x_wconf 92' lang='lat' dir='ltr'><strong>nulli</strong></span> <span class='ocrx_word' id='word_1_748' title='bbox 2340 3285 2498 3349; x_wconf 89' lang='lat' dir='ltr'><strong>inest,</strong></span> <span class='ocrx_word' id='word_1_749' title='bbox 2547 3284 2668 3336; x_wconf 70' lang='lat' dir='ltr'><strong>allio</strong></span> <span class='ocrx_word' id='word_1_750' title='bbox 2699 3299 2827 3338; x_wconf 88' lang='lat' dir='ltr'><strong>vero</strong></span> <span class='ocrx_word' id='word_1_751' title='bbox 2876 3299 2979 3337; x_wconf 92' lang='lat' dir='ltr'><strong>non</strong></span> <span class='ocrx_word' id='word_1_752' title='bbox 3026 3284 3202 3349; x_wconf 90' lang='lat' dir='ltr'><strong>alicui,</strong></span> <span class='ocrx_word' id='word_1_753' title='bbox 3260 3296 3519 3337; x_wconf 81' lang='lat' dir='ltr'><strong>numerus</strong></span> <span class='ocrx_word' id='word_1_754' title='bbox 3566 3292 3739 3336; x_wconf 80' lang='lat' dir='ltr'><strong>autem</strong></span> 
     </span>
    </p>
   </div>
   <div class='ocr_carea' id='block_1_78' title="bbox 2163 3373 3744 3443">
    <p class='ocr_par' dir='ltr' id='par_1_78' title="bbox 2163 3373 3744 3443">
     <span class='ocr_line' id='line_1_78' title="bbox 2163 3373 3744 3443; baseline 0.001 -18"><span class='ocrx_word' id='word_1_755' title='bbox 2163 3373 2289 3427; x_wconf 92' lang='lat' dir='ltr'><strong>nulli</strong></span> <span class='ocrx_word' id='word_1_756' title='bbox 2330 3374 2485 3435; x_wconf 84' lang='lat' dir='ltr'><strong>albo;</strong></span> <span class='ocrx_word' id='word_1_757' title='bbox 2518 3376 2561 3427; x_wconf 77' lang='lat' dir='ltr'><strong>si</strong></span> <span class='ocrx_word' id='word_1_758' title='bbox 2594 3389 2722 3443; x_wconf 79' lang='lat' dir='ltr'><strong>ergo</strong></span> <span class='ocrx_word' id='word_1_759' title='bbox 2751 3375 2985 3429; x_wconf 81' lang='lat' dir='ltr'><strong>medium</strong></span> <span class='ocrx_word' id='word_1_760' title='bbox 3024 3385 3247 3443; x_wconf 80' lang='lat' dir='ltr'><strong>ponatur</strong></span> <span class='ocrx_word' id='word_1_761' title='bbox 3274 3389 3551 3435; x_wconf 89' lang='lat' dir='ltr'><strong>numerus,</strong></span> <span class='ocrx_word' id='word_1_762' title='bbox 3574 3384 3628 3427; x_wconf 73' lang='lat' dir='ltr'><strong>et</strong></span> <span class='ocrx_word' id='word_1_763' title='bbox 3653 3388 3744 3428; x_wconf 89' lang='lat' dir='ltr'><strong>su-</strong></span> 
     </span>
    </p>
   </div>
   <div class='ocr_carea' id='block_1_79' title="bbox 2161 3464 3742 3536">
    <p class='ocr_par' dir='ltr' id='par_1_79' title="bbox 2161 3464 3742 3536">
     <span class='ocr_line' id='line_1_79' title="bbox 2161 3464 3742 3536; baseline 0.001 -19"><span class='ocrx_word' id='word_1_764' title='bbox 2161 3476 2334 3519; x_wconf 91' lang='lat' dir='ltr'><strong>matur</strong></span> <span class='ocrx_word' id='word_1_765' title='bbox 2372 3483 2405 3518; x_wconf 83' lang='grc' dir='ltr'><em>α</em></span> <span class='ocrx_word' id='word_1_766' title='bbox 2432 3466 2648 3536; x_wconf 81' lang='lat' dir='ltr'><strong>quidem</strong></span> <span class='ocrx_word' id='word_1_767' title='bbox 2674 3466 2801 3519; x_wconf 89' lang='lat' dir='ltr'><strong>nulli</strong></span> <span class='ocrx_word' id='word_1_768' title='bbox 2836 3466 2885 3531; x_wconf 88' lang='lat' dir='ltr'><strong>b,</strong></span> <span class='ocrx_word' id='word_1_769' title='bbox 2930 3465 2958 3518; x_wconf 77' lang='grc' dir='ltr'><strong>ὁ</strong></span> <span class='ocrx_word' id='word_1_770' title='bbox 2989 3478 3165 3520; x_wconf 82' lang='lat' dir='ltr'><strong>antem</strong></span> <span class='ocrx_word' id='word_1_771' title='bbox 3197 3465 3354 3519; x_wconf 80' lang='lat' dir='ltr'><strong>alicui</strong></span> <span class='ocrx_word' id='word_1_772' title='bbox 3383 3481 3430 3532; x_wconf 78' lang='grc' dir='ltr'><strong>ο,</strong></span> <span class='ocrx_word' id='word_1_773' title='bbox 3464 3482 3496 3517; x_wconf 89' lang='lat' dir='ltr'><strong>a</strong></span> <span class='ocrx_word' id='word_1_774' title='bbox 3528 3464 3683 3518; x_wconf 83' lang='lat' dir='ltr'><strong>alicui</strong></span> <span class='ocrx_word' id='word_1_775' title='bbox 3712 3482 3742 3517; x_wconf 72' lang='grc' dir='ltr'><em>ε</em></span> 
     </span>
    </p>
   </div>
   <div class='ocr_carea' id='block_1_80' title="bbox 2163 3546 3745 3625">
    <p class='ocr_par' dir='ltr' id='par_1_80' title="bbox 2163 3546 3745 3625">
     <span class='ocr_line' id='line_1_80' title="bbox 2163 3546 3745 3625; baseline 0.001 -17"><span class='ocrx_word' id='word_1_776' title='bbox 2163 3572 2266 3610; x_wconf 91' lang='lat' dir='ltr'><strong>non</strong></span> <span class='ocrx_word' id='word_1_777' title='bbox 2288 3557 2465 3621; x_wconf 88' lang='lat' dir='ltr'><strong>inerit,</strong></span> <span class='ocrx_word' id='word_1_778' title='bbox 2496 3556 2634 3625; x_wconf 90' lang='lat' dir='ltr'><strong>quod</strong></span> <span class='ocrx_word' id='word_1_779' title='bbox 2656 3546 2754 3609; x_wconf 87' lang='lat' dir='ltr'><strong>fuit</strong></span> <span class='ocrx_word' id='word_1_780' title='bbox 2784 3571 2990 3623; x_wconf 87' lang='lat' dir='ltr'><strong>verum,</strong></span> <span class='ocrx_word' id='word_1_781' title='bbox 3016 3571 3134 3610; x_wconf 86' lang='lat' dir='ltr'><strong>eum</strong></span> <span class='ocrx_word' id='word_1_782' title='bbox 3163 3573 3195 3608; x_wconf 89' lang='lat' dir='ltr'><strong>a</strong></span> <span class='ocrx_word' id='word_1_783' title='bbox 3226 3556 3253 3609; x_wconf 87' lang='lat' dir='ltr'><strong><em>b</em></strong></span> <span class='ocrx_word' id='word_1_784' title='bbox 3286 3556 3498 3622; x_wconf 87' lang='lat' dir='ltr'><strong>quidem</strong></span> <span class='ocrx_word' id='word_1_785' title='bbox 3527 3557 3595 3608; x_wconf 89' lang='lat' dir='ltr'><strong>sit</strong></span> <span class='ocrx_word' id='word_1_786' title='bbox 3622 3572 3745 3625; x_wconf 79' lang='lat' dir='ltr'><strong>pro-</strong></span> 
     </span>
    </p>
   </div>
   <div class='ocr_carea' id='block_1_81' title="bbox 2164 3648 3745 3717">
    <p class='ocr_par' dir='ltr' id='par_1_81' title="bbox 2164 3648 3745 3717">
     <span class='ocr_line' id='line_1_81' title="bbox 2164 3648 3745 3717; baseline 0 -17"><span class='ocrx_word' id='word_1_787' title='bbox 2164 3648 2355 3713; x_wconf 90' lang='lat' dir='ltr'><strong>positio</strong></span> <span class='ocrx_word' id='word_1_788' title='bbox 2391 3663 2534 3712; x_wconf 86' lang='lat' dir='ltr'><strong>vera,</strong></span> <span class='ocrx_word' id='word_1_789' title='bbox 2559 3648 2587 3700; x_wconf 72' lang='grc' dir='ltr'><strong>ιι</strong></span> <span class='ocrx_word' id='word_1_790' title='bbox 2610 3664 2635 3698; x_wconf 88' lang='lat' dir='ltr'><strong>c</strong></span> <span class='ocrx_word' id='word_1_791' title='bbox 2663 3650 2839 3701; x_wconf 83' lang='lat' dir='ltr'><strong>autem</strong></span> <span class='ocrx_word' id='word_1_792' title='bbox 2878 3648 3030 3701; x_wconf 78' lang='lat' dir='ltr'><strong>fal~a.</strong></span> <span class='ocrx_word' id='word_1_793' title='bbox 3067 3648 3129 3702; x_wconf 86' lang='lat' dir='ltr'><strong>Et</strong></span> <span class='ocrx_word' id='word_1_794' title='bbox 3156 3650 3198 3701; x_wconf 87' lang='lat' dir='ltr'><strong>si</strong></span> <span class='ocrx_word' id='word_1_795' title='bbox 3231 3648 3281 3701; x_wconf 90' lang='lat' dir='ltr'><strong>in</strong></span> <span class='ocrx_word' id='word_1_796' title='bbox 3307 3648 3486 3717; x_wconf 89' lang='lat' dir='ltr'><strong>aliquo</strong></span> <span class='ocrx_word' id='word_1_797' title='bbox 3513 3648 3581 3701; x_wconf 90' lang='lat' dir='ltr'><strong>sit</strong></span> <span class='ocrx_word' id='word_1_798' title='bbox 3614 3648 3745 3700; x_wconf 84' lang='lat' dir='ltr'><strong>falsa</strong></span> 
     </span>
    </p>
   </div>
   <div class='ocr_carea' id='block_1_82' title="bbox 2161 3737 3745 3802">
    <p class='ocr_par' dir='ltr' id='par_1_82' title="bbox 2161 3737 3745 3802">
     <span class='ocr_line' id='line_1_82' title="bbox 2161 3737 3745 3802; baseline 0.001 -14"><span class='ocrx_word' id='word_1_799' title='bbox 2161 3754 2191 3788; x_wconf 89' lang='lat' dir='ltr'><strong>a</strong></span> <span class='ocrx_word' id='word_1_800' title='bbox 2222 3738 2249 3789; x_wconf 76' lang='grc' dir='ltr'><strong>Ι)</strong></span> <span class='ocrx_word' id='word_1_801' title='bbox 2273 3779 2287 3799; x_wconf 85' lang='grc'>,</span> <span class='ocrx_word' id='word_1_802' title='bbox 2338 3737 2471 3791; x_wconf 83' lang='lat' dir='ltr'><strong>falsa</strong></span> <span class='ocrx_word' id='word_1_803' title='bbox 2504 3748 2680 3792; x_wconf 85' lang='lat' dir='ltr'><strong>autem</strong></span> <span class='ocrx_word' id='word_1_804' title='bbox 2714 3747 2767 3792; x_wconf 86' lang='lat' dir='ltr'><strong>et</strong></span> <span class='ocrx_word' id='word_1_805' title='bbox 2797 3738 2826 3789; x_wconf 90' lang='lat' dir='ltr'><strong>b</strong></span> <span class='ocrx_word' id='word_1_806' title='bbox 2875 3754 2921 3802; x_wconf 77' lang='grc' dir='ltr'><strong>ε,</strong></span> <span class='ocrx_word' id='word_1_807' title='bbox 2964 3738 3066 3792; x_wconf 89' lang='lat' dir='ltr'><strong>erit</strong></span> <span class='ocrx_word' id='word_1_808' title='bbox 3097 3738 3371 3791; x_wconf 81' lang='lat' dir='ltr'><strong>conclusio</strong></span> <span class='ocrx_word' id='word_1_809' title='bbox 3412 3754 3554 3791; x_wconf 84' lang='lat' dir='ltr'><strong>vera.</strong></span> <span class='ocrx_word' id='word_1_810' title='bbox 3604 3738 3745 3790; x_wconf 68' lang='lat' dir='ltr'><strong>Mhil</strong></span> 
     </span>
    </p>
   </div>
   <div class='ocr_carea' id='block_1_83' title="bbox 2161 3826 3744 3895">
    <p class='ocr_par' dir='ltr' id='par_1_83' title="bbox 2161 3826 3744 3895">
     <span class='ocr_line' id='line_1_83' title="bbox 2161 3826 3744 3895; baseline 0 -16"><span class='ocrx_word' id='word_1_811' title='bbox 2161 3828 2301 3879; x_wconf 89' lang='lat' dir='ltr'><strong>enim</strong></span> <span class='ocrx_word' id='word_1_812' title='bbox 2329 3826 2623 3894; x_wconf 87' lang='lat' dir='ltr'><strong>prohibeta</strong></span> <span class='ocrx_word' id='word_1_813' title='bbox 2664 3827 2821 3880; x_wconf 85' lang='lat' dir='ltr'><strong>a&#39;icui</strong></span> <span class='ocrx_word' id='word_1_814' title='bbox 2846 3826 2872 3879; x_wconf 88' lang='lat' dir='ltr'><strong>b</strong></span> <span class='ocrx_word' id='word_1_815' title='bbox 2909 3826 3139 3880; x_wconf 89' lang='lat' dir='ltr'><strong>etalicui</strong></span> <span class='ocrx_word' id='word_1_816' title='bbox 3172 3844 3197 3880; x_wconf 88' lang='lat' dir='ltr'><strong>c</strong></span> <span class='ocrx_word' id='word_1_817' title='bbox 3237 3828 3412 3881; x_wconf 86' lang='lat' dir='ltr'><strong>inesse</strong></span> <span class='ocrx_word' id='word_1_818' title='bbox 3449 3828 3684 3895; x_wconf 87' lang='lat' dir='ltr'><strong>utrique,</strong></span> <span class='ocrx_word' id='word_1_819' title='bbox 3716 3828 3744 3879; x_wconf 75' lang='grc' dir='ltr'><strong>ὁ</strong></span> 
     </span>
    </p>
   </div>
   <div class='ocr_carea' id='block_1_84' title="bbox 2161 3918 3745 3986">
    <p class='ocr_par' dir='ltr' id='par_1_84' title="bbox 2161 3918 3745 3986">
     <span class='ocr_line' id='line_1_84' title="bbox 2161 3918 3745 3986; baseline 0 -15"><span class='ocrx_word' id='word_1_820' title='bbox 2161 3927 2336 3973; x_wconf 87' lang='lat' dir='ltr'><strong>autem</strong></span> <span class='ocrx_word' id='word_1_821' title='bbox 2369 3920 2496 3972; x_wconf 92' lang='lat' dir='ltr'><strong>nulli</strong></span> <span class='ocrx_word' id='word_1_822' title='bbox 2530 3934 2575 3981; x_wconf 91' lang='lat' dir='ltr'><strong>c,</strong></span> <span class='ocrx_word' id='word_1_823' title='bbox 2610 3928 2665 3971; x_wconf 90' lang='lat' dir='ltr'><strong>ut</strong></span> <span class='ocrx_word' id='word_1_824' title='bbox 2704 3920 2745 3972; x_wconf 56' lang='lat' dir='ltr'><strong>si</strong></span> <span class='ocrx_word' id='word_1_825' title='bbox 2775 3920 2801 3972; x_wconf 90' lang='lat' dir='ltr'><strong>b</strong></span> <span class='ocrx_word' id='word_1_826' title='bbox 2840 3919 2908 3973; x_wconf 89' lang='lat' dir='ltr'><strong>sit</strong></span> <span class='ocrx_word' id='word_1_827' title='bbox 2934 3920 3259 3975; x_wconf 89' lang='lat' dir='ltr'><strong>contrarium</strong></span> <span class='ocrx_word' id='word_1_828' title='bbox 3296 3919 3391 3986; x_wconf 77' lang='lat' dir='ltr'><strong>ipsi</strong></span> <span class='ocrx_word' id='word_1_829' title='bbox 3426 3934 3472 3983; x_wconf 89' lang='lat' dir='ltr'><strong>c,</strong></span> <span class='ocrx_word' id='word_1_830' title='bbox 3502 3927 3558 3971; x_wconf 91' lang='lat' dir='ltr'><strong>et</strong></span> <span class='ocrx_word' id='word_1_831' title='bbox 3584 3918 3745 3971; x_wconf 87' lang='lat' dir='ltr'><strong>ambo</strong></span> 
     </span>
    </p>
   </div>
   <div class='ocr_carea' id='block_1_85' title="bbox 2163 4006 3749 4078">
    <p class='ocr_par' dir='ltr' id='par_1_85' title="bbox 2163 4006 3749 4078">
     <span class='ocr_line' id='line_1_85' title="bbox 2163 4006 3749 4078; baseline -0.001 -16"><span class='ocrx_word' id='word_1_832' title='bbox 2163 4007 2451 4063; x_wconf 84' lang='lat' dir='ltr'><strong>accidentia</strong></span> <span class='ocrx_word' id='word_1_833' title='bbox 2482 4008 2661 4063; x_wconf 72' lang='lat' dir='ltr'><strong>eidem.</strong></span> <span class='ocrx_word' id='word_1_834' title='bbox 2709 4012 2912 4078; x_wconf 50' lang='lat' dir='ltr'><strong>generi,</strong></span> <span class='ocrx_word' id='word_1_835' title='bbox 2944 4021 3065 4062; x_wconf 89' lang='lat' dir='ltr'><strong>nam</strong></span> <span class='ocrx_word' id='word_1_836' title='bbox 3101 4008 3294 4061; x_wconf 88' lang='lat' dir='ltr'><strong>animal</strong></span> <span class='ocrx_word' id='word_1_837' title='bbox 3337 4006 3492 4075; x_wconf 84' lang='lat' dir='ltr'><strong>alicui</strong></span> <span class='ocrx_word' id='word_1_838' title='bbox 3534 4007 3657 4060; x_wconf 87' lang='lat' dir='ltr'><strong>albo</strong></span> <span class='ocrx_word' id='word_1_839' title='bbox 3693 4015 3749 4060; x_wconf 86' lang='lat' dir='ltr'><strong>et.</strong></span> 
     </span>
    </p>
   </div>
   <div class='ocr_carea' id='block_1_86' title="bbox 2163 4080 3741 4166">
    <p class='ocr_par' dir='ltr' id='par_1_86' title="bbox 2163 4080 3741 4166">
     <span class='ocr_line' id='line_1_86' title="bbox 2163 4080 3741 4166; baseline -0.001 -15"><span class='ocrx_word' id='word_1_840' title='bbox 2163 4098 2316 4151; x_wconf 92' lang='lat' dir='ltr'><strong>alicui</strong></span> <span class='ocrx_word' id='word_1_841' title='bbox 2347 4097 2498 4166; x_wconf 82' lang='lat' dir='ltr'><strong>nigro</strong></span> <span class='ocrx_word' id='word_1_842' title='bbox 2531 4098 2686 4162; x_wconf 83' lang='lat' dir='ltr'><strong>inest,</strong></span> <span class='ocrx_word' id='word_1_843' title='bbox 2737 4100 2915 4151; x_wconf 64' lang='lat' dir='ltr'><strong>allium</strong></span> <span class='ocrx_word' id='word_1_844' title='bbox 2965 4106 3140 4152; x_wconf 88' lang='lat' dir='ltr'><strong>autem</strong></span> <span class='ocrx_word' id='word_1_845' title='bbox 3175 4097 3302 4150; x_wconf 89' lang='lat' dir='ltr'><strong>nulli</strong></span> <span class='ocrx_word' id='word_1_846' title='bbox 3354 4096 3509 4165; x_wconf 87' lang='lat' dir='ltr'><strong>nigro</strong></span> <span class='ocrx_word' id='word_1_847' title='bbox 3555 4080 3741 4158; x_wconf 85' lang='lat' dir='ltr'><strong>inest;</strong></span> 
     </span>
    </p>
   </div>
   <div class='ocr_carea' id='block_1_87' title="bbox 2164 4187 3745 4252">
    <p class='ocr_par' dir='ltr' id='par_1_87' title="bbox 2164 4187 3745 4252">
     <span class='ocr_line' id='line_1_87' title="bbox 2164 4187 3745 4252; baseline -0.001 -13"><span class='ocrx_word' id='word_1_848' title='bbox 2164 4188 2206 4239; x_wconf 91' lang='lat' dir='ltr'><strong>si</strong></span> <span class='ocrx_word' id='word_1_849' title='bbox 2238 4201 2365 4252; x_wconf 71' lang='lat' dir='ltr'><strong>ergo</strong></span> <span class='ocrx_word' id='word_1_850' title='bbox 2392 4197 2631 4241; x_wconf 88' lang='lat' dir='ltr'><strong>sumatur</strong></span> <span class='ocrx_word' id='word_1_851' title='bbox 2657 4204 2688 4239; x_wconf 92' lang='lat' dir='ltr'><strong>a</strong></span> <span class='ocrx_word' id='word_1_852' title='bbox 2719 4188 2861 4240; x_wconf 88' lang='lat' dir='ltr'><strong>omni</strong></span> <span class='ocrx_word' id='word_1_853' title='bbox 2913 4189 2962 4252; x_wconf 75' lang='grc' dir='ltr'><strong>ὁ,</strong></span> <span class='ocrx_word' id='word_1_854' title='bbox 2995 4196 3050 4241; x_wconf 88' lang='lat' dir='ltr'><strong>et</strong></span> <span class='ocrx_word' id='word_1_855' title='bbox 3089 4188 3117 4240; x_wconf 86' lang='lat' dir='ltr'><strong>b</strong></span> <span class='ocrx_word' id='word_1_856' title='bbox 3157 4187 3324 4241; x_wconf 88' lang='lat' dir='ltr'><strong>alicui</strong></span> <span class='ocrx_word' id='word_1_857' title='bbox 3372 4203 3420 4250; x_wconf 87' lang='lat' dir='ltr'><strong>c,</strong></span> <span class='ocrx_word' id='word_1_858' title='bbox 3476 4202 3603 4241; x_wconf 85' lang='lat' dir='ltr'><strong>vera</strong></span> <span class='ocrx_word' id='word_1_859' title='bbox 3642 4187 3745 4241; x_wconf 88' lang='lat' dir='ltr'><strong>erit</strong></span> 
     </span>
    </p>
   </div>
   <div class='ocr_carea' id='block_1_88' title="bbox 2164 4280 3745 4355">
    <p class='ocr_par' dir='ltr' id='par_1_88' title="bbox 2164 4280 3745 4355">
     <span class='ocr_line' id='line_1_88' title="bbox 2164 4280 3745 4355; baseline -0.003 -22"><span class='ocrx_word' id='word_1_860' title='bbox 2164 4281 2456 4355; x_wconf 82' lang='lat' dir='ltr'><strong>conclusio.</strong></span> <span class='ocrx_word' id='word_1_861' title='bbox 2502 4282 2565 4334; x_wconf 87' lang='lat' dir='ltr'><strong>Et</strong></span> <span class='ocrx_word' id='word_1_862' title='bbox 2597 4280 2849 4347; x_wconf 79' lang='lat' dir='ltr'><strong>privativa</strong></span> <span class='ocrx_word' id='word_1_863' title='bbox 2876 4280 3088 4350; x_wconf 87' lang='lat' dir='ltr'><strong>quidem</strong></span> <span class='ocrx_word' id='word_1_864' title='bbox 3139 4289 3351 4349; x_wconf 90' lang='lat' dir='ltr'><strong>sumpta</strong></span> <span class='ocrx_word' id='word_1_865' title='bbox 3385 4297 3416 4333; x_wconf 93' lang='lat' dir='ltr'><strong>a</strong></span> <span class='ocrx_word' id='word_1_866' title='bbox 3447 4281 3495 4338; x_wconf 78' lang='grc' dir='ltr'><strong>ὁ.</strong></span> <span class='ocrx_word' id='word_1_867' title='bbox 3549 4280 3745 4333; x_wconf 88' lang='lat' dir='ltr'><strong>simili-</strong></span> 
     </span>
    </p>
   </div>
   <div class='ocr_carea' id='block_1_89' title="bbox 2167 4371 3748 4440">
    <p class='ocr_par' dir='ltr' id='par_1_89' title="bbox 2167 4371 3748 4440">
     <span class='ocr_line' id='line_1_89' title="bbox 2167 4371 3748 4440; baseline 0.001 -17"><span class='ocrx_word' id='word_1_868' title='bbox 2167 4380 2266 4425; x_wconf 90' lang='lat' dir='ltr'><strong>ter.</strong></span> <span class='ocrx_word' id='word_1_869' title='bbox 2299 4371 2426 4424; x_wconf 83' lang='lat' dir='ltr'><strong>Nam</strong></span> <span class='ocrx_word' id='word_1_870' title='bbox 2460 4372 2619 4426; x_wconf 86' lang='lat' dir='ltr'><strong>iidem</strong></span> <span class='ocrx_word' id='word_1_871' title='bbox 2650 4372 2883 4437; x_wconf 84' lang='lat' dir='ltr'><strong>termini,</strong></span> <span class='ocrx_word' id='word_1_872' title='bbox 2912 4381 2965 4426; x_wconf 91' lang='lat' dir='ltr'><strong>et</strong></span> <span class='ocrx_word' id='word_1_873' title='bbox 2994 4371 3237 4426; x_wconf 89' lang='lat' dir='ltr'><strong>similiter</strong></span> <span class='ocrx_word' id='word_1_874' title='bbox 3267 4380 3534 4440; x_wconf 87' lang='lat' dir='ltr'><strong>ponentur</strong></span> <span class='ocrx_word' id='word_1_875' title='bbox 3560 4372 3626 4423; x_wconf 90' lang='lat' dir='ltr'><strong>ad</strong></span> <span class='ocrx_word' id='word_1_876' title='bbox 3653 4371 3748 4424; x_wconf 85' lang='lat' dir='ltr'><strong>de-</strong></span> 
     </span>
    </p>
   </div>
   <div class='ocr_carea' id='block_1_90' title="bbox 2166 4459 3749 4529">
    <p class='ocr_par' dir='ltr' id='par_1_90' title="bbox 2166 4459 3749 4529">
     <span class='ocr_line' id='line_1_90' title="bbox 2166 4459 3749 4529; baseline 0.001 -16"><span class='ocrx_word' id='word_1_877' title='bbox 2166 4464 2625 4515; x_wconf 75' lang='lat' dir='ltr'><strong>monstrationem.</strong></span> <span class='ocrx_word' id='word_1_878' title='bbox 2661 4461 2724 4514; x_wconf 86' lang='lat' dir='ltr'><strong>Et</strong></span> <span class='ocrx_word' id='word_1_879' title='bbox 2752 4476 2814 4514; x_wconf 80' lang='lat' dir='ltr'><strong>ex</strong></span> <span class='ocrx_word' id='word_1_880' title='bbox 2847 4463 3086 4529; x_wconf 86' lang='lat' dir='ltr'><strong>utrisque</strong></span> <span class='ocrx_word' id='word_1_881' title='bbox 3128 4461 3280 4515; x_wconf 78' lang='lat' dir='ltr'><strong>falsis</strong></span> <span class='ocrx_word' id='word_1_882' title='bbox 3320 4459 3424 4515; x_wconf 91' lang='lat' dir='ltr'><strong>erit</strong></span> <span class='ocrx_word' id='word_1_883' title='bbox 3467 4460 3749 4515; x_wconf 77' lang='lat' dir='ltr'><strong>Conclusio</strong></span> 
     </span>
    </p>
   </div>
   <div class='ocr_carea' id='block_1_91' title="bbox 479 4532 3748 4625">
    <p class='ocr_par' dir='ltr' id='par_1_91' title="bbox 479 4532 3748 4625">
     <span class='ocr_line' id='line_1_91' title="bbox 479 4532 3748 4625; baseline -0.001 -17"><span class='ocrx_word' id='word_1_884' title='bbox 479 4567 509 4601; x_wconf 81' lang='grc' dir='ltr'><em>α</em></span> <span class='ocrx_word' id='word_1_885' title='bbox 535 4548 681 4625; x_wconf 49' lang='lat' dir='ltr'><strong>omni</strong></span> <span class='ocrx_word' id='word_1_886' title='bbox 730 4545 781 4609; x_wconf 66' lang='grc' dir='ltr'><strong>ὁ.</strong></span> <span class='ocrx_word' id='word_1_887' title='bbox 811 4554 864 4597; x_wconf 75' lang='grc' dir='ltr'><strong>ει</strong></span> <span class='ocrx_word' id='word_1_888' title='bbox 907 4545 934 4595; x_wconf 73' lang='lat' dir='ltr'><strong><em>b</em></strong></span> <span class='ocrx_word' id='word_1_889' title='bbox 962 4532 1109 4596; x_wconf 23' lang='lat' dir='ltr'><strong>0m.ni</strong></span> <span class='ocrx_word' id='word_1_890' title='bbox 1155 4556 1183 4593; x_wconf 76' lang='grc' dir='ltr'><strong><em>ο</em></strong></span> <span class='ocrx_word' id='word_1_891' title='bbox 1218 4548 1479 4602; x_wconf 63' lang='lat' dir='ltr'><strong>Sumatur.</strong></span> <span class='ocrx_word' id='word_1_892' title='bbox 1537 4554 1568 4589; x_wconf 85' lang='grc' dir='ltr'><em>α</em></span> <span class='ocrx_word' id='word_1_893' title='bbox 1611 4537 1753 4590; x_wconf 70' lang='lat' dir='ltr'><strong>omni</strong></span> <span class='ocrx_word' id='word_1_894' title='bbox 1804 4554 1830 4589; x_wconf 80' lang='grc' dir='ltr'><strong><em>ε</em></strong></span> <span class='ocrx_word' id='word_1_895' title='bbox 1880 4537 2058 4603; x_wconf 58' lang='lat' dir='ltr'><strong>inerit,</strong></span> <span class='ocrx_word' id='word_1_896' title='bbox 2085 4558 2140 4620; x_wconf 79' lang='grc' dir='ltr'><strong>ι)</strong></span> <span class='ocrx_word' id='word_1_897' title='bbox 2167 4566 2311 4605; x_wconf 89' lang='lat' dir='ltr'><strong>vera.</strong></span> <span class='ocrx_word' id='word_1_898' title='bbox 2345 4551 2605 4606; x_wconf 85' lang='lat' dir='ltr'><strong>Possibile</strong></span> <span class='ocrx_word' id='word_1_899' title='bbox 2634 4561 2715 4606; x_wconf 90' lang='lat' dir='ltr'><strong>est</strong></span> <span class='ocrx_word' id='word_1_900' title='bbox 2741 4554 2882 4605; x_wconf 90' lang='lat' dir='ltr'><strong>enim</strong></span> <span class='ocrx_word' id='word_1_901' title='bbox 2917 4561 2950 4603; x_wconf 88' lang='lat' dir='ltr'><strong>a&#39;</strong></span> <span class='ocrx_word' id='word_1_902' title='bbox 2989 4552 3017 4604; x_wconf 91' lang='lat' dir='ltr'><strong>b</strong></span> <span class='ocrx_word' id='word_1_903' title='bbox 3047 4552 3261 4621; x_wconf 90' lang='lat' dir='ltr'><strong>quidem</strong></span> <span class='ocrx_word' id='word_1_904' title='bbox 3300 4553 3452 4619; x_wconf 92' lang='lat' dir='ltr'><strong>nulli,</strong></span> <span class='ocrx_word' id='word_1_905' title='bbox 3497 4569 3525 4605; x_wconf 90' lang='lat' dir='ltr'><strong>c</strong></span> <span class='ocrx_word' id='word_1_906' title='bbox 3567 4561 3748 4606; x_wconf 90' lang='lat' dir='ltr'><strong>autem</strong></span> 
     </span>
    </p>
   </div>
   <div class='ocr_carea' id='block_1_92' title="bbox 478 4628 2057 4708">
    <p class='ocr_par' dir='ltr' id='par_1_92' title="bbox 478 4628 2057 4708">
     <span class='ocr_line' id='line_1_92' title="bbox 478 4628 2057 4708; baseline -0.007 -16"><span class='ocrx_word' id='word_1_907' title='bbox 478 4638 621 4708; x_wconf 89' lang='lat' dir='ltr'><strong>quod</strong></span> <span class='ocrx_word' id='word_1_908' title='bbox 650 4635 864 4706; x_wconf 90' lang='lat' dir='ltr'><strong>quidem</strong></span> <span class='ocrx_word' id='word_1_909' title='bbox 895 4643 1013 4687; x_wconf 87' lang='lat' dir='ltr'><strong>erat</strong></span> <span class='ocrx_word' id='word_1_910' title='bbox 1056 4646 1267 4685; x_wconf 85' lang='lat' dir='ltr'><strong>verum.</strong></span> <span class='ocrx_word' id='word_1_911' title='bbox 1300 4628 1557 4684; x_wconf 87' lang='lat' dir='ltr'><strong>Similiter</strong></span> <span class='ocrx_word' id='word_1_912' title='bbox 1583 4636 1759 4681; x_wconf 88' lang='lat' dir='ltr'><strong>autem</strong></span> <span class='ocrx_word' id='word_1_913' title='bbox 1792 4642 1912 4682; x_wconf 88' lang='lat' dir='ltr'><strong>cmn</strong></span> <span class='ocrx_word' id='word_1_914' title='bbox 1950 4629 2057 4696; x_wconf 81' lang='lat' dir='ltr'><strong>pri-</strong></span> 
     </span>
    </p>
   </div>
   <div class='ocr_carea' id='block_1_93' title="bbox 482 4718 2058 4792">
    <p class='ocr_par' dir='ltr' id='par_1_93' title="bbox 482 4718 2058 4792">
     <span class='ocr_line' id='line_1_93' title="bbox 482 4718 2058 4792; baseline -0.005 -11"><span class='ocrx_word' id='word_1_915' title='bbox 482 4731 653 4781; x_wconf 89' lang='lat' dir='ltr'><strong>vativa</strong></span> <span class='ocrx_word' id='word_1_916' title='bbox 696 4735 779 4780; x_wconf 90' lang='lat' dir='ltr'><strong>est</strong></span> <span class='ocrx_word' id='word_1_917' title='bbox 812 4741 863 4788; x_wconf 89' lang='lat' dir='ltr'><strong>a,</strong></span> <span class='ocrx_word' id='word_1_918' title='bbox 912 4724 940 4776; x_wconf 73' lang='lat' dir='ltr'><strong>to</strong></span> <span class='ocrx_word' id='word_1_919' title='bbox 989 4720 1300 4792; x_wconf 90' lang='lat' dir='ltr'><strong>propositio,</strong></span> <span class='ocrx_word' id='word_1_920' title='bbox 1333 4718 1596 4786; x_wconf 87' lang='lat' dir='ltr'><strong>contingit</strong></span> <span class='ocrx_word' id='word_1_921' title='bbox 1646 4719 1788 4772; x_wconf 90' lang='lat' dir='ltr'><strong>enim</strong></span> <span class='ocrx_word' id='word_1_922' title='bbox 1816 4735 1848 4771; x_wconf 90' lang='lat' dir='ltr'><strong>a</strong></span> <span class='ocrx_word' id='word_1_923' title='bbox 1878 4734 1980 4773; x_wconf 88' lang='lat' dir='ltr'><strong>nec</strong></span> <span class='ocrx_word' id='word_1_924' title='bbox 2009 4721 2058 4787; x_wconf 90' lang='lat' dir='ltr'><strong>b,</strong></span> 
     </span>
    </p>
   </div>
   <div class='ocr_carea' id='block_1_94' title="bbox 484 4800 2062 4879">
    <p class='ocr_par' dir='ltr' id='par_1_94' title="bbox 484 4800 2062 4879">
     <span class='ocr_line' id='line_1_94' title="bbox 484 4800 2062 4879; baseline -0.006 -7"><span class='ocrx_word' id='word_1_925' title='bbox 484 4834 579 4873; x_wconf 86' lang='lat' dir='ltr'><strong>nec</strong></span> <span class='ocrx_word' id='word_1_926' title='bbox 609 4834 637 4870; x_wconf 75' lang='grc' dir='ltr'><strong>ιτ</strong></span> <span class='ocrx_word' id='word_1_927' title='bbox 656 4800 788 4869; x_wconf 90' lang='lat' dir='ltr'><strong>nulli</strong></span> <span class='ocrx_word' id='word_1_928' title='bbox 832 4815 1028 4873; x_wconf 88' lang='lat' dir='ltr'><strong>inesse,</strong></span> <span class='ocrx_word' id='word_1_929' title='bbox 1075 4814 1101 4863; x_wconf 86' lang='lat' dir='ltr'><strong>b</strong></span> <span class='ocrx_word' id='word_1_930' title='bbox 1136 4824 1262 4863; x_wconf 89' lang='lat' dir='ltr'><strong>vero</strong></span> <span class='ocrx_word' id='word_1_931' title='bbox 1287 4809 1445 4862; x_wconf 90' lang='lat' dir='ltr'><strong>alicui</strong></span> <span class='ocrx_word' id='word_1_932' title='bbox 1493 4825 1540 4872; x_wconf 87' lang='lat' dir='ltr'><strong>c,</strong></span> <span class='ocrx_word' id='word_1_933' title='bbox 1566 4818 1625 4875; x_wconf 81' lang='lat' dir='ltr'><strong>at</strong></span> <span class='ocrx_word' id='word_1_934' title='bbox 1663 4824 1829 4878; x_wconf 85' lang='lat' dir='ltr'><strong>genus</strong></span> <span class='ocrx_word' id='word_1_935' title='bbox 1859 4811 2062 4879; x_wconf 78' lang='lat' dir='ltr'><strong>exalio</strong></span> 
     </span>
    </p>
   </div>
   <div class='ocr_carea' id='block_1_95' title="bbox 479 4898 2062 4979">
    <p class='ocr_par' dir='ltr' id='par_1_95' title="bbox 479 4898 2062 4979">
     <span class='ocr_line' id='line_1_95' title="bbox 479 4898 2062 4979; baseline -0.006 -17"><span class='ocrx_word' id='word_1_936' title='bbox 479 4922 675 4978; x_wconf 80' lang='lat' dir='ltr'><strong>genere</strong></span> <span class='ocrx_word' id='word_1_937' title='bbox 704 4904 902 4974; x_wconf 87' lang='lat' dir='ltr'><strong>speciei</strong></span> <span class='ocrx_word' id='word_1_938' title='bbox 929 4898 1327 4979; x_wconf 59' lang='lat' dir='ltr'><strong>etdill&#39;ereutiie,</strong></span> <span class='ocrx_word' id='word_1_939' title='bbox 1358 4913 1476 4950; x_wconf 83' lang='lat' dir='ltr'><strong>nam</strong></span> <span class='ocrx_word' id='word_1_940' title='bbox 1499 4899 1697 4952; x_wconf 70' lang='lat' dir='ltr'><strong>animal</strong></span> <span class='ocrx_word' id='word_1_941' title='bbox 1723 4914 1819 4953; x_wconf 89' lang='lat' dir='ltr'><strong>nec</strong></span> <span class='ocrx_word' id='word_1_942' title='bbox 1846 4901 2062 4977; x_wconf 82' lang='lat' dir='ltr'><strong>sapien-</strong></span> 
     </span>
    </p>
   </div>
   <div class='ocr_carea' id='block_1_96' title="bbox 484 4987 2059 5067">
    <p class='ocr_par' dir='ltr' id='par_1_96' title="bbox 484 4987 2059 5067">
     <span class='ocr_line' id='line_1_96' title="bbox 484 4987 2059 5067; baseline -0.004 -16"><span class='ocrx_word' id='word_1_943' title='bbox 484 4995 730 5067; x_wconf 56' lang='lat' dir='ltr'><strong>tiienulli</strong></span> <span class='ocrx_word' id='word_1_944' title='bbox 772 4996 931 5056; x_wconf 80' lang='lat' dir='ltr'><strong>inest,</strong></span> <span class='ocrx_word' id='word_1_945' title='bbox 976 5005 1075 5046; x_wconf 90' lang='lat' dir='ltr'><strong>nec</strong></span> <span class='ocrx_word' id='word_1_946' title='bbox 1122 4987 1576 5057; x_wconf 87' lang='lat' dir='ltr'><strong>contemplationi,</strong></span> <span class='ocrx_word' id='word_1_947' title='bbox 1632 4990 1893 5058; x_wconf 88' lang='lat' dir='ltr'><strong>sapientia</strong></span> <span class='ocrx_word' id='word_1_948' title='bbox 1931 5006 2059 5044; x_wconf 92' lang='lat' dir='ltr'><strong>vero</strong></span> 
     </span>
    </p>
   </div>
   <div class='ocr_carea' id='block_1_97' title="bbox 482 5075 2058 5163">
    <p class='ocr_par' dir='ltr' id='par_1_97' title="bbox 482 5075 2058 5163">
     <span class='ocr_line' id='line_1_97' title="bbox 482 5075 2058 5163; baseline -0.004 -13"><span class='ocrx_word' id='word_1_949' title='bbox 482 5100 636 5153; x_wconf 85' lang='lat' dir='ltr'><strong>alicui</strong></span> <span class='ocrx_word' id='word_1_950' title='bbox 699 5075 1189 5163; x_wconf 81' lang='lat' dir='ltr'><strong>contemp&#39;ationi;</strong></span> <span class='ocrx_word' id='word_1_951' title='bbox 1250 5090 1295 5143; x_wconf 91' lang='lat' dir='ltr'><strong>si</strong></span> <span class='ocrx_word' id='word_1_952' title='bbox 1364 5103 1491 5158; x_wconf 86' lang='lat' dir='ltr'><strong>ergo</strong></span> <span class='ocrx_word' id='word_1_953' title='bbox 1546 5099 1786 5145; x_wconf 84' lang='lat' dir='ltr'><strong>sumatur</strong></span> <span class='ocrx_word' id='word_1_954' title='bbox 1845 5106 1876 5141; x_wconf 91' lang='lat' dir='ltr'><strong>a</strong></span> <span class='ocrx_word' id='word_1_955' title='bbox 1931 5089 2058 5143; x_wconf 89' lang='lat' dir='ltr'><strong>nulli</strong></span> 
     </span>
    </p>
   </div>
   <div class='ocr_carea' id='block_1_98' title="bbox 484 5170 2055 5256">
    <p class='ocr_par' dir='ltr' id='par_1_98' title="bbox 484 5170 2055 5256">
     <span class='ocr_line' id='line_1_98' title="bbox 484 5170 2055 5256; baseline -0.008 -11"><span class='ocrx_word' id='word_1_956' title='bbox 484 5193 551 5256; x_wconf 73' lang='grc' dir='ltr'><strong>ὁ,</strong></span> <span class='ocrx_word' id='word_1_957' title='bbox 606 5191 634 5243; x_wconf 87' lang='lat' dir='ltr'><strong>b</strong></span> <span class='ocrx_word' id='word_1_958' title='bbox 676 5200 849 5243; x_wconf 88' lang='lat' dir='ltr'><strong>autem</strong></span> <span class='ocrx_word' id='word_1_959' title='bbox 904 5185 1044 5238; x_wconf 90' lang='lat' dir='ltr'><strong>omni</strong></span> <span class='ocrx_word' id='word_1_960' title='bbox 1094 5199 1142 5250; x_wconf 76' lang='grc' dir='ltr'><strong>ε,</strong></span> <span class='ocrx_word' id='word_1_961' title='bbox 1195 5182 1324 5237; x_wconf 89' lang='lat' dir='ltr'><strong>nulli</strong></span> <span class='ocrx_word' id='word_1_962' title='bbox 1365 5198 1392 5234; x_wconf 86' lang='lat' dir='ltr'><strong>c</strong></span> <span class='ocrx_word' id='word_1_963' title='bbox 1433 5182 1593 5235; x_wconf 85' lang='lat' dir='ltr'><strong>inerit</strong></span> <span class='ocrx_word' id='word_1_964' title='bbox 1640 5198 1693 5247; x_wconf 82' lang='grc' dir='ltr'><em>α,</em></span> <span class='ocrx_word' id='word_1_965' title='bbox 1746 5183 1846 5235; x_wconf 91' lang='lat' dir='ltr'><strong>hoc</strong></span> <span class='ocrx_word' id='word_1_966' title='bbox 1878 5170 2055 5234; x_wconf 87' lang='lat' dir='ltr'><strong>autem</strong></span> 
     </span>
    </p>
   </div>
   <div class='ocr_carea' id='block_1_99' title="bbox 482 5272 2056 5344">
    <p class='ocr_par' dir='ltr' id='par_1_99' title="bbox 482 5272 2056 5344">
     <span class='ocr_line' id='line_1_99' title="bbox 482 5272 2056 5344; baseline -0.008 -7"><span class='ocrx_word' id='word_1_967' title='bbox 482 5291 598 5337; x_wconf 84' lang='lat' dir='ltr'><strong>erat</strong></span> <span class='ocrx_word' id='word_1_968' title='bbox 623 5295 826 5334; x_wconf 89' lang='lat' dir='ltr'><strong>verum.</strong></span> <span class='ocrx_word' id='word_1_969' title='bbox 863 5277 916 5330; x_wconf 90' lang='lat' dir='ltr'><strong>lu</strong></span> <span class='ocrx_word' id='word_1_970' title='bbox 947 5273 1348 5344; x_wconf 84' lang='lat' dir='ltr'><strong>particularibus</strong></span> <span class='ocrx_word' id='word_1_971' title='bbox 1377 5285 1551 5327; x_wconf 91' lang='lat' dir='ltr'><strong>autem</strong></span> <span class='ocrx_word' id='word_1_972' title='bbox 1580 5272 1905 5342; x_wconf 84' lang='lat' dir='ltr'><strong>syllogismis</strong></span> <span class='ocrx_word' id='word_1_973' title='bbox 1927 5286 2056 5325; x_wconf 80' lang='lat' dir='ltr'><strong>con-</strong></span> 
     </span>
    </p>
   </div>
   <div class='ocr_carea' id='block_1_100' title="bbox 487 5363 2058 5443">
    <p class='ocr_par' dir='ltr' id='par_1_100' title="bbox 487 5363 2058 5443">
     <span class='ocr_line' id='line_1_100' title="bbox 487 5363 2058 5443; baseline -0.009 -16"><span class='ocrx_word' id='word_1_974' title='bbox 487 5374 683 5443; x_wconf 84' lang='lat' dir='ltr'><strong>tingit,</strong></span> <span class='ocrx_word' id='word_1_975' title='bbox 728 5372 895 5440; x_wconf 90' lang='lat' dir='ltr'><strong>prima</strong></span> <span class='ocrx_word' id='word_1_976' title='bbox 945 5367 1306 5437; x_wconf 83' lang='lat' dir='ltr'><strong>propositione</strong></span> <span class='ocrx_word' id='word_1_977' title='bbox 1350 5374 1457 5418; x_wconf 84' lang='lat' dir='ltr'><strong>tota</strong></span> <span class='ocrx_word' id='word_1_978' title='bbox 1503 5364 1631 5417; x_wconf 74' lang='lat' dir='ltr'><strong>falsa</strong></span> <span class='ocrx_word' id='word_1_979' title='bbox 1666 5366 1945 5426; x_wconf 81' lang='lat' dir='ltr'><strong>existente,</strong></span> <span class='ocrx_word' id='word_1_980' title='bbox 1979 5363 2058 5414; x_wconf 87' lang='lat' dir='ltr'><strong>al-</strong></span> 
     </span>
    </p>
   </div>
   <div class='ocr_carea' id='block_1_101' title="bbox 486 5465 2054 5533">
    <p class='ocr_par' dir='ltr' id='par_1_101' title="bbox 486 5465 2054 5533">
     <span class='ocr_line' id='line_1_101' title="bbox 486 5465 2054 5533; baseline -0.009 -3"><span class='ocrx_word' id='word_1_981' title='bbox 486 5486 597 5530; x_wconf 80' lang='lat' dir='ltr'><strong>tera</strong></span> <span class='ocrx_word' id='word_1_982' title='bbox 618 5483 792 5526; x_wconf 89' lang='lat' dir='ltr'><strong>autem</strong></span> <span class='ocrx_word' id='word_1_983' title='bbox 824 5486 969 5533; x_wconf 88' lang='lat' dir='ltr'><strong>vera,</strong></span> <span class='ocrx_word' id='word_1_984' title='bbox 1002 5484 1178 5522; x_wconf 88' lang='lat' dir='ltr'><strong>veram</strong></span> <span class='ocrx_word' id='word_1_985' title='bbox 1223 5482 1348 5522; x_wconf 84' lang='lat' dir='ltr'><strong>esse</strong></span> <span class='ocrx_word' id='word_1_986' title='bbox 1383 5465 1805 5529; x_wconf 88' lang='lat' dir='ltr'><strong>conclusionem,</strong></span> <span class='ocrx_word' id='word_1_987' title='bbox 1863 5475 1916 5519; x_wconf 89' lang='lat' dir='ltr'><strong>et</strong></span> <span class='ocrx_word' id='word_1_988' title='bbox 1946 5482 1976 5516; x_wconf 85' lang='grc' dir='ltr'><strong>ιι</strong></span> <span class='ocrx_word' id='word_1_989' title='bbox 2026 5465 2054 5516; x_wconf 89' lang='lat' dir='ltr'><strong>b</strong></span> 
     </span>
    </p>
   </div>
   <div class='ocr_carea' id='block_1_102' title="bbox 484 5562 2058 5640">
    <p class='ocr_par' dir='ltr' id='par_1_102' title="bbox 484 5562 2058 5640">
     <span class='ocr_line' id='line_1_102' title="bbox 484 5562 2058 5640; baseline -0.008 -12"><span class='ocrx_word' id='word_1_990' title='bbox 484 5573 537 5628; x_wconf 84' lang='lat' dir='ltr'><strong>in</strong></span> <span class='ocrx_word' id='word_1_991' title='bbox 567 5572 744 5640; x_wconf 91' lang='lat' dir='ltr'><strong>aliquo</strong></span> <span class='ocrx_word' id='word_1_992' title='bbox 770 5568 894 5621; x_wconf 84' lang='lat' dir='ltr'><strong>falsa</strong></span> <span class='ocrx_word' id='word_1_993' title='bbox 924 5568 1207 5628; x_wconf 76' lang='lat' dir='ltr'><strong>existente,</strong></span> <span class='ocrx_word' id='word_1_994' title='bbox 1250 5567 1276 5614; x_wconf 87' lang='lat' dir='ltr'><strong>b</strong></span> <span class='ocrx_word' id='word_1_995' title='bbox 1305 5580 1331 5615; x_wconf 84' lang='lat' dir='ltr'><strong>c</strong></span> <span class='ocrx_word' id='word_1_996' title='bbox 1360 5571 1533 5615; x_wconf 88' lang='lat' dir='ltr'><strong>autem</strong></span> <span class='ocrx_word' id='word_1_997' title='bbox 1559 5577 1703 5630; x_wconf 87' lang='lat' dir='ltr'><strong>vera,</strong></span> <span class='ocrx_word' id='word_1_998' title='bbox 1738 5574 1792 5616; x_wconf 93' lang='lat' dir='ltr'><strong>et</strong></span> <span class='ocrx_word' id='word_1_999' title='bbox 1823 5580 1853 5613; x_wconf 82' lang='grc' dir='ltr'><em>α</em></span> <span class='ocrx_word' id='word_1_1000' title='bbox 1878 5562 1907 5614; x_wconf 88' lang='lat' dir='ltr'><strong>b</strong></span> <span class='ocrx_word' id='word_1_1001' title='bbox 1939 5562 2058 5631; x_wconf 89' lang='lat' dir='ltr'><strong>qni-</strong></span> 
     </span>
    </p>
   </div>
   <div class='ocr_carea' id='block_1_103' title="bbox 485 5662 2058 5736">
    <p class='ocr_par' dir='ltr' id='par_1_103' title="bbox 485 5662 2058 5736">
     <span class='ocr_line' id='line_1_103' title="bbox 485 5662 2058 5736; baseline -0.008 -7"><span class='ocrx_word' id='word_1_1002' title='bbox 485 5678 604 5728; x_wconf 82' lang='lat' dir='ltr'><strong>dem</strong></span> <span class='ocrx_word' id='word_1_1003' title='bbox 636 5687 781 5732; x_wconf 88' lang='lat' dir='ltr'><strong>vera,</strong></span> <span class='ocrx_word' id='word_1_1004' title='bbox 822 5666 1125 5736; x_wconf 89' lang='lat' dir='ltr'><strong>particulari</strong></span> <span class='ocrx_word' id='word_1_1005' title='bbox 1156 5674 1331 5717; x_wconf 89' lang='lat' dir='ltr'><strong>autem</strong></span> <span class='ocrx_word' id='word_1_1006' title='bbox 1374 5663 1524 5725; x_wconf 63' lang='lat' dir='ltr'><strong>falsa,</strong></span> <span class='ocrx_word' id='word_1_1007' title='bbox 1555 5672 1607 5715; x_wconf 90' lang='lat' dir='ltr'><strong>et</strong></span> <span class='ocrx_word' id='word_1_1008' title='bbox 1659 5662 1896 5726; x_wconf 70' lang='lat' dir='ltr'><strong>utrisiue</strong></span> <span class='ocrx_word' id='word_1_1009' title='bbox 1946 5666 2058 5716; x_wconf 83' lang='lat' dir='ltr'><strong>exi-</strong></span> 
     </span>
    </p>
   </div>
   <div class='ocr_carea' id='block_1_104' title="bbox 484 5750 2049 5820">
    <p class='ocr_par' dir='ltr' id='par_1_104' title="bbox 484 5750 2049 5820">
     <span class='ocr_line' id='line_1_104' title="bbox 484 5750 2049 5820; baseline -0.008 -1"><span class='ocrx_word' id='word_1_1010' title='bbox 484 5764 746 5819; x_wconf 71' lang='lat' dir='ltr'><strong>stentibus</strong></span> <span class='ocrx_word' id='word_1_1011' title='bbox 767 5758 935 5815; x_wconf 84' lang='lat' dir='ltr'><strong>falsis.</strong></span> <span class='ocrx_word' id='word_1_1012' title='bbox 961 5753 1096 5808; x_wconf 86' lang='lat' dir='ltr'><strong>Nihil</strong></span> <span class='ocrx_word' id='word_1_1013' title='bbox 1119 5755 1259 5807; x_wconf 89' lang='lat' dir='ltr'><strong>enim</strong></span> <span class='ocrx_word' id='word_1_1014' title='bbox 1285 5751 1529 5820; x_wconf 90' lang='lat' dir='ltr'><strong>prohibet</strong></span> <span class='ocrx_word' id='word_1_1015' title='bbox 1556 5768 1586 5803; x_wconf 89' lang='lat' dir='ltr'><strong>a</strong></span> <span class='ocrx_word' id='word_1_1016' title='bbox 1618 5750 1646 5802; x_wconf 90' lang='lat' dir='ltr'><strong><em>b</em></strong></span> <span class='ocrx_word' id='word_1_1017' title='bbox 1680 5750 1892 5820; x_wconf 86' lang='lat' dir='ltr'><strong>quidem</strong></span> <span class='ocrx_word' id='word_1_1018' title='bbox 1922 5753 2049 5809; x_wconf 91' lang='lat' dir='ltr'><strong>nulli</strong></span> 
     </span>
    </p>
   </div>
   <div class='ocr_carea' id='block_1_105' title="bbox 2170 4651 3748 4725">
    <p class='ocr_par' dir='ltr' id='par_1_105' title="bbox 2170 4651 3748 4725">
     <span class='ocr_line' id='line_1_105' title="bbox 2170 4651 3748 4725; baseline 0.003 -21"><span class='ocrx_word' id='word_1_1019' title='bbox 2170 4651 2329 4706; x_wconf 86' lang='lat' dir='ltr'><strong>alicui</strong></span> <span class='ocrx_word' id='word_1_1020' title='bbox 2358 4652 2552 4715; x_wconf 85' lang='lat' dir='ltr'><strong>inesse,</strong></span> <span class='ocrx_word' id='word_1_1021' title='bbox 2586 4651 2614 4703; x_wconf 89' lang='lat' dir='ltr'><strong>b</strong></span> <span class='ocrx_word' id='word_1_1022' title='bbox 2637 4667 2765 4706; x_wconf 88' lang='lat' dir='ltr'><strong>vero</strong></span> <span class='ocrx_word' id='word_1_1023' title='bbox 2795 4653 2922 4706; x_wconf 94' lang='lat' dir='ltr'><strong>nulli</strong></span> <span class='ocrx_word' id='word_1_1024' title='bbox 2950 4668 2996 4705; x_wconf 89' lang='lat' dir='ltr'><strong>c.</strong></span> <span class='ocrx_word' id='word_1_1025' title='bbox 3030 4652 3097 4707; x_wconf 91' lang='lat' dir='ltr'><strong>Ut</strong></span> <span class='ocrx_word' id='word_1_1026' title='bbox 3124 4669 3292 4722; x_wconf 80' lang='lat' dir='ltr'><strong>genus</strong></span> <span class='ocrx_word' id='word_1_1027' title='bbox 3317 4670 3382 4709; x_wconf 80' lang='lat' dir='ltr'><strong>ex</strong></span> <span class='ocrx_word' id='word_1_1028' title='bbox 3412 4656 3520 4708; x_wconf 91' lang='lat' dir='ltr'><strong>alio</strong></span> <span class='ocrx_word' id='word_1_1029' title='bbox 3536 4669 3748 4725; x_wconf 78' lang='lat' dir='ltr'><strong>genere</strong></span> 
     </span>
    </p>
   </div>
   <div class='ocr_carea' id='block_1_106' title="bbox 2168 4753 3746 4826">
    <p class='ocr_par' dir='ltr' id='par_1_106' title="bbox 2168 4753 3746 4826">
     <span class='ocr_line' id='line_1_106' title="bbox 2168 4753 3746 4826; baseline 0.003 -21"><span class='ocrx_word' id='word_1_1030' title='bbox 2168 4753 2386 4821; x_wconf 89' lang='lat' dir='ltr'><strong>speciei,</strong></span> <span class='ocrx_word' id='word_1_1031' title='bbox 2417 4760 2471 4807; x_wconf 90' lang='lat' dir='ltr'><strong>et</strong></span> <span class='ocrx_word' id='word_1_1032' title='bbox 2521 4753 2784 4808; x_wconf 90' lang='lat' dir='ltr'><strong>accidenti</strong></span> <span class='ocrx_word' id='word_1_1033' title='bbox 2830 4755 3112 4824; x_wconf 87' lang='lat' dir='ltr'><strong>speciebus</strong></span> <span class='ocrx_word' id='word_1_1034' title='bbox 3169 4756 3306 4823; x_wconf 87' lang='lat' dir='ltr'><strong>ejus,</strong></span> <span class='ocrx_word' id='word_1_1035' title='bbox 3342 4758 3575 4826; x_wconf 73' lang='lat' dir='ltr'><strong>animal</strong></span> <span class='ocrx_word' id='word_1_1036' title='bbox 3604 4761 3746 4811; x_wconf 91' lang='lat' dir='ltr'><strong>enim</strong></span> 
     </span>
    </p>
   </div>
   <div class='ocr_carea' id='block_1_107' title="bbox 2170 4852 3750 4921">
    <p class='ocr_par' dir='ltr' id='par_1_107' title="bbox 2170 4852 3750 4921">
     <span class='ocr_line' id='line_1_107' title="bbox 2170 4852 3750 4921; baseline 0.003 -16"><span class='ocrx_word' id='word_1_1037' title='bbox 2170 4866 2392 4906; x_wconf 89' lang='lat' dir='ltr'><strong>numero</strong></span> <span class='ocrx_word' id='word_1_1038' title='bbox 2416 4852 2630 4921; x_wconf 88' lang='lat' dir='ltr'><strong>quidem</strong></span> <span class='ocrx_word' id='word_1_1039' title='bbox 2661 4853 2810 4918; x_wconf 63' lang='lat' dir='ltr'><strong>nulli,</strong></span> <span class='ocrx_word' id='word_1_1040' title='bbox 2840 4854 2961 4909; x_wconf 74' lang='lat' dir='ltr'><strong>alba</strong></span> <span class='ocrx_word' id='word_1_1041' title='bbox 2984 4869 3111 4909; x_wconf 87' lang='lat' dir='ltr'><strong>vero</strong></span> <span class='ocrx_word' id='word_1_1042' title='bbox 3151 4856 3309 4909; x_wconf 83' lang='lat' dir='ltr'><strong>alicui</strong></span> <span class='ocrx_word' id='word_1_1043' title='bbox 3357 4858 3521 4915; x_wconf 84' lang='lat' dir='ltr'><strong>inest,</strong></span> <span class='ocrx_word' id='word_1_1044' title='bbox 3554 4866 3615 4911; x_wconf 85' lang='lat' dir='ltr'><strong>et</strong></span> <span class='ocrx_word' id='word_1_1045' title='bbox 3647 4873 3750 4910; x_wconf 84' lang='lat' dir='ltr'><strong>nu-</strong></span> 
     </span>
    </p>
   </div>
   <div class='ocr_carea' id='block_1_108' title="bbox 2168 4950 3751 5019">
    <p class='ocr_par' dir='ltr' id='par_1_108' title="bbox 2168 4950 3751 5019">
     <span class='ocr_line' id='line_1_108' title="bbox 2168 4950 3751 5019; baseline 0.003 -15"><span class='ocrx_word' id='word_1_1046' title='bbox 2168 4963 2346 5004; x_wconf 89' lang='lat' dir='ltr'><strong>merus</strong></span> <span class='ocrx_word' id='word_1_1047' title='bbox 2377 4950 2505 5002; x_wconf 91' lang='lat' dir='ltr'><strong>nulli</strong></span> <span class='ocrx_word' id='word_1_1048' title='bbox 2534 4951 2674 5005; x_wconf 91' lang='lat' dir='ltr'><strong>alho.</strong></span> <span class='ocrx_word' id='word_1_1049' title='bbox 2713 4950 2766 5004; x_wconf 90' lang='lat' dir='ltr'><strong>Si</strong></span> <span class='ocrx_word' id='word_1_1050' title='bbox 2797 4966 2923 5019; x_wconf 82' lang='lat' dir='ltr'><strong>ergo</strong></span> <span class='ocrx_word' id='word_1_1051' title='bbox 2944 4962 3186 5006; x_wconf 89' lang='lat' dir='ltr'><strong>sumatur</strong></span> <span class='ocrx_word' id='word_1_1052' title='bbox 3208 4971 3237 5005; x_wconf 88' lang='lat' dir='ltr'><strong>a</strong></span> <span class='ocrx_word' id='word_1_1053' title='bbox 3262 4953 3406 5006; x_wconf 90' lang='lat' dir='ltr'><strong>omni</strong></span> <span class='ocrx_word' id='word_1_1054' title='bbox 3439 4954 3490 5017; x_wconf 88' lang='lat' dir='ltr'><strong>b,</strong></span> <span class='ocrx_word' id='word_1_1055' title='bbox 3518 4965 3571 5008; x_wconf 89' lang='lat' dir='ltr'><strong>et</strong></span> <span class='ocrx_word' id='word_1_1056' title='bbox 3594 4955 3623 5007; x_wconf 78' lang='grc' dir='ltr'><strong>ὁ</strong></span> <span class='ocrx_word' id='word_1_1057' title='bbox 3653 4956 3751 5008; x_wconf 84' lang='lat' dir='ltr'><strong>ali-</strong></span> 
     </span>
    </p>
   </div>
   <div class='ocr_carea' id='block_1_109' title="bbox 2083 5050 3751 5121">
    <p class='ocr_par' dir='ltr' id='par_1_109' title="bbox 2083 5050 3751 5121">
     <span class='ocr_line' id='line_1_109' title="bbox 2083 5050 3751 5121; baseline 0.002 -17"><span class='ocrx_word' id='word_1_1058' title='bbox 2083 5085 2087 5089; x_wconf 93' lang='lat'><strong><em>-</em></strong></span> <span class='ocrx_word' id='word_1_1059' title='bbox 2167 5050 2252 5105; x_wconf 90' lang='lat' dir='ltr'><strong>cui</strong></span> <span class='ocrx_word' id='word_1_1060' title='bbox 2300 5067 2345 5115; x_wconf 87' lang='lat' dir='ltr'><strong>c,</strong></span> <span class='ocrx_word' id='word_1_1061' title='bbox 2397 5051 2670 5104; x_wconf 87' lang='lat' dir='ltr'><strong>conclusio</strong></span> <span class='ocrx_word' id='word_1_1062' title='bbox 2723 5050 2934 5120; x_wconf 90' lang='lat' dir='ltr'><strong>quidem</strong></span> <span class='ocrx_word' id='word_1_1063' title='bbox 2974 5068 3120 5117; x_wconf 84' lang='lat' dir='ltr'><strong>vera,</strong></span> <span class='ocrx_word' id='word_1_1064' title='bbox 3181 5053 3569 5121; x_wconf 90' lang='lat' dir='ltr'><strong>propositiones</strong></span> <span class='ocrx_word' id='word_1_1065' title='bbox 3623 5069 3751 5107; x_wconf 88' lang='lat' dir='ltr'><strong>vero</strong></span> 
     </span>
    </p>
   </div>
   <div class='ocr_carea' id='block_1_110' title="bbox 2164 5151 3750 5222">
    <p class='ocr_par' dir='ltr' id='par_1_110' title="bbox 2164 5151 3750 5222">
     <span class='ocr_line' id='line_1_110' title="bbox 2164 5151 3750 5222; baseline 0.001 -18"><span class='ocrx_word' id='word_1_1066' title='bbox 2164 5152 2334 5206; x_wconf 73' lang='lat' dir='ltr'><strong>amba:</strong></span> <span class='ocrx_word' id='word_1_1067' title='bbox 2380 5151 2545 5206; x_wconf 61' lang='lat' dir='ltr'><strong>falsae.</strong></span> <span class='ocrx_word' id='word_1_1068' title='bbox 2579 5151 2834 5206; x_wconf 76' lang='lat' dir='ltr'><strong>Similiter</strong></span> <span class='ocrx_word' id='word_1_1069' title='bbox 2865 5164 3040 5206; x_wconf 91' lang='lat' dir='ltr'><strong>autem</strong></span> <span class='ocrx_word' id='word_1_1070' title='bbox 3071 5162 3125 5208; x_wconf 90' lang='lat' dir='ltr'><strong>et</strong></span> <span class='ocrx_word' id='word_1_1071' title='bbox 3154 5168 3274 5206; x_wconf 91' lang='lat' dir='ltr'><strong>cum</strong></span> <span class='ocrx_word' id='word_1_1072' title='bbox 3323 5154 3576 5222; x_wconf 87' lang='lat' dir='ltr'><strong>privativa</strong></span> <span class='ocrx_word' id='word_1_1073' title='bbox 3609 5167 3692 5207; x_wconf 82' lang='lat' dir='ltr'><strong>est</strong></span> <span class='ocrx_word' id='word_1_1074' title='bbox 3720 5171 3750 5206; x_wconf 85' lang='grc' dir='ltr'><em>α</em></span> 
     </span>
    </p>
   </div>
   <div class='ocr_carea' id='block_1_111' title="bbox 2164 5251 3745 5322">
    <p class='ocr_par' dir='ltr' id='par_1_111' title="bbox 2164 5251 3745 5322">
     <span class='ocr_line' id='line_1_111' title="bbox 2164 5251 3745 5322; baseline 0.001 -17"><span class='ocrx_word' id='word_1_1075' title='bbox 2164 5253 2213 5306; x_wconf 86' lang='lat' dir='ltr'><strong>b.</strong></span> <span class='ocrx_word' id='word_1_1076' title='bbox 2246 5251 2387 5306; x_wconf 62' lang='lat' dir='ltr'><strong>Nih‘l</strong></span> <span class='ocrx_word' id='word_1_1077' title='bbox 2413 5253 2552 5307; x_wconf 89' lang='lat' dir='ltr'><strong>enim</strong></span> <span class='ocrx_word' id='word_1_1078' title='bbox 2589 5252 2834 5321; x_wconf 87' lang='lat' dir='ltr'><strong>prohibet</strong></span> <span class='ocrx_word' id='word_1_1079' title='bbox 2860 5273 2890 5306; x_wconf 79' lang='grc' dir='ltr'><em>α</em></span> <span class='ocrx_word' id='word_1_1080' title='bbox 2931 5254 2957 5306; x_wconf 86' lang='lat' dir='ltr'><strong>b</strong></span> <span class='ocrx_word' id='word_1_1081' title='bbox 2989 5255 3199 5322; x_wconf 89' lang='lat' dir='ltr'><strong>quidem</strong></span> <span class='ocrx_word' id='word_1_1082' title='bbox 3228 5254 3322 5306; x_wconf 82' lang='lat' dir='ltr'><strong>tuti</strong></span> <span class='ocrx_word' id='word_1_1083' title='bbox 3353 5255 3546 5318; x_wconf 88' lang='lat' dir='ltr'><strong>inesse,</strong></span> <span class='ocrx_word' id='word_1_1084' title='bbox 3600 5271 3627 5307; x_wconf 78' lang='grc' dir='ltr'><em>ε</em></span> <span class='ocrx_word' id='word_1_1085' title='bbox 3651 5270 3745 5307; x_wconf 82' lang='lat' dir='ltr'><strong>au-</strong></span> 
     </span>
    </p>
   </div>
   <div class='ocr_carea' id='block_1_112' title="bbox 2168 5350 3746 5422">
    <p class='ocr_par' dir='ltr' id='par_1_112' title="bbox 2168 5350 3746 5422">
     <span class='ocr_line' id='line_1_112' title="bbox 2168 5350 3746 5422; baseline 0.003 -16"><span class='ocrx_word' id='word_1_1086' title='bbox 2168 5362 2271 5406; x_wconf 89' lang='lat' dir='ltr'><strong>tem</strong></span> <span class='ocrx_word' id='word_1_1087' title='bbox 2298 5354 2453 5407; x_wconf 80' lang='lat' dir='ltr'><strong>clEcui</strong></span> <span class='ocrx_word' id='word_1_1088' title='bbox 2498 5370 2599 5407; x_wconf 92' lang='lat' dir='ltr'><strong>non</strong></span> <span class='ocrx_word' id='word_1_1089' title='bbox 2630 5355 2825 5418; x_wconf 69' lang='lat' dir='ltr'><strong>ine~se,</strong></span> <span class='ocrx_word' id='word_1_1090' title='bbox 2866 5364 2917 5407; x_wconf 86' lang='lat' dir='ltr'><strong>ct</strong></span> <span class='ocrx_word' id='word_1_1091' title='bbox 2948 5371 3120 5422; x_wconf 84' lang='lat' dir='ltr'><strong>neque</strong></span> <span class='ocrx_word' id='word_1_1092' title='bbox 3157 5357 3183 5408; x_wconf 73' lang='grc' dir='ltr'><strong>ὁ</strong></span> <span class='ocrx_word' id='word_1_1093' title='bbox 3216 5355 3343 5409; x_wconf 91' lang='lat' dir='ltr'><strong>nulli</strong></span> <span class='ocrx_word' id='word_1_1094' title='bbox 3374 5373 3419 5421; x_wconf 84' lang='lat' dir='ltr'><strong>c,</strong></span> <span class='ocrx_word' id='word_1_1095' title='bbox 3456 5368 3513 5410; x_wconf 91' lang='lat' dir='ltr'><strong>ut</strong></span> <span class='ocrx_word' id='word_1_1096' title='bbox 3555 5350 3746 5411; x_wconf 86' lang='lat' dir='ltr'><strong>animal</strong></span> 
     </span>
    </p>
   </div>
   <div class='ocr_carea' id='block_1_113' title="bbox 2164 5432 3745 5529">
    <p class='ocr_par' dir='ltr' id='par_1_113' title="bbox 2164 5440 3745 5529">
     <span class='ocr_line' id='line_1_113' title="bbox 2164 5440 3745 5529; baseline 0.002 -25"><span class='ocrx_word' id='word_1_1097' title='bbox 2164 5467 2335 5521; x_wconf 85' lang='lat' dir='ltr'><strong>cygno</strong></span> <span class='ocrx_word' id='word_1_1098' title='bbox 2365 5453 2577 5529; x_wconf 89' lang='lat' dir='ltr'><strong>quidem</strong></span> <span class='ocrx_word' id='word_1_1099' title='bbox 2622 5454 2783 5516; x_wconf 92' lang='lat' dir='ltr'><strong>omni,</strong></span> <span class='ocrx_word' id='word_1_1100' title='bbox 2837 5453 2985 5522; x_wconf 83' lang='lat' dir='ltr'><strong>nigro</strong></span> <span class='ocrx_word' id='word_1_1101' title='bbox 3032 5465 3215 5529; x_wconf 88' lang='lat' dir='ltr'><strong>autem</strong></span> <span class='ocrx_word' id='word_1_1102' title='bbox 3242 5457 3403 5510; x_wconf 90' lang='lat' dir='ltr'><strong>alicui</strong></span> <span class='ocrx_word' id='word_1_1103' title='bbox 3452 5440 3556 5511; x_wconf 84' lang='lat' dir='ltr'><strong>non</strong></span> <span class='ocrx_word' id='word_1_1104' title='bbox 3588 5459 3745 5524; x_wconf 82' lang='lat' dir='ltr'><strong>ineSI,</strong></span> 
     </span>
    </p>
   </div>
   <div class='ocr_carea' id='block_1_114' title="bbox 2163 5536 3748 5631">
    <p class='ocr_par' dir='ltr' id='par_1_114' title="bbox 2163 5536 3748 5631">
     <span class='ocr_line' id='line_1_114' title="bbox 2163 5536 3748 5631; baseline 0.002 -24"><span class='ocrx_word' id='word_1_1105' title='bbox 2163 5536 2362 5624; x_wconf 80' lang='lat' dir='ltr'><strong>cygnus</strong></span> <span class='ocrx_word' id='word_1_1106' title='bbox 2382 5571 2515 5631; x_wconf 80' lang='lat' dir='ltr'><strong>vero</strong></span> <span class='ocrx_word' id='word_1_1107' title='bbox 2541 5555 2665 5607; x_wconf 93' lang='lat' dir='ltr'><strong>nulli</strong></span> <span class='ocrx_word' id='word_1_1108' title='bbox 2700 5556 2846 5622; x_wconf 83' lang='lat' dir='ltr'><strong>nigro</strong></span> <span class='ocrx_word' id='word_1_1109' title='bbox 2874 5570 3071 5623; x_wconf 80' lang='lat' dir='ltr'><strong>:quare</strong></span> <span class='ocrx_word' id='word_1_1110' title='bbox 3102 5556 3143 5607; x_wconf 80' lang='lat' dir='ltr'><strong>si</strong></span> <span class='ocrx_word' id='word_1_1111' title='bbox 3170 5569 3411 5610; x_wconf 91' lang='lat' dir='ltr'><strong>sumatur</strong></span> <span class='ocrx_word' id='word_1_1112' title='bbox 3440 5574 3473 5611; x_wconf 89' lang='lat' dir='ltr'><strong>a</strong></span> <span class='ocrx_word' id='word_1_1113' title='bbox 3496 5556 3621 5610; x_wconf 90' lang='lat' dir='ltr'><strong>nulli</strong></span> <span class='ocrx_word' id='word_1_1114' title='bbox 3645 5557 3695 5620; x_wconf 69' lang='grc' dir='ltr'><strong>ὁ,</strong></span> <span class='ocrx_word' id='word_1_1115' title='bbox 3720 5558 3748 5610; x_wconf 87' lang='lat' dir='ltr'><strong>b</strong></span> 
     </span>
    </p>
   </div>
   <div class='ocr_carea' id='block_1_115' title="bbox 2159 5654 3747 5726">
    <p class='ocr_par' dir='ltr' id='par_1_115' title="bbox 2159 5654 3747 5726">
     <span class='ocr_line' id='line_1_115' title="bbox 2159 5654 3747 5726; baseline 0.001 -17"><span class='ocrx_word' id='word_1_1116' title='bbox 2159 5666 2338 5709; x_wconf 85' lang='lat' dir='ltr'><strong>autem</strong></span> <span class='ocrx_word' id='word_1_1117' title='bbox 2393 5656 2548 5708; x_wconf 78' lang='lat' dir='ltr'><strong>alicui</strong></span> <span class='ocrx_word' id='word_1_1118' title='bbox 2577 5670 2603 5706; x_wconf 85' lang='lat' dir='ltr'><strong>c</strong></span> <span class='ocrx_word' id='word_1_1119' title='bbox 2630 5672 2660 5706; x_wconf 90' lang='lat' dir='ltr'><strong>a</strong></span> <span class='ocrx_word' id='word_1_1120' title='bbox 2692 5654 2848 5706; x_wconf 89' lang='lat' dir='ltr'><strong>alicui</strong></span> <span class='ocrx_word' id='word_1_1121' title='bbox 2877 5670 2902 5704; x_wconf 75' lang='grc' dir='ltr'><em>ε</em></span> <span class='ocrx_word' id='word_1_1122' title='bbox 2940 5668 3043 5707; x_wconf 92' lang='lat' dir='ltr'><strong>non</strong></span> <span class='ocrx_word' id='word_1_1123' title='bbox 3078 5656 3270 5718; x_wconf 89' lang='lat' dir='ltr'><strong>inerit;</strong></span> <span class='ocrx_word' id='word_1_1124' title='bbox 3304 5671 3432 5726; x_wconf 86' lang='lat' dir='ltr'><strong>ergo</strong></span> <span class='ocrx_word' id='word_1_1125' title='bbox 3473 5657 3747 5713; x_wconf 62' lang='lat' dir='ltr'><strong>Conclusio</strong></span> 
     </span>
    </p>
   </div>
   <div class='ocr_carea' id='block_1_116' title="bbox 2160 5755 3354 5831">
    <p class='ocr_par' dir='ltr' id='par_1_116' title="bbox 2160 5755 3354 5831">
     <span class='ocr_line' id='line_1_116' title="bbox 2160 5755 3354 5831; baseline 0.003 -22"><span class='ocrx_word' id='word_1_1126' title='bbox 2160 5757 2373 5831; x_wconf 89' lang='lat' dir='ltr'><strong>quidem</strong></span> <span class='ocrx_word' id='word_1_1127' title='bbox 2395 5770 2538 5821; x_wconf 87' lang='lat' dir='ltr'><strong>vera,</strong></span> <span class='ocrx_word' id='word_1_1128' title='bbox 2568 5755 2955 5824; x_wconf 86' lang='lat' dir='ltr'><strong>propositiones</strong></span> <span class='ocrx_word' id='word_1_1129' title='bbox 2987 5764 3160 5811; x_wconf 86' lang='lat' dir='ltr'><strong>autem</strong></span> <span class='ocrx_word' id='word_1_1130' title='bbox 3192 5755 3354 5812; x_wconf 62' lang='lat' dir='ltr'><strong>falsas.</strong></span> 
     </span>
    </p>
   </div>
  </div>
