4060 6330
338 305 440 361 089

961 412 1186 468 CAPUT
1225 410 1323 466 Ill.

418 528 569 595 Quod
593 525 865 595 colligatur
896 538 1067 576 verum
1089 538 1152 575 ea:
1177 521 1324 591 falsis
1348 521 1405 572 in
1427 517 1647 572 secunda
1666 514 1861 586 figura.

414 643 471 698 In
501 643 678 696 media
709 651 885 694 autem
923 642 1089 708 ﬁgura
1131 640 1350 692 omnino
1380 636 1638 705 contingit
1670 648 1766 705 per
1803 633 1930 687 falsa

350 750 534 792 verum
577 732 916 803 syllogizarc,
956 740 1012 785 et
1058 731 1298 798 utrisque
1328 726 1781 797 propositionibus
1810 726 1935 779 totis

349 827 494 880 falsis
550 830 797 893 sumptis,
830 835 882 877 et
932 824 1030 876 hac
1067 823 1278 892 quidem
1308 837 1458 885 vera,
1508 820 1594 873 illa
1626 827 1731 873 tota
1779 817 1933 884 falsa,

350 915 601 970 utralibet
632 914 762 968 falsa
797 916 991 981 posita,
1037 922 1093 967 et
1115 913 1160 966 si
1191 924 1429 980 utrmque
1458 912 1508 964 in
1541 911 1721 981 aliquo
1767 910 1933 972 falsar,

349 1006 483 1061 etsi
528 1006 643 1060 hmc
672 1005 887 1075 quidem
945 1003 1262 1072 simpliciter
1313 1018 1459 1067 vera,
1512 1000 1603 1055 illa
1659 1009 1837 1053 autem
1885 999 1936 1051 in

350 1098 529 1167 aliquo
570 1096 723 1162 falsa,
766 1106 821 1151 et
867 1098 919 1150 in
960 1095 1367 1160 universalibus,
1408 1100 1466 1149 et
1512 1094 1566 1147 in
1612 1090 1940 1160 particulari-

351 1190 453 1244 bus
477 1188 825 1259 syllogismis.
878 1186 935 1242 Si
965 1180 1107 1242 enim
1156 1203 1187 1238 a
1227 1187 1255 1239 ὁ
1298 1186 1514 1255 quidem
1565 1184 1692 1237 nulli
1724 1182 1887 1245 inest,
1913 1198 1940 1235 c

352 1292 529 1336 autem
599 1281 790 1342 omni,
866 1288 923 1333 ut
993 1278 1153 1347 lapidi
1231 1279 1425 1331 animal
1486 1262 1701 1347 quidem
1771 1275 1935 1339 nulli,

356 1373 554 1427 homini
610 1384 784 1427 autent
826 1375 995 1437 omni,
1028 1372 1071 1425 si
1114 1371 1395 1425 contrariae
1430 1382 1699 1439 ponantur
1741 1382 1938 1437 propo-

355 1464 597 1528 sitiones,
648 1474 703 1518 et
750 1464 794 1515 si
838 1472 1077 1516 sumatur
1107 1478 1138 1514 a
1182 1463 1210 1515 b
1266 1461 1476 1531 quidem
1519 1461 1685 1525 omni,
1746 1475 1771 1512 c
1815 1473 1943 1513 vero

357 1553 509 1618 nulli,
549 1569 614 1606 ex
663 1551 810 1605 falsis
850 1552 976 1605 totis
1025 1550 1477 1619 propositionibus
1522 1552 1626 1603 erit
1655 1564 1775 1601 vera
1814 1562 1942 1600 con-

355 1646 546 1700 clus‘o.
577 1645 837 1699 Similiter
866 1659 931 1697 an
959 1659 1045 1697 em
1074 1652 1128 1698 et
1159 1643 1201 1696 si
1234 1660 1264 1694 a
1297 1643 1433 1696 inest
1475 1642 1502 1694 b
1530 1640 1741 1711 quidem
1772 1640 1940 1704 omni,

359 1753 388 1791 c
417 1752 544 1791 vero
573 1737 725 1803 nulli,
762 1752 882 1790 nam
917 1736 1056 1791 idem
1090 1736 1196 1790 erit
1224 1736 1587 1806 syllogismus.
1642 1737 1868 1788 llursum
1896 1734 1941 1787 si

360 1828 526 1881 altera
573 1827 786 1897 quidem
841 1838 948 1882 tota
995 1827 1150 1895 falsa,
1200 1829 1249 1881 al
1278 1844 1367 1881 era
1414 1839 1590 1882 autem
1641 1836 1747 1881 tota
1788 1842 1937 1883 vera.

359 1920 459 1975 Nih
486 1923 496 1973 Ι
526 1922 666 1974 enim
696 1921 943 1989 prohibet
972 1938 1003 1974 a
1030 1930 1078 1974 et
1112 1922 1139 1979 b,
1168 1927 1223 1975 et
1250 1938 1276 1973 c
1304 1922 1447 1974 omni
1481 1922 1675 1984 inesse,
1709 1920 1736 1972 b
1766 1930 1940 1973 autem

359 2010 487 2064 nulli
514 2026 561 2077 c,
616 2019 674 2063 ut
698 2026 868 2077 genus
911 2026 1015 2065 non
1049 2011 1374 2065 subalternis
1420 2010 1728 2079 speciebus.
1808 2009 1938 2063 Nam

358 2103 553 2156 animal
584 2117 724 2171 equo
766 2104 933 2167 omni,
966 2114 1018 2157 et
1067 2104 1265 2157 homini
1290 2105 1448 2167 inest,
1478 2114 1527 2158 et
1562 2103 1740 2158 nullus
1782 2102 1942 2156 homo

359 2209 563 2261 equus;
588 2195 630 2247 si
654 2209 784 2264 ergo
805 2206 1044 2250 sumatur
1072 2196 1265 2249 animal
1291 2196 1410 2250 huic
1441 2196 1652 2265 quidem
1678 2196 1841 2259 omni,
1866 2197 1940 2249 illi

360 2300 488 2339 vero
512 2286 642 2339 nulli
672 2288 871 2353 inesse,
899 2287 1009 2340 haec
1031 2287 1243 2357 quidem
1270 2288 1371 2341 «erit
1395 2288 1544 2349 falsa,
1567 2288 1655 2341 illa
1683 2304 1809 2343 vero
1833 2297 1940 2343 tota

360 2390 507 2445 vera,
548 2387 603 2432 et
646 2379 918 2433 conclusio
953 2394 1107 2441 vera,
1140 2380 1204 2432 ad
1245 2380 1521 2448 quodlibet
1562 2382 1735 2447 posito
1767 2381 1939 2449 priva-

362 2469 489 2522 tivo.
540 2470 602 2522 Et
635 2471 677 2523 si
716 2478 883 2525 altera
930 2473 981 2525 in
1013 2471 1190 2539 aliquo
1221 2469 1383 2535 falsa,
1416 2473 1584 2526 altera
1617 2481 1792 2525 autem
1834 2481 1941 2525 tota

361 2574 508 2622 vera,
541 2561 796 2629 possibile
824 2574 903 2616 est
927 2563 1066 2615 enim
1094 2578 1124 2615 a
1154 2562 1182 2615 b
1209 2562 1424 2632 quidem
1472 2563 1627 2617 alicui
1677 2563 1875 2629 inesse,
1917 2580 1944 2616 c

364 2664 543 2708 autem
571 2654 738 2715 omni.
768 2663 820 2708 et
851 2654 879 2707 ὁ
908 2655 1034 2708 nulli
1065 2673 1111 2720 c,
1148 2664 1203 2707 ut
1229 2656 1423 2707 animal
1452 2656 1574 2710 albo
1602 2656 1815 2725 quidem
1844 2656 1943 2709 ali-

364 2745 469 2807 cui,
519 2758 683 2797 corvo
721 2756 898 2797 autem
951 2747 1116 2812 omni,
1173 2747 1349 2799 album
1400 2761 1529 2799 vero
1585 2748 1711 2799 nulli
1757 2762 1942 2801 corvo.

362 2834 418 2889 Si
453 2849 580 2904 ergo
610 2845 849 2889 sumatur
884 2854 914 2887 a
947 2838 975 2889 b
1006 2838 1217 2905 quidem
1252 2838 1407 2901 nulli,
1448 2844 1476 2890 ε
1504 2849 1681 2893 autem
1732 2842 1823 2894 toti
1866 2841 1946 2893 in-

348 2941 507 2993 :csse,
535 2943 566 2980 a
596 2927 623 2979 b
660 2928 871 2993 quidem
911 2929 1205 2997 ιιι-ιεριιεὶιὶο
1235 2928 1286 2982 in
1326 2926 1506 2999 aliquo
1544 2930 1673 2984 falsa
1708 2940 1811 2998 est,
1856 2950 1886 2985 a
1919 2949 1945 2983 ε

366 3029 543 3073 autem
591 3029 697 3073 tota
740 3036 884 3085 vera,
919 3030 970 3073 et
1009 3022 1283 3075 conclusio
1324 3037 1471 3087 vera,
1520 3030 1572 3075 et
1625 3024 1943 3092 transposita

365 3110 578 3179 quidem
612 3112 886 3179 p:ii'aiiva,
919 3113 1180 3167 similiter.
1229 3112 1360 3167 Nam
1391 3128 1487 3182 per
1514 3114 1729 3167 eosdem
1764 3116 1944 3169 termi-
1972 3152 2016 3211 ρ

354 3218 466 3259 nos
494 3204 901 3258 demonstratio.
951 3206 1013 3258 Et
1046 3206 1088 3258 si
1121 3204 1436 3259 afﬁrmativa
1466 3207 1677 3276 quidem
1706 3210 1945 3276 proposi-

368 3296 444 3349 tio
479 3295 530 3348 in
562 3295 742 3363 aliquo
779 3296 940 3360 falsa,
975 3298 1233 3365 privativa
1265 3307 1441 3351 autem
1484 3306 1589 3351 tota
1641 3314 1789 3364 vera,
1819 3296 1973 3352 nihil‘

366 3389 507 3441 enim
556 3388 805 3456 prohibet
850 3405 881 3439 a
913 3390 941 3439 ὁ
984 3390 1199 3457 quidem
1250 3390 1406 3443 alicui
1454 3392 1655 3463 inesse,
1701 3407 1727 3443 c
1773 3394 1947 3445 autem

370 3477 463 3529 toti
496 3492 599 3529 non
632 3478 829 3539 inesse,
859 3474 912 3530 et
944 3479 972 3528 b
1005 3478 1132 3531 nulli
1160 3494 1206 3541 c,
1258 3489 1308 3529 ιιι
1356 3480 1551 3532 animal
1584 3481 1705 3533 albo
1734 3482 1947 3548 quidem

354 3567 547 3635 .alicui,
574 3568 677 3635 pici
707 3578 882 3621 autem
912 3568 1061 3631 nulli,
1092 3567 1270 3620 album
1302 3583 1430 3622 vero
1464 3569 1591 3621 nulli
1622 3570 1723 3637 pici
1752 3585 1953 3639 :quare

367 3660 413 3712 si
439 3669 680 3713 sumatur
709 3676 740 3712 a
770 3669 822 3711 to
848 3658 865 3712 i
895 3660 923 3711 ὁ
954 3660 1149 3721 inesse,
1180 3675 1207 3710 c
1236 3667 1414 3712 autem
1444 3659 1597 3723 nulli,
1627 3677 1656 3711 a
1686 3660 1714 3711 ὁ
1736 3661 1949 3728 quidem

368 3756 420 3807 in
471 3755 648 3823 aliquo
700 3754 857 3818 lalsa,‘
906 3772 937 3808 a
977 3771 1004 3808 c
1046 3765 1222 3809 autem
1258 3764 1365 3808 tota
1412 3770 1557 3817 vera,
1591 3765 1645 3808 et
1683 3755 1953 3809 conclusio

373 3856 523 3896 vera.
580 3843 644 3894 Et
684 3843 727 3896 i-i
769 3852 1007 3913 utrmque
1050 3860 1109 3912 pr
1150 3847 1442 3913 posit'oncs
1486 3846 1535 3898 in
1567 3846 1747 3912 aliquo
1786 3846 1949 3911 ialsm,

369 3937 472 3989 erit
515 3937 792 3990 conclusio
837 3954 979 3999 vera,
1015 3938 1381 4003 po‘ssibile'est
1426 3939 1568 3992 enim
1602 3956 1653 4004 η,
1687 3949 1739 3996 ct
1769 3939 1817 4003 b,
1850 3949 1897 3993 et
1928 3956 1953 3990 ε

366 4027 529 4081 alicui
570 4027 768 4087 ine-se,
817 4030 844 4079 ὁ
888 4039 1066 4081 autem
1118 4030 1245 4082 nulli
1278 4046 1324 4093 ε,
1358 4041 1414 4082 ιιι
1466 4031 1684 4095 animal,
1736 4043 1787 4085 et
1830 4031 1953 4085 albo

370 4116 547 4177 alicui,
593 4127 644 4167 et
687 4117 837 4186 nigro
886 4118 1064 4178 alicui.
1116 4119 1295 4173 album
1336 4135 1464 4173 vero
1509 4122 1636 4172 nu‘li
1681 4122 1850 4183 ni,ro.
1897 4122 1951 4176 Si

370 4203 762 4274 ergosuinatur
788 4224 820 4259 a
848 4208 876 4259 ὁ
896 4209 1108 4276 quidem
1136 4212 1303 4273 omni,
1334 4227 1362 4263 c
1390 4220 1566 4264 autem
1601 4212 1751 4277 nulli,
1784 4215 1953 4268 amla:

366 4296 588 4366 quidem
609 4300 1069 4365 propositionesin
1093 4300 1274 4369 aliquo
1297 4301 1464 4367 falsze,
1480 4302 1754 4356 conclusio
1778 4314 1952 4359 autem

368 4404 529 4454 vera;
554 4389 803 4443 similiter
841 4400 1017 4446 autem
1064 4382 1385 4461 transposita
1426 4394 1681 4462 privativa
1717 4410 1809 4463 per
1841 4405 1952 4449 ter-

985 296 1283 353 PlllORUM
1323 286 1866 349 ANALYTICOBUU'
1896 286 2348 344 ARISTOTELIS
2387 284 2946 344 INTERPRETATIO.

3503 286 3606 343 σου

1934 410 2001 462 Α
2034 405 2432 458 minori'autem
2461 408 2768 471 partzculari
2798 408 2950 467 falsa,
2974 400 3102 456 nihil
3132 403 3273 455 enim
3305 402 3551 473 prohibet
3582 422 3615 457 ο

2016 511 2135 551 nec
2164 497 2194 548 b
2225 511 2322 550 nec
2356 512 2383 549 c
2420 496 2618 550 nullum
2664 497 2837 564 sequi,
2880 504 2932 548 et
2969 494 2997 545 b
3025 492 3145 547 alic-
3169 494 3184 547 i
3211 510 3238 547 ε
3266 509 3371 547 non
3412 494 3612 555 inesse,

2037 598 2093 644 ut
2121 588 2316 642 animal
2359 588 2488 641 nulli
2521 602 2744 642 numero
2782 601 2879 640 nec
2925 585 3240 648 inanimato,
3270 594 3324 639 ιιι
3352 599 3609 640 numerus

2035 680 2247 750 aliquod
2278 678 2623 732 inanimatam
2644 693 2760 730 non
2792 678 3052 745 sequitur.
3144 676 3199 730 Si
3225 691 3353 745 ergo
3382 688 3612 745 ponatur

2037 790 2069 826 a
2097 773 2127 826 b
2155 771 2369 842 quidem
2402 770 2564 833 nulli,
2596 785 2625 822 c
2652 767 3059 833 autemalicui,
3082 776 3135 821 et
3164 767 3436 822 conclusio
3466 782 3615 830 vera,

2038 875 2092 921 et
2138 861 2456 918 universalis
2504 860 2800 929 pr0positio
2845 874 3009 923 vera,
3059 859 3399 928 particularis
3437 869 3616 913 autem

2040 960 2193 1012 lalsa.
2237 953 2565 1009 Afﬁrniativa
2612 964 2789 1005 autem
2828 951 3125 1007 universali
3150 950 3397 1004 similiter
3422 950 3617 1019 posita,

2042 1047 2295 1115 possibile
2320 1057 2404 1100 ενι
2460 1045 2607 1098 enim
2651 1060 2684 1096 a
2720 1052 2773 1095 ct
2800 1041 2830 1094 b
2874 1053 2979 1095 etc
3018 1043 3111 1095 toti
3162 1042 3356 1105 inesse,
3386 1041 3618 1095 b-autem

2040 1139 2312 1208 aliquod‘c
2362 1151 2468 1191 non
2505 1135 2678 1203 sequi,
2723 1142 2777 1187 ut
2814 1147 2985 1202 genus
3021 1132 3256 1202 speciem
3286 1132 3343 1189 et
3369 1132 3621 1187 dill‘eren-

2044 1230 2193 1284 tiam.
2245 1226 2375 1281 Nam
2418 1225 2613 1280 animal
2643 1238 2855 1279 omnem
2886 1222 3154 1278 hominem
3184 1234 3237 1279 et
3278 1233 3443 1279 totum
3473 1240 3622 1295 gres-

2042 1320 2195 1375 sibile
2215 1319 2476 1387 sequitur,
2500 1318 2658 1375 homo
2679 1331 2806 1371 vero
2830 1330 2937 1369 non
2956 1330 3112 1370 omne
3128 1316 3407 1385 grcssibile
3430 1333 3442 1367 :
3460 1332 3625 1387 quare

2043 1413 2088 1467 si
2119 1418 2357 1466 Sumatur
2388 1416 2418 1462 a
2443 1412 2469 1462 ὁ
2493 1407 2705 1477 quidem
2737 1408 2830 1461 toti
2864 1423 3061 1472 niese,
3088 1423 3114 1458 c
3133 1416 3310 1462 autem
3334 1409 3487 1463 alicui
3519 1424 3623 1463 nou

2047 1506 2254 1565 inesse,
2288 1500 2600 1555 universalis
2625 1499 2838 1570 quidem
2870 1500 3165 1569 propositio
3194 1486 3317 1555 vera
3337 1542 3351 1566 ,
3387 1504 3623 1571 partien-

2045 1594 2173 1657 laris
2197 1592 2347 1652 falsa,
2379 1591 2653 1645 COIICllbiO
2682 1602 2860 1645 autem
2895 1605 3039 1645 vera.
3081 1592 3418 1647 Manifestum
3450 1604 3623 1649 autem

2046 1684 2295 1753 quoniam
2327 1692 2379 1738 et
2421 1683 2661 1752 utrisque
2711 1682 2858 1737 lalsis
2898 1686 3000 1737 crit
3049 1683 3327 1740 conclusio
3372 1702 3517 1746 vera.
3550 1688 3625 1740 si-

1972 1780 2020 1839 Β
2046 1776 2260 1844 quidem
2290 1775 2553 1844 contingit
2595 1792 2627 1827 a
2654 1783 2708 1828 et
2737 1776 2765 1828 b
2795 1784 2849 1829 et
2875 1792 2902 1828 c
2935 1776 3056 1830 h'uic
3096 1776 3311 1845 quidem
3341 1779 3506 1843 omni,
3552 1778 3625 1832 illi

2048 1886 2174 1922 vero
2210 1869 2338 1923 nulli
2387 1867 2591 1931 inesse,
2614 1869 2652 1929 ,b
2687 1884 2813 1923 vero
2842 1869 3050 1939 aliquod
3079 1885 3107 1922 c
3137 1885 3240 1924 non
3284 1872 3457 1937 sequi,
3506 1886 3625 1925 nam

2045 1973 2259 2029 smnpto
2287 1977 2318 2013 a
2347 1961 2375 2014 ιι
2396 1961 2610 2030 quidem
2644 1960 2795 2026 nulli,
2828 1976 2856 2014 ο
2880 1970 3057 2016 autem
3088 1962 3245 2015 alicui
3278 1962 3474 2028 ini-sse,
3509 1977 3627 2031 pro-

2048 2053 2339 2121 positiones
2398 2053 2613 2121 quidem
2676 2053 2848 2106 ambm
2898 2052 3073 2122 falsae,
3126 2055 3399 2111 conclusio
3451 2065 3626 2113 autem

2047 2160 2192 2199 vera.
2225 2144 2482 2199 Similiter
2510 2156 2686 2198 autem
2719 2154 2772 2199 et
2796 2160 2917 2199 cum
2948 2145 3284 2214 prmdtcativa
3319 2134 3476 2202 fuerit
3507 2148 3627 2202 uni-

2047 2239 2271 2293 versalis
2330 2240 2662 2307 propositio,
2729 2238 3063 2306 particularis
3112 2248 3287 2294 autem
3337 2240 3627 2309 privativa,

2049 2332 2303 2401 possibile
2329 2340 2413 2383 est
2440 2331 2581 2383 enim
2613 2347 2644 2382 α
2668 2333 2695 2383 b
2715 2330 2926 2400 quidem
2958 2331 3182 2398 nullum,
3212 2348 3239 2383 c
3264 2342 3449 2387 autem
3472 2347 3629 2386 omne

2047 2422 2221 2488 sequi,
2253 2421 2350 2473 etb
2381 2422 2537 2473 alii-ui
2570 2436 2596 2472 c
2627 2422 2963 2486 non'iuesse,
2990 2433 3044 2475 ut
3066 2423 3264 2476 animal
3293 2422 3627 2491 disciplinam

2046 2512 2261 2581 quidem
2312 2511 2534 2577 nullam,
2569 2512 2838 2565 hominem
2887 2524 3065 2566 autem
3108 2504 3321 2568 omnem
3367 2516 3628 2583 sequitur,
3718 2530 3723 2539 ί

2048 2603 2326 2671 disciplina
2362 2617 2488 2655 vero
2546 2617 2650 2655 non
2701 2616 2911 2656 omnem
2943 2602 3245 2657 hominem.
3280 2604 3334 2658 Si
3378 2620 3506 2674 ergo
3544 2621 3630 2660 su-
3691 2658 3694 2669 ,

2049 2707 2224 2752 matur
2249 2714 2279 2749 a
2308 2698 2336 2749 b
2362 2696 2574 2766 quidem
2625 2695 2721 2749 toti
2766 2697 2961 2759 inrsse,
3010 2713 3036 2747 c
3072 2705 3248 2750 autem
3279 2696 3493 2766 aliquod
3521 2713 3628 2752 non

2049 2789 2237 2859 sequi,
2274 2787 2669 2859 pr0positiones
2695 2786 2908 2856 quidem
2943 2787 3117 2851 falsae,
3150 2787 3428 2842 conclusio
3454 2796 3630 2843 autem

2049 2897 2171 2937 vera

2662 2971 2883 3028 CAPUT
2925 2972 3011 3026 IV.

2091 3086 2243 3154 Quod
2273 3101 2336 3140 ea:
2366 3085 2510 3156 falsis
2546 3101 2717 3139 verum
2749 3085 3024 3222 kdentidem
3064 3085 3333 3154 colligatur
3364 3085 3413 3137 in
3448 3087 3593 3138 latio

2344 3196 2349 3201 .
2790 3172 2940 3222 gnra.

2790 3172 2955 3225 gura.‘

2125 3290 2439 3345 Eritautem
2478 3298 2534 3343 et
2565 3274 2913 3357 in'postrema
2945 3288 3110 3360 figura
3146 3306 3238 3358 per
3267 3289 3425 3344 falsas
3471 3264 3631 3351 totas.

2032 3378 2109 3439 et
2139 3385 2190 3438 iu
2221 3384 2397 3451 aliquo
2426 3391 2679 3451 utraque,
2709 3391 2764 3436 et
2806 3383 2971 3436 altera
3018 3384 3232 3450 quidem
3282 3397 3431 3447 vera,
3464 3382 3632 3437 altera
3695 3372 3701 3385 ⁴
3732 3358 3745 3371 ⁸

2052 3486 2232 3530 autem
2279 3474 2430 3541 falsa,
2478 3483 2532 3529 et
2584 3473 2697 3527 haec
2743 3473 2957 3542 quidem
3012 3475 3068 3529 in
3116 3476 3293 3543 aliquo
3339 3476 3491 3540 falsa,
3547 3476 3633 3531 illa

2054 3578 2230 3623 autem
2278 3577 2386 3621 tota
2426 3584 2569 3635 vera,
2605 3579 2659 3623 et
2697 3584 2728 3624 e
2764 3583 3059 3633 converso,
3090 3578 3145 3624 et
3172 3579 3427 3639 quotquot
3459 3571 3634 3625 modis

2054 3665 2212 3719 aliter
2241 3664 2493 3732 possibi'e
2522 3672 2604 3717 est
2644 3672 2979 3718 transumere
3031 3664 3444 3732 propositiones.
3492 3663 3634 3717 Nihil

2055 3755 2198 3809 enim
2241 3753 2488 3823 prohibet
2528 3767 2627 3807 nec
2654 3770 2683 3805 a
2716 3768 2815 3808 nec
2844 3752 2872 3806 ὸ
2904 3753 3031 3808 nulli
3077 3769 3103 3807 c
3136 3754 3323 3831 inesse
3348 3794 3362 3818 ,
3393 3770 3424 3806 a
3453 3762 3630 3807 autem

2058 3845 2212 3901 alicui
2244 3845 2272 3899 ὁ
2304 3834 2499 3910 inesse,
2530 3853 2587 3899 ut
2618 3859 2715 3899 nec
2741 3845 2923 3912 homo,
2956 3860 3055 3901 nec
3093 3845 3395 3916 g'ressibile,
3429 3845 3633 3901 nullum

2061 3938 2412 3991 inanimatam
2462 3936 2721 4004 sequitur,
2758 3936 2918 3994 homo
2961 3944 3138 3992 autem
3169 3937 3325 3991 alicui
3369 3937 3636 4007 greSsibili

2058 4034 2229 4097 inest;
2258 4032 2302 4086 si
2326 4046 2455 4099 eigo
2482 4040 2724 4086 sumatur
2748 4048 2780 4085 α
2808 4040 2861 4085 et
2888 4031 2916 4084 ὁ
2944 4031 3087 4087 οηιηὶ
3115 4047 3139 4082 c
3170 4032 3366 4095 inesse,
3396 4032 3643 4102 proposiv

2058 4124 2230 4177 tiones
2270 4122 2484 4192 quidem
2534 4130 2661 4177 tota:
2711 4122 2890 4187 falsae,
2937 4122 3214 4177 conclusio
3259 4131 3436 4179 autem
3486 4139 3633 4179 vera.

2060 4214 2322 4268 Similiter
2362 4224 2539 4267 autem
2572 4222 2625 4267 et
2667 4228 2788 4268 cum
2821 4212 2935 4266 hazc
2973 4213 3186 4282 quidem
3223 4222 3321 4267 est.
3351 4215 3636 4283 privativa,

2059 4305 2149 4359 illa
2180 4318 2307 4359 vero
2337 4302 2674 4371 affirmativa.
2726 4301 2987 4359 Possibile
3030 4314 3111 4358 est
3157 4305 3299 4359 enim
3346 4304 3374 4359 b
3417 4305 3633 4376 quidem

2058 4394 2184 4449 nulli
2214 4412 2241 4447 c
2263 4395 2463 4459 inesse,
2487 4411 2517 4447 a
2538 4402 2714 4447 autem
2744 4394 2909 4458 omni,
2935 4403 2988 4448 et
3013 4411 3044 4447 a
3065 4394 3221 4449 alicui
3244 4395 3272 4447 ι
3300 4409 3404 4450 non
3435 4393 3633 4460 inesse.

368 4482 562 4535 minos.
606 4480 940 4536 Manilestum
968 4493 1147 4538 auten
1179 4494 1233 4538 et
1264 4486 1316 4538 in
1350 4485 1760 4553 particularibus
1788 4488 1950 4557 syllo-
1977 4516 2028 4576 ο
2058 4493 2117 4539 ιιι
2153 4484 2363 4554 nigrum
2397 4485 2524 4538 nulli
2569 4498 2763 4553 cygno.
2793 4484 2990 4538 animal
3032 4494 3209 4538 autem
3243 4487 3409 4548 omni,
3439 4494 3493 4541 et
3521 4485 3635 4540 ani-

368 4571 584 4635 gi-inis,
638 4571 768 4633 nihil
818 4574 960 4626 enim
1011 4573 1258 4643 prohibet
1301 4593 1333 4628 α
1378 4572 1406 4628 6
1448 4575 1659 4645 quidem
1712 4578 1878 4643 omni,
1926 4595 1951 4630 c

366 4673 544 4713 autem
571 4662 729 4715 alicui
764 4664 959 4730 inesse,
990 4673 1043 4718 et
1072 4666 1100 4717 b
1124 4666 1284 4720 alicui
1324 4683 1349 4717 c
1390 4681 1496 4721 non
1531 4667 1722 4732 inesse,
1755 4676 1810 4721 ut
1838 4670 1951 4722 ani-

366 4752 471 4803 mal
519 4751 667 4804 omni
716 4751 942 4816 homini,
990 4752 1110 4807 albo
1153 4765 1331 4809 autem
1380 4756 1565 4819 alicui,
1617 4758 1775 4810 homo
1820 4773 1950 4810 vero

366 4842 689 4896 aicui'albo
729 4858 834 4896 non
874 4846 1052 4897 inerit.
1100 4845 1154 4899 Si
1194 4862 1321 4919 ergo
1355 4858 1581 4916 ponatur
1610 4864 1641 4900 a
1676 4848 1704 4900 ὸ
1737 4847 1948 4917 quidem

366 4933 497 4985 nulli
531 4934 726 4996 inesse,
761 4928 787 4985 ὁ
818 4940 992 4988 autem
1024 4936 1201 4990 alicui
1231 4937 1443 5003 inesse,-
1470 4941 1785 4993 universalis
1830 4941 1947 5007 qui-

368 5028 490 5080 dem
530 5028 820 5095 propositio
863 5039 968 5083 tota
1015 5028 1166 5092 falsa,
1209 5032 1547 5097 particularis
1588 5024 1769 5086 autem
1806 5050 1950 5095 vera,

368 5128 424 5173 et
467 5119 740 5173 conclusio
789 5135 936 5173 vera.
990 5120 1250 5174 Similiter
1297 5126 1473 5176 autem
1530 5132 1583 5175 et
1638 5122 1952 5177 afﬁrmativa

367 5219 582 5276 sumpta
612 5226 642 5262 a
666 5209 715 5275 b,
751 5210 1008 5279 possibile
1040 5220 1143 5264 ‘cst'
1184 5213 1325 5264 enim
1358 5230 1385 5263 ιι
1419 5212 1446 5263 b
1477 5212 1689 5281 quidem
1721 5215 1871 5277 nulli,
1926 5233 1953 5268 c

366 5313 545 5356 autem
583 5303 739 5357 alicui
774 5319 876 5355 nou
910 5305 1105 5368 inesse,
1139 5294 1199 5358 et
1222 5306 1249 5357 b
1282 5305 1438 5358 alicui
1470 5322 1496 5357 ε
1527 5297 1632 5359 nun
1665 5306 1861 5368 inesse,
1898 5317 1953 5361 ut

365 5397 561 5450 animal
599 5396 726 5450 nulli
769 5397 1084 5461 inanimato,
1123 5399 1242 5451 albo
1274 5410 1451 5452 autem
1482 5399 1662 5463 alicui,
1694 5411 1745 5454 et
1777 5401 1943 5455 inani-

367 5496 567 5540 matum
619 5501 721 5539 non
770 5482 931 5540 inerit
978 5488 1133 5541 alieni
1179 5490 1319 5542 albo.
1360 5491 1428 5543 Si
1458 5506 1583 5560 ergo
1607 5503 1832 5561 ponatur
1860 5511 1889 5546 τι
1922 5496 1950 5548 b

366 5579 580 5645 quidem
626 5581 794 5644 omni,
833 5597 859 5632 c
890 5595 1017 5634 vero
1047 5581 1205 5634 alicui
1240 5598 1341 5635 non
1385 5583 1578 5647 inesse,
1610 5601 1640 5637 a
1669 5585 1695 5638 b
1735 5587 1946 5655 quidem

371 5673 660 5743 propositio
696 5675 1011 5729 universalis
1052 5684 1156 5727 ιιιιςι
1192 5674 1343 5739 falsa,
1375 5668 1407 5729 α
1446 5693 1472 5729 c
1510 5687 1685 5731 autem
1720 5694 1860 5736 vera.
1897 5687 1951 5731 et

382 5768 656 5823 conclusio
715 5786 857 5824 vera.
888 5768 947 5821 Et
982 5768 1266 5822 universali
1317 5770 1528 5838 quidem
1581 5788 1704 5828 vera
1752 5773 1943 5841 posita,

2055 4577 2158 4632 mal
2206 4591 2309 4629 non
2360 4577 2504 4629 omni
2537 4577 2731 4643 nigro:
2783 4589 2947 4645 quare
2992 4576 3035 4629 si
3080 4586 3317 4630 sumatur
3355 4577 3383 4630 b
3422 4577 3633 4647 quidem

2054 4667 2199 4722 onmi
2231 4685 2279 4733 ε,
2309 4683 2340 4719 a
2370 4681 2501 4721 vero
2540 4665 2704 4734 nulli,
2738 4683 2770 4719 a
2806 4665 2962 4720 alicui
2994 4667 3022 4719 b
3058 4681 3164 4721 non
3194 4668 3388 4732 inerit,
3426 4677 3479 4739 et
3507 4684 3634 4723 can-

2055 4762 2224 4816 clusio
2272 4759 2487 4829 quidem
2536 4774 2658 4813 vera
2688 4800 2702 4823 ,
2779 4759 3183 4835 propositiones.
3229 4771 3408 4816 autem
3467 4761 3631 4816 falsae.

2058 4852 2126 4905 Et
2164 4851 2211 4906 si
2253 4852 2304 4905 in
2350 4852 2530 4920 aliquo
2576 4849 2735 4905 fuerit
2775 4836 2998 4921 utraque
3038 4851 3190 4915 falsa,
3225 4853 3327 4907 erit
3363 4852 3635 4906 conclusio

2058 4961 2206 5010 vera,
2242 4944 2369 5009 nihil
2400 4944 2542 4997 enim
2590 4944 2836 5013 prohibet
2879 4953 2933 4999 et
2978 4962 3008 4999 a
3035 4955 3087 5000 et
3123 4930 3161 4999 bV
3190 4946 3345 5000 alicui
3377 4961 3403 4997 c
3434 4945 3633 5007 inesse.

2060 5046 2114 5092 et
2141 5054 2173 5090 α
2204 5037 2363 5092 alicui
2394 5037 2445 5102 li,
2486 5046 2546 5090 ut
2575 5037 2751 5091 album
2801 5047 2855 5092 et
2885 5038 3163 5106 pulchrum
3213 5037 3370 5092 alicui
3416 5038 3633 5093 animali

2058 5132 2217 5192 inest,
2251 5139 2304 5184 et
2333 5130 2512 5184 album
2556 5129 2713 5184 alicui
2748 5130 2999 5199 pulchro;
3034 5131 3077 5185 si
3110 5146 3238 5200 ergo
3266 5139 3494 5198 ponatur
3524 5147 3553 5181 a
3582 5139 3637 5185 et

2056 5223 2084 5275 ὁ
2125 5223 2269 5276 omni
2324 5238 2351 5275 c
2396 5222 2591 5288 inesse,
2644 5224 3032 5292 propositiones
3081 5223 3293 5293 quidem
3346 5223 3397 5276 in
3456 5223 3634 5290 aliquo

2058 5314 2224 5379 falsae,
2256 5315 2529 5369 conclusio
2559 5323 2736 5370 autem
2766 5331 2912 5370 vera.
2945 5317 3011 5371 Et
3041 5317 3295 5386 privativa
3324 5332 3354 5367 a
3383 5331 3409 5368 c
3439 5314 3630 5387 posita,

2055 5407 2300 5462 similiter
2330 5424 2342 5459 :
2373 5406 2502 5460 nihil
2531 5407 2675 5461 enim
2705 5409 2953 5477 prohibet
2981 5426 3011 5460 a
3039 5409 3251 5477 quidem
3283 5409 3438 5463 alicui
3468 5425 3493 5462 c
3522 5426 3629 5463 non

2056 5497 2253 5563 inesse,
2287 5496 2316 5549 ὁ
2346 5511 2475 5551 vero
2505 5498 2659 5552 alicui
2692 5499 2889 5565 inesse,
2924 5509 2977 5553 et
3006 5515 3036 5551 a
3064 5515 3166 5553 non
3197 5501 3339 5553 omni
3371 5501 3399 5553 ὁ
3427 5501 3624 5570 inesse,

2053 5598 2110 5643 ut
2137 5589 2314 5643 album
2342 5588 2501 5643 alicui
2528 5589 2745 5643 animali
2774 5605 2877 5645 non
2905 5589 3103 5645 inesse.
3139 5591 3423 5646 Pulchrum
3453 5602 3629 5647 autem

2052 5680 2207 5735 alicui
2256 5681 2414 5745 inest,
2462 5689 2513 5735 et
2548 5680 2724 5734 album
2758 5696 2861 5735 non
2902 5681 3045 5735 omni
3095 5684 3317 5752 pulchro
3348 5703 3359 5739 :
3386 5666 3548 5755 quare
3590 5689 3637 5743 si

2054 5781 2293 5827 sumatur
2322 5788 2354 5825 ο
2384 5770 2598 5841 quidem
2653 5771 2807 5842 nulli,
2848 5789 2875 5827 ε
2914 5775 2940 5831 b
2970 5785 3146 5833 autem
3196 5777 3361 5846 omni,
3398 5790 3637 5853 utraque
