4060 6330
476 295 576 351 691

1703 290 1811 345 AN.
1854 288 2059 344 MANL.
2096 288 2247 349 εεν.
2284 290 2506 351 ΒΟΕΤΙΙ

3623 298 3729 353 6Θὶ

478 402 869 485 propositiones
904 414 1112 484 quidem
1154 415 1207 467 in
1245 414 1424 483 aliquo
1452 412 1614 475 falsae,
1659 410 1932 465 conclusio
1961 423 2052 461 au-
2081 408 2132 465 A
2158 424 2276 464 cum
2315 412 2386 467 sit
2424 430 2454 465 ιι
2493 412 2692 482 album,
2722 414 2751 466 ὸ
2781 428 2900 469 esse
2947 430 3199 485 magnum
3243 431 3308 469 ex
3363 417 3687 470 necessitate
3710 458 3727 479 ,

477 519 585 564 tem
615 520 763 562 vera.
806 506 1061 561 Similiter
1092 515 1265 558 autem
1293 514 1347 559 et
1377 506 1489 558 lucc
1513 504 1727 573 quidem
1757 510 1863 556 tota
1895 500 2049 567 falsa,

476 599 567 654 illa
596 614 723 654 vero
756 609 861 652 tota
887 612 1008 659 vera
1039 605 1271 664 sumpta.
1314 595 1574 650 Possibile
1604 604 1685 649 est
1710 595 1853 648 enim
1882 610 1915 646 α
1943 602 1997 647 et
2023 592 2051 643 b

477 706 638 745 omne
666 708 693 743 c
719 691 893 760 sequi,
926 699 979 743 et
1017 706 1046 741 τι
1071 690 1232 743 alicui
1261 690 1290 742 ὸ
1315 704 1419 742 non
1460 690 1654 753 inesse,
1683 696 1739 741 ut
1776 682 1971 740 animal
2001 694 2053 737 et

476 782 655 835 albutn
683 796 842 836 omne
866 795 1092 847 cygnum
1133 781 1393 849 sequitur,
1426 790 1479 834 et
1509 778 1703 832 animal
1749 794 1855 833 non
1908 776 2051 833 omni

480 876 619 929 inest
656 875 805 938 albo;
835 873 1022 941 positis
1063 874 1220 942 igitur
1249 872 1328 926 his
1371 874 1641 938 terminis,
1682 873 1727 927 si
1757 881 1997 925 sumatur
2025 869 2054 921 b

476 965 691 1031 quidem
725 965 822 1018 toti
847 982 872 1015 c
902 964 1155 1028 inesse,a
1187 978 1315 1019 vero
1345 964 1438 1017 toti
1467 979 1569 1018 non
1603 963 1799 1029 inesse,
1832 963 1859 1014 ὁ
1887 977 1913 1013 c
1940 961 2053 1029 qui-

478 1055 597 1108 detn
632 1063 736 1108 tota
760 1055 860 1108 erit
889 1070 1037 1120 vera,
1068 1072 1100 1107 a
1128 1071 1155 1107 ε
1182 1064 1356 1111 autem
1390 1062 1499 1109 tota
1528 1054 1680 1118 falsa,
1705 1061 1761 1106 et
1782 1050 2057 1107 conclusio

480 1161 624 1200 vera.
674 1144 933 1201 Similiter
980 1158 1160 1202 autem
1206 1156 1260 1203 et
1302 1147 1347 1200 si
1394 1147 1423 1200 ὁ
1460 1162 1487 1200 c
1529 1146 1745 1215 quidem
1791 1145 1943 1208 falsa,
1971 1160 2002 1197 α
2028 1158 2056 1195 c

478 1242 659 1290 autem
689 1250 849 1299 vera,
878 1251 999 1290 nam
1032 1236 1085 1290 hi
1115 1235 1328 1305 quidem
1363 1236 1577 1290 termini
1620 1234 1687 1289 ad
1717 1234 2053 1289 demonstra-

481 1328 712 1393 tionem,
762 1328 1008 1397 nigrtnn,
1063 1329 1435 1392 iuanimatum,
1481 1341 1700 1397 cygnus.
1753 1324 1857 1381 Sed
1907 1334 1961 1379 et
2009 1323 2054 1376 si

481 1428 718 1489 utrzeque
739 1431 1077 1475 assumantur
1097 1420 1431 1485 alﬁrmative,
1453 1419 1582 1473 nihil
1602 1419 1742 1473 enim
1768 1416 2011 1488 prohibet
2027 1415 2058 1467 b

481 1507 691 1576 quidem
723 1523 881 1564 omne
910 1526 938 1563 ε
960 1510 1131 1579 sequi,
1162 1526 1195 1562 a
1223 1517 1399 1564 autem
1438 1509 1533 1563 toti
1562 1526 1597 1562 σ
1619 1523 1724 1562 non
1773 1508 1970 1572 inesse,
2003 1514 2058 1561 et

480 1614 510 1648 η
537 1599 690 1654 alicui
720 1600 747 1653 ὁ
771 1600 970 1667 inesse,
1001 1610 1056 1656 ut
1079 1602 1222 1657 omni
1250 1617 1420 1672 cygno
1447 1601 1668 1670 animal,
1694 1601 1901 1668 nigrum
1931 1614 2058 1653 vero

484 1692 609 1745 nulli
638 1707 833 1762 cygno,
865 1702 918 1746 et
945 1693 1153 1760 nigrum
1197 1694 1334 1746 inest
1363 1693 1528 1746 alicui
1548 1691 1794 1745 animali:
1823 1705 1989 1757 quare
2011 1690 2054 1743 si

482 1793 723 1835 sumatur
749 1800 782 1835 a
809 1790 864 1837 et
894 1782 922 1834 b
947 1784 1090 1837 omni
1119 1800 1145 1836 c
1180 1783 1375 1849 inesse,
1409 1784 1437 1836 b
1459 1800 1489 1836 ι
1513 1783 1725 1852 quidem
1773 1791 1882 1836 tota
1907 1796 2054 1847 vera,
2087 1777 2135 1840 Β

483 1890 514 1924 a
559 1890 586 1925 c
624 1884 798 1928 autem
832 1883 941 1928 tota
990 1874 1142 1937 falsa,
1184 1885 1236 1928 et
1284 1875 1547 1930 Conclusit
1605 1891 1751 1930 vera.
1805 1874 2059 1929 Similiter

486 1974 662 2018 autem
692 1972 737 2018 et
768 1982 799 2018 a
822 1975 1080 2034 csumpta
1112 1981 1258 2032 vera,
1289 1983 1409 2020 nam
1435 1982 1530 2034 per
1558 1967 1774 2021 eosdem
1805 1967 2062 2021 terminos

486 2054 890 2111 demonstratio.
940 2056 1171 2113 Rursum
1225 2058 1325 2112 hac
1366 2058 1582 2127 quidem
1624 2067 1734 2113 tota
1780 2074 1904 2113 vera
1950 2059 2063 2113 exi-

485 2158 680 2214 stente,
711 2149 800 2204 illa
827 2165 952 2205 vero
986 2151 1035 2204 in
1079 2150 1259 2221 aliquo
1290 2151 1443 2221 falsa,
1476 2151 1730 2219 possibile
1755 2161 1836 2206 est
1860 2152 2002 2206 enim
2034 2152 2062 2205 ό

485 2239 699 2310 quidem
721 2240 867 2295 omni
896 2257 923 2294 c
944 2241 1142 2305 inesse,
1162 2257 1195 2293 a
1225 2251 1398 2295 autem
1424 2242 1575 2299 alicui
1603 2259 1626 2294 ς
1654 2252 1710 2296 et
1743 2242 1898 2296 alicui
1931 2244 1980 2306 ι»,
2009 2250 2066 2296 ιιι

486 2330 638 2401 bipes
667 2332 879 2401 quidem
920 2334 1063 2388 omni
1094 2332 1318 2395 homini,
1358 2332 1633 2401 pulchrum
1677 2350 1781 2386 non
1810 2333 1977 2398 omni,
2012 2342 2066 2387 et

488 2423 767 2493 pulchrum
812 2423 973 2477 alicui
1006 2423 1183 2493 bipedi
1215 2425 1370 2477 inest.
1394 2422 1449 2477 Si
1479 2439 1615 2493 ergo
1635 2433 1876 2478 sumatur
1904 2441 1936 2477 a
1962 2433 2015 2477 et
2037 2423 2065 2475 ὸ

490 2523 519 2564 ιΔ
548 2513 584 2565 ti
614 2529 640 2565 c
666 2514 860 2577 inesse,
892 2512 918 2565 b
947 2530 973 2565 c
997 2513 1214 2582 quidem
1247 2522 1354 2567 tota
1383 2528 1535 2578 vera,
1566 2530 1597 2565 ιι
1627 2530 1654 2566 c
1680 2524 1855 2569 autem
1886 2514 1938 2567 in
1971 2514 2067 2567 ali-

489 2620 594 2674 quo
620 2604 772 2671 falsa,
803 2608 1076 2661 conclusio
1105 2616 1283 2662 autem
1317 2623 1465 2662 vera.
1520 2607 1780 2662 Similiter
1805 2616 1983 2663 autem
2013 2617 2068 2662 et

489 2712 521 2748 ιι
549 2712 575 2750 c
598 2696 809 2766 quidem
839 2712 983 2764 vera,
1017 2697 1046 2750 b
1076 2714 1103 2751 c
1128 2708 1308 2754 autem
1352 2698 1484 2753 falsa
1522 2699 1573 2752 in
1618 2699 1796 2769 aliquo
1834 2708 2065 2768 sumpta,

494 2789 829 2857 transpositis
852 2789 993 2843 enim
1023 2788 1225 2844 eisdem
1256 2791 1495 2845 terminis
1535 2790 1638 2845 erit
1660 2789 2066 2843 demonstratio.

494 2881 557 2933 Et
583 2896 702 2935 cum
733 2880 846 2934 haec
879 2880 1091 2949 quidem
1124 2890 1207 2935 est
1241 2882 1519 2949 privativa,
1554 2882 1640 2935 illa
1672 2897 1799 2935 vero
1837 2881 2070 2935 affirma-

492 2972 628 3038 tiva,
654 2973 904 3040 quoniam
949 2972 1203 3040 possibile
1234 2981 1316 3026 cst
1346 2975 1373 3025 b
1407 2972 1620 3043 quidem
1669 2974 1763 3026 ιοιὶ
1806 2989 1833 3025 c
1873 2974 2070 3037 inesse,

493 3080 525 3115 a
552 3073 726 3117 autem
757 3064 914 3118 alicui
943 3081 989 3128 ο,
1018 3074 1070 3119 et
1096 3067 1307 3133 quando
1329 3066 1403 3118 sic
1432 3080 1491 3119 se
1514 3064 1763 3131 habeant,
1794 3079 1895 3117 non
1927 3065 2071 3117 oumi

494 3154 523 3205 b
554 3154 731 3207 ine~se
754 3171 805 3206 α.
833 3154 888 3207 Si
917 3169 1046 3223 ergo
1073 3165 1372 3207 assumatur
1397 3155 1425 3207 b
1449 3154 1663 3225 quidem
1693 3154 1786 3207 toti
1816 3171 1842 3206 c
1872 3154 2069 3220 inesse,
2099 3142 2144 3203 C

495 3260 527 3296 a
557 3254 731 3297 autem
765 3245 915 3307 nulli,
953 3245 1209 3314 privativa
1253 3246 1468 3314 quidem
1520 3247 1572 3299 in
1604 3246 1786 3313 aliquo
1812 3245 1968 3307 falsa,
1997 3246 2073 3299 al-

496 3343 608 3389 tera
639 3346 814 3390 autem
849 3345 957 3390 tata
986 3350 1132 3402 vera,
1158 3344 1211 3391 et
1239 3337 1510 3391 conclusio
1535 3339 1636 3390 erit
1668 3351 1812 3389 vera.
1843 3336 2072 3389 Rursum

498 3428 745 3492 quoniam
809 3438 1081 3483 ostenSum
1114 3436 1197 3483 est
1243 3428 1382 3496 quod
1422 3436 1542 3481 eum
1584 3444 1615 3479 a
1641 3427 1856 3497 quidem
1895 3428 2019 3482 nulli
2049 3444 2076 3481 ε

498 3520 657 3585 inest,
687 3528 741 3575 et
763 3521 791 3574 b
822 3521 1001 3590 alicui,
1035 3522 1215 3590 evenit
1244 3539 1273 3574 a
1304 3522 1465 3575 alicui
1495 3522 1522 3573 ὸ
1555 3537 1658 3574 non
1708 3521 1903 3584 inesse,
1959 3534 2075 3574 ma-

498 3615 747 3672 nifestum
792 3617 952 3686 igitur
978 3617 1229 3686 quoniam
1263 3626 1317 3671 et
1356 3631 1474 3669 cum
1503 3634 1533 3669 a
1579 3631 1604 3667 c
1651 3622 1760 3668 tota
1801 3623 1881 3668 est
1925 3627 2073 3675 vera,

497 3710 525 3762 ὁ
557 3708 788 3765 cautem
837 3710 888 3763 in
936 3708 1115 3779 aliquo
1166 3709 1316 3774 falsa,
1369 3708 1629 3778 contingit
1676 3706 2075 3761 conclusionem

497 3814 617 3854 esse
667 3814 882 3865 veram;
928 3801 974 3853 si
1021 3801 1164 3853 enim
1216 3811 1515 3852 sumatura
1544 3799 1759 3869 quidem
1812 3798 1941 3851 nulli
1973 3814 2021 3860 ε,
2049 3796 2078 3848 b

498 3900 674 3944 autem
715 3890 886 3955 omni,
918 3906 950 3941 a
986 3906 1011 3943 ε
1038 3890 1248 3959 quidem
1284 3899 1391 3942 tota
1442 3906 1594 3955 vera,
1632 3891 1673 3942 .b
1724 3906 1750 3942 ε
1796 3898 1973 3943 autem
2026 3889 2077 3941 in

499 3980 678 4047 aliquo
710 3978 860 4033 falsa.
916 3979 1255 4034 Manifestum
1288 3990 1464 4032 autem
1497 3990 1551 4033 et
1579 3982 1629 4033 in
1664 3979 2080 4048 particularibus

500 4072 822 4142 syllogismis
860 4074 1108 4143 quoniam
1162 4073 1379 4127 omnino
1424 4088 1517 4140 per
1552 4072 1683 4126 falsa
1728 4072 1829 4125 erit
1869 4086 2077 4139 verum,

499 4177 622 4217 nam
655 4163 812 4217 iidem
854 4164 1063 4219 termini
1107 4164 1371 4228 sumendi,
1415 4174 1467 4219 et
1495 4163 1708 4234 quando
1750 4163 2083 4218 universales

502 4254 704 4309 fuerint
748 4258 1158 4326 propositiones,
1204 4258 1255 4311 in
1287 4258 1647 4327 prmdicativis
1686 4257 1899 4329 quidem
1950 4272 2084 4325 pra:-

502 4347 742 4412 dicativi,
788 4350 839 4403 in
892 4351 1162 4419 privativis
1209 4361 1389 4406 autem
1438 4352 1711 4421 privativi;
1757 4350 1888 4403 nihil
1938 4349 2080 4403 enim

504 4439 838 4506 dili‘ert,cum
870 4445 995 4497 nulli
1022 4445 1213 4510 inerat,
1239 4444 1610 4499 universalitcr
1636 4457 1850 4497 sumere
1880 4440 2077 4507 inesse,

503 4538 557 4582 et
588 4529 633 4583 si
664 4530 819 4584 alicui
850 4532 1035 4595 inerat,
1070 4534 1440 4587 universalitcr
1483 4548 1695 4587 sumere
1721 4531 1786 4585 ad
1820 4530 2078 4585 termino-

504 4635 622 4673 rum
669 4622 1018 4689 positionem;
1066 4625 1315 4679 similiter
1365 4635 1540 4679 autem
1587 4632 1641 4677 et
1679 4624 1731 4676 iu
1783 4621 2078 4692 privativis.

508 4711 847 4766 Manifestum
876 4712 1032 4781 igitur
1048 4715 1186 4782 quod
1216 4713 1425 4781 quando
1442 4714 1510 4767 sit
1526 4712 1798 4767 conclusio
1820 4710 1969 4773 falsa,
1991 4725 2083 4763 ne-

511 4816 663 4857 cesse
690 4815 771 4858 est
795 4818 855 4857 ea
884 4819 948 4857 ex
976 4805 1173 4873 quibus
1205 4814 1286 4859 est
1311 4806 1483 4858 oratio
1512 4803 1641 4857 falsa
1674 4817 1817 4866 esse,
1850 4811 1940 4854 aut
1966 4814 2082 4855 om-

509 4899 616 4962 nia,
649 4906 739 4952 aut
762 4898 967 4967 aliqua;
1002 4899 1213 4967 quando
1244 4907 1417 4953 autem
1442 4914 1590 4961 vera,
1620 4906 1735 4951 non'
1751 4909 1972 4950 necesse
2000 4905 2082 4950 est

430 5028 435 5033 .
508 5002 688 5043 verum
716 5004 836 5043 esse
866 5005 963 5043 nec
994 4990 1207 5057 aliquod
1238 4988 1476 5057 quidem,
1512 5002 1610 5041 nec
1639 5002 1821 5040 omne.

576 5100 681 5157 Sed
709 5112 792 5157 est
819 5118 937 5157 cum
966 5103 1164 5157 nullum
1191 5104 1257 5156 sit
1308 5086 1490 5156 verum
1524 5116 1705 5154 eorum
1731 5114 1848 5169 quae
1874 5107 1999 5153 sunt
2029 5100 2080 5153 in

507 5194 856 5264 syllogismis,
896 5210 948 5249 et
990 5196 1390 5249 conclusionem
1427 5194 1674 5247 similiter
1712 5207 1829 5247 esse
1873 5208 2077 5258 veram,

508 5299 612 5339 non
657 5296 832 5340 tamen
883 5302 947 5342 ex
1000 5287 1339 5339 nece'sitate.
1388 5286 1557 5337 Causa
1606 5293 1782 5337 autem
1828 5283 2076 5352 quoniam

507 5389 627 5430 cum
654 5377 757 5429 duo
788 5380 863 5431 sic
893 5392 949 5431 se
989 5377 1188 5431 habent
1231 5377 1295 5429 ad
1332 5377 1577 5439 invicem,
1620 5385 1674 5428 ιιι
1704 5391 1822 5427 cum
1854 5374 2081 5427 al:crum

506 5469 606 5533 sit,
637 5484 698 5521 ex
736 5470 1050 5522 necessitate
1093 5485 1211 5522 esse
1257 5469 1502 5529 alterum,
1555 5468 1653 5519 hoc
1697 5482 1815 5519 cmn
1862 5481 1964 5518 non
2016 5465 2084 5518 sit

507 5561 741 5629 quidem,
771 5576 869 5614 nec
909 5562 1131 5615 alterum
1163 5561 1294 5620 erit;
1334 5575 1452 5610 cum
1499 5567 1677 5610 autem
1711 5560 1796 5618 sit,
1835 5572 1937 5608 non
1993 5569 2085 5608 ne-

508 5667 659 5706 cesse
687 5661 770 5705 est
796 5667 914 5705 esse
944 5653 1202 5711 alterum;
1236 5650 1373 5703 idem
1405 5660 1581 5701 autem
1612 5663 1731 5700 cum
1764 5647 1861 5712 sit,
1896 5657 1947 5698 ct
1979 5660 2080 5697 non

508 5744 596 5806 sit,
628 5741 950 5809 impossibile
980 5758 1039 5796 ex
1071 5741 1383 5796 necessitate
1409 5754 1526 5794 esse
1552 5738 1857 5794 idcm.Dico
1882 5748 2078 5801 autem,

2156 510 2209 556 et
2235 517 2357 557 cum
2382 519 2487 558 non
2511 505 2583 561 sit
2611 521 2641 557 a
2666 505 2866 571 album,
2913 509 2942 559 ὁ
2971 522 3089 561 esse
3117 522 3364 575 magnum
3395 523 3460 560 ex
3494 510 3735 560 necessi-

2156 600 2260 647 tate
2289 610 2303 658 ;
2351 594 2561 663 quando
2604 599 2743 652 enim
2774 613 2894 652 cum
2927 598 3026 653 hoc
3064 600 3132 652 sit
3185 599 3262 668 (ut
3294 600 3344 668 ιι)
3369 598 3571 662 album,
3601 600 3734 653 illud

2156 701 2375 741 necesse
2416 697 2496 741 est
2542 689 2620 755 (ut
2646 689 2697 757 ὁ)
2746 704 2866 745 esse
2910 705 3178 755 magnum,
3221 706 3342 743 cum
3382 699 3560 742 autem
3604 691 3675 743 sit
3704 692 3736 740 ιν

2156 793 2425 845 magnum,
2456 794 2483 830 ε
2511 795 2615 833 non
2646 766 2763 833 esse
2791 781 2993 848 album,
3024 795 3244 835 necesse
3271 788 3374 841 est,
3402 781 3444 834 si
3476 797 3507 833 α
3547 788 3614 832 stt
3655 780 3737 832 al-

2138 870 2303 938 bum,
2337 888 2363 924 c
2394 887 2499 926 non
2529 886 2649 926 esse
2675 872 2872 927 album.
2912 873 2973 927 Et
3003 872 3216 939 quando
3245 872 3454 926 duobus
3495 872 3739 925 existen-

2157 964 2332 1031 tibus,
2377 979 2497 1019 cum
2538 966 2765 1019 alterum
2802 966 2900 1032 sit,
2946 979 3165 1020 necesse
3206 974 3285 1018 est
3320 964 3550 1019 alterum
3591 978 3737 1027 esse,

2158 1054 2259 1107 hoc
2290 1063 2467 1107 autem
2492 1068 2613 1131 cum
2642 1069 2746 1109 non
2772 1054 2872 1123 sit,
2901 1067 3123 1131 necesse
3147 1064 3229 1108 est
3253 1070 3285 1107 ο
3313 1068 3417 1106 non
3441 1042 3585 1113 esse,
3614 1066 3739 1104 cum

2157 1159 2283 1215 ergo
2317 1146 2475 1200 bnon
2521 1143 2592 1199 sit
2637 1160 2909 1215 magnum,
2938 1162 2969 1198 a
3005 1160 3113 1200 non
3158 1154 3333 1214 potest
3375 1143 3552 1196 album
3593 1156 3737 1205 esse,

2157 1251 2277 1290 cum
2312 1252 2441 1291 vero
2482 1254 2512 1290 a
2552 1253 2656 1292 non
2694 1241 2762 1292 sit
2804 1238 3007 1303 album,
3048 1249 3270 1292 necesse
3304 1244 3388 1290 est
3421 1234 3452 1287 ὁ
3485 1247 3739 1300 magnum

2158 1338 2300 1389 esse,
2332 1326 2523 1379 accidit
2559 1341 2624 1379 ex
2656 1328 2973 1383 necessitate
2998 1341 3118 1381 cum
3158 1326 3187 1379 b
3230 1339 3478 1394 magnum
3507 1337 3616 1375 non
3643 1322 3742 1383 sit,

2159 1417 2298 1472 idem
2338 1418 2373 1471 ιν
2399 1432 2517 1473 esse
2550 1433 2799 1489 magnum
2825 1437 2838 1469 :
2868 1418 2970 1473 hoc
3003 1427 3179 1473 autem
3218 1413 3573 1484 impossibile,
3614 1427 3741 1466 nam

2159 1509 2252 1564 sib
2275 1526 2378 1564 non
2398 1518 2770 1581 estmagnum,
2794 1528 2827 1565 a
2850 1527 2953 1565 non
2980 1510 3081 1564 erit
3103 1508 3280 1562 album
3303 1521 3367 1561 ex
3390 1504 3740 1567 necessitate;

2164 1601 2207 1655 si
2237 1616 2364 1671 ergo
2388 1616 2507 1655 cum
2535 1616 2637 1657 non
2666 1601 2735 1655 sit
2764 1618 2795 1653 a
2816 1601 3014 1668 album,
3046 1599 3074 1652 ὸ
3102 1600 3207 1653 erit
3226 1610 3499 1665 magnum,
3523 1594 3740 1659 accidit,

2160 1693 2206 1747 si
2230 1694 2260 1747 b
2287 1708 2390 1746 non
2411 1700 2494 1747 est
2531 1706 2803 1761 magnum,
2825 1690 2853 1744 b
2880 1704 2998 1744 esse
3031 1702 3301 1756 magnum,
3334 1695 3391 1738 ut
3419 1699 3517 1753 per
3546 1684 3667 1736 tria.

2789 1796 3012 1854 CAPUT
3054 1797 3117 1852 ν.

2381 1895 2450 1947 De
2484 1892 2727 1947 circulari
2752 1892 3037 1947 ostensione
3069 1891 3121 1943 in
3149 1889 3316 1960 prima
3340 1887 3508 1957 ﬁgura

2236 2008 2448 2061 (Iirculo
2500 2020 2713 2071 autem,
2760 2016 2813 2061 et
2856 2022 2919 2061 ex
2962 2020 3020 2059 se
3062 2005 3286 2058 invicem
3327 2000 3621 2057 ostendere
3664 2010 3746 2053 est

2166 2115 2262 2171 per
2284 2100 2705 2166 conclusionem,
2747 2107 2801 2154 et
2849 2114 2880 2153 e
2903 2112 3163 2152 converso
3208 2095 3641 2164 praedicationem
3670 2092 3743 2145 al-

2167 2198 2333 2245 teram
2356 2199 2655 2245 sumentem
2681 2187 3096 2258 propositionem
3119 2185 3441 2240 concludere
3464 2184 3745 2251 reliquam,

2166 2296 2324 2352 quam
2351 2290 2655 2348 sumpserat
2679 2279 2732 2333 in
2757 2280 2925 2332 altero
2955 2277 3284 2349 syllogismo,
3327 2284 3386 2328 ut
3423 2275 3467 2327 si
3516 2273 3747 2342 oportuit

2167 2372 2454 2427 ostendere
2482 2371 2735 2440 quoniam
2779 2386 2810 2422 α
2852 2370 2990 2423 inest
3038 2368 3183 2421 omni
3228 2382 3274 2430 ο,
3300 2365 3546 2420 ostendat
3569 2371 3750 2416 autem

2169 2479 2262 2532 per
2283 2481 2328 2526 c,
2349 2477 2530 2518 rursus
2551 2461 2595 2516 si
2626 2461 2883 2515 monstret
2909 2459 3158 2527 quoniam
3188 2474 3219 2509 a
3244 2457 3382 2510 inest
3404 2458 3451 2519 b,
3480 2468 3695 2509 sumens
3719 2470 3749 2506 ιι

2167 2554 2382 2624 quidem
2407 2554 2582 2608 inesse
2603 2568 2651 2616 c,
2675 2568 2701 2603 ιτ
2725 2562 2898 2605 autem
2925 2550 2972 2615 lt,
3001 2560 3053 2603 et
3080 2567 3112 2603 ιι
3152 2548 3309 2603 inerit
3330 2547 3380 2611 b,
3403 2548 3552 2615 prius
3572 2556 3750 2600 autem

2169 2659 2199 2699 c
2221 2658 2482 2699 converso
2509 2644 2734 2711 sumpsit
2758 2641 2787 2694 ό
2812 2641 2988 2695 inesse
3010 2656 3057 2703 ε,
3081 2648 3175 2693 aut
3203 2639 3244 2693 si
3268 2639 3522 2708 quoniam
3564 2638 3593 2689 lt
3617 2639 3751 2691 inest

2170 2752 2233 2799 c,
2268 2742 2515 2803 nporteat
2559 2731 2846 2786 ostendere
2884 2730 2928 2783 si
2972 2737 3147 2783 sumat
3187 2745 3217 2781 ιι
3262 2729 3331 2783 de
3369 2744 3396 2781 ε
3421 2767 3439 2793 ,
3487 2742 3608 2796 qum
3656 2727 3751 2781 fuit

2171 2824 2469 2889 conclusio,
2507 2827 2533 2875 b
2564 2832 2742 2878 autem
2765 2823 2833 2878 de
2868 2839 2898 2876 a
2921 2835 3069 2886 esse,
3092 2813 3238 2890 ρι’ίυί
3267 2831 3444 2874 autem
3481 2831 3749 2889 sumptum

2172 2923 2254 2968 est
2289 2930 2318 2967 e
2362 2928 2621 2968 converso
2660 2930 2690 2965 a
2734 2912 2800 2966 de
2827 2913 2875 2966 ὸ.
2925 2911 3099 2966 Aliter
3140 2925 3269 2965 vero
3315 2926 3422 2965 non
3470 2920 3555 2965 est
3590 2927 3656 2965 ex
3692 2926 3753 2966 se

2164 3004 2400 3059 invicem
2426 3006 2729 3069 ostendere,
2762 3003 2875 3058 sive
2896 3006 3041 3059 enim
3062 3004 3204 3057 aliud
3229 3001 3464 3057 medium
3492 3014 3751 3069 sumetur,

2179 3112 2282 3150 non
2305 3098 2527 3161 circulo,
2555 3098 2626 3149 nil
2648 3097 2788 3150 enim
2814 3098 3037 3149 sumitur
3060 3095 3538 3160 eorumdem,.sive
3562 3094 3751 3148 borum

2176 3187 2457 3257 quiddam,
2491 3201 2710 3240 necesse
2742 3195 2824 3239 eSt
2853 3183 3076 3237 alterum
3109 3185 3301 3250 solum,
3340 3199 3461 3237 nam
3497 3184 3541 3237 si
3571 3186 3752 3250 ambo,

2176 3278 2364 3333 eadem
2427 3281 2528 3330 erit
2588 3276 2898 3337 conclusio,
2946 3285 3000 3326 at
3041 3282 3255 3343 Oportet
3297 3274 3567 3329 diversam
3612 3290 3750 3329 esse.

2177 3369 2231 3422 In
2270 3369 2334 3423 iis
2369 3368 2527 3434 igitur
2581 3383 2699 3436 qua:
2755 3381 2859 3420 non
2906 3374 3288 3419 convertuntur
3343 3380 3407 3419 ex
3476 3365 3754 3420 indeomn-

2176 3467 2338 3512 strata
2369 3459 2531 3513 altera
2567 3458 2929 3526 pr0positione
2963 3458 3019 3509 lit
3054 3455 3419 3525 syllogismus,
3462 3472 3568 3510 non
3611 3458 3753 3510 enim

2177 3559 2259 3603 est
2281 3549 2648 3603 demonstrare
2686 3562 2780 3616 per
2826 3547 2921 3599 hos
2962 3545 3250 3611 terminos,
3286 3546 3538 3613 quoniam
3580 3546 3757 3600 medio

2179 3641 2316 3695 inest
2352 3640 2588 3705 tertium,
2622 3650 2712 3692 aut
2750 3638 2922 3707 primo
2959 3636 3215 3711 medium.
3253 3637 3309 3690 In
3337 3638 3401 3689 iis
3426 3645 3606 3691 autem
3636 3652 3757 3705 qua:

2178 3740 2579 3796 convertuntur,
2609 3732 2711 3784 erit
2738 3731 2914 3784 omnia
2961 3738 3257 3784 monstrare
3293 3744 3387 3798 per
3422 3745 3481 3784 se
3504 3731 3752 3795 invicem,

2181 3831 2234 3873 ut
2267 3821 2383 3886 sia,
2410 3830 2463 3874 et
2487 3820 2536 3885 b,
2558 3827 2612 3874 et
2640 3836 2666 3872 ε
2693 3828 3075 3873 convertuntur
3113 3818 3214 3872 sibi
3261 3819 3494 3873 invicem
3526 3837 3543 3875 :
3576 3832 3757 3875 osteu-

2180 3914 2335 3966 datur
2366 3914 2506 3966 enim
2543 3931 2572 3964 α
2613 3929 2638 3964 r.
2680 3927 2785 3980 per
2814 3912 3045 3967 medium
3089 3913 3153 3975 ὁ,
3193 3920 3247 3966 et
3270 3927 3479 3967 rursum
3528 3931 3556 3963 n
3592 3913 3621 3967 ὁ
3663 3929 3756 3982 per

2182 4004 2605 4068 conclusionem,
2635 4013 2689 4057 et
2725 4019 2817 4072 per
2857 4004 2884 4056 b
2908 4020 2933 4056 c
2960 4003 3371 4071 prOpositionetu
3394 4019 3710 4060 conversam
3738 4024 3753 4069 ;

2182 4096 2430 4152 similiter
2471 4106 2649 4150 autem
2686 4107 2740 4151 et
2779 4098 2807 4150 b
2836 4112 2883 4163 c,
2924 4109 2972 4150 et
3001 4112 3093 4165 per
3119 4096 3540 4159 conclusionem,
3578 4106 3634 4151 et
3662 4112 3755 4166 per

2182 4208 2213 4243 a
2236 4191 2262 4243 b
2288 4190 2707 4259 propositionem
2732 4203 3081 4253 conversam;
3131 4196 3343 4256 Oportet
3370 4200 3550 4242 autem
3577 4198 3632 4243 et
3654 4206 3681 4241 c
3705 4190 3753 4254 ὁ,

2183 4287 2239 4333 et
2262 4278 2290 4332 ὁ
2322 4297 2352 4331 a
2392 4279 2812 4348 propositionem
2835 4277 3225 4344 demonstrare,
3250 4292 3375 4331 nam
3412 4278 3495 4331 his
3535 4279 3756 4333 demon.

2185 4369 2367 4422 Stratis
2398 4370 2474 4422 usi
2510 4383 2693 4423 sumus
2713 4368 2862 4422 solis.
2906 4367 2960 4421 Si
2993 4382 3122 4437 ergo
3150 4377 3390 4422 sumatur
3412 4369 3440 4420 b
3460 4370 3603 4422 omni
3626 4386 3655 4421 ο
3681 4370 3757 4423 ἰη-

2110 4472 2325 4545 Dessc,
2369 4469 2423 4513 et
2460 4476 2486 4511 c
2524 4459 2747 4522 omnia,
2791 4458 3128 4529 syllogismus
3171 4459 3275 4512 erit
3309 4458 3428 4529 ejus
3448 4459 3588 4527 quod
3628 4463 3759 4514 estb

2185 4546 2250 4601 ad
2275 4565 2329 4599 a.
2358 4547 2560 4601 Rursus
2583 4548 2626 4601 si
2651 4559 2889 4602 sumatur
2917 4564 2943 4599 c
2965 4549 3107 4601 omni
3134 4565 3162 4599 α
3187 4546 3385 4616 inesse,
3410 4558 3462 4601 et
3485 4567 3517 4602 a
3538 4552 3681 4602 enini
3708 4552 3758 4613 ὁ,

2188 4654 2412 4693 necesse
2432 4648 2515 4694 est
2540 4655 2567 4690 c
2593 4638 2769 4692 inesse
2794 4636 3009 4690 omnib.
3055 4636 3110 4690 In
3152 4638 3392 4705 utrisque
3430 4653 3559 4707 ergo
3599 4639 3758 4705 syllo.

2185 4732 2371 4802 gismis
2392 4748 2419 4784 ο
2451 4745 2484 4783 a
2501 4730 2794 4799 propositio
2825 4738 3032 4797 sumpta
3053 4740 3137 4783 est
3169 4728 3612 4793 indemonstrata,
3638 4746 3759 4783 nam

2187 4822 2309 4875 alia:
2352 4820 2592 4890 probata
2635 4830 3019 4885 erantzquare
3065 4820 3109 4874 si
3156 4822 3293 4874 hanc
3339 4821 3757 4884 ostenderimus,

2188 4926 2373 4966 omnes
2431 4918 2588 4964 erunt
2635 4911 2941 4979 approbata:
2994 4925 3089 4977 per
3133 4924 3190 4962 se
3239 4910 3494 4971 invicem;
3544 4911 3588 4964 si
3631 4926 3760 4979 ergo

2189 5013 2429 5077 sumatur
2456 5020 2482 5057 c
2504 4988 2649 5059 omni
2682 5003 2729 5071 b,
2765 5012 2818 5056 et
2845 5003 2872 5056 ιθ
2900 5004 3041 5056 omni
3071 5019 3102 5055 a
3132 5004 3327 5068 inesse,
3361 5014 3598 5070 utraeque
3641 5018 3760 5070 pro-

2191 5098 2482 5164 positiones
2512 5096 2889 5151 demonstratae
2937 5105 3235 5162 sumuntur,
3276 5107 3385 5150 etc
3432 5111 3654 5150 necesse
3678 5108 3758 5149 est

2190 5189 2363 5244 inesse
2389 5207 2439 5241 (ι.
2491 5186 2828 5241 Manifestum
2859 5197 2937 5240 cst
2979 5204 3104 5257 ergo
3145 5188 3393 5256 quoniam
3436 5190 3488 5240 in
3526 5188 3654 5240 solis
3696 5187 3758 5241 iis

2186 5295 2306 5349 qua:
2337 5286 2738 5342 convertuntur,
2771 5277 2973 5331 circulo
2998 5288 3051 5331 et
3084 5294 3175 5345 per
3205 5292 3262 5329 se
3289 5275 3518 5329 invicem
3549 5276 3757 5329 contio.

2189 5376 2256 5442 git
2286 5372 2393 5426 fieri
2421 5370 2924 5434 demonstrationes,
2949 5370 3000 5423 in
3022 5370 3142 5422 aliis
3169 5385 3294 5424 vero
3312 5368 3753 5439 quemadmodum

2189 5464 2335 5529 ptius
2360 5463 2608 5517 diximus.
2664 5460 2868 5532 Acgidit
2896 5468 3072 5513 autem
3103 5469 3157 5513 et
3200 5461 3251 5514 in
3296 5461 3360 5515 iis
3398 5460 3587 5515 eodem
3616 5460 3754 5528 quod

2189 5565 2515 5612 monstratur
2555 5555 2627 5608 uti
2668 5554 2733 5608 ad
2764 5554 3325 5625 demonstrationem,
3371 5569 3493 5606 nam
3534 5568 3561 5604 ε
3599 5551 3664 5605 de
3706 5555 3754 5609 ι),

2188 5659 2241 5701 et
2272 5648 2298 5699 ὁ
2338 5646 2402 5699 de
2439 5663 2469 5697 a
2502 5654 2825 5699 monstratur
2872 5653 3083 5712 sumpto
3125 5660 3151 5696 c
3177 5643 3245 5697 de
3284 5660 3315 5695 a
3359 5643 3497 5705 dici,
3528 5658 3555 5695 c
3583 5653 3758 5694 autem

2190 5738 2253 5791 dc
2285 5754 2314 5788 ιι
2347 5752 2437 5807 per
2468 5736 2560 5790 has
2587 5735 2883 5790 ostenditur
2910 5732 3296 5803 propositiones
3318 5750 3331 5786 :
3351 5746 3515 5804 quare
3543 5732 3761 5788 cauclu-
