4112 6332
368 384 474 442 693

368 502 522 554 sione
574 500 773 553 utimur
823 496 886 549 ad
940 492 1473 549 demonstrationem.

368 601 548 653 autem
594 586 923 660 syllogismis
953 585 1055 637 hoc
1096 582 1253 637 modo
1299 588 1626 635 monstratur
1661 591 1725 630 ex
1771 590 1830 627 se
1862 575 1951 626 in-

371 682 541 735 vicem
573 698 583 731 :
617 680 686 732 sit
710 679 735 730 b
768 678 982 743 quidem
1025 675 1168 729 omni
1198 692 1223 727 c
1253 676 1450 736 inesse,
1480 689 1510 725 α
1533 683 1706 725 autem
1740 670 1867 723 nulli
1899 669 1948 735 b,

367 772 642 828 conclusio
670 779 844 823 autem
891 768 1137 839 quoniam
1174 783 1205 817 a
1251 764 1381 817 nulli
1409 780 1453 817 c.
1505 763 1559 817 Si
1584 775 1715 829 ergo
1740 774 1953 813 rursum

367 871 616 929 Oportcat
656 860 976 915 concludere
1006 856 1260 928 quoniam
1294 873 1323 907 α
1356 855 1483 907 nulli
1515 855 1575 917 b,
1626 852 1766 920 quod
1807 851 1952 918 prius

367 960 637 1018 sumptum
668 958 802 1011 erat,
848 948 949 1001 erit
987 965 1017 1000 a
1058 946 1272 1015 quidem
1302 943 1431 997 nulli
1465 959 1510 1002 ε.
1547 958 1571 993 c
1595 949 1772 995 autem
1806 938 1950 992 omni

367 1045 418 1109 b,
471 1042 551 1096 sic
594 1041 735 1097 enim
766 1055 799 1095 e
828 1053 1088 1093 converso
1120 1036 1435 1106 propositio.
1482 1032 1537 1089 Si
1585 1042 1764 1087 autem
1819 1044 1953 1101 quo-

367 1136 509 1187 niam
534 1133 561 1185 b
584 1131 724 1186 inest
749 1146 796 1196 c,
820 1137 1068 1199 oporteat
1090 1126 1433 1188 concludere,
1454 1140 1557 1178 non
1576 1124 1685 1193 jam
1706 1120 1951 1178 similiter

364 1224 786 1280 convertendnm
816 1240 847 1275 a
870 1224 918 1289 ὁ,
944 1237 1063 1276 nam
1109 1221 1296 1275 eadem
1330 1218 1625 1288 propositio
1654 1225 1735 1271 est
1766 1214 1794 1268 b
1821 1212 1947 1268 nulli

364 1334 417 1379 α.
451 1294 506 1370 et
532 1333 564 1369 a
587 1315 714 1368 nulli
744 1315 771 1367 b
801 1317 995 1378 inesse,
1026 1311 1120 1365 sed
1152 1309 1491 1372 sumendum,
1523 1309 1605 1361 cui
1637 1323 1669 1358 a
1702 1304 1832 1359 nulli
1865 1303 1940 1357 in-

364 1412 469 1470 est,
513 1405 639 1459 huic
683 1408 710 1456 b
750 1404 894 1457 omni
935 1403 1132 1457 inesse.
1181 1399 1261 1455 Sit
1286 1399 1426 1453 enim
1458 1414 1488 1449 a
1520 1395 1702 1450 nullic
1746 1396 1944 1459 inesse,

364 1495 505 1564 quod
537 1494 754 1562 quidem
789 1493 887 1547 fuit
913 1490 1214 1555 conclusio,
1264 1490 1348 1543 cui
1394 1502 1569 1542 autem
1612 1505 1642 1540 a
1672 1486 1801 1540 nulli
1828 1486 1877 1550 b,
1903 1490 1945 1537 si

364 1597 608 1643 sumatur
630 1588 771 1641 omni
805 1587 1001 1651 inesse,
1048 1597 1267 1638 necesse
1299 1590 1381 1636 est
1403 1596 1528 1649 ergo
1558 1581 1585 1632 ὁ
1612 1580 1754 1633 omni
1799 1596 1826 1632 ε
1868 1578 1948 1632 in-

364 1692 515 1731 esse:
548 1693 713 1747 quare
751 1692 871 1731 cum
896 1678 1016 1747 _sint
1055 1677 1174 1739 tria,
1222 1673 1636 1743 unumquodque
1670 1671 1944 1727 conclusio

362 1778 444 1823 est
478 1768 635 1831 facta,
670 1778 723 1822 et
764 1768 968 1821 circulo
1003 1767 1392 1831 demonstrare,
1446 1765 1547 1819 hoc
1591 1777 1667 1819 est
1722 1761 1947 1818 conclu-

1012 380 1315 437 pmonun
1356 373 1892 435 ANALYTICORUM
1934 342 2380 430 ARISTOTELIS
2420 374 2989 431 INTERPBETATIO.

1560 486 1616 541 In
1675 483 1951 555 privativis
1982 486 2030 541 A
2059 483 2101 536 si
2134 499 2261 556 ergo
2301 496 2540 541 sumatur
2580 489 2606 540 b
2636 488 2779 540 omni
2807 494 2923 545 n.‘c
2952 496 3124 542 autem
3160 478 3261 539 non
3301 487 3473 553 ninni,
3505 502 3633 543 cou-

2060 577 2227 631 clusio
2273 594 2305 630 a
2354 578 2509 631 alicui
2539 595 2564 631 c
2594 594 2695 633 non
2728 579 2884 633 inerit
2915 579 3145 632 medium
3179 578 3228 632 b.
3259 579 3314 633 Si
3341 590 3515 631 autem
3552 589 3633 633 est

2057 670 2376 723 universalis
2408 671 2704 738 privativa,
2740 687 2845 725 non
2898 672 3197 725 ostenditur
3244 689 3275 724 a
3320 672 3628 739 propositio,

2055 774 2318 815 conversa
2363 778 2394 814 a
2432 764 2484 829 b,
2537 762 2729 816 accidit
2778 763 2920 818 enim
2981 773 3232 831 utrasque
3275 772 3365 817 aut
3411 764 3632 817 alteram

2057 851 2469 920 propositionem
2499 852 2611 905 ﬁeri
2641 853 2969 921 negativam:
3002 867 3167 922 quare
3193 868 3297 906 non
3327 854 3428 906 erit
3467 853 3633 924 syllo-

2054 941 2288 1011 gisuius;
2319 942 2412 995 sed
2462 941 2709 996 similiter
2757 943 3068 997 ostendetur
3105 942 3549 1011 quemadmodum
3581 950 3636 997 et

2054 1034 2106 1087 in
2146 1034 2561 1097 universaiibus,
2600 1035 2642 1088 si
2687 1044 2948 1102 sumatur,
2982 1035 3065 1089 cui
3097 1035 3125 1087 b
3154 1035 3308 1090 alicui
3340 1050 3443 1089 non
3470 1034 3627 1099 inest,

2054 1144 2084 1180 a
2109 1126 2270 1182 alicui
2301 1128 2496 1181 inesse.

2663 1197 2885 1253 CAPUT
2928 1196 3037 1251 Vll.

2266 1289 2342 1343 De
2361 1290 2552 1360 cyclica
2580 1290 2965 1343 ratiocinatione
2987 1292 3042 1342 in
3066 1290 3210 1343 tertia
3233 1290 3418 1359 ﬁgura.

2123 1404 2178 1458 In
2225 1406 2375 1458 tcrtia
2419 1416 2597 1458 autem
2642 1399 3078 1472 ﬁgura,quando
3102 1410 3341 1469 utrazque
3385 1398 3632 1468 proposi-

2050 1498 2223 1552 tiones
2260 1496 2630 1551 universaliter
2672 1501 2969 1559 sumentur,
3013 1508 3119 1546 non
3164 1493 3421 1562 contingit
3448 1500 3629 1547 osten-

2052 1590 2181 1645 dere
2208 1605 2302 1660 per
2330 1606 2386 1643 se
2418 1590 2644 1643 invicem
2677 1588 3117 1657 piopositionem.
3156 1584 3286 1639 Nam
3317 1584 3631 1639 universalis

2053 1683 2266 1753 quidem
2315 1681 2614 1735 ostenditur
2666 1695 2758 1748 per
2806 1677 3152 1742 universalia,
3205 1676 3265 1729 in
3310 1674 3407 1729 liae
3453 1685 3630 1728 autem

2054 1775 2327 1829 conclusio
2359 1788 2573 1836 semper
2597 1783 2673 1827 ρει
2700 1771 3061 1841 particularis:
3094 1782 3267 1838 quare
3288 1766 3626 1821 manifestum

363 1856 568 1934 sionem
600 1867 898 1911 sumentem
928 1867 980 1911 et
1009 1873 1037 1910 e
1066 1871 1329 1913 converso
1364 1857 1584 1909 alteram
1628 1851 1945 1923 propositio-

2056 1866 2305 1936 quouiam
2355 1865 2574 1917 omnino
2625 1877 2729 1917 non
2772 1862 3031 1929 contingit
3058 1861 3342 1915 OStendere
3370 1872 3462 1926 per
3494 1859 3631 1910 lianc

362 1961 508 2011 nem,
543 1946 799 2014 reliquam
838 1947 1178 2017 'syllugizare.
1232 1948 1285 2000 lu
1315 1946 1722 2021 particularibus
1765 1954 1942 1999 autem

360 2039 687 2108 syllogismis
729 2039 1085 2094 universalem
1126 2037 1338 2107 quidem
1377 2037 1791 2106 propositionem
1838 2052 1943 2089 non

360 2137 444 2181 est
469 2128 842 2182 demonstrare
885 2143 978 2197 per
1018 2128 1171 2193 alias,
1202 2126 1574 2197 particular-em
1617 2136 1795 2180 autem
1822 2135 1939 2190 est;

358 2221 614 2289 quoniam
656 2232 830 2274 autem
876 2235 983 2274 non
1030 2227 1112 2272 est
1150 2218 1519 2272 demonstrare
1552 2216 1941 2289 universalem,

360 2308 732 2376 manifestum,
784 2325 905 2363 nam
955 2309 1255 2363 universale
1304 2288 1630 2361 monstratur
1679 2322 1776 2376 per
1823 2308 1943 2360 uni-

360 2401 612 2468 versalia,
644 2403 917 2456 conclusio
949 2410 1125 2456 autem
1161 2415 1262 2456 nOn
1294 2412 1379 2456 est
1417 2402 1753 2465 universalis,
1786 2416 1945 2470 opor-

360 2502 436 2549 tet
462 2503 639 2547 autem
680 2494 965 2547 ostendere
994 2508 1058 2547 ex
1090 2493 1432 2546 conclusione
1465 2501 1513 2546 et
1546 2488 1710 2545 altera
1750 2507 1945 2560 propo-

357 2587 575 2641 sitione.
647 2587 913 2655 Amplius,
946 2586 1166 2639 omnino
1210 2600 1314 2638 non
1342 2583 1400 2637 ﬁt
1428 2582 1771 2654 syllogismus
1810 2598 1943 2638 con-

357 2692 516 2732 versa
553 2676 933 2746 propositione,
983 2690 1104 2729 nam
1149 2674 1499 2744 particulares
1532 2674 1664 2727 ﬁunt
1697 2682 1940 2742 utrmque

358 2769 1099 2841 propositioni-5.Particulare
1124 2777 1301 2823 autem
1330 2777 1431 2835 est,
1458 2766 1770 2821 ostendatur
1801 2767 1941 2821 enim

358 2883 392 2919 a
424 2867 489 2920 de
521 2866 697 2935 aliquo
733 2882 760 2916 c
800 2879 894 2932 per
924 2864 986 2929 b,
1018 2864 1061 2917 si
1107 2877 1234 2931 ergo
1265 2870 1507 2915 sumatur
1542 2861 1569 2913 b
1605 2860 1749 2913 oniui
1807 2874 1858 2923 a,
1892 2868 1945 2913 et

358 2957 640 3012 coaclusio
670 2966 900 3018 maneat,
956 2956 989 3017 b
1038 2954 1194 3009 alicui
1241 2971 1269 3007 c
1297 2953 1477 3019 inerit,
1512 2953 1569 3005 ﬁt
1601 2951 1740 3005 enim
1774 2952 1942 3020 prima

360 3049 550 3118 ﬁgura,
574 3060 627 3102 et
654 3058 735 3102 est
761 3065 790 3100 a
813 3048 1066 3103 medium.
1094 3047 1149 3102 Si
1176 3055 1351 3102 autem
1377 3046 1432 3100 ﬁt
1456 3046 1741 3115 privativus
1770 3044 1941 3115 syllo-

357 3139 582 3206 gismus,
618 3138 973 3192 universalem
1005 3138 1216 3207 quidem
1264 3138 1679 3205 propositionem
1713 3151 1818 3189 non
1861 3143 1943 3189 est

2050 1958 2271 2026 ﬁguram
2313 1953 2671 2009 eniversalem
2719 1951 3159 2025 prepositionem.
3213 1950 3268 2003 Si
3308 1959 3484 2005 autem
3518 1948 3631 2003 haec

2047 2049 2261 2119 quidem
2301 2045 2621 2101 universalis
2650 2044 2750 2109 sit,
2784 2043 2873 2098 illa
2905 2058 3032 2097 vero
3078 2040 3433 2110 particularis,
3464 2053 3630 2106 quan-

2046 2140 2221 2209 doque
2279 2139 2493 2209 quidem
2547 2138 2669 2200 erit,
2721 2135 3039 2206 quandoque
3095 2148 3222 2188 vero
3276 2147 3380 2186 non
3437 2129 3629 2195 inerit;

2046 2231 2260 2302 quando
2327 2245 2456 2300 ergo
2510 2239 2748 2297 utraeque
2804 2225 3162 2296 prmdicativa:
3203 2231 3517 2283 sumantur,
3576 2229 3629 2274 et

2046 2324 2362 2380 universalis
2406 2323 2468 2375 sit
2522 2322 2588 2374 ad
2658 2322 2915 2374 minorem
2991 2317 3415 2379 extremitatem,
3491 2312 3623 2376 erit;

2045 2416 2260 2485 quando
2310 2428 2436 2467 vero
2481 2413 2546 2465 ad
2593 2412 2845 2472 alteram.
2905 2425 3009 2464 non
3054 2410 3176 2463 erit.
3236 2406 3363 2460 lnSit
3404 2407 3544 2458 enim
3595 2420 3629 2455 α

2045 2508 2189 2563 omni
2244 2524 2288 2571 c,
2342 2506 2369 2558 b
2409 2514 2582 2558 autem
2635 2504 2791 2557 alicui
2840 2519 2887 2569 c,
2934 2502 3269 2556 conclusion
3301 2500 3352 2555 ὸ.
3400 2500 3455 2553 Si
3498 2508 3632 2567 ergo

2046 2610 2289 2655 sumatur
2332 2616 2358 2651 c
2402 2598 2545 2652 omni
2584 2614 2613 2649 a
2652 2598 2831 2650 inesse
2875 2607 3129 2648 conversa
3176 2590 3487 2654 univerrali,
3517 2598 3629 2643 eta

2046 2694 2221 2748 inesse
2269 2691 2330 2757 b,
2385 2693 2522 2759 quod
2575 2696 2691 2741 erat
2743 2686 3045 2751 conclusio,
3102 2701 3129 2737 ε
3178 2683 3388 2752 quidem
3437 2688 3619 2735 osten-

2045 2799 2161 2838 sum
2211 2792 2293 2837 est
2340 2782 2492 2834 alicui
2548 2781 2575 2832 b
2607 2780 2802 2841 inesse,
2843 2778 2870 2829 ι)
2918 2784 3092 2830 autem
3137 2774 3289 2828 alieni
3320 2788 3369 2837 c,
3398 2786 3501 2824 non
3543 2779 3625 2824 est

2046 2884 2336 2937 ostensum,
2378 2886 2621 2941 quamvis
2669 2883 2888 2923 necesse
2934 2876 3016 2921 est
3064 2866 3106 2919 si
3156 2880 3181 2917 ε
3229 2863 3386 2917 alicui
3418 2862 3465 2926 b,
3515 2861 3626 2914 etb

2045 2968 2200 3020 alicui
2232 2982 2259 3019 ο
2288 2966 2495 3026 inesse;
2550 2964 2641 3015 sed
2685 2975 2798 3014 non
2849 2960 2985 3011 idem
3027 2965 3109 3009 est
3139 2958 3238 3009 hoc
3282 2955 3378 3017 illi,
3411 2963 3463 3007 et
3495 2950 3625 3004 illud

2047 3062 2168 3116 huic
2211 3061 2407 3125 inesse,
2454 3058 2546 3111 sed
2588 3055 2964 3111 assumendum
3008 3062 3110 3114 est,
3139 3051 3181 3103 si
3212 3049 3312 3103 hoc
3340 3046 3497 3101 alicui
3524 3044 3622 3110 illi,

2044 3164 2091 3207 et
2116 3154 2163 3206 al
2192 3168 2339 3207 erum
2365 3150 2519 3203 alicui
2539 3148 2695 3212 ,Iiuic,
2720 3148 2818 3199 hoc
2842 3154 3017 3198 autem
3041 3151 3253 3210 sumpto
3280 3140 3387 3208 jam
3418 3152 3523 3191 nun
3552 3138 3624 3190 sit

358 3230 664 3292 ostendere,
696 3241 912 3298 propter
940 3229 1040 3283 hoc
1072 3229 1209 3298 quod
1243 3230 1388 3298 prius
1414 3227 1612 3289 dictum
1643 3237 1745 3292 est,
1775 3226 1935 3293 parti-
1966 3222 2011 3286 C
2042 3264 2104 3301 ex
2145 3244 2487 3300 conclusione
2552 3252 2606 3296 ει
2645 3242 2813 3295 altera
2855 3235 3226 3308 propositione
3263 3232 3622 3309 syllogismus.

359 3322 595 3376 cularem
618 3322 684 3393 (si
708 3322 1022 3389 simpliciter
1042 3330 1379 3376 convertatur
1398 3336 1429 3373 α
1445 3321 1474 3373 b
1496 3317 1938 3385 quemadmodum

359 3423 414 3466 et
460 3414 512 3465 in
561 3412 987 3481 universalilius)
1047 3400 1151 3473 nun
1202 3422 1316 3477 est,
1372 3428 1465 3480 per
1517 3395 1940 3479 assumptiouein

361 3513 539 3557 autem
594 3511 695 3569 cst,
732 3514 788 3557 ut
815 3504 897 3557 cui
930 3520 959 3557 a
985 3504 1140 3557 alicui
1177 3518 1280 3557 non
1313 3503 1458 3567 insit,
1491 3503 1520 3555 b
1543 3502 1699 3556 al'cui
1727 3503 1937 3567 inesse;

362 3609 483 3649 nam
514 3597 670 3650 aliter
700 3610 759 3650 se
785 3595 1100 3650 haloentibus
1125 3610 1227 3649 non
1259 3595 1683 3665 litsyllogismus,
1709 3609 1773 3647 co
1802 3593 1940 3662 quod

361 3689 604 3755 negativa
635 3697 716 3739 cst
747 3687 1084 3755 particularis
1113 3686 1435 3754 proposition

940 3786 941 3791 ‘
980 3800 1204 3856 CAPUT
1245 3799 1330 3853 vr.

440 3890 511 3944 De
541 3892 715 3946 eadem
755 3894 946 3963 cyclica
976 3891 1216 3945 circulari
1253 3890 1537 3943 ostensione
1570 3884 1621 3940 in
1650 3887 1872 3940 secunda

1059 3964 1247 4032 ﬁgura.

438 4070 493 4125 In
522 4072 749 4126 secunda
780 4082 955 4127 autem
989 4073 1154 4142 ﬁgura
1185 4071 1555 4126 afﬁrmativam
1583 4068 1796 4139 quidem
1834 4083 1940 4123 non

363 4172 449 4217 est
486 4165 763 4220 ostendere
806 4181 899 4235 per
942 4166 1081 4220 hunc
1119 4165 1359 4229 modum,
1404 4163 1720 4233 privativam
1765 4171 1939 4216 autem

362 4262 475 4318 cst;
526 4267 651 4323 ergo
697 4255 1036 4324 prmdicativa
1086 4255 1297 4323 quidem
1354 4269 1459 4308 non
1507 4254 1825 4315 ostenditur,
1878 4268 1941 4305 eo

361 4344 504 4413 quod
558 4360 662 4399 non
706 4358 829 4400 sunt
863 4355 1105 4418 utrmque
1153 4346 1541 4417 propositiones
1587 4346 1940 4409 al'lirmativaa,

362 4450 484 4490 nam
516 4438 787 4492 conclusio
813 4439 1088 4507 privativa,
1119 4439 1457 4509 prazdicativa
1482 4446 1659 4493 autem
1690 4452 1754 4491 ex
1788 4436 1945 4489 uti-is-

367 4543 471 4597 que
515 4530 896 4585 ostendebatur
941 4531 1291 4586 ailirmativis.
1345 4530 1610 4584 Privativa
1658 4540 1836 4583 autem
1867 4528 1943 4583 sic

362 4621 663 4676 osreuditur
690 4639 703 4676 ε
733 4623 857 4677 insit
885 4625 1024 4677 enim
1056 4641 1086 4676 a
1114 4625 1257 4677 omni
1289 4623 1339 4688 b,
1366 4639 1393 4675 c
1421 4630 1598 4677 autem
1628 4621 1782 4687 nulli,
1814 4637 1945 4675 con-
1970 4593 2024 4656 Ῑ)

362 4713 532 4767 clusio
554 4715 802 4783 quoniam
826 4715 853 4768 ὸ
880 4716 1003 4769 nulli
1028 4732 1082 4779 c;
1107 4715 1150 4769 si
1171 4730 1298 4784 ergo
1319 4724 1560 4770 sumatur
1582 4715 1609 4769 ὁ
1636 4715 1779 4769 omni
1807 4732 1838 4767 α
1862 4716 1943 4768 in-

362 4818 503 4870 esse,
535 4816 588 4859 et
617 4806 746 4860 nulli
779 4824 825 4874 c,
862 4822 1081 4880 necesse
1107 4816 1189 4861 est
1219 4824 1249 4861 a
1281 4809 1409 4862 nulli
1436 4825 1464 4861 ε
1491 4809 1687 4875 inesse,
1723 4810 1781 4861 tit
1802 4809 1943 4862 enim

360 4899 595 4952 secunda
646 4899 839 4969 ﬁgura,
895 4900 1127 4954 medium
1156 4902 1205 4954 b.
1263 4901 1317 4955 Si
1363 4912 1538 4956 autem
1569 4918 1602 4955 a
1632 4902 1660 4953 ὸ
1689 4900 1943 4971 privativa

361 5001 576 5059 sumpta
622 4992 726 5058 sit,
784 4991 946 5045 altera
994 5007 1120 5046 vero
1182 4993 1553 5061 praedicativa,
1617 4994 1786 5061 prima
1844 4992 1947 5047 erit

364 5083 548 5150 ligura,
580 5099 701 5136 nam
732 5099 757 5136 c
785 5083 999 5153 quidem
1029 5084 1173 5139 omni
1204 5103 1255 5149 a,
1289 5084 1317 5137 b
1345 5094 1522 5139 autem
1548 5084 1674 5138 nulli
1703 5103 1749 5153 c,
1776 5099 1941 5154 quare

360 5173 390 5224 b
414 5173 542 5226 nulli
567 5190 615 5238 a,
648 5189 775 5244 ergo
802 5189 899 5230 nec
928 5192 959 5228 a
985 5174 1032 5240 ὁ,
1059 5176 1289 5229 medium
1330 5192 1390 5240 c;
1423 5189 1549 5244 ergo
1592 5189 1686 5245 per
1715 5177 1938 5231 conclu-

362 5268 567 5322 sionem
597 5269 809 5338 quidem
853 5279 907 5324 et
936 5284 1091 5323 unam
1123 5270 1535 5339 propositionem
1564 5283 1668 5323 non
1695 5271 1753 5322 iit
1781 5270 1938 5339 syllo-

362 5361 586 5432 gismus,
628 5372 900 5432 assumpta
944 5371 1121 5417 autem
1165 5363 1329 5417 altera
1374 5364 1496 5417 erit.
1538 5361 1593 5417 Si
1624 5372 1800 5416 autem
1833 5377 1936 5433 non

364 5454 679 5510 universalis
704 5456 774 5510 sit
802 5455 1157 5526 syllogismus,
1189 5472 1306 5524 quae
1356 5456 1408 5509 in
1456 5466 1565 5509 toto
1612 5454 1824 5523 quidem
1856 5463 1937 5508 est
1967 5496 1976 5504 .

364 5551 657 5621 propositio
688 5567 793 5605 non
824 5552 1142 5617 ostenditur,
1179 5560 1394 5619 propter
1447 5549 1690 5602 eamdem
1719 5563 1934 5603 causam

364 5658 522 5713 quam
550 5642 761 5713 quidem
793 5644 1022 5697 diximus
1052 5651 1106 5697 et
1135 5643 1301 5712 prius,
1332 5656 1449 5712 qua:
1475 5650 1651 5694 autem
1680 5640 1733 5693 in
1766 5649 1934 5708 parte,

365 5735 663 5790 ostenditur
705 5735 919 5805 quando
967 5734 1284 5789 universalis
1328 5734 1397 5788 sit
1427 5732 1787 5801 prmdicativa.
1814 5730 1940 5783 lnsit

364 5827 506 5883 enim
545 5846 577 5882 a
625 5828 769 5884 omni
801 5831 863 5893 b.
894 5844 919 5881 c
946 5839 1122 5883 autem
1158 5843 1259 5883 non
1302 5826 1476 5898 omni,
1528 5826 1799 5883 conclusio
1831 5826 1937 5889 bc;

2045 3342 2099 3394 Si
2132 3349 2306 3393 autem
2337 3336 2364 3389 b
2403 3337 2614 3405 quidem
2666 3332 2810 3387 omni
2845 3347 2891 3393 c,
2948 3346 2978 3381 a
3008 3341 3184 3381 amem
3233 3324 3389 3379 alicui
3428 3338 3476 3389 c,
3525 3322 3629 3375 erit

2044 3429 2325 3483 oStendere
2356 3444 2387 3480 a
2408 3444 2455 3493 c,
2484 3425 2697 3494 quando
2727 3433 2969 3476 sumatur
2994 3420 3266 3489 crqnidem
3303 3414 3447 3471 omni
3482 3414 3508 3466 b
3540 3413 3623 3466 in-

2044 3540 2184 3585 esse,
2217 3540 2246 3573 n
2274 3530 2447 3574 autem
2478 3520 2666 3582 alicui;
2700 3532 2819 3569 nam
2852 3514 2894 3569 si
2925 3530 2951 3566 c
2980 3512 3123 3565 omni
3147 3511 3176 3563 ὸ
3208 3511 3363 3572 inest,
3395 3525 3426 3560 a
3447 3518 3623 3559 autem

2044 3616 2197 3669 alicui
2230 3614 2276 3676 b,
2311 3625 2529 3665 "808358
2575 3621 2656 3664 est
2703 3625 2733 3659 α
2779 3605 2933 3658 alicui
2964 3619 2992 3655 c
3038 3604 3234 3660 inesse,
3285 3597 3523 3652 medium
3569 3595 3619 3647 ὁ.

2049 3708 2109 3761 Et
2150 3722 2270 3759 cum
2319 3704 2476 3757 fuerit
2522 3702 2635 3755 hare
2682 3696 3019 3768 przedicativa
3069 3693 3315 3763 quidem,
3362 3689 3450 3743 illa
3496 3703 3627 3742 vero

2049 3800 2325 3867 privativa,
2368 3791 2683 3847 universalis
2713 3798 2888 3843 autem
2929 3785 3284 3856 prmdicativa,
3318 3779 3629 3835 ostendetur

2046 3890 2229 3944 altera.
2266 3886 2392 3939 insit
2421 3884 2560 3940 enim
2590 3883 2618 3935 b
2645 3880 2789 3934 omni
2817 3896 2861 3944 c,
2892 3896 2923 3931 a
2948 3885 3123 3930 autem
3153 3873 3308 3927 alicui
3340 3886 3444 3925 non
3475 3869 3623 3934 insit,

2046 3979 2318 4035 conclusio
2367 3976 2615 4047 quoniam
2664 3990 2695 4027 a
2746 3970 2902 4025 alicui
2946 3971 2975 4022 b
3021 3984 3122 4022 non
3176 3968 3335 4019 ine-'t.
3394 3962 3453 4017 Si
3500 3974 3630 4030 ergo

2046 4082 2347 4127 assumatur
2384 4086 2411 4122 c
2452 4069 2479 4121 b
2516 4066 2660 4122 omni
2702 4065 2901 4128 inesse,
2936 4063 3106 4114 inerat
3151 4067 3326 4112 autem
3368 4064 3421 4109 et
3463 4069 3493 4106 a
3521 4067 3624 4107 non

2047 4164 2191 4219 omni
2216 4164 2263 4227 b,
2303 4174 2521 4216 necesse
2567 4169 2645 4212 est
2676 4173 2705 4209 ἰ
2727 4155 2883 4209 alicui
2913 4169 2938 4206 c
2978 4166 3079 4205 non
3114 4150 3290 4202 inesse
3319 4144 3550 4199 medium
3574 4144 3625 4198 b.

2047 4258 2175 4309 Cum
2207 4263 2385 4307 autem
2419 4250 2672 4319 privativa
2716 4244 3030 4299 universalis
3057 4242 3144 4306 sit,
3175 4254 3278 4292 non
3320 4234 3619 4305 Ostenditur

2046 4342 2354 4401 altera’nisi
2402 4342 2539 4397 sicut
2587 4342 2637 4395 in
2686 4338 2971 4407 prioribus,
3012 4336 3055 4387 si
3104 4342 3342 4386 sumatur
3387 4329 3472 4383 cui
3524 4330 3625 4380 hoe

2048 4436 2203 4491 alicui
2244 4450 2348 4490 non
2392 4436 2552 4500 inest,
2588 4433 2813 4487 alterum
2844 4428 2998 4482 alicui
3040 4425 3235 4486 inesse,
3276 4429 3332 4476 ut
3360 4422 3402 4475 si
3434 4437 3465 4473 α
3496 4419 3625 4473 nulli

2049 4548 2093 4593 ε,
2147 4532 2174 4583 b
2199 4536 2375 4584 autem
2414 4526 2604 4589 alicui,
2638 4521 2911 4579 conclusio
2937 4519 3185 4589 quoniam
3219 4515 3432 4583 axalicui
3462 4515 3490 4567 ὸ
3519 4528 3622 4567 non

2050 4623 2209 4677 inest.
2252 4621 2306 4675 Si
2339 4634 2466 4689 ergo
2496 4625 2736 4672 sumatur
2769 4614 2851 4668 cui
2883 4631 2913 4667 a
2952 4612 3104 4665 alicui
3130 4626 3232 4664 non
3264 4609 3419 4669 i'nest,
3452 4606 3623 4661 eidem

2049 4733 2076 4769 c
2100 4715 2256 4769 alicui
2304 4715 2502 4778 inesse,
2536 4723 2755 4765 necesse
2798 4716 2879 4762 est
2909 4722 2935 4759 c
2978 4705 3134 4759 alieni
3170 4702 3199 4755 b
3246 4702 3439 4765 inesse,
3470 4699 3627 4753 aliter

2049 4820 2224 4865 autem
2254 4824 2359 4863 non
2396 4818 2479 4863 est
2521 4813 2923 4861 convertentem
2972 4800 3327 4857 universalem
3380 4796 3623 4868 proposi-

2050 4904 2246 4957 tionem
2289 4899 2578 4954 ostendere
2623 4899 2883 4962 alteram,
2935 4894 3083 4950 nullo
3128 4894 3268 4951 enim
3319 4890 3477 4945 modo
3522 4888 3625 4943 erit

2048 4993 2409 5064 syllogismus.
2479 4989 2812 5044 Manifestum
2858 4987 3017 5057 igitur
3061 4984 3309 5055 quoniam
3360 4984 3411 5035 in
3458 4981 3622 5049 prima

2050 5085 2263 5155 quidem
2307 5084 2471 5154 ﬁgura
2521 5097 2615 5151 per
2655 5097 2713 5137 se
2755 5079 2984 5134 invicem
3032 5087 3115 5133 est
3152 5074 3418 5139 ostensio,
3449 5082 3501 5125 et
3530 5086 3624 5139 per

2051 5181 2296 5247 primam,
2325 5185 2379 5231 et
2402 5190 2494 5245 per
2523 5174 2732 5229 tertiam
2764 5172 2984 5241 ﬁguram
3016 5170 3101 5224 ﬁt:
3132 5182 3250 5221 nam
3278 5180 3397 5217 cum
3429 5164 3619 5230 prasti-

2047 5271 2217 5325 cativa
2244 5267 2456 5339 quidem
2480 5275 2563 5322 est
2588 5265 2879 5329 conclusio,
2908 5279 3002 5332 per
3028 5261 3270 5330 primam,
3295 5271 3414 5311 cum
3444 5263 3621 5308 autem

2050 5364 2324 5434 privativa,
2372 5373 2470 5430 per
2524 5366 2878 5428 postremam;
2927 5353 3154 5408 sumitur
3203 5350 3344 5404 enim
3389 5346 3475 5400 cui
3522 5344 3623 5398 huc

2050 5457 2204 5522 nulli,
2255 5456 2478 5510 alterum
2524 5451 2669 5506 omni
2714 5452 2909 5505 inesse.
2952 5449 3007 5501 lu
3039 5443 3209 5500 media
3248 5451 3448 5505 autem,
3500 5455 3619 5491 cum

2047 5547 2364 5605 universalis
2393 5553 2476 5600 est
2504 5543 2718 5614 quidem
2753 5540 3092 5612 syllogismus
3132 5543 3184 5587 et
3215 5548 3313 5602 per
3344 5532 3534 5598 ipsam,
3568 5538 3623 5583 ct

2050 5658 2142 5713 per
2170 5643 2390 5710 primam
2424 5637 2661 5707 ﬁguram,
2694 5643 2747 5689 et
2771 5647 2864 5702 per
2891 5636 3212 5699 postremam
3242 5642 3256 5691 ;
3290 5639 3409 5679 cum
3442 5634 3618 5677 autem

2050 5730 2417 5800 partit-alaris,
2482 5736 2534 5780 et
2605 5740 2699 5793 per
2769 5735 2972 5791 ipsam,
3026 5729 3078 5772 et
3128 5732 3219 5785 per
3273 5729 3615 5784 postremam.

2049 5828 2104 5881 in
2137 5825 2291 5879 tertia
2339 5835 2467 5875 vero
2497 5833 2589 5888 per
2619 5818 2808 5885 ipsam,
2847 5826 3052 5867 omnes.
3083 5810 3418 5866 Manifestum
3456 5809 3614 5862 etiam

3529 377 3633 432 694
3718 370 3735 377 ’
