4112 6332
513 266 619 355 σος

514 503 645 558 nunt
690 504 1002 575 syllogismi,
1036 516 1127 558 aut
1169 520 1273 560 non
1316 517 1441 561 sunt
1483 510 1772 564 secundum
1814 528 1930 566 eam
1971 503 2089 582 qua:

510 598 713 652 circulo
741 606 822 653 est
848 598 1232 663 ostensionem,
1262 608 1354 654 aut
1381 600 1677 670 imperfecti
1708 615 1852 668 sunt,
1912 592 1915 593 ⁷

1101 714 1327 774 CAPUT
1351 717 1484 772 Vill.
1624 736 1655 789 ,ᾖ

900 803 974 858 De
998 805 1293 875 syllogismo
1317 810 1616 863 conversivo.

576 893 899 948 Convertere
943 906 1120 951 autem
1170 908 1251 952 est
1323 908 1757 969 transponentem
1788 905 2084 959 conclusio-

505 998 626 1036 nent
672 984 847 1039 facere
907 987 1297 1058 syllogismum,
1355 994 1605 1058 quoniam
1667 994 1746 1048 vel
1782 978 2081 1052 extremum

413 1070 419 1076 ’
502 1074 679 1130 medio
707 1091 809 1131 non
835 1078 1019 1140 inerit.
1049 1082 1132 1135 vel
1154 1081 1254 1134 hoc
1270 1093 1574 1151 postremo;
1597 1098 1812 1141 necesse
1835 1097 1919 1142 est
1939 1089 2080 1143 enim

502 1168 854 1224 conclusione
884 1186 1166 1237 conversa,
1192 1182 1246 1227 et
1273 1174 1437 1228 altera
1489 1186 1799 1231 remanente
1842 1182 2083 1248 proposi-

502 1260 670 1327 tione,
696 1262 930 1317 interimi
954 1258 1244 1333 reliquam;
1283 1281 1405 1319 nam
1449 1267 1492 1320 si
1522 1268 1652 1335 erit,
1706 1276 1756 1323 et
1809 1262 2081 1326 cunclusio

500 1355 639 1405 erit:
670 1352 847 1407 dill'ert
874 1363 1050 1408 autem
1100 1357 1342 1424 apposite
1390 1365 1481 1409 aut
1538 1359 1805 1413 contrarie
1856 1376 2081 1415 conver-

501 1452 615 1497 tere
652 1448 1073 1512 conclusionem,
1117 1463 1221 1503 non
1274 1450 1414 1503 enim
1458 1452 1513 1503 lit
1560 1450 1703 1507 idem
1739 1453 2080 1523 syllogismus

500 1535 751 1590 utrolibet
773 1552 1058 1603 conversa;
1087 1539 1256 1607 palam
1282 1552 1457 1596 autem
1484 1543 1582 1596 ltoc
1610 1545 1708 1598 erit
1738 1560 1833 1613 per
1862 1561 2079 1617 sequen-

501 1628 588 1680 tia.
621 1628 746 1683 Dico
775 1639 951 1684 autem
976 1633 1400 1702 0pp0utquidem
1422 1636 1566 1688 omni
1586 1638 1759 1690 inesse
1783 1654 1886 1691 non
1909 1640 2074 1705 omni,

498 1726 551 1770 et
575 1718 732 1773 alicui
758 1719 906 1780 nulli,
940 1723 1205 1789 contrarie
1236 1734 1409 1777 autem
1443 1729 1585 1779 omni
1620 1728 1770 1791 nulli,
1819 1738 1872 1782 et
1919 1730 2072 1783 alicui

1738 309 1843 366 AN.
1885 310 2090 366 MANL.
2129 309 2283 366 SEV'.
2326 311 2549 366 Βοετη
2626 360 2630 367 .

511 413 763 482 quoniam
806 431 857 468 tn
890 415 1075 469 ~media
1117 422 1169 469 et
1210 416 1460 481 itt‘tertia
1504 419 1594 486 qui
1642 434 1745 473 non
1813 436 1903 489 per
1950 421 2166 508 ips:ts_A
2219 475 2251 497 η
2446 500 2449 505 Α
2600 396 2603 399 Α

2804 423 3030 480 C.\PUT
3072 425 3162 480 IX.

2332 500 2722 585 De-syHOgtsmo
2755 519 3039 572 conversivo
3076 521 3128 573 in
3169 522 3389 577 secunda
3419 524 3613 595 ﬁgura.

2260 602 2313 656 in
2342 604 2575 657 secunda
2604 614 2784 660 autem
2818 609 3007 676 ﬁgura,
3040 625 3159 664 eam
3188 613 3401 681 quidem
3433 632 3553 685 qua:
3602 620 3776 674 estad

2185 691 2443 760 majorem
2471 696 2862 750 extremitatem
2891 688 3339 769 propOsitionem,
3367 719 3471 759 non
3517 717 3600 761 est
3634 708 3775 762 inte-

2186 782 2381 835 rimere
2403 786 2692 849 contrarie,
2723 787 2960 854 (ιιιοηὺει
2990 789 3149 844 modo
3192 796 3545 851 conversione
3594 799 3730 853 facta
3753 841 3770 864 ,

2185 888 2398 942 semper
2426 876 2528 931 erit
2565 878 2841 933 conclusio
2893 879 2945 933 in
2998 882 3151 937 tertia
3202 884 3392 954 ﬁgura,
3454 888 3779 945 universalis

2184 978 2363 1020 autem
2381 983 2484 1021 non
2518 968 2694 1024 fuitin
2730 970 3226 1052 ltac.syllogismus,
3254 979 3478 1033 alteram
3510 993 3689 1037 autem
3718 981 3772 1035 in

2185 1058 2285 1112 hac
2315 1059 2705 1127 interimcmus,
2730 1063 2977 1118 similiter
3007 1067 3391 1124 conversione-
3434 1072 3561 1127 Dico
3592 1083 3773 1128 autem

2182 1150 2428 1206 similiter
2456 1168 2472 1209 :
2503 1153 2546 1207 si
2570 1156 2839 1209 contrarie
2861 1157 3075 1226 quidem
3098 1162 3447 1228 convertitur,
3469 1167 3773 1229 contrarie;

2184 1230 2230 1296 Si
2266 1245 2535 1312 opposite,
2584 1248 2847 1315 opposite.
2882 1249 3013 1304 insit
3040 1253 3180 1320 enim
3212 1270 3243 1305 a
3271 1258 3415 1318 omni
3445 1260 3493 1324 b,
3523 1275 3551 1311 ο
3590 1272 3772 1314 autem

2186 1333 2336 1396 nulli,
2364 1336 2680 1390 conclusiob
2699 1353 2746 1391 ο.
2774 1339 2831 1392 Si
2856 1356 2986 1407 ergo
3016 1353 3259 1399 sumatur
3288 1348 3316 1399 ὁ
3338 1332 3482 1402 omni
3512 1366 3539 1401 c
3570 1350 3774 1417 inesse,

2183 1432 2234 1475 et
2260 1440 2289 1472 ιι
2318 1424 2345 1475 b
2376 1436 2605 1491 maneat,
2632 1444 2664 1480 a
2690 1430 2836 1481 omni
2860 1447 2886 1481 c
2917 1434 3095 1498 inerit,
3122 1438 3179 1487 lit
3199 1437 3338 1489 enim
3374 1439 3543 1505 prima
3578 1441 3773 1509 figura.

2182 1516 2234 1567 Si
2274 1526 2450 1570 autem
2484 1517 2510 1569 b
2546 1521 2695 1571 omni
2718 1536 2777 1586 c,
2803 1538 2834 1573 a
2861 1534 3036 1576 autem
3062 1526 3194 1579 nulli
3223 1542 3270 1593 c,
3312 1544 3344 1579 a
3387 1543 3492 1583 non
3522 1532 3673 1585 omni
3699 1532 3728 1583 ὁ
3756 1573 3771 1595 ,

2182 1604 2346 1675 ﬁgura
2372 1619 2656 1675 postrema.
2677 1612 2731 1666 Si
2755 1617 3211 1683 autemyopposite
3251 1600 3598 1675 eonvertatur
3619 1628 3649 1675 ὁ
3668 1640 3715 1690 c,
3740 1641 3773 1676 α

2182 1698 2209 1748 b
2239 1698 2450 1766 quidem
2480 1701 2726 1755 similiter
2752 1702 3090 1770 ostendetur,
3126 1724 3157 1759 a
3189 1725 3215 1760 ε
3255 1720 3432 1764 autem
3476 1714 3722 1780 opposite
3752 1729 3772 1766 :

498 1824 603 1863 non
627 1812 784 1866 alicui
813 1813 1007 1868 inesse.
1040 1815 1119 1871 Sit
1143 1819 1283 1869 enim
1319 1829 1592 1874 ostensum
1625 1838 1655 1873 ιι
1682 1821 1748 1875 de
1778 1836 1937 1889 oper
1966 1839 2066 1876 nte-

2184 1805 2301 1841 naui
2332 1792 2375 1843 si
2403 1791 2431 1843 ὸ
2459 1792 2614 1846 alicui
2633 1810 2679 1856 c,
2709 1811 2741 1845 a
2761 1806 2937 1849 autem
2965 1798 3092 1851 nulli
3119 1816 3166 1865 c,
3196 1816 3225 1851 a
3248 1801 3402 1854 a‘icui
3436 1802 3463 1854 ὁ
3485 1818 3605 1883 non
3658 1805 3774 1859 ine-

496 1901 639 1955 dium
672 1903 729 1967 b;
762 1907 802 1957 si
833 1906 989 1973 igitur
1028 1918 1266 1962 sumatur
1303 1928 1333 1960 η
1367 1912 1494 1964 nulli
1520 1928 1545 1963 c
1575 1912 1772 1974 ine~se,
1804 1915 1946 1968 omni
1976 1930 2073 1966 au-

497 2000 603 2047 tem
637 1994 685 2063 b,
720 1996 846 2047 nulli
881 2013 907 2047 c
938 1996 1090 2049 inerit
1126 1998 1174 2061 Ι),
1201 1983 1255 2051 et
1294 2001 1397 2052 sia
1421 2003 1631 2069 quidem
1664 2004 1791 2056 nulli
1819 2021 1867 2066 τ,
1904 2004 1931 2055 b
1976 2021 2074 2056 au-

494 2094 601 2140 tem
630 2089 771 2142 omni
795 2106 837 2151 c,
873 2106 903 2140 a
931 2105 1033 2143 non
1066 2094 1207 2143 ornui
1242 2092 1292 2154 b,
1324 2106 1370 2145 et
1416 2111 1518 2146 nun
1542 2095 1761 2148 omnino
1791 2096 1941 2156 nulli,
1970 2112 2074 2151 non

490 2178 631 2231 enim
663 2179 1041 2234 ostendebatur
1075 2183 1377 2236 universale
1429 2200 1523 2252 per
1573 2187 1782 2240 tertiam
1828 2190 2073 2256 ligurem.

489 2268 718 2323 Orttttino
741 2280 914 2324 autem
946 2287 1063 2325 eam
1094 2290 1211 2342 qua:
1242 2286 1319 2327 c-t
1351 2276 1415 2329 ad
1456 2277 1713 2346 majorem
1765 2286 2077 2335 extremita-

490 2371 596 2414 tem
652 2363 1067 2428 pmpositioucm
1102 2380 1204 2418 non
1250 2376 1333 2420 est
1378 2369 1656 2425 desu'uerc
1702 2372 2076 2429 universaliter

488 2465 586 2519 per
614 2455 1047 2522 conversionem,
1075 2470 1287 2520 semper
1317 2460 1458 2513 enim
1479 2463 1800 2519 interimitur
1833 2481 1927 2534 per
1972 2478 2071 2521 ter-

489 2543 613 2595 tiam
646 2544 888 2612 ﬁguram,
924 2561 1146 2601 necesse
1169 2550 1307 2601 enim
1341 2550 1404 2603 ad
1442 2562 1765 2620 postremam
1823 2560 2078 2613 extremi-

487 2640 649 2686 tatem
681 2645 933 2705 utrasque
960 2654 1172 2693 sumere
1205 2642 1617 2709 propositiones.
1669 2646 1733 2701 Et
1779 2648 1833 2702 si.
1854 2650 2077 2717 privati-

486 2737 579 2777 vus
618 2725 686 2777 sit
712 2726 1075 2796 syllogismus.
1106 2729 1353 2785 similiter
1408 2750 1422 2788 :
1474 2737 1788 2792 ostendatur
1842 2742 1984 2795 enim
2045 2762 2076 2795 a

484 2814 609 2868 nulli
637 2832 663 2868 c
702 2817 880 2871 inesse
910 2834 1003 2886 per
1030 2820 1081 2883 b,
1108 2835 1234 2890 ergo
1253 2823 1298 2876 si
1328 2836 1568 2880 sumatur
1590 2846 1619 2880 α
1638 2831 1782 2884 omni
1813 2848 1839 2883 c
1867 2833 2074 2913 inesse.

484 2907 611 2959 nulli
635 2918 810 2963 autem
843 2910 891 2974 b,
919 2911 1044 2964 ttulli
1075 2929 1101 2963 ε
1140 2913 1300 2968 inerit
1327 2916 1376 2969 ὸ.
1407 2916 1470 2971 Et
1499 2918 1600 2971 sia
1635 2931 1689 2974 et
1718 2922 1745 2975 ὁ
1768 2927 1907 2978 ontni
1962 2944 2011 2989 ε,
2046 2907 2076 2979 ti

483 2998 637 3052 alicui
679 3000 728 3066 b,
762 2999 856 3053 sed
890 3000 1015 3054 nulli
1048 3003 1238 3057 inerat.
1275 3007 1331 3059 Si
1354 3024 1533 3062 autem
1564 3013 1806 3079 opposite
1848 3030 2073 3070 conver-

485 3098 625 3142 tatur
653 3091 1142 3165 c0ttclusi9,ctalii
1194 3097 1492 3167 syllogismi
1546 3104 1799 3180 oppositi,
1859 3118 1909 3159 et
1966 3125 2067 3160 nun

2184 1881 2279 1943 rit;
2311 1898 2518 1937 rursum
2543 1885 2588 1936 si
2618 1885 2645 1936 b
2675 1886 2908 1952 alicuic,
2937 1905 2968 1940 a
2995 1893 3352 1955 autemomni
3379 1879 3429 1958 ἀμ
3462 1876 3673 1949 ualicui
3718 1914 3773 1962 ε,

2180 1990 2341 2041 quare
2399 1978 2673 2043 Oppositus
2730 1980 2788 2032 lit
2836 1981 3203 2051 syllogismus.
3277 1984 3536 2041 Similiter
3590 1972 3771 2044 autem

2181 2068 2491 2121 ostendetur
2544 2081 2597 2123 et
2638 2050 3129 2129 siet-onverso'se
3174 2074 3407 2131 habeant
3448 2081 3773 2147 prepositio-

2181 2174 2296 2213 nes.
2332 2160 2587 2237 Siautem
2615 2163 2952 2237 particularis
2980 2174 3061 2220 est
3105 2168 3469 2237 syllogismus,
3499 2174 3774 2228 contrarie

2178 2233 2394 2317 quidem
2431 2236 2691 2307 conwrstr
2720 2256 3066 2311 conclusione
3113 2269 3301 2313 neutra
3347 2263 3769 2329 protrosit'onum

2183 2341 2526 2407 interimitur,
2560 2347 3013 2414 quemadmodum
3045 2364 3144 2403 nec
3176 2352 3227 2403 in
3257 2332 3426 2420 prima
3458 2354 3652 2431 ﬁgura,
3675 2370 3770 2423 op-

2180 2439 2351 2506 posite
2400 2449 2599 2504 autem,
2633 2451 2895 2510 utrmque.
2921 2442 3156 2497 Ponatur
3212 2446 3353 2498 enim
3382 2462 3413 2497 a
3462 2448 3490 2498 ὁ
3546 2436 3768 2516 quidem

2181 2530 2309 2584 nuli
2335 2531 2533 2598 inesse,
2566 2547 2592 2584 ε
2620 2543 2797 2588 autem
2826 2535 3003 2600 alicui,
3033 2539 3303 2590 concfusio
3349 2539 3377 2590 b
3424 2555 3471 2592 c.
3520 2540 3578 2595 Si
3612 2541 3771 2609 igitur

2182 2632 2408 2690 ponatur
2433 2624 2461 2675 b
2492 2623 2650 2677 alicui
2678 2640 2705 2675 c
2760 2625 2968 2691 inesse,
2989 2638 3041 2679 et
3069 2644 3100 2679 a
3127 2628 3154 2680 b
3202 2640 3433 2696 maneat,
3490 2634 3771 2686 conclusio

2180 2717 2285 2769 erit
2310 2717 2559 2785 quoniam
2582 2735 2612 2769 a
2644 2718 2803 2773 alicui
2828 2736 2855 2791 ς
2888 2735 2993 2791 non
3022 2720 3183 2783 inest,
3208 2722 3303 2776 sed
3350 2738 3454 2799 non
3510 2725 3771 2779 interimi.

2184 2819 2268 2862 tur
2289 2811 2429 2879 quod
2479 2828 2543 2865 ex
2576 2796 2858 2881 principio,
2904 2814 3345 2884 euritingitenim
3378 2796 3554 2871 alicui
3594 2820 3771 2873 inesse

2180 2911 2235 2956 et
2264 2919 2367 2957 non
2399 2905 2596 2959 inesse.
2622 2905 2852 2960 RurSum
2877 2907 2923 2960 si
2955 2907 2981 2958 b
3003 2908 3160 2962 alicui
3192 2926 3240 2974 c,
3269 2918 3324 2964 et
3353 2927 3384 2962 a
3406 2910 3566 2965 alicui
3596 2927 3768 2976 c,non

2178 2996 2280 3049 erit
2346 2996 2711 3066 syllogismus,
2762 3007 3007 3053 neutrum
3029 2999 3171 3054 enim
3230 3003 3530 3058 universale
3578 3018 3768 3058 eorum

2179 3103 2295 3154 qua:
2318 3099 2523 3158 sumpta
2542 3102 2683 3155 sunt,
2707 3107 2873 3160 quare
2895 3107 3000 3147 non
3024 3094 3394 3175 interimitura
3411 3097 3460 3150 b.
3486 3097 3540 3151 Si
3586 3108 3767 3152 autem

483 3179 807 3234 universales
842 3195 1025 3249 erunt,
1050 3187 1107 3239 lit
1128 3190 1267 3241 enim
1290 3191 1458 3242 altera
1494 3176 1620 3259 per
1646 3195 1783 3248 .sitio
1837 3200 2065 3264 particu-

2175 3183 2419 3251 Opposite
2448 3184 3229 3255 convertatur,interimuntur_
3262 3198 3521 3258 utraeque,
3579 3207 3687 3246 non
3721 3195 3767 3247 si

484 3268 629 3333 laris,
660 3287 825 3339 quare
882 3277 1165 3332 conclusio
1210 3290 1314 3333 erit
1365 3284 1723 3350 particolaris.
1786 3287 1866 3343 Sit
1920 3294 2061 3347 enim

482 3361 861 3428 praedicativtts
889 3368 1247 3438 syllogismus,
1293 3382 1354 3425 et.
1402 3384 1746 3429 convertatur
1783 3380 1879 3446 sic,
1936 3397 2067 3452 ergo,

480 3454 523 3507 si
545 3470 577 3506 α
606 3470 712 3509 non
742 3458 885 3512 omni
915 3476 964 3527 c,
991 3462 1019 3514 ὁ
1048 3472 1224 3516 autem
1258 3466 1401 3518 omni
1434 3464 1485 3530 b,
1524 3483 1628 3520 non
1650 3470 1794 3523 omni
1823 3486 1870 3523 ε.
1926 3473 1991 3525 Et
2020 3475 2063 3528 .~i

479 3563 511 3599 a
538 3548 749 3618 quidem
779 3566 883 3605 non
923 3554 1070 3608 omni
1093 3572 1140 3619 c,
1175 3558 1397 3612 bantem
1429 3562 1573 3613 omni
1604 3578 1654 3624 α,
1689 3578 1801 3616 non
1838 3566 1982 3637 omni
2010 3569 2057 3620 ιι.

478 3638 733 3693 Similiter
753 3650 927 3697 autem
955 3653 1010 3698 et
1039 3646 1084 3699 si
1141 3649 1430 3715 privativus
1454 3652 1521 3705 sit
1543 3650 1904 3722 syllogismus,
1936 3672 2065 3710 nam

477 3727 581 3780 sia
610 3730 763 3783 alit-ut
788 3748 813 3783 c
843 3732 1001 3798 inest,
1035 3735 1062 3785 ὁ
1083 3747 1257 3791 autem
1288 3742 1441 3806 nulli,
1474 3745 1500 3794 b
1529 3744 1682 3797 alit-ui
1705 3762 1730 3797 c
1752 3760 1854 3799 non
1879 3749 2061 3814 inerit,

476 3827 531 3869 et
561 3835 666 3871 non
696 3820 1012 3887 sitnpli-:iter
1038 3825 1192 3890 nulli,
1225 3835 1277 3880 et
1307 3830 1351 3881 si
1385 3847 1417 3883 a
1459 3833 1672 3899 quidem
1718 3837 1877 3891 alicui
1926 3854 1973 3903 c,
2032 3841 2059 3892 ὁ

478 3916 654 3969 autem
685 3910 1326 3979 omni,.quemmlmodum
1353 3922 1412 3971 in
1475 3923 1732 3993 principio
1786 3938 2059 3998 sumptum

478 4007 579 4057 est,
610 4015 640 4049 a
678 3999 835 4053 alicui
861 4000 888 4052 b
922 4003 1096 4057 inerit.
1127 4004 1181 4059 ltt
1215 4010 1621 4079 parziculariltus
1654 4029 1847 4087 autem
1895 4022 2059 4091 syllo-

477 4088 661 4157 gismis
691 4092 903 4159 quando
932 4099 1176 4163 opposite
1204 4102 1533 4158 convertitur
1554 4110 1845 4178 conclusio,
1874 4114 2063 4179 interi:

476 4192 692 4234 utuntur
715 4196 950 4255 utra-que
974 4190 1386 4258 propositiones,
1437 4198 1657 4264 quando
1681 4217 1806 4258 vero
1845 4216 2060 4261 contra-

475 4274 589 4340 τίω,
619 4284 799 4328 neutr.»
824 4291 837 4340 ;
868 4292 971 4332 non
1001 4283 1141 4335 enim
1168 4281 1276 4352 jam
1305 4286 1498 4343 accidit
1518 4294 1966 4363 quemadmodum
2000 4299 2054 4354 in

475 4366 866 4422 un.versaliltus
895 4370 1208 4431 interimere
1253 4378 1536 4437 deﬁciente
1581 4389 1922 4443 conclusione
1970 4406 2059 4455 se-_

474 4458 704 4512 cundum
730 4466 1139 4523 conversionem
1162 4511 1176 4536 ,
1206 4472 1299 4526 sed
1331 4490 1429 4528 nec
1458 4478 1676 4532 omnino
1720 4482 2049 4540 interiuere.

2170 3271 2198 3323 b
2224 3273 2368 3325 omni
2394 3289 2443 3338 c,
2468 3290 2498 3325 a
2527 3284 2703 3327 autem
2738 3277 2869 3345 nulli
2898 3276 2949 3342 b,
2975 3266 3107 3333 nulli
3132 3296 3177 3344 c,
3203 3296 3233 3333 a
3251 3282 3354 3336 erit
3380 3292 3558 3347 autem
3582 3283 3764 3339 alicui.

2172 3362 2399 3417 Rursum
2414 3367 2455 3417 si
2470 3364 2652 3418 bomni
2669 3381 2716 3428 c,
2730 3383 2760 3417 a
2775 3377 2953 3439 autem
2967 3370 3124 3437 alicui
3141 3386 3189 3432 c,
3206 3355 3363 3439 alicui
3380 3373 3426 3437 ὁ,
3445 3391 3475 3423 a
3502 3378 3544 3425 ‘.
3562 3372 3765 3429 Eadem

2168 3462 2343 3529 autem
2373 3455 2754 3509 demonstratio
2784 3466 2837 3511 et
2875 3462 2919 3512 si
2953 3446 3268 3514 universalis
3298 3462 3367 3515 sit
3397 3461 3763 3530 prtedicativa.

2792 3556 3018 3619 CAPUT
3060 3559 3124 3612 Χ..

2347 3646 2423 3699 De
2443 3648 2741 3716 syllogismo
2762 3652 3056 3704 conversivo
3089 3654 3141 3705 in
3178 3654 3331 3706 tertia
3355 3655 3545 3725 ﬁgura.

2239 3736 2293 3789 lu
2328 3738 2483 3790 tertia
2513 3753 2642 3791 vero
2670 3740 2833 3807 ligura
2856 3756 2928 3808 qu
2947 3741 3071 3795 tndo
3099 3746 3367 3799 contrarie
3396 3746 3611 3811 quidem
3635 3763 3764 3800 con-

2167 3831 2387 3884 vertitur
2412 3832 2706 3896 conelusio,
2732 3842 2917 3887 neutra
2963 3837 3387 3903 propositionum
3436 3838 3763 3893 interimitur

2166 3921 2457 3974 secundum
2489 3923 2687 3976 nu’lum
2717 3925 3149 3994 syllogismorum
3175 3944 3189 3991 ;
3218 3930 3432 3996 quando
3450 3941 3628 3984 autem
3660 3945 3759 3999 op-

2168 4014 2355 4079 posite,
2389 4022 2626 4082 utrthue
2657 4017 2710 4069 itt
2740 4019 3013 4072 omnibus.
3038 4018 3095 4072 Si
3126 4020 3268 4072 cn‘rn
3293 4031 3569 4075 ostensum
3602 4040 3631 4074 a
3656 4023 3759 4076 ali-

2164 4109 2251 4163 cui
2275 4111 2302 4161 b
2326 4110 2524 4174 inesse,
2556 4112 2785 4167 medium
2814 4125 2992 4169 autem
3026 4123 3296 4185 sumptum
3324 4134 3371 4183 c,
3398 4130 3451 4173 et
3504 4120 3615 4173 sint
3644 4122 3757 4174 uni-

2166 4201 2400 4255 versales
2470 4204 2880 4270 pr0pnsitiones,
2913 4208 2961 4261 si
3016 4222 3146 4276 ergo
3196 4213 3669 4265 sumaturaalicui
3727 4214 3757 4265 θ

2164 4307 2268 4346 non
2298 4293 2492 4357 inesse,
2521 4297 2548 4346 Ι)
2575 4304 2751 4349 autem
2777 4297 2921 4350 omni
2953 4313 3014 4363 ο,
3048 4313 3154 4352 non
3183 4302 3238 4353 lit
3265 4300 3607 4370 syllogismus
3642 4304 3755 4371 ejus

2159 4384 2301 4451 quod
2324 4394 2406 4438 est
2426 4400 2456 4437 a
2479 4384 2543 4439 ds
2570 4402 2616 4439 c.
2642 4386 2823 4457 Neque
2843 4390 2940 4443 sia
2959 4390 2987 4442 ι»
3008 4390 3166 4445 alicui
3190 4407 3299 4446 non
3329 4395 3491 4458 inest,
3516 4411 3544 4447 ο
3573 4405 3749 4451 autem

2160 4476 2326 4543 omni,
2353 4491 2456 4530 non
2485 4477 2586 4531 erit
2611 4478 2726 4547 ejus
2752 4482 2894 4549 quod
2919 4491 3001 4535 est
3032 4483 3060 4535 ὁ
3084 4498 3111 4535 c
3155 4483 3518 4554 syllogismus.
3553 4486 3751 4541 Simili-

473 4548 800 4605 Ustendatur
826 4556 965 4610 enim
993 4574 1023 4609 a
1050 4559 1114 4613 de
1143 4560 1323 4630 aliquo
1350 4556 1376 4616 ε
1408 4581 1501 4634 per
1521 4567 1548 4619 b
1570 4585 1588 4633 ;
1613 4584 1739 4638 ergo
1789 4572 1834 4625 si
1870 4588 2052 4629 suma-
2084 4552 2136 4610 D
2163 4583 2243 4625 ter
2271 4582 2449 4628 autem
2479 4575 2791 4628 ostendetur
2832 4585 2885 4630 et
2911 4578 2955 4631 si
2987 4593 3093 4631 non
3128 4579 3465 4634 universales
3491 4582 3601 4635 sint
3630 4597 3752 4649 pro-

474 4647 610 4689 tttra
638 4640 765 4694 nttlli
795 4659 820 4694 c
847 4643 1045 4711 ine~se,
1080 4649 1107 4700 ὁ
1138 4659 1314 4706 autem
1343 4653 1500 4709 alicui
1530 4675 1577 4722 ε,
1603 4676 1634 4710 a
1679 4661 1836 4715 alicui
1888 4663 1916 4716 b
1947 4679 2053 4719 non

473 4733 656 4797 inerit,
683 4737 799 4790 etsi
831 4755 861 4790 a
893 4740 1022 4794 nulli
1055 4758 1103 4805 ε,
1128 4742 1155 4795 b
1186 4755 1361 4801 autem
1394 4752 1561 4817 omni,
1587 4756 1713 4808 nulli
1755 4773 1781 4809 ο
1806 4759 1963 4814 inerit
1992 4766 2054 4826 ὑί

470 4837 638 4891 quare
668 4826 1042 4885 interimentur
1068 4841 1324 4905 utrinque.
1353 4839 1411 4895 Si
1435 4850 1611 4898 autem
1635 4848 1904 4905 Cnnlt'al'iO
1924 4865 2055 4921 con-1

472 4925 762 4980 vertantur,
792 4930 1007 4986 neutra;
1039 4939 1161 4978 nam
1193 4927 1238 4982 si
1269 4946 1299 4982 a
1328 4931 1487 4987 alicui
1516 4950 1542 4986 c
1571 4951 1675 4990 non
1707 4938 1878 5008 inest,
1908 4941 1937 4994 ὁ
1959 4958 2055 4998 au-

471 5014 576 5060 tem
608 5009 781 5074 omni,
807 5012 835 5063 b
861 5012 1018 5068 alicui
1052 5032 1079 5068 ε
1104 5033 1209 5073 non
1250 5021 1424 5088 inerit,
1473 5026 1567 5081 sed
1599 5030 1834 5084 nondum
1867 5032 2054 5089 interi-

468 5096 631 5149 mitur
679 5098 819 5166 qum!
849 5116 913 5156 ex
942 5104 1221 5176 principio,
1268 5114 1524 5184 contingit
1570 5118 1711 5172 enim
1762 5121 1921 5177 alicui
1970 5126 2053 5179 in-

467 5204 527 5244 cs
556 5207 607 5256 e,
640 5201 691 5247 et
718 5194 874 5250 alicui
901 5212 1006 5252 non
1031 5199 1211 5257 inesse
1234 5221 1249 5258 ;
1275 5207 1578 5263 universali.
1604 5222 1785 5268 autem
1815 5194 2054 5274 sublato

465 5300 497 5334 a
528 5286 576 5347 b,
603 5290 821 5342 omnino
842 5305 946 5343 non
973 5293 1413 5365 litsyllogismus.
1464 5302 1518 5357 Si
1563 5296 1704 5360 enim
1750 5326 1781 5361 α
1832 5312 2049 5380 quidem

466 5374 623 5430 alicui
652 5395 677 5430 c
717 5395 823 5435 non
853 5382 1011 5449 inest,
1042 5385 1069 5437 b
1093 5397 1268 5443 autem
1295 5392 1444 5445 alicm
1473 5395 1632 5462 inest,
1689 5412 1877 5455 neutra
1929 5421 2051 5474 pro-

474 5472 800 5537 positionum
861 5478 1179 5534 universalis
1235 5491 1336 5537 est.
1389 5484 1645 5543 Similiter
1696 5472 1953 5551 autemet
2008 5500 2053 5565 si

472 5562 764 5627 privativus
800 5566 869 5618 sit
896 5570 1261 5638 syllogismus,
1289 5574 1330 5627 si
1385 5576 1529 5630 enim
1567 5593 1807 5637 sumatur
1834 5602 1866 5638 α
1906 5589 2052 5644 omni

467 5666 493 5700 c
516 5651 716 5717 inesse,
745 5654 1124 5714 interimuntur
1154 5672 1423 5733 utrmque;
1450 5668 1494 5722 si
1518 5680 1694 5725 autem
1716 5674 1898 5743 alicui,
1923 5692 2054 5732 neu-

473 5753 585 5803 tra:
617 5745 1002 5805 demonstratio
1022 5764 1200 5810 autem
1225 5757 1441 5815 eadem.

2163 4679 2196 4731 p
2233 4664 2475 4735 sitiones,
2507 4674 2599 4719 aut
2626 4666 2769 4721 enim
2810 4677 3062 4738 utrasque
3084 4685 3306 4726 necesse
3353 4681 3437 4726 est
3465 4674 3751 4741 particulae

2162 4769 2250 4809 res
2280 4770 2397 4809 esse
2422 4771 2517 4824 per
2545 4758 2976 4822 conversionem,
3002 4771 3092 4814 aut
3119 4761 3476 4817 universalern
3530 4766 3597 4818 ad
3655 4766 3747 4819 mi-

2161 4862 2345 4900 norem
2377 4849 2770 4905 extremitatem
2800 4852 2935 4916 lieri,
2980 4853 3058 4908 sic
3090 4864 3267 4909 autem
3312 4870 3418 4909 non
3447 4858 3539 4910 liet
3581 4858 3751 4927 syllo-

2159 4940 2382 5011 gismus,
2419 4956 2517 4996 nec
2539 4942 2593 4995 in
2626 4944 2792 5012 prima
2820 4946 3007 5015 ﬁgura,
3041 4962 3139 5001 nec
3171 4947 3223 5001 in
3255 4948 3450 5004 media.
3483 4949 3543 5004 Si
3573 4960 3747 5002 antrm

2125 5021 2403 5100 'Opposile
2455 5043 2832 5089 convertantur
2885 5037 3317 5105 propositiones,
3354 5040 3750 5094 interimuntur

2160 5132 2419 5195 utraeque,
2475 5142 2593 5179 nam
2622 5127 2668 5179 si
2695 5144 2727 5179 a
2772 5127 2900 5181 nulli
2947 5128 2996 5193 ὁ,
3030 5133 3057 5183 b
3078 5141 3255 5184 autem
3310 5134 3456 5186 omni
3478 5150 3525 5196 c,
3556 5151 3588 5185 α
3618 5138 3744 5186 nulli

2158 5231 2206 5269 c.
2237 5215 2465 5270 Rursum
2489 5219 2530 5271 si
2561 5218 2639 5271 ab
2668 5219 2880 5287 quidem
2913 5222 3066 5288 nulli,
3099 5240 3126 5274 ε
3149 5233 3325 5277 autem
3355 5227 3519 5290 omni,
3564 5225 3592 5276 ὁ
3620 5229 3744 5279 nulli

2160 5323 2206 5361 ε.
2237 5308 2302 5361 Ει
2332 5311 2556 5362 sialtcra
2587 5325 2690 5363 non
2714 5312 2783 5365 sit
2805 5312 3140 5378 universalis,
3165 5315 3441 5379 similiter;
3473 5317 3515 5369 si
3543 5318 3685 5371 enim
3716 5336 3747 5369 a

2165 5400 2292 5454 nulli
2319 5401 2366 5466 b,
2394 5400 2421 5453 b
2442 5411 2617 5455 autem
2643 5403 2799 5456 alicui
2829 5421 2873 5467 ε,
2904 5420 2934 5456 α
2964 5406 3123 5460 alicui
3154 5423 3181 5458 ε
3208 5422 3312 5460 non
3356 5407 3539 5462 inerit.
3570 5409 3624 5463 Si
3653 5424 3746 5462 au-

2166 5501 2269 5547 tem
2323 5511 2353 5544 a
2411 5494 2620 5562 quidem
2675 5496 2843 5559 nulli,
2894 5514 2921 5548 c
2975 5507 3153 5552 autem
3200 5502 3366 5565 omni,
3416 5500 3547 5554 nulli
3590 5518 3634 5565 ι’,
3693 5501 3741 5554 b.

2165 5584 2420 5639 Similiter
2446 5586 2566 5639 etsi
2600 5586 2989 5655 privativus'stt
3020 5590 3360 5660 syllogismus
3387 5608 3402 5655 ;
3432 5592 3744 5647 ostendatur

2161 5677 2301 5731 enim
2326 5693 2355 5728 α
2377 5677 2532 5731 alicui
2553 5678 2703 5732 bnon
2738 5679 2942 5745 inesse;
2977 5681 3019 5735 si
3051 5693 3229 5737 autem
3263 5683 3604 5753 pra‘dicativa
3628 5685 3741 5755 qni-

2230 5786 2243 5807 '
2267 5786 2357 5835 llic
2379 5785 2509 5836 locus
2530 5788 2690 5851 aliquo
2724 5794 2856 5851 gravi
2882 5792 3055 5843 mendo
3082 5794 3262 5844 laborat
