4060 6330
267 317 373 393 697

266 439 391 495 dem
419 436 449 491 ὁ
475 450 525 501 c,
558 449 591 486 α
617 447 643 486 c
663 436 841 486 autem
872 416 1138 498 negativa,
1160 424 1238 479 sic
1268 421 1409 478 enim
1431 418 1589 474 ﬁebat
1611 412 1856 486 syllogis-

266 547 407 589 mus.
441 526 668 596 Quando
704 525 866 594 igitur
885 519 1212 576 contrarium
1243 516 1470 570 sumitur
1496 508 1848 571 conclusioni,

267 641 373 681 non
400 624 503 678 erit
527 618 888 691 syllogismus,
922 628 1043 666 nam
1067 611 1110 665 si
1141 627 1170 662 a
1197 607 1355 662 alicui
1387 605 1479 668 b,b
1497 613 1672 656 autem
1704 599 1849 654 omni

242 738 316 789 λε,
360 734 467 773 ηοη
499 717 556 771 ﬁt
584 711 925 785 syllogismus
949 709 1068 775 ejus
1086 703 1229 773 quod
1270 709 1403 756 esta
1430 708 1484 753 et
1511 714 1557 750 c.
1590 694 1775 763 Neque
1811 693 1854 745 si

267 780 482 867 a'alicui
513 809 565 873 b,
598 780 726 860 nulli
751 811 930 858 autem
959 816 1007 864 c,
1031 811 1138 851 non
1190 794 1286 848 fuit
1312 794 1430 859 ejus
1457 780 1613 858 quod.
1638 797 1720 843 est
1768 803 1800 839 a
1827 786 1856 838 θ

267 914 323 958 et
350 921 378 956 c
398 900 761 970 syllogismus,
794 906 961 962 quare
990 903 1096 944 non
1128 886 1507 942 interimuntur
1538 878 1860 951 propositio-

270 1012 387 1052 nes.
404 992 630 1062 Quando
655 1004 783 1044 vero
798 985 1126 1056 oppositum,
1153 979 1563 1039 interimuntur;
1600 986 1720 1026 nam
1746 968 1798 1024 ‘si
1828 987 1860 1022 α

268 1088 415 1145 οηιηί
444 1086 493 1151 b,
521 1093 577 1139 et
606 1083 634 1136 ὁ
663 1078 808 1135 omni
835 1093 936 1142 σγα
964 1074 1111 1129 omni
1131 1089 1179 1136 ε,
1207 1070 1300 1125 sed
1327 1067 1455 1121 nulli
1489 1067 1682 1119 inerat.
1721 1062 1860 1115 Rur-

269 1195 389 1235 sum
418 1177 465 1231 si
494 1192 525 1228 a
546 1173 689 1229 omni
724 1172 783 1236 b,
803 1167 932 1223 nulli
955 1175 1133 1237 autem
1164 1178 1211 1224 ε,
1237 1162 1265 1214 b
1315 1158 1447 1213 nulli
1500 1173 1548 1220 c,
1590 1154 1684 1209 sed
1711 1151 1857 1206 omni

272 1273 462 1325 inerat.
489 1265 747 1321 Similiter
780 1263 1319 1316 antemmonstratur,
1349 1261 1402 1304 et
1425 1250 1469 1302 si
1502 1261 1608 1301 non
1639 1244 1857 1298 univer-

267 1361 408 1415 sales
436 1359 543 1411 sint
573 1352 962 1424 propositiones
992 1365 1008 1404 :
1037 1348 1105 1401 sit
1133 1346 1272 1399 enim
1302 1360 1333 1395 a
1360 1357 1386 1393 c
1434 1336 1752 1392 universalis
1805 1334 1861 1388 ét

268 1450 550 1521 privativa,
581 1447 745 1500 altera
774 1451 953 1495 autem
1012 1432 1346 1507 particularis
1394 1438 1450 1485 ct
1498 1425 1857 1496 praedicativa,

267 1559 397 1613 ergo
417 1542 459 1594 si
490 1558 521 1592 a
547 1533 936 1609 quidem-omni
968 1531 1017 1599 b,
1045 1530 1072 1581 b
1096 1538 1274 1581 autem
1299 1524 1453 1578 alicui
1486 1538 1533 1584 c,
1568 1536 1599 1573 a
1646 1518 1805 1572 alicui
1831 1532 1859 1569 c

265 1632 488 1694 accidit,
517 1626 775 1683 sednulli
801 1624 995 1677 inerat.
1028 1621 1255 1683 Rursum
1282 1617 1380 1669 sia
1434 1613 1581 1669 omni
1628 1612 1678 1675 Ι),
1728 1608 1857 1662 nulli

265 1734 444 1777 autem
471 1738 516 1784 c,
550 1728 602 1774 et
632 1718 659 1770 b
679 1714 807 1769 nulli
836 1730 881 1766 c.
938 1712 994 1768 Si
1023 1720 1199 1764 autem
1224 1726 1255 1762 α
1280 1706 1438 1762 alicui
1463 1707 1513 1769 b,
1537 1712 1589 1758 et
1618 1703 1646 1755 b
1694 1699 1856 1754 alicui

264 1831 311 1880 ε,
348 1828 453 1887 non
491 1814 548 1863 lit
576 1807 937 1880 syllogismus.
970 1804 1151 1871 Neque
1180 1801 1224 1855 si
1253 1798 1459 1852 aal‘.cui
1486 1797 1535 1861 ὁ,
1568 1805 1621 1849 et
1651 1791 1781 1846 nulli
1804 1807 1850 1857 c,
1882 1772 1930 1832 Β

265 1924 364 1985 nec
384 1907 482 1961 sic.
516 1904 692 1971 Quare
720 1901 809 1955 illo
864 1896 1082 1968 quidem
1123 1893 1283 1948 modo
1328 1890 1728 1949 interimuntur,
1777 1883 1855 1938 sic

264 1981 439 2052 autem
471 2010 577 2050 non
630 1992 1008 2047 interimuntur
1050 1985 1461 2057 propositiones.
1513 1979 1851 2035 Manifestum

266 2098 501 2156 estergo
530 2102 594 2140 ex
644 2083 710 2139 iis
736 2098 855 2153 qua:
908 2080 1049 2135 dicta
1095 2086 1218 2132 sunt
1267 2072 1536 2147 quomodo
1589 2083 1852 2125 conversa

267 2179 606 2235 concluSione
634 2175 687 2228 in
713 2186 1027 2241 unaquaque
1074 2168 1243 2239 ﬁgura
1287 2166 1344 2237 lit
1392 2165 1757 2235 syllogismus,
1802 2168 1857 2214 et

267 2272 478 2343 quando
508 2267 777 2323 contrarie
802 2262 1175 2334 propositioni,
1207 2269 1261 2313 et
1313 2255 1526 2327 quando
1571 2253 1852 2323 opposite;

268 2375 321 2419 ct
345 2364 592 2433 quoniam
628 2362 678 2413 in
713 2362 877 2427 prima
921 2355 1136 2424 quidem
1182 2354 1350 2423 ﬁgura
1398 2366 1492 2420 pcr
1523 2348 1752 2403 mediam
1802 2354 1856 2399 et

270 2456 590 2529 postremam
616 2455 749 2508 ﬁunt
772 2449 1098 2522 syllogismi,
1133 2457 1186 2500 et
1206 2462 1323 2515 qua:
1353 2443 1566 2513 quidem
1590 2441 1655 2493 ad
1687 2439 1856 2493 miuo-

270 2568 387 2607 rem
406 2549 799 2606 extremitatem
831 2560 1045 2612 semper
1092 2558 1185 2612 per
1212 2540 1440 2601 mediam
1498 2534 1853 2599 interimitur,

272 2659 389 2714 quae
444 2657 571 2697 vero
598 2641 663 2695 ad
697 2639 953 2708 m.-jorein
989 2633 1441 2711 pegpostremain
1469 2636 1487 2693 ;‘
1539 2629 1591 2681 in
1622 2625 1856 2681 secunda

274 2746 470 2800 autem.
496 2749 591 2805 per
614 2735 838 2802 primam
882 2738 937 2784 ct
988 2738 1311 2797 postremam
1338 2765 1353 2790 ,
1384 2736 1500 2791 qua:
1547 2719 1760 2789 quidem
1791 2714 1858 2769 ad

278 2834 535 2886 minorcm
567 2828 957 2883 extremitatem
1011 2836 1224 2888 semper
1242 2830 1333 2889 per
1362 2818 1583 2887 primam
1604 2814 1822 2883 ﬁguram
1843 2851 1857 2876 ,

276 2941 395 2995 qua:
450 2937 578 2976 vero
630 2921 695 2973 ad
726 2918 980 2988 majorem
1002 2956 1037 2981 ,γ
1066 2929 1159 2983 per
1188 2910 1523 2981 postremam
1548 2923 1563 2973 ;
1594 2908 1647 2960 in
1708 2906 1858 2959 tertia

279 3032 426 3078 vero,
450 3030 544 3084 per
573 3013 797 3083 primam
828 3020 883 3064 et
922 3024 1017 3084 per
1048 3006 1299 3074 mediam,
1332 3013 1385 3058 et
1415 3016 1534 3071 quae
1556 2997 1767 3068 quidem
1794 2994 1859 3048 ad

280 3112 539 3180 majorem
571 3121 665 3177 per
687 3105 911 3174 primam
938 3080 1151 3170 semper
1170 3141 1186 3168 ,
1230 3112 1349 3168 qua!
1371 3094 1573 3159 veroad
1597 3092 1857 3146 minorem

282 3200 376 3276 per
404 3196 632 3256 mediam
652 3184 889 3264 semper.
934 3194 1069 3262 Quid
1122 3206 1251 3262 ergo
1286 3198 1369 3244 est
1417 3193 1752 3247 convertere,
1808 3191 1863 3236 et

282 3296 551 3368 quomodo
576 3295 629 3347 in
662 3304 977 3361 unaquaque
1030 3287 1218 3355 ﬁgura,
1253 3294 1305 3336 et
1361 3268 1480 3352 quis
1510 3280 1565 3333 ﬁt
1620 3275 1870 3347 syllogis-

282 3366 419 3477 mus,
440 3385 802 3443 manifestum.
1146 3366 1147 3369 “

897 3491 1118 3548 CA'PUT
1150 3488 1242 3545 Xl.
1304 3496 1305 3499 “

642 3613 673 3645 ι.
692 3609 718 3644 c
746 3588 1041 3659 sylloyismo
1066 3584 1160 3653 per
1180 3574 1510 3650 impossibile.

356 3714 457 3768 Per
484 3706 813 3781 impossibile
843 3713 1019 3756 autem
1053 3697 1395 3770 syllogismus
1429 3689 1733 3747 oStenditur
1750 3688 1867 3757 qui:

282 3805 426 3866 dem,
482 3800 703 3871 quando
724 3793 1079 3851 contradictio
1123 3790 1337 3859 ponitur
1383 3780 1765 3849 conclusionis,
1817 3788 1871 3833 et

283 3896 576 3952 assumitur
621 3893 788 3945 altera
838 3884 1149 3957 pr0positio.
1200 3881 1281 3935 Fit
1313 3887 1490 3934 autem
1535 3877 1588 3929 in
1626 3861 1872 3929 omnibus

284 3990 493 4058 ﬁguris,
546 3984 723 4038 simile
773 3981 916 4035 enim
959 3990 1040 4032 est
1071 3971 1438 4029 conversioni.
1489 3966 1869 4021 Verumtamen

284 4055 468 4137 dill'ert
513 4080 564 4131 in
597 4084 800 4131 tantum
847 4069 1096 4142 quoniam
1129 4064 1457 4121 convertitur
1490 4059 1703 4129 quidem
1734 4055 1872 4125 laeto

284 4172 628 4245 syllogismo,
655 4176 715 4223 et
737 4165 962 4231 sumptis
994 4162 1234 4235 utrisque
1268 4151 1739 4225 propositionibus.
1776 4147 1872 4216 De;

284 4267 499 4321 ducitur
523 4258 801 4323 autemad
834 4254 1160 4325 impossibile
1191 4266 1295 4303 non
1340 4246 1588 4302 confesso
1629 4239 1873 4310 opposito

288 4362 457 4430 prius,
506 4354 602 4410 sed
635 4351 918 4406 manifesto
968 4345 1223 4416 quoniam
1265 4349 1349 4394 est
1380 4352 1583 4392 verum.
1634 4328 1872 4386 Termini

285 4466 414 4506 vero
431 4449 677 4517 similiter
692 4459 751 4498 se
770 4443 969 4497 habent
991 4440 1042 4491 in
1072 4435 1402 4502 ntrisque;et
1432 4420 1874 4491 eademsumptio

287 4554 657 4609 utrorumque,
705 4546 761 4590 ut
790 4535 832 4588 si
860 4550 890 4585 a
924 4533 1063 4586 inest
1088 4528 1232 4583 omni
1258 4522 1593 4591 b,..tnedinm
1623 4526 1798 4597 autem
1826 4500 1874 4577 c,

285 4635 334 4690 si
378 4630 693 4701 supponitur
722 4642 752 4678 α
786 4639 890 4677 non
940 4619 1087 4685 onnti
1130 4618 1213 4670 vel
1245 4614 1376 4669 nulli
1408 4614 1434 4666 b
1462 4612 1657 4685 inesse,
1691 4594 1870 4660 cvero

286 4726 457 4789 omni,
481 4722 624 4793 quod
658 4719 756 4777 fuit
778 4731 987 4779 verum,
1018 4724 1243 4767 neces-e
1290 4717 1373 4761 est
1399 4722 1425 4758 ιτ
1450 4706 1477 4757 b
1504 4716 1594 4756 aut
1623 4700 1750 4755 nulli
1782 4708 1872 4751 aut

286 4834 393 4872 non
412 4815 554 4871 omni
581 4814 779 4877 inesse,
812 4811 912 4862 hoc
927 4815 1107 4860 autem
1130 4798 1482 4875 impossibile,
1497 4810 1663 4866 quare
1682 4792 1871 4847 falsum

286 4918 368 4964 est
392 4906 532 4977 quod
554 4902 890 4972 suppositum
921 4907 1022 4952 est.
1054 4894 1254 4963 Verum
1285 4908 1413 4961 ergo
1447 4888 1772 4965 Oppositum;
1797 4881 1869 4935 si-

287 4999 489 5054 militer
509 5007 686 5049 autem
719 4996 769 5047 in
800 4992 925 5055 aliis,
950 4987 1154 5059 figuris,
1185 4995 1521 5055 qumcnnque
1550 4977 1693 5030 enim
1740 4988 1874 5027 con-

291 5092 594 5144 versionem
643 5084 962 5151 suscipiunt,
1019 5090 1074 5134 et
1122 5070 1598 5147 peruimpossibile
1637 5066 1882 5137 syllogis-

289 5198 461 5239 mum.
484 5181 622 5249 Ergo
643 5178 745 5233 alia
762 5176 981 5247 quidem
1013 5171 1284 5242 pr0posita
1318 5167 1497 5241 omnia
1521 5162 1882 5237 ostenduntur

288 5290 387 5345 per
413 5272 745 5342 impossibile
778 5271 828 5323 in
858 5267 1110 5322 omnibus
1140 5262 1346 5334 ﬁguris,
1373 5256 1673 5313 universale
1698 5262 1882 5331 autem

292 5367 691 5439 prredicativum
730 5365 781 5417 iu
828 5362 1003 5417 media
1045 5369 1098 5413 ct
1147 5360 1198 5411 in
1250 5355 1404 5410 tertia
1449 5358 1799 5413 monstratur,
1832 5348 1883 5400 in

289 5463 466 5533 prima
519 5468 700 5513 autem
753 5473 860 5510 non
916 5461 1280 5507 monstratur:
1314 5456 1645 5514 supponatur
1684 5441 1827 5495 enim
1855 5456 1886 5492 a

290 5571 398 5610 non
430 5554 576 5607 omni
602 5552 629 5604 ὁ
651 5560 743 5604 aut
773 5549 903 5603 nulli
926 5548 1125 5608 inesse,
1147 5554 1200 5597 et
1230 5550 1537 5596 assumatur
1559 5536 1659 5589 alia
1692 5549 1887 5603 propo-

290 5647 437 5711 sitio,
464 5645 718 5699 utrolibet
737 5643 920 5705 modo,
951 5639 1064 5692 sive
1088 5655 1118 5689 a
1140 5634 1286 5693 onmi
1317 5634 1453 5686 inest
1476 5646 1523 5694 ε,
1555 5628 1668 5681 sive
1699 5624 1888 5678 bomni

290 5737 327 5789 ά
354 5737 455 5807 (sic
480 5734 625 5789 enim
663 5742 778 5787 erat
803 5729 974 5800 prima
1010 5725 1200 5796 ligura)
1228 5740 1242 5788 ;
1273 5724 1314 5776 si
1341 5736 1469 5789 ergo
1498 5724 1832 5787 supponatur
1861 5732 1891 5766 a

294 5846 402 5885 non
421 5829 564 5885 omni
597 5828 624 5881 b
654 5828 852 5891 inesse,
874 5838 979 5878 non
1006 5822 1095 5876 lict
1125 5817 1466 5891 syllogismus
1489 5809 1894 5884 quomodolibct

898 310 1199 369 PRIORUM
1242 299 1769 363 ANALYTICORU.“
1815 293 2265 352 ARISTOTELIS
2305 289 2869 351 INTERPRETATIO.

3442 288 3546 345 693

1881 409 1933 470 Α
1961 414 2171 477 sumpta
2202 406 2589 476 propositione.
2619 404 2673 460 Si
2705 412 2883 457 autem
2912 397 3047 455 nulli
3075 398 3123 465 b,
3150 399 3184 454 ά
3212 396 3435 471 quidem
3466 415 3545 452 as-

1959 508 2223 562 sumatur,
2248 492 2592 568 sylfogismus
2620 495 2833 561 quidem
2856 491 2961 547 erit
3000 492 3139 557 falsi,
3172 505 3278 545 non
3309 490 3548 544 ostendi-

1960 600 2044 646 tur
2086 601 2264 645 autem
2316 590 2683 659 propositum;
2715 603 2835 641 nam
2865 586 2911 641 si
2951 601 2982 638 a
3032 585 3163 640 nulli
3202 585 3253 648 ὁ,
3296 584 3325 637 b
3364 591 3543 636 autem

1957 682 2102 737 omni
2128 683 2183 747 ἀ,
2211 699 2243 735 a
2270 682 2399 735 nulli
2427 683 2482 745 ά,
2517 680 2619 733 hoc.
2646 690 2821 734 autem
2854 678 2924 731 sit
2967 676 3319 745 impossibile,
3351 675 3543 728 falsum

1961 772 2122 842 igitur
2149 784 2232 826 εει
2263 772 2395 824 nulli
2430 772 2457 824 ὁ
2505 772 2763 832 inesse-a,
2793 768 2886 822 sed
2932 782 3037 822 non
3069 768 3116 821 si
3166 767 3295 819 nulli
3329 766 3540 828 falsum,

1958 865 2104 918 omni
2136 877 2346 917 verum.
2383 860 2437 917 Si
2466 869 2643 914 autem
2671 875 2697 911 c
2718 875 2750 911 a
2782 867 3106 922 assumatur,
3146 872 3250 910 non
3282 846 3345 910 ﬁt
3383 848 3541 926 syllo-

1958 956 2187 1026 gismus,
2218 969 2318 1009 nec
2338 952 2553 1023 quando
2576 952 2902 1020 supponitur
2932 966 3036 1002 non
3060 948 3205 1001 omni
3227 948 3256 1000 ὁ
3280 948 3457 1001 inesse
3480 963 3547 1011 a;

1961 1064 2128 1119 quare
2180 1046 2521 1102 manifestum
2556 1044 2807 1113 quoniam
2843 1042 2989 1094 omni
3019 1041 3195 1094 inesse
3230 1055 3334 1093 non
3365 1046 3550 1093 ostenl

1959 1139 2104 1192 ditur
2127 1137 2376 1206 inprima
2426 1135 2591 1205 ﬁgura
2626 1150 2719 1202 per
2748 1131 3097 1200 impossibile.
3130 1130 3300 1184 Alicui
3339 1139 3539 1192 autem,

1960 1241 2014 1284 et
2044 1230 2193 1291 nulli,
2218 1240 2269 1282 et
2294 1242 2399 1280 non
2421 1226 2565 1280 omni
2615 1223 2941 1277 ostenditur.
2970 1221 3312 1289 Supponatiir
3349 1218 3490 1273 enim
3518 1234 3549 1269 a

1962 1321 2091 1373 nulli
2118 1321 2145 1372 b
2186 1320 2383 1382 inesse,
2413 1320 2442 1371 ὁ
2465 1326 2643 1370 autem
2685 1322 2956 1382 sumptum
2988 1312 3056 1364 sit
3086 1312 3229 1363 omni
3268 1319 3358 1365 aut
3388 1309 3547 1362 alicui

1959 1428 2005 1480 c,
2038 1428 2165 1481 ergo
2191 1425 2414 1466 necesse
2442 1418 2525 1464 est
2548 1426 2579 1461 a
2607 1407 2737 1460 nulli
2764 1416 2855 1458 aut
2882 1420 2988 1457 non
3006 1404 3151 1456 omni
3175 1418 3201 1453 c
3225 1404 3422 1465 inesse,
3448 1400 3549 1453 hoc

1958 1514 2135 1557 autem
2185 1500 2541 1568 impossibile.
2583 1500 2665 1553 Sit
2705 1496 2848 1550 enim
2893 1509 3075 1549 verum
3112 1501 3162 1546 et
3207 1488 3546 1544 manifestum

1959 1595 2213 1663 quoniam
2240 1594 2387 1647 omni
2407 1607 2434 1644 c
2465 1591 2604 1644 inest
2623 1606 2672 1651 a,
2708 1601 2872 1655 quare
2899 1585 2943 1637 si
2966 1584 3067 1637 hoc
3089 1582 3301 1644 falsum,
3329 1595 3547 1634 necesse

1959 1693 2042 1737 est
2070 1702 2101 1735 η
2128 1684 2281 1736 alicui
2320 1685 2348 1734 b
2392 1682 2586 1734 inesse.
2628 1680 2683 1733 Si
2715 1685 2892 1730 autem
2927 1674 2992 1727 ad
3032 1692 3064 1726 a
3102 1680 3347 1726 sumatur
3376 1670 3545 1723 altera

1962 1773 2276 1842 propositio,
2309 1787 2414 1825 non
2443 1772 2549 1823 erit
2573 1767 2940 1839 syllogismus.
2975 1778 3147 1832 neque
3182 1760 3395 1830 quando
3424 1759 3550 1812 sub-

1958 1869 2289 1923 contrarinm
2320 1863 2657 1919 conclusioni
2680 1861 2999 1929 supponitur
3016 1867 3071 1909 ut
3094 1855 3251 1909 alicui
3274 1869 3379 1907 non
3407 1853 3549 1905 ines-

1958 1975 2049 2022 se;
2082 1959 2424 2011 manifestum
2456 1968 2585 2023 ergo
2614 1951 2863 2019 quoniam
2894 1948 3197 2016 oppositum
3227 1941 3545 1997 sumendum

1956 2060 2058 2107 est.
2097 2051 2324 2105 Rursum
2366 2057 2699 2117 supponatur
2728 2060 2759 2096 a
2787 2042 2947 2096 alicui
2985 2041 3012 2094 b
3044 2042 3241 2102 inesse,
3274 2046 3546 2103 sumptum

1956 2152 2133 2197 autem
2156 2142 2227 2196 sit
2248 2156 2273 2192 c
2301 2140 2444 2193 omni
2475 2156 2527 2201 α,
2560 2134 2786 2190 necesse
2803 2143 2886 2187 est
2927 2120 3141 2201 igit'ur'c
3171 2128 3328 2181 alicui
3356 2127 3383 2179 b
3408 2127 3548 2179 ines-

1957 2250 2036 2301 se,
2063 2235 2164 2287 lioc
2191 2242 2373 2287 autem
2401 2233 2470 2283 sit
2497 2212 2848 2297 impossibile,
2900 2237 3066 2293 quare
3111 2220 3303 2275 falsum
3332 2218 3547 2287 quidem

1959 2326 2301 2392 suppositum
2321 2329 2440 2384 est;
2465 2322 2507 2373 si
2537 2330 2713 2371 autem
2747 2316 2846 2378 sic,
2880 2328 3066 2367 verum
3090 2322 3173 2365 est
3197 2310 3322 2362 nulli
3351 2309 3550 2362 inesse.

1958 2418 2220 2473 Similiter
2240 2425 2418 2468 autem
2446 2422 2496 2466 et
2533 2411 2577 2463 si
2606 2409 2862 2478 privativa
2892 2414 3101 2471 sumpta
3132 2403 3201 2455 sit
3230 2418 3257 2452 ε
3283 2415 3334 2453 a.
3368 2398 3423 2454 Si
3457 2412 3552 2452 au-

1964 2522 2067 2564 tem
2094 2509 2157 2560 ad
2186 2508 2213 2559 b
2244 2514 2454 2573 sumpta
2482 2508 2508 2555 s
2534 2513 2551 2553 t
2581 2498 2897 2569 propositio,
2934 2511 3036 2548 non
3059 2493 3162 2547 erit
3188 2490 3549 2561 syllogismus.

1961 2602 2015 2655 Si
2048 2610 2226 2652 autem
2254 2593 2581 2649 contrarium
2606 2598 2959 2658 supponatur,
2993 2584 3336 2651 syllogismus
3365 2579 3471 2633 erit
3498 2588 3553 2631 et

1961 2689 2313 2759 impossibile,
2348 2701 2454 2740 non
2489 2694 2665 2738 tamen
2690 2679 2990 2734 ostenditur
3018 2674 3163 2745 quod
3196 2682 3278 2727 est
3314 2670 3556 2740 pr0posi-

1962 2796 2114 2842 tum:
2147 2791 2479 2854 supponatur
2507 2780 2650 2833 enim
2693 2793 2724 2829 a
2767 2774 2911 2829 omni
2944 2772 2993 2839 b,
3027 2780 3081 2826 et
3109 2786 3136 2822 c
3166 2776 3435 2835 sumptum
3487 2766 3557 2820 sit

1963 2881 2107 2936 omni
2138 2895 2193 2943 a,
2224 2891 2352 2945 ergo
2370 2887 2593 2928 necesse
2617 2880 2698 2925 est
2730 2885 2756 2922 ε
2786 2867 2930 2920 omni
2962 2866 2989 2918 b
3020 2866 3227 2917 inesse:
3255 2862 3356 2913 hoc
3376 2868 3554 2912 autem

1966 2969 2317 3041 impossibile,
2353 2980 2518 3034 quare
2566 2962 2754 3015 falsum
2801 2967 2884 3012 est
2910 2955 3065 3009 ‘omni
3099 2954 3128 3005 ὁ
3169 2953 3344 3006 ine~sc
3379 2954 3431 3012 a,
3462 2948 3558 3002 sed

1967 3064 2199 3121 nondum
2239 3062 2342 3116 erit
2372 3056 2759 3118 necessarium,
2788 3052 2965 3105 sinet)
2997 3038 3165 3112 omni,
3193 3043 3321 3097 nulli
3356 3043 3554 3095 inesse.
3607 3102 3611 3106 ,

1888 3149 1935 3211 C
1967 3157 2225 3212 Similiter
2242 3156 2420 3207 autem
2453 3159 2508 3204 et
2533 3148 2576 3202 si
2599 3156 2636 3199 'a
2658 3147 2692 3200 d
2711 3147 2738 3198 b
2766 3126 3007 3199 sumatur
3023 3142 3189 3194 altera
3222 3136 3517 3207 propositio
3543 3152 3557 3188 :

1973 3267 2094 3304 nam
2127 3247 2469 3319 syllogismus
2494 3233 2713 3310 quidem
2739 3237 2841 3292 erit
2870 3245 2924 3291 et
2952 3231 3309 3301 impossibile,
3345 3242 3448 3281 non
3478 3227 3562 3280 in-

1974 3341 2240 3397 terimitur
2266 3346 2441 3393 autem
2473 3332 2809 3405 Itypotltesis,
2838 3340 3005 3397 quare
3032 3340 3150 3393 uppt
3175 3323 3334 3375 situm
3367 3332 3565 3387 suppo-

1972 3436 2247 3494 nendum.
2271 3430 2353 3485 Ad
2396 3424 2786 3483 ostendendum
2816 3430 2994 3473 autem
3027 3431 3130 3469 non
3160 3415 3304 3467 omni
3330 3412 3358 3463 ὸ
3390 3412 3566 3464 inesse

1973 3544 2024 3597 ᾳ,
2053 3520 2460 3593 supponendum
2488 3517 2633 3572 omni
2676 3515 2877 3574 inesse,
2917 3523 3037 3561 nam
3075 3506 3118 3557 si
3154 3520 3183 3554 a
3214 3502 3361 3556 omni
3384 3500 3434 3563 b,
3465 3508 3567 3551 etc

1936 3687 1946 3695 φ
1974 3618 2119 3672 omni
2150 3633 2200 3679 a,
2225 3611 2371 3665 mutii
2396 3614 2422 3663 b
2452 3609 2612 3662 inerit
2642 3622 2704 3668 c;
2735 3604 2778 3658 si
2808 3613 2936 3669 ergo
2966 3597 3066 3651 hoc
3091 3591 3441 3661 impossibile,
3469 3588 3568 3647 fal-

1974 3724 2090 3762 sum
2124 3707 2262 3775 quod
2288 3700 2621 3770 suppositum
2652 3706 2735 3750 est
2761 3711 2775 3759 ;
2806 3689 3051 3746 similiter
3076 3694 3254 3738 autuu
3283 3690 3338 3735 et
3362 3681 3407 3735 si
3439 3678 3505 3733 ad
3535 3679 3564 3732 ὁ

1975 3770 2186 3866 sumpta
2233 3796 2301 3848 sit
2330 3794 2493 3845 altera
2519 3781 2940 3858 propositio.‘.Et
2969 3778 3013 3832 si
3047 3775 3310 3845 privativa
3356 3770 3426 3824 sit
3463 3786 3488 3821 c
3513 3785 3567 3833 a,

1975 3856 2249 3951 similiter,
2283 3897 2404 3937 nam
2446 3891 2500 3935 et
2522 3856 2702 3947 isicrﬁt
2744 3870 3107 3941 syllogismus.
3152 3865 3207 3920 Si
3239 3871 3414 3917 autem
3447 3859 3511 3918 ad
3543 3856 3572 3909 b

1976 3988 2185 4048 sumpta
2217 3976 2287 4029 sit
2327 3972 2605 4043 privativa,
2639 3959 2768 4018 niliil
2800 3959 3120 4016 ostenditur.
3152 3954 3207 4008 Si
3242 3961 3418 4006 autem
3461 3962 3568 4002 non

1977 4074 2143 4133 mnu",
2189 4047 2280 4121 sed
2313 4063 2472 4118 alicui
2506 4062 2683 4115 inesse
2728 4063 3088 4125 supponatur,
3118 4062 3237 4111 non
3266 4042 3571 4099 ostenditur

1978 4144 2375 4229 quoniamnon
2414 4154 2581 4214 omni,
2637 4146 2728 4201 sed
2780 4144 3031 4215 quoniam
3058 4136 3210 4207 ,nulli
3240 4154 3252 4185 :
3288 4138 3330 4187 si
3364 4131 3506 4204 enim
3536 4147 3567 4182 a

1979 4249 2135 4303 alicui
2164 4248 2214 4313 b,
2242 4226 2285 4298 lc
2330 4252 2504 4296 autem
2553 4236 2696 4291 omni
2726 4252 2777 4299 α,
2824 4232 2982 4309 alicui
3016 4230 3043 4280 b
3076 4226 3236 4285 inerit
3265 4240 3327 4289 c;
3358 4222 3402 4276 si
3442 4235 3573 4289 ergo

1982 4342 2084 4397 hoc
2115 4336 2472 4409 impossibile,
2505 4331 2827 4403 falsumLest
2850 4323 3009 4393 alicui
3040 4321 3067 4374 b
3101 4323 3276 4374 inesse
3308 4336 3360 4384 η,
3406 4330 3573 4382 quare

1982 4450 2165 4489 verum
2196 4430 2357 4493 nulli;
2392 4428 2699 4499 hocautem
2730 4426 2967 4491 ostenso,
3004 4412 3325 4469 interimitur
3357 4424 3570 4475 verum,

1912 4539 1959 4598 ο
1986 4541 2109 4580 natn
2132 4540 2162 4576 a
2184 4519 2339 4574 alicui
2364 4517 2581 4588 quidem
2602 4513 2631 4587 b‘
2658 4512 2852 4573 inerat,
2882 4506 3041 4561 alicui
3071 4517 3199 4557 vero
3231 4517 3333 4554 non
3364 4501 3573 4569 inerat.

1981 4615 2225 4683 Amplius
2253 4618 2431 4664 autem
2471 4620 2574 4679 non
2617 4610 2724 4655 tarn
2762 4606 2979 4669 propter
3018 4590 3338 4665 ltypothesin
3379 4588 3577 4644 accidit

1982 4702 2333 4775 impossibile,
2363 4678 2499 4761 falsa
2531 4693 2672 4748 enim
2701 4682 2824 4752 erit,
2868 4685 3131 4756 siquidem
3177 4697 3244 4735 ex
3286 4678 3426 4761 veris
3467 4692 3574 4731 non

1958 4848 1961 4849 ν
1983 4807 2064 4852 est
2079 4794 2266 4847 falsum
2285 4785 2601 4859 syllogizare
2621 4798 2637 4837 :
2656 4795 2797 4834 nunc
2811 4788 2987 4831 autem
3005 4781 3088 4829 est
3104 4785 3252 4835 vera,
3273 4756 3411 4823 inest
3433 4765 3576 4820 enim
3628 4817 3633 4822 ,

1984 4904 2016 4939 a
2041 4880 2282 4945 alicui'b,
2314 4890 2480 4947 quare
2509 4889 2616 4928 non
2648 4866 3053 4939 supponendum
3079 4860 3235 4915 alicui
3262 4859 3462 4917 inesse,
3484 4852 3578 4906 sed

1986 4956 2440 5033 omni.Similiter
2469 4978 2645 5022 autem
2675 4973 2729 5017 et
2783 4962 2826 5017 si
2860 4958 3017 5013 alicui
3060 4955 3087 5008 b
3116 4971 3219 5008 non
3248 4951 3387 5004 incst
3416 4962 3469 5010 a,
3494 4959 3582 4998 os-

1991 5052 2370 5131 tenderemus;
2401 5064 2446 5118 si
2474 5061 2614 5115 enim
2648 5056 2786 5111 idem
2820 5060 2903 5106 cst
2944 5046 3103 5102 alicui
3144 5056 3248 5098 non
3282 5040 3483 5098 inesse,
3529 5038 3583 5086 et

1992 5180 2097 5219 non
2139 5159 2284 5215 omni
2333 5157 2531 5213 inesse.
2563 5149 2750 5205 eadem
2799 5145 2853 5198 in
2885 5141 3122 5206 utrisque
3167 5124 3581 5209 demonstratio.

1992 5253 2327 5327 Manifestum
2360 5233 2771 5317 ergotquoniam
2804 5253 2907 5290 non
2951 5226 3306 5303 contrarium,
3347 5219 3441 5275 sed
3484 5231 3581 5284 op-

1994 5324 2220 5416 positum
2270 5335 2677 5410 supponendum
2724 5332 2775 5383 in
2824 5324 3071 5379 omnibus
3119 5311 3467 5388 syllogismis,
3503 5308 3582 5361 sic.

1992 5438 2135 5493 enim
2169 5430 2527 5488 necessarium
2561 5426 2662 5480 erit
2702 5431 2757 5475 et
2799 5418 3006 5472 axioma
3037 5407 3349 5489 probabile;
3381 5416 3501 5456 nam
3536 5401 3580 5452 si

1993 5530 2059 5584 de
2086 5528 2227 5583 omni
2261 5525 2340 5579 vel
2373 5519 2660 5575 afﬁrmatio
2698 5514 2779 5568 vel
2819 5509 3047 5577 negatio,
3082 5513 3298 5556 ostenso
3325 5495 3579 5568 quoniam

1998 5638 2102 5676 non
2126 5618 2357 5689 negatio,
2391 5627 2611 5668 necesse
2639 5617 2719 5662 est
2752 5601 3162 5657 afﬁrmationem
3205 5604 3385 5645 veram
3415 5599 3533 5639 esse
3564 5599 3581 5647 ;

1999 5680 2222 5767 rnrsnmv
2252 5710 2293 5760 si
2344 5720 2447 5761 non
2503 5706 2701 5769 ponant
2747 5705 2927 5747 verum
2973 5702 3096 5743 esse
3147 5680 3586 5740 alﬁrmationcm,

2000 5812 2208 5861 constat
2264 5813 2445 5853 verant
2495 5806 2615 5849 esse
2662 5770 3032 5857 negationem;
3083 5768 3411 5836 contrariam
3441 5759 3592 5822 'vero
