4112 6332
493 269 596 327 699

491 481 805 542 cessarium,
831 479 873 531 si
900 477 1026 530 nulli
1056 474 1425 537 l'alsum,omni
1448 487 1843 541 verum,neque
1874 470 2060 537 proba-

493 568 599 622 bile
627 576 684 621 ιιι
706 569 775 621 sit
802 567 1028 620 alterum
1069 566 1279 629 falsum,
1311 564 1556 633 quoniam
1585 565 1810 617 alterum
1852 577 2059 616 verum.

492 658 823 711 Manifestum
848 662 976 725 ergo
997 648 1253 726 quoniam
1271 657 1320 709 in
1353 656 1521 723 prima
1548 655 1706 724 ﬁgura
1729 654 1831 707 alia
1850 652 2062 722 quidem

493 749 769 816 proposita
789 750 964 801 omnia
985 747 1451 816 Ostendunturqaer
1476 746 1824 815 impossibile,
1849 744 2064 799 univer-

489 840 606 893 sale
631 847 804 893 autem
833 837 1207 892 afﬁrmativum
1236 852 1342 890 non
1373 837 1691 893 ostenditur:

1102 948 1325 1004 CAPUT
1359 950 1461 1005 XII.

585 1040 663 1095 De
689 1042 985 1111 syllogismo
1016 1059 1103 1111 per
1131 1042 1439 1111 impossibile
1461 1043 1515 1095 in
1543 1048 1763 1096 secunda
1788 1041 1975 1110 ﬁgura.

565 1132 621 1187 In
653 1134 825 1188 media
855 1144 1029 1188 autem
1064 1135 1226 1202 ﬁgura
1258 1144 1309 1189 et
1333 1143 1599 1203 postrema
1632 1133 1805 1188 ethoc
1830 1130 2068 1188 ostendi-

494 1229 598 1277 tur.
629 1223 865 1277 Ponatur
888 1225 1026 1277 t'ﬂIIII
1054 1241 1084 1275 a
1115 1240 1218 1278 non
1239 1225 1383 1277 omni
1420 1224 1447 1275 ὁ
1476 1223 1673 1290 inesse,
1700 1232 1966 1290 sumptum
1998 1223 2068 1275 sit

492 1320 669 1367 autem
701 1315 846 1367 omni
878 1330 904 1365 c
932 1314 1106 1368 inesse
1133 1331 1165 1367 a
1188 1330 1206 1378 ;
1233 1329 1359 1383 ergo
1387 1315 1431 1367 si
1467 1316 1494 1367 ὁ
1522 1314 1733 1382 quidem
1766 1328 1868 1367 non
1923 1312 2066 1366 omni

495 1405 634 1458 inest
666 1422 717 1469 a,
746 1423 772 1457 c
794 1418 969 1459 autem
997 1408 1165 1473 omni,
1188 1424 1291 1460 non
1316 1407 1458 1461 omni
1482 1408 1509 1460 b
1530 1408 1669 1462 inest
1690 1423 1737 1469 c,
1771 1406 1870 1461 hoc
1891 1416 2066 1460 autem

495 1498 843 1565 impossibile.
886 1500 966 1554 Sit
993 1500 1132 1553 enim
1179 1499 1517 1554 manifestum
1560 1500 1808 1567 quoniam
1856 1498 1998 1551 omni
2039 1496 2068 1549 b

498 1586 636 1640 inest
664 1605 710 1651 c,
746 1602 910 1656 quare
958 1588 1146 1641 falsum
1201 1589 1341 1658 quod
1391 1588 1721 1657 suppositum,
1748 1596 1849 1650 est,
1886 1603 2066 1641 verum

497 1686 580 1729 est
601 1692 729 1745 ergo
758 1679 900 1730 omni
938 1678 1129 1732 inesse.
1163 1680 1214 1731 Si
1236 1690 1410 1732 autem
1440 1678 1765 1731 contrarium
1796 1692 2066 1745 suppona-

1713 266 1814 321 ΔΝ.
1855 261 2063 319 MANL.
2104 259 2257 315 SEV.
2298 258 2522 314 BOETII

492 398 682 441 neutro
713 384 871 440 modo
895 383 1151 453 contingit
1182 392 1350 436 ratum
1375 381 1570 435 facere.
1603 380 1781 448 Neque
1803 378 1943 433 enim
1968 390 2061 430 ne.-
2092 377 2145 438 Α

3638 256 3751 311 70⁸]

2749 389 2973 448 CAPUT
3009 389 3147 445 XIV.

2173 505 2287 571 Quo
2312 515 2467 571 iusta,
2501 511 2545 556 et
2584 518 2699 571 qua
2739 504 2807 554 ad
2828 502 3142 637 zmﬂtiossiﬁile
3167 502 3307 555 ducit
3356 506 3745 569 demonstratio,

2864 591 2878 625 t
2925 588 3043 625 erati
3076 612 3089 625 .

2864 588 3089 625 merant.

2239 697 2431 753 Diﬁ‘ert
2457 707 2630 751 autem
2677 712 2794 765 qum
2822 696 2887 751 ad
2914 696 3242 765 impossibile
3268 697 3649 751 demonstratio
3679 701 3746 753 ab

2168 804 2230 846 ea
2278 803 2397 858 quas
2441 796 2524 841 est
2566 786 2853 853 ostensiva,
2882 802 2947 839 eo
2974 787 3114 855 quod
3144 797 3302 855 ponat
3328 789 3471 856 quod
3506 790 3623 841 vult
3660 789 3744 841 in-

2169 878 2444 943 terimere,
2478 878 2746 932 deducens
2770 877 2839 932 ad
2866 876 3165 932 confessum
3215 876 3428 943 falsum,
3475 881 3744 933 ostensiva

2168 980 2345 1026 autem
2374 971 2559 1039 incipit
2598 986 2627 1024 a
2651 968 2912 1025 confessis
2942 970 3291 1038 positionibus
3322 971 3486 1024 veris.
3514 972 3745 1024 Sumunt

2170 1077 2300 1133 ergo
2328 1073 2567 1133 utraeque
2595 1062 2727 1116 duas
2758 1062 3152 1131 prepositiones
3181 1061 3477 1126 confessas,
3506 1061 3601 1115 sed
3632 1060 3665 1114 Ιι
3684 1078 3746 1113 re

2170 1154 2383 1223 quidem
2436 1169 2501 1208 ex
2549 1152 2741 1222 quibus
2790 1161 2872 1207 est
2897 1152 3267 1223 syllogismus,
3300 1152 3386 1205 illa
3421 1168 3551 1206 vero
3584 1168 3745 1205 unam

2169 1244 2380 1315 quidem
2432 1245 2617 1299 barum
2638 1284 2653 1307 ,
2701 1244 2927 1297 alteram
2950 1257 3077 1297 vero
3102 1243 3581 1296 contradictionem
3609 1258 3744 1296 con-

2170 1334 2450 1390 clusionis.
2513 1333 2578 1387 Et
2627 1334 2749 1388 hinc
2795 1333 3007 1404 quidem
3053 1347 3158 1387 non
3207 1346 3428 1386 necesse
3455 1342 3538 1386 est
3565 1343 3746 1387 notam

2171 1439 2291 1480 esse
2317 1424 2742 1486 conclusionem,
2775 1437 2945 1491 neque
2971 1423 3115 1490 prius
3136 1422 3340 1490 opinari
3372 1424 3620 1489 quoniam
3643 1432 3747 1485 est,

2171 1526 2262 1568 aut
2286 1531 2389 1569 non
2435 1525 2555 1579 est;
2594 1515 2735 1568 illinc
2779 1530 2908 1568 vero
2949 1529 3167 1568 necesse
3196 1522 3318 1577 est,
3361 1506 3614 1581 quoniam
3643 1529 3749 1566 non

2171 1619 2272 1663 eat.
2322 1606 2510 1660 Diﬂert
2530 1616 2708 1661 autem
2739 1607 2867 1669 nihil
2891 1605 3293 1671 alﬁrmativam,
3336 1606 3419 1658 vel
3452 1607 3749 1673 negativam

2173 1713 2292 1753 esse
2317 1698 2831 1761 conelusionem,scd
2854 1696 3099 1751 similiter
3126 1712 3183 1750 se
3211 1696 3371 1748 habet
3403 1697 3455 1748 in
3490 1698 3748 1764 utrisque.

501 1777 606 1831 tur,
637 1768 972 1837 syllogismus
999 1769 1209 1836 quidem
1242 1769 1341 1821 erit
1374 1767 1438 1821 ad
1481 1767 1827 1837 impossibile,
1861 1783 1962 1821 non
1994 1777 2072 1819 ta-

2185 1790 2366 1843 Omnis
2393 1789 2534 1843 enim
2577 1804 2694 1857 qua:
2735 1788 3003 1843 ostensive
3030 1788 3384 1852 concluditur,
3435 1796 3488 1840 et
3523 1802 3620 1856 per
3661 1788 3756 1840 im-

502 1872 624 1909 men
648 1858 947 1910 ostenditur
983 1859 1123 1927 quod
1156 1860 1481 1925 propositum
1510 1866 1609 1911 est.
1636 1859 1687 1912 Si
1721 1857 1861 1911 enim
1891 1874 1921 1909 a
1946 1857 2070 1911 nulli

502 1946 552 2009 b,
581 1946 722 1998 omni
753 1957 928 1999 autem
958 1964 1001 2007 ε,
1028 1948 1163 2000 ἰῑιιΙΙί
1206 1948 1255 2011 b,
1283 1964 1328 2012 ε,
1375 1948 1475 2001 lioc
1515 1958 1688 2001 autem
1726 1947 2071 2014 impossibile,

503 2050 667 2103 quare
694 2035 878 2088 falsum
901 2045 1002 2098 est,
1029 2036 1158 2089 nulli
1191 2037 1388 2101 inesse,
1417 2038 1508 2091 scd
1538 2052 1640 2091 non
1664 2037 1707 2089 si
1734 2037 1832 2091 hoc
1865 2040 2073 2101 falsum,

506 2137 690 2175 verum
734 2125 895 2176 omni.
928 2124 1149 2190 Quando
1182 2136 1357 2179 autem
1389 2127 1542 2181 alicui
1573 2127 1600 2179 b
1634 2129 1771 2181 inest
1801 2144 1850 2192 a,
1883 2142 2076 2196 suppo.

472 2208 659 2265 ’natur
688 2229 718 2264 a
748 2213 873 2266 nulli
906 2214 933 2265 b
977 2215 1169 2273 ineSse.
1206 2232 1233 2267 ε
1271 2212 1449 2291 autem
1481 2219 1625 2272 omni
1667 2220 1812 2283 insit,
1857 2236 2079 2275 necesse

505 2312 581 2355 est
608 2318 734 2371 ergo
755 2320 781 2355 c
811 2305 940 2357 nulli
970 2305 997 2357 b
1020 2306 1212 2371 inesse,
1234 2322 1399 2375 quare
1426 2308 1469 2360 si
1490 2309 1587 2361 hoc
1612 2310 1959 2378 impossibile,
1989 2326 2079 2364 ne-

506 2412 656 2453 cesse
686 2408 765 2452 est
791 2417 820 2452 a
849 2401 1002 2453 alicui
1036 2402 1063 2453 ὁ
1092 2401 1286 2455 inesse.
1321 2401 1376 2455 Si
1413 2411 1590 2457 autem
1628 2415 1957 2471 supponatur
1983 2406 2080 2457 ali-

508 2489 592 2541 cui
622 2504 725 2542 non
759 2505 899 2552 esse,
930 2493 1114 2545 eadem
1138 2503 1289 2543 erunt
1313 2507 1429 2560 quae
1454 2493 1503 2545 in
1537 2492 1701 2559 prima
1735 2495 1915 2562 ﬁgura,
1949 2494 2081 2547 Ilur-

508 2594 622 2632 sum
654 2590 985 2648 supponatur
1006 2598 1037 2633 a
1068 2582 1222 2635 alicui
1248 2583 1276 2635 b
1306 2584 1499 2645 inesse,
1526 2601 1552 2637 c
1574 2596 1747 2639 autem
1772 2585 1899 2638 nulli
1932 2585 2077 2650 ιιι-ιι,

509 2682 730 2723 necesse
749 2679 830 2721 est
856 2671 1011 2737 igitur
1027 2687 1055 2723 ε
1077 2671 1230 2725 alicui
1258 2676 1289 2725 ὸ
1311 2689 1414 2727 non
1445 2674 1618 2729 inesse
1641 2692 1653 2739 ;
1679 2675 1770 2728 sed
1800 2677 1942 2729 omni
1974 2677 2084 2730 ine-

510 2772 611 2821 rat.
649 2778 814 2832 quare
841 2766 1026 2818 falsum
1059 2766 1198 2833 quod
1250 2768 1580 2836 suppositum
1608 2779 1706 2832 est,
1735 2769 1862 2820 nulli
1908 2768 2084 2835 ergob

511 2854 682 2907 inerat
709 2872 759 2908 α.
788 2856 1011 2922 Quando
1037 2866 1212 2912 autem
1246 2876 1349 2913 non
1372 2862 1517 2913 omni
1548 2861 1576 2913 ὁ
1613 2862 1749 2915 inest
1797 2879 1846 2928 a,
1891 2878 2085 2927 suppo-

513 2956 670 2997 natur
696 2946 840 2998 omni
882 2946 1089 3001 inesse:
1124 2964 1151 3001 ο
1190 2960 1367 3003 autem
1405 2951 1555 3011 nulli,
1597 2966 1816 3006 necesse
1849 2963 1927 3004 est
1957 2967 2087 3021 ergo

513 3052 538 3087 c
568 3037 695 3088 nulli
719 3037 745 3088 b
777 3038 968 3103 inesse,
1002 3039 1103 3092 hoc
1130 3050 1305 3093 autem
1336 3042 1683 3109 impossibile,
1715 3058 1879 3111 quare
1902 3059 2084 3099 verum

513 3136 597 3179 est
628 3142 731 3181 non
761 3130 905 3181 omni
935 3130 1129 3185 inesse.
1164 3133 1498 3188 Manifestum
1529 3150 1656 3203 ergo
1687 3137 1935 3203 quoniam
1970 3151 2084 3191 om-
2112 3128 2157 3190 C

515 3231 609 3271 nes
637 3219 925 3288 syllogismi
956 3221 1086 3275 ﬁunt
1115 3237 1213 3291 per
1251 3225 1476 3279 mediam
1502 3226 1744 3296 ﬁguram.

1101 3336 1324 3393 CAPUT
1356 3339 1489 3393 XIII.

660 3422 735 3477 De
761 3427 1045 3481 osteniione
1072 3444 1162 3496 per
1190 3430 1497 3501 impossibile
1527 3434 1576 3485 in
1608 3436 1754 3487 tertia
1784 3436 1969 3505 ﬁgura.

587 3524 847 3581 Similiter
882 3537 1059 3583 autem
1102 3538 1155 3583 et
1186 3546 1279 3599 per
1306 3533 1566 3586 ultimam.
1601 3534 1834 3590 Ponatur
1875 3537 2015 3593 enim
2058 3557 2089 3593 a

515 3613 673 3669 alicui
702 3616 729 3668 ὁ
756 3632 860 3672 non
893 3619 1089 3686 inesse,
1131 3637 1156 3672 c
1188 3631 1365 3676 autem
1396 3627 1538 3678 omni
1572 3628 1619 3689 Ι),
1656 3643 1787 3696 (τεο
1818 3646 1847 3680 a
1879 3630 2031 3683 alicui
2062 3647 2089 3683 c

516 3719 619 3758 non
652 3705 812 3760 inerit
836 3724 850 3771 ;
872 3708 916 3761 si
938 3723 1068 3778 ergo
1085 3710 1181 3764 hoc
1212 3714 1561 3782 impossibile,
1592 3717 1780 3771 falsum
1804 3719 1957 3774 alicui
1983 3737 2086 3775 non

516 3795 714 3862 inesse,
760 3814 923 3865 quare
954 3817 1136 3855 verum
1176 3815 1256 3857 est
1290 3808 1454 3860 omni.
1498 3808 1554 3864 Si
1598 3825 1722 3867 vero
1760 3824 2088 3880 supponatur

517 3889 645 3942 nulli
679 3891 874 3956 ineSSe,
907 3892 1247 3962 syllogismus
1269 3902 1480 3965 quidem
1510 3902 1631 3965 erit,
1657 3913 1709 3956 et
1737 3903 2083 3974 impossibile,

518 3992 622 4032 non
676 3981 913 4036 ostendit
955 3995 1129 4038 autem
1180 3986 1318 4053 quod
1365 3992 1690 4059 propositum
1721 4005 1829 4059 est;
1872 3995 1913 4048 si
1945 3996 2084 4050 enim

516 4073 838 4125 contrarium
871 4085 1217 4142 supponatur,
1252 4080 1436 4133 eadem
1483 4092 1641 4135 erunt
1668 4100 1787 4152 qua:
1817 4086 1867 4138 in
1903 4086 2084 4154 priori-

518 4162 636 4215 bus.
671 4163 775 4217 Sed
820 4166 885 4220 ad
917 4168 1301 4224 ostendendum
1348 4173 1503 4227 alicui
1534 4175 1731 4241 inesse,
1772 4179 1956 4232 eadem
1998 4194 2088 4233 su-

517 4256 706 4310 menda
733 4266 812 4311 est
854 4258 1180 4329 ltypotltesis,
1218 4278 1336 4317 nam
1367 4264 1463 4318 sia
1490 4267 1614 4320 nulli
1640 4268 1688 4332 b,
1722 4287 1748 4321 c
1774 4279 1951 4324 autem
1993 4246 2089 4324 ali-

516 4348 597 4400 cui
629 4348 679 4411 ὁ,
711 4367 741 4401 α
770 4366 872 4404 non
905 4353 1047 4405 omni
1073 4370 1133 4412 c:
1162 4357 1203 4406 si
1235 4370 1361 4424 ergo
1386 4356 1485 4410 hoc
1508 4357 1718 4421 falsum,
1748 4376 1932 4415 verum
1959 4374 2036 4415 est
2057 4379 2088 4415 a

516 4439 671 4493 alit-ui
705 4441 732 4494 ιι
758 4443 952 4498 inesse.
986 4444 1208 4511 Quando
1236 4457 1411 4502 autem
1442 4450 1571 4503 nulli
1594 4451 1621 4502 b
1650 4451 1787 4506 inest
1811 4471 1863 4517 α,
1892 4471 2089 4525 suppo-

517 4538 673 4584 natur
701 4532 857 4587 alicui
900 4534 1097 4600 inesse,
1132 4546 1400 4607 sumptum
1439 4540 1507 4593 sit
1544 4549 1719 4594 autem
1751 4552 1804 4596 et
1834 4561 1860 4594 c
1886 4548 2028 4598 omni
2059 4546 2088 4599 υ

516 4618 713 4687 inesse,
745 4638 871 4691 ergo
910 4640 1130 4681 necesse
1155 4637 1239 4683 est
1268 4644 1299 4681 a
1322 4630 1477 4697 alicui
1506 4647 1532 4683 c
1570 4631 1773 4693 inesse;
1819 4633 1914 4688 sed
1956 4637 2088 4691 nulli

516 4711 709 4782 inerat,
751 4730 914 4783 quare
945 4718 1130 4771 falsum
1171 4728 1254 4773 e~t
1284 4720 1444 4775 alicui
1476 4720 1503 4773 ὁ
1535 4722 1710 4776 inesse
1740 4740 1790 4775 a.
1824 4724 1878 4778 Si
1912 4736 2085 4781 autem

514 4814 844 4875 supponatur
869 4809 1011 4862 omni
1046 4813 1071 4862 b
1102 4811 1279 4866 inesse
1308 4829 1369 4875 a,
1394 4828 1496 4866 non
1528 4814 1826 4869 ostenditur
1851 4819 2091 4886 proposi-

515 4902 653 4949 tum:
688 4896 781 4950 scd
815 4897 880 4951 ad
913 4900 1298 4953 ostendendum
1338 4916 1441 4954 non
1472 4903 1616 4955 omni
1661 4904 1859 4970 inesse,
1902 4908 2088 4962 endem

513 4986 770 5041 sumenda
802 4987 1137 5059 Itypotltesis,
1167 5006 1287 5045 nam
1319 4992 1363 5045 si
1395 5008 1427 5044 a
1461 4998 1601 5047 omni
1629 4994 1678 5059 b,
1710 5005 1764 5049 et
1790 5012 1818 5053 c
1845 4998 2002 5052 alicui
2041 5002 2089 5064 b,

516 5095 544 5133 ιι
571 5078 710 5133 inest
735 5079 891 5134 alicui
916 5098 977 5147 c;
1011 5082 1110 5136 hoc
1133 5092 1307 5136 autem
1333 5099 1436 5139 non
1461 5085 1578 5151 fuit,
1602 5103 1767 5157 quare
1797 5089 1983 5143 falsum
2012 5099 2095 5144 est

516 5169 664 5224 omni
702 5171 900 5238 inesse,
938 5174 981 5226 si
1015 5181 1193 5227 autem
1226 5174 1326 5240 sic,
1350 5192 1536 5232 verum
1569 5194 1670 5231 non
1708 5180 1872 5233 omni.
1902 5179 1956 5235 Si
1993 5196 2091 5233 au-

518 5267 622 5312 tem
677 5276 1007 5330 supponatur
1054 5264 1213 5318 alicui
1246 5265 1443 5336 inesse,
1487 5269 1673 5325 eadem
1706 5280 1863 5325 erunt
1890 5285 2010 5340 qua:
2039 5282 2093 5326 et

515 5351 567 5404 in
599 5352 661 5406 iis
703 5370 822 5424 qua:
854 5357 998 5424 prius
1040 5357 1179 5414 dicta
1221 5370 1367 5415 sunt.
1412 5362 1746 5417 Manifestum
1792 5380 1919 5432 ergo
1955 5380 2087 5432 quo-

514 5451 657 5505 niam
688 5452 739 5507 in
776 5454 1022 5508 omnibus
1082 5470 1176 5523 per
1214 5456 1543 5525 impossibile
1572 5459 1895 5529 syllogismis
1926 5474 2090 5527 oppo-

513 5542 673 5597 situm
720 5548 1145 5615 supponendum.
1198 5549 1377 5603 Palam
1425 5558 1603 5605 autem
1649 5560 1701 5605 et
1742 5551 1990 5619 quoniam
2040 5552 2089 5604 itt

513 5637 689 5694 media
726 5637 891 5709 ﬁgura
936 5642 1234 5698 o~tenditur
1262 5642 1657 5712 quodammodo
1694 5642 2089 5700 aiﬁrmativutn.

514 5734 569 5782 et
589 5728 639 5783 in
672 5742 937 5799 postrema
963 5732 1282 5787 universale.

2176 1880 2432 1950 possibile
2452 1879 2853 1945 monstrabitur,
2876 1888 2930 1933 et
2948 1894 3066 1949 qua:
3108 1894 3201 1947 per
3222 1879 3550 1946 impossibile
3572 1888 3757 1931 osten-

2177 1974 2311 2037 sive,
2340 1981 2392 2027 et
2431 1987 2524 2036 per
2554 1972 2771 2026 eosdem
2802 1973 3057 2025 terminos
3080 2012 3094 2037 ,
3121 1986 3227 2025 non
3271 1979 3445 2023 autem
3471 1971 3523 2023 in
3546 1970 3752 2023 eisdem

2178 2067 2379 2137 ﬁguris.
2424 2066 2553 2120 Nam
2595 2066 2807 2136 quando
2845 2081 2937 2133 per
2974 2064 3303 2132 impossibile
3328 2063 3670 2133 syllogismus
3698 2062 3758 2115 ﬁt

2180 2161 2230 2213 in
2263 2158 2431 2229 prima
2464 2158 2658 2223 ﬁgura.
2697 2157 2835 2225 quod
2872 2150 3055 2209 verum
3086 2163 3169 2207 est
3208 2156 3255 2206 in
3311 2153 3481 2206 media
3511 2153 3637 2215 erit,
3666 2160 3761 2206 aut

2179 2250 2232 2302 in
2267 2260 2534 2316 postrema
2559 2291 2574 2313 ,
2608 2250 2922 2317 privativum
2954 2249 3169 2317 quidem
3210 2247 3261 2300 iu
3304 2247 3476 2301 media
3502 2290 3515 2310 ,
3558 2244 3758 2312 prmdi-

2177 2340 2409 2393 cativum
2449 2348 2625 2391 autem
2676 2340 2727 2391 in
2771 2326 3059 2407 postrema.
3106 2336 3331 2402 Quando
3371 2343 3549 2389 autent
3592 2334 3757 2404 syllo-

2180 2433 2380 2499 gismus
2413 2431 2465 2483 in
2502 2430 2673 2484 media
2704 2429 2759 2482 ﬁt
2786 2469 2802 2494 ,
2825 2428 2966 2499 quod
2994 2444 3179 2482 verum
3232 2436 3315 2482 est
3359 2431 3461 2481 erit
3502 2427 3555 2479 in
3587 2427 3756 2493 prima

2185 2524 2347 2592 ﬁgura
2377 2525 2429 2577 in
2459 2523 2709 2577 omnibus
2736 2520 3220 2591 prepositionibus,
3251 2518 3464 2587 quando
3495 2518 3674 2570 autem
3700 2518 3757 2570 in

2183 2624 2446 2684 postrema
2471 2615 2807 2688 syllogismus
2831 2654 2845 2679 ,
2875 2612 3015 2682 quod
3039 2626 3220 2666 verum
3245 2619 3329 2665 est
3366 2611 3467 2663 erit
3507 2609 3562 2663 in
3588 2610 3761 2678 prima

2182 2720 2236 2765 et
2265 2711 2318 2763 in
2349 2710 2519 2763 media
2548 2751 2562 2774 ,
2602 2708 2917 2762 afﬁrmativa
2953 2706 3168 2775 quidem
3193 2705 3243 2759 in
3278 2703 3469 2772 prima,
3497 2702 3759 2771 privativa

2184 2810 2359 2856 autem
2399 2802 2452 2856 in
2495 2802 2688 2855 media.
2733 2800 2812 2855 Sit
2841 2801 2980 2853 enim
3011 2806 3286 2852 ostensum
3315 2813 3347 2848 a
3376 2795 3502 2848 nulli
3532 2803 3625 2847 aut
3654 2809 3761 2847 non

2185 2894 2329 2946 omni
2358 2892 2385 2945 ιι
2417 2907 2511 2961 per
2535 2892 2760 2960 primam
2785 2891 3025 2959 ﬁguram,
3056 2901 3184 2956 ergo
3207 2885 3516 2956 hypetlicsis
3540 2882 3761 2952 quidem

2186 2995 2300 3038 erat
2328 2984 2486 3037 alicui
2516 2984 2545 3035 b
2572 2983 2751 3035 inesse
2787 2997 2839 3044 α,
2881 2995 2908 3032 c
2945 2990 3118 3031 autem
3155 2977 3464 3031 sumebatur
3486 2991 3518 3027 α
3548 2972 3761 3041 quidem

2187 3076 2329 3129 omni
2359 3076 2555 3139 inesse,
2575 3074 2611 3145 _b
2642 3084 2819 3126 autem
2844 3070 2973 3125 nulli
3000 3113 3015 3138 ,
3049 3071 3126 3123 sic
3160 3069 3301 3122 enim
3329 3067 3487 3121 ﬁebat
3515 3065 3764 3135 syllogis-

2191 3182 2307 3220 mus
2335 3166 2400 3218 ad
2439 3162 2789 3233 impossibile.
2833 3161 2941 3215 lloc
2969 3169 3143 3214 autem
3176 3155 3577 3224 mediaﬁgura,
3611 3156 3706 3207 sic
3730 3169 3765 3204 a

2189 3260 2402 3330 quidem
2435 3258 2598 3318 omni.
2634 3256 2662 3309 b
2692 3265 2868 3307 autem
2898 3252 3026 3306 nulli
3054 3252 3223 3313 inest,
3249 3257 3304 3302 et
3333 3248 3675 3301 manifestum
3696 3259 3765 3297 ex

2190 3353 2272 3405 bis
2314 3350 2562 3420 quoniam
2609 3348 2636 3401 ὸ
2686 3346 2814 3400 nulli
2861 3346 3093 3398 inest'a.
3141 3340 3399 3415 Similiter
3426 3347 3605 3391 autem
3637 3349 3685 3389 et
3717 3336 3765 3389 si

2190 3455 2293 3493 non
2322 3440 2465 3493 omni
2496 3428 2769 3490 ostensum
2800 3433 2870 3485 sit
2909 3432 3118 3493 inesse,
3147 3444 3269 3483 nam
3303 3428 3618 3498 liy'potliesis
3644 3426 3764 3493 qui-

2189 3534 2308 3588 dem
2341 3542 2424 3587 est
2447 3530 2643 3584 omnia
2675 3546 2707 3581 α
2737 3529 2945 3591 inesse,
2988 3543 3015 3577 c
3045 3534 3220 3576 autem
3252 3520 3559 3574 sumebatur
3586 3536 3616 3570 a
3645 3518 3764 3585 qni-

2190 3625 2311 3679 dem
2364 3623 2544 3689 omni,
2587 3622 2615 3674 b
2664 3629 2838 3673 autem
2890 3632 2992 3671 non
3032 3616 3206 3676 omni,
3248 3623 3301 3667 et
3331 3613 3373 3665 si
3408 3612 3665 3679 privativa
3695 3610 3765 3663 sit

2189 3725 2398 3786 sumpta
2429 3733 2455 3768 c
2495 3732 2546 3784 (ι,
2591 3712 2834 3767 similiter
2866 3710 3061 3763 etenim
3094 3709 3170 3760 sic
3201 3706 3259 3758 ﬁt
3285 3708 3334 3758 in
3366 3704 3541 3758 inedia
3574 3704 3761 3771 ﬁgura.

2192 3808 2420 3862 Rursum
2467 3805 2537 3860 sit
2558 3814 2829 3858 ostensum
2871 3799 3027 3853 alicui
3074 3799 3100 3850 ὁ
3144 3799 3321 3850 inesse
3349 3810 3555 3862 a,ergu
3590 3796 3759 3864 hypo-

2192 3898 2354 3951 thesis
2384 3896 2599 3965 quidem
2653 3902 2734 3947 cst
2781 3890 2912 3945 nulli
2958 3890 3132 3943 inesse
3153 3932 3165 3953 ,
3197 3888 3225 3939 b
3248 3897 3422 3939 autem
3454 3884 3766 3937 sumebatur

2190 3992 2333 4046 omni
2379 4006 2406 4042 c
2448 3988 2645 4051 inesse,
2676 3996 2729 4039 et
2756 4003 2787 4039 a
2812 3985 2896 4039 vel
2934 3983 3078 4037 omni
3120 3980 3201 4034 vel
3243 3979 3400 4032 a'icui
3437 3994 3485 4043 ε,
3518 3977 3595 4029 sic
3620 3977 3761 4028 enim

2189 4085 2292 4141 erit
2334 4078 2684 4151 impossibile.
2742 4078 2854 4131 lloc
2881 4085 3057 4130 autem
3085 4081 3348 4143 postrema
3375 4070 3561 4138 ﬁgura,
3588 4068 3629 4119 si
3656 4083 3688 4118 a
3716 4075 3764 4119 et

2190 4177 2223 4229 b
2247 4176 2393 4230 omni
2440 4191 2499 4238 ι’,
2532 4182 2582 4225 et
2621 4170 2959 4224 manifestum
2990 4182 3055 4220 ex
3090 4166 3171 4217 bis
3202 4164 3323 4233 quia
3354 4174 3577 4213 neevsse
3622 4166 3702 4210 cst
3735 4174 3764 4208 a

2191 4268 2348 4322 alicui
2381 4266 2409 4319 b
2434 4267 2629 4327 inesse,
2661 4261 2907 4315 similiter
2940 4270 3115 4311 autem
3146 4257 3261 4310 etsi
3291 4252 3445 4306 alicui
3473 4267 3499 4303 c
3521 4258 3763 4304 sumatur

2194 4361 2370 4425 inesse
2401 4359 2427 4409 b
2460 4358 2540 4410 vel
2567 4372 2616 4407 a.
2663 4354 2889 4406 llursum
2924 4352 2974 4405 in
3005 4350 3176 4403 media
3210 4348 3371 4416 ﬁgura
3401 4353 3675 4398 ostensum
3697 4341 3766 4393 sit

2191 4467 2221 4502 a
2252 4449 2396 4503 omni
2427 4450 2453 4500 b
2484 4450 2656 4500 inesse
2676 4485 2689 4509 ,
2738 4458 2870 4512 ergo
2916 4439 3224 4510 bypotltesis
3254 4438 3464 4505 quidem
3494 4432 3620 4497 fuit,
3656 4445 3759 4484 non

2194 4539 2338 4595 omni
2372 4539 2398 4590 b
2435 4538 2613 4590 inesse
2641 4553 2691 4601 a,
2721 4542 2989 4600 Sumptum
3030 4539 3112 4585 est
3150 4539 3322 4582 autem
3354 4545 3383 4578 ιι
3414 4524 3559 4577 omni
3587 4539 3637 4584 c,
3667 4532 3715 4574 et
3744 4534 3768 4573 ο

2196 4634 2338 4687 omni
2362 4630 2411 4693 b,
2440 4630 2517 4682 sic
2553 4629 2694 4682 enim
2725 4627 2829 4680 eri’t
2871 4622 3225 4690 impossibile;
3273 4619 3372 4671 hoc
3392 4626 3569 4669 autem
3604 4614 3768 4681 prima

2198 4723 2384 4790 ﬁgura,
2415 4719 2458 4772 si
2488 4736 2518 4771 a
2543 4718 2684 4769 omni
2714 4733 2761 4778 ε,
2792 4727 2846 4769 et
2884 4732 2908 4766 ιτ
2945 4714 3088 4765 omni
3121 4711 3170 4763 ὁ.
3225 4708 3480 4763 Simi:iter
3510 4716 3689 4758 autem
3720 4713 3769 4755 ct

2198 4813 2242 4867 si
2264 4820 2536 4865 ostensum
2563 4809 2634 4861 sit
2657 4807 2811 4860 alicui
2841 4808 3036 4865 inesse,
3068 4816 3189 4855 nam
3218 4796 3530 4869 Itypothesis
3556 4796 3769 4863 quidem

2202 4902 2322 4967 fuit,
2357 4900 2488 4953 nulli
2520 4902 2546 4952 b
2579 4899 2755 4952 inesse
2783 4914 2837 4961 a,
2866 4904 3132 4961 sumptum
3161 4899 3245 4945 est
3269 4897 3444 4940 autem
3475 4901 3507 4972 ιι
3546 4887 3691 4938 οιιιιιι
3725 4900 3770 4940 ιτ,

2197 5005 2254 5052 et
2281 5013 2307 5049 c
2343 4994 2501 5049 alicui
2545 4993 2595 5048 ὁ.
2653 4993 2710 5046 Si
2740 5001 2933 5051 autem
2977 4986 3268 5053 privativus
3309 4983 3366 5034 lit
3404 4980 3769 5050 syllogismus,

2202 5087 2517 5159 liypmbcsis
2566 5082 2780 5154 quidem
2826 5097 2857 5132 a
2902 5077 3058 5132 alicui
3085 5078 3113 5129 b
3142 5078 3317 5129 inesse
3336 5114 3349 5137 ,
3381 5080 3659 5139 sumptum
3689 5081 3771 5123 est

2196 5191 2372 5235 autem
2404 5198 2433 5231 a
2462 5178 2590 5232 nulli
2622 5192 2669 5244 ε,
2700 5185 2802 5227 etc
2826 5172 2970 5227 omni
3001 5172 3052 5234 b,
3084 5184 3248 5238 quare
3287 5166 3346 5220 ﬁt
3385 5166 3551 5233 prima
3581 5163 3771 5231 ﬁgura.

2201 5275 2266 5327 Et
2295 5273 2338 5327 si
2375 5289 2479 5325 non
2517 5265 2839 5323 universalis
2869 5266 2938 5317 sit
2965 5262 3299 5333 syllogismus
3320 5299 3333 5322 ,
3371 5255 3463 5310 sed
3493 5272 3525 5307 a
3555 5252 3716 5307 alicui
3742 5253 3770 5305 b

2196 5376 2471 5419 ostensum
2521 5364 2589 5414 sit
2629 5375 2733 5413 non
2767 5360 2962 5422 inesse,
2995 5355 3275 5407 similiter:
3306 5364 3428 5405 nam
3458 5348 3773 5420 ltypotltesis

2195 5456 2405 5525 quidem
2441 5453 2585 5506 otnni
2623 5454 2647 5503 b
2674 5452 2761 5503 ine
2794 5464 2849 5501 se
2880 5464 2929 5512 τι,
2963 5454 3229 5513 sumptum
3257 5454 3339 5496 est
3378 5453 3556 5493 autem
3585 5456 3615 5489 α
3646 5438 3771 5492 nulli

2195 5565 2242 5611 τ,
2277 5558 2330 5600 et
2378 5563 2403 5597 c
2446 5544 2602 5597 alicui
2645 5542 2692 5605 ὁ,
2738 5540 2815 5593 sic
2844 5538 2985 5591 enim
3014 5538 3181 5605 prima
3212 5536 3395 5603 ﬁgura.
3461 5534 3692 5583 llursum
3721 5528 3773 5581 in

2200 5648 2281 5693 ter
2307 5638 2354 5691 ia
2387 5640 2551 5705 ﬁgura
2585 5642 2857 5688 ostensum
2887 5627 2957 5683 sit
2985 5645 3016 5680 a
3047 5627 3223 5681 inesse
3249 5623 3394 5677 omni
3425 5623 3484 5687 ὁ,
3517 5636 3648 5690 ergo
3681 5623 3774 5689 by-

2198 5730 2437 5799 potlie-is
2465 5728 2674 5797 quidem
2717 5724 2811 5777 fuit
2844 5737 2945 5775 non
2994 5719 3137 5775 omni
3164 5718 3192 5771 ι
3227 5718 3403 5773 inesse
3428 5731 3480 5780 ιι,
3509 5725 3774 5783 sumptum
