4112 6332
307 325 406 379 70!

953 319 1256 377 PRIORUM
1298 318 1833 376 ANALYTICORUM
1877 317 2337 378 ARISTOTELIS
2375 320 2944 378 INTEBPRETATIO.

3468 324 3573 379 703

304 454 387 498 est
416 448 596 495 autem
626 455 654 492 c
682 436 824 491 omni
854 436 903 506 ὁ,
947 443 1003 492 ει
1026 453 1060 489 a
1087 436 1230 490 omni
1264 452 1290 489 c
1313 478 1327 501 ,
1381 436 1456 490 sic
1482 435 1624 489 enim
1658 434 1763 490 erit
1787 435 1887 488 im-
1914 435 1961 493 Α
1990 443 2170 489 autem
2199 450 2225 487 a
2261 436 2439 503 priore
2472 438 2524 491 in
2562 438 2802 494 terminis
2829 439 3095 506 converti,
3119 453 3239 493 nam
3273 440 3415 509 prius
3452 440 3571 509 qui-

305 533 601 603 possibile,
650 529 751 584 hoc
780 539 958 584 autem
987 529 1155 598 prima
1188 528 1377 599 ﬁgura.
1419 528 1677 583 Similiter
1705 536 1882 581 autem

304 625 428 681 etsi
458 624 510 677 in
540 623 721 691 aliquo
742 622 812 674 sit
838 621 1262 685 demonstratio,
1293 635 1395 673 non
1423 619 1735 689 bypothesis
1764 618 1884 685 qui-

302 717 430 772 dem
461 716 561 771 erit
583 714 719 769 nulli
747 714 774 767 b
800 715 1047 778 inessea,
1076 721 1344 782 sumptum
1368 721 1449 767 est
1471 724 1647 766 autem
1675 729 1703 765 c
1731 712 1884 765 a'icui

302 808 357 874 ὁ,
389 816 443 861 et
463 825 495 860 α
523 806 669 860 omni
705 822 754 859 c.
796 806 855 861 Si
887 816 1065 859 autem
1100 804 1400 874 privativus
1425 804 1495 858 sit
1525 804 1637 874 sylli
1660 803 1883 873 gismus,

304 898 624 969 hypotbesis
671 896 887 966 quidem
938 912 971 948 a
1010 896 1165 949 alicui
1195 896 1224 949 b
1259 896 1463 960 inesse,
1505 902 1775 962 sumptum
1805 902 1888 948 est

299 998 482 1043 autem
528 1005 554 1041 c
583 1004 615 1040 α
642 986 857 1057 quidem
886 987 1020 1041 nulli
1045 1027 1061 1052 ,
1108 987 1135 1040 b
1159 994 1333 1039 autem
1363 984 1546 1050 omni,
1578 984 1682 1039 hoc
1709 993 1887 1039 autem

303 1078 481 1133 media
515 1078 701 1148 ﬁgura.
744 1076 1007 1132 Similiter
1052 1085 1229 1130 autem
1269 1086 1320 1129 et
1351 1075 1395 1129 si
1423 1089 1530 1129 non
1570 1075 1887 1129 universalis

300 1168 375 1222 sit
402 1167 792 1222 demonstratio
816 1208 832 1231 ,
863 1181 983 1221 nam
1030 1165 1341 1236 hypothesis
1363 1164 1578 1235 quidem
1611 1167 1712 1220 erit
1741 1164 1886 1219 omni

301 1262 330 1313 ο
382 1260 561 1315 inesse
587 1275 619 1312 a
640 1300 654 1323 ,
685 1267 955 1328 sumptum
986 1267 1068 1312 est
1096 1268 1273 1311 autem
1321 1274 1347 1309 c
1386 1273 1417 1308 a
1448 1256 1661 1326 quidem
1709 1255 1838 1309 nulli
1869 1297 1884 1322 ,

298 1336 329 1406 ὁ
370 1364 551 1408 autem
585 1352 743 1406 alicui
776 1391 790 1416 ,
824 1354 924 1405 hoc
953 1360 1130 1405 autem
1177 1350 1347 1403 media
1398 1349 1583 1417 ﬁgura.
1641 1347 1888 1402 Manifes-

300 1454 414 1498 tum
475 1456 603 1513 ergo
636 1443 884 1513 quoniam
917 1456 1014 1511 per
1047 1441 1262 1495 eosdem
1322 1439 1579 1493 terminos
1606 1447 1661 1492 et
1706 1445 1888 1491 osten‘

298 1535 417 1591 sive
468 1545 554 1590 est
603 1533 973 1589 demonstrare
1029 1532 1441 1601 unumquodque
1512 1530 1885 1599 propositum,

298 1637 356 1683 ct
403 1640 501 1697 per
548 1625 898 1694 impossibile.
956 1624 1213 1680 Similiter
1259 1631 1434 1676 antem
1485 1629 1627 1685 ert,
1673 1629 1885 1675 etcum

299 1719 411 1772 sint
444 1716 702 1771 ostensivi
739 1715 1050 1785 syllogismi.
1088 1715 1151 1767 ad
1182 1711 1510 1781 impossibile
1536 1710 1800 1765 deducere
1832 1710 1885 1765 in

1990 524 2112 579 dem
2139 524 2201 579 ad
2247 527 2293 592 b,
2338 530 2485 581 nunc
2531 537 2707 583 autem
2743 530 2806 583 ad
2838 546 2864 583 ο
2897 530 3293 585 afﬁrmativum.
3336 532 3400 585 Et
3429 531 3472 586 si
3498 534 3568 588 sit

1989 633 2095 670 non
2142 617 2461 673 universalis
2499 619 2664 674 altera
2693 622 3005 690 propositio,
3043 623 3322 686 similiter;
3356 638 3568 691 semper

1987 710 2130 763 enim
2163 710 2397 764 medium
2429 718 2511 765 est
2533 750 2547 776 ,
2596 713 2736 780 quod
2785 714 2851 765 ab
2889 717 3056 767 altero
3084 713 3296 782 quidem
3324 716 3579 782 negatire.

1987 801 2200 866 dicitur,
2233 800 2301 856 de
2346 802 2515 856 altero
2568 818 2692 856 vero
2722 803 3060 860 alﬁrmative.
3110 805 3284 872 Quare
3307 805 3567 871 contingit

1987 894 2232 961 opposita
2261 893 2475 962 quidem
2510 893 2689 961 perlici
2717 937 2730 960 ,
2780 911 2884 948 non
2922 904 3100 950 autem
3130 912 3366 965 semper.
3396 912 3569 965 neque

1987 986 2227 1049 omnino,
2262 986 2355 1040 sed
2386 986 2464 1040 sic
2491 1001 2551 1040 se
2572 984 2825 1050 habeant,
2857 1001 2975 1055 qua:
3001 996 3126 1041 sunt
3151 988 3251 1042 sub
3278 988 3474 1053 medio,
3510 995 3567 1040 ut

1986 1078 2071 1129 vel
2104 1075 2291 1131 eadem
2333 1077 2442 1129 sint
2467 1116 2482 1141 ,
2530 1076 2611 1130 vel
2646 1084 2811 1131 totum
2839 1077 2903 1130 ad
2932 1085 3171 1146 partem;
3206 1078 3359 1133 aliter
3388 1087 3564 1132 autem
3606 1088 3613 1095 '

1988 1166 2338 1236 impossibile,
2373 1182 2477 1221 non
2510 1168 2652 1223 enim
2693 1178 2853 1223 erunt
2883 1169 3279 1238 propositiones
3321 1171 3566 1224 ullomo-

1986 1257 2078 1323 do,
2104 1272 2277 1328 neque
2303 1257 2608 1325 contrarias,
2640 1273 2813 1328 neque
2841 1259 3121 1328 oppositae.

2561 1371 2787 1426 CAPUT
2830 1370 2991 1425 XVII.

2168 1458 2243 1512 De
2272 1460 2567 1530 syllogismo
2601 1477 2660 1514 ex
2682 1463 2924 1531 oppositis
2948 1463 3001 1515 in
3027 1462 3175 1515 tertia
3202 1463 3385 1531 ﬁgura.

2060 1552 2114 1605 In
2131 1555 2287 1605 tertia
2308 1567 2436 1606 vero
2457 1554 2622 1621 ligura
2637 1553 2985 1611 allirmativns
2996 1551 3212 1621 quidem
3226 1554 3566 1623 syllogismus

1986 1656 2254 1709 nunquam
2301 1643 2516 1697 erit-ex
2571 1644 2829 1710 oppositis
2873 1642 3320 1710 propositionibus
3351 1653 3565 1711 propter

1986 1746 2202 1785 causam
2231 1732 2426 1787 dictam
2446 1773 2460 1797 ,
2494 1742 2548 1788 et
2578 1734 2627 1787 in
2659 1734 2822 1801 prima
2851 1733 3034 1801 ﬁgura.
3075 1733 3359 1802 Negativus
3387 1744 3563 1788 autem

299 1806 550 1861 terminis
598 1805 824 1875 sumptis
846 1846 862 1871 ,
916 1804 1131 1874 quando
1162 1804 1402 1872 opposita
1434 1802 1731 1872 propositio
1760 1816 1884 1855 con-

1990 1824 2089 1878 erit
2116 1825 2484 1895 syllogismus,
2511 1835 2565 1879 et
2591 1826 3011 1889 universalihns,
3043 1835 3097 1880 et
3124 1841 3227 1880 non
3255 1826 3567 1879 universali-

295 1897 529 1955 clusioni
577 1908 786 1966 sumpta
838 1896 1033 1961 fuerit,
1086 1910 1207 1948 nam
1231 1896 1367 1945 ﬁunt
1395 1892 1553 1946 iidem
1583 1891 1878 1962 syllogismi

298 1988 365 2041 iis
393 1990 484 2057 qui
517 1995 641 2042 sunt
689 2001 785 2055 per
827 1986 1236 2039 conversimiem
1262 2026 1277 2050 ,
1314 1999 1481 2053 quare
1508 1974 1686 2038 Statim
1718 1981 1880 2036 habe-

296 2093 420 2132 mus
448 2087 501 2133 et
546 2078 740 2147 ﬁguras
770 2092 866 2146 per
907 2090 1037 2147 quas
1076 2075 1488 2146 unumquodque
1528 2076 1651 2129 erit.
1700 2074 1878 2127 Palam

294 2184 425 2238 ergo
488 2170 737 2238 quoniam
796 2183 957 2222 omne
1031 2168 1359 2238 propositum
1427 2165 1724 2220 ostenditur
1786 2180 1881 2234 per

295 2273 555 2331 utrosque
587 2262 775 2315 modos
804 2270 857 2315 et
899 2275 996 2329 per
1038 2260 1369 2327 impossibile
1414 2268 1467 2311 et
1505 2259 1795 2322 ostensivc,
1827 2267 1881 2312 et

297 2366 405 2406 non
437 2350 693 2420 contingit
727 2351 965 2420 separari
997 2350 1227 2403 alterum
1259 2348 1327 2402 ab
1354 2347 1541 2403 altero.

901 2453 1126 2508 CAPUT
1169 2452 1284 2507 XV.

650 2548 725 2601 De
758 2548 1146 2602 ratiocinatione
1171 2563 1233 2601 (at
1263 2547 1527 2617 appositis.

368 2640 427 2694 ln
457 2655 559 2710 qua
591 2652 768 2695 autem
805 2642 970 2710 ﬁgura
999 2650 1079 2693 est
1106 2654 1172 2694 ex
1212 2639 1471 2707 oppositis
1504 2636 1881 2707 propositioni-

295 2732 398 2784 bus
444 2729 784 2800 syllogizare,
824 2740 879 2784 et
926 2729 979 2783 in
1006 2744 1108 2798 qua
1140 2744 1245 2783 non
1276 2738 1393 2793 est,
1424 2728 1500 2781 sic
1524 2728 1627 2782 erit
1651 2728 1880 2784 manife-

294 2830 459 2874 stum.
503 2819 635 2874 Dico
661 2832 841 2875 autem
891 2821 1167 2889 Oppositas
1191 2833 1311 2873 esse
1338 2818 1751 2888 propositiones,
1797 2832 1883 2873 se-

291 2915 532 2968 cundum
555 2914 878 2968 locutionem
899 2913 1113 2982 quidem
1136 2922 1389 2982 quatuor,
1415 2920 1473 2966 ut
1489 2911 1631 2965 omni
1654 2919 1707 2965 et
1730 2910 1882 2976 nulli,

293 3016 351 3060 et
390 3006 538 3060 omni
579 3017 633 3061 et
664 3020 770 3060 non
806 3005 951 3060 omni
973 3046 987 3070 ,
1042 3015 1093 3059 et
1124 3005 1282 3059 alicui
1314 3014 1366 3057 et
1397 3004 1551 3068 nulli,
1577 3012 1630 3056 et
1650 3003 1803 3056 alicui
1830 3012 1885 3057 et

295 3115 403 3153 non
434 3099 593 3154 alicui
626 3100 834 3166 inesse;
883 3098 1176 3154 secundum
1218 3098 1496 3153 veritatem
1539 3107 1717 3152 autem
1750 3106 1881 3165 tres,

1986 1915 2083 1970 bus
2113 1916 2375 1969 terminis.
2427 1916 2505 1968 Sit
2534 1916 2674 1968 enim
2705 1916 2981 1983 disciplina
3010 1916 3061 1967 in
3091 1910 3196 1984 quo
3229 1916 3256 1968 b
3285 1925 3337 1969 et
3368 1931 3416 1981 ε,
3450 1928 3565 1967 me-

1984 2005 2159 2061 dicina
2187 2015 2362 2061 antem
2395 2006 2446 2059 in
2475 2022 2579 2075 quo
2604 2023 2670 2071 a;
2699 2009 2742 2058 si
2775 2021 2901 2073 ergo
2931 2016 3106 2060 sumat
3154 2020 3367 2059 omnem
3397 2005 3565 2059 medi-

1984 2099 2029 2152 ci
2058 2116 2157 2152 .am
2199 2098 2578 2167 disciplinam,
2630 2108 2683 2152 et
2727 2100 2920 2152 nullam
2961 2099 3279 2151 medicinam
3324 2098 3563 2166 discipli-

1985 2206 2129 2258 nam,
2155 2192 2182 2243 b
2202 2191 2346 2244 omni
2375 2208 2405 2243 a
2433 2191 2681 2258 sumpsit,
2706 2198 2811 2243 etc
2834 2190 2960 2243 nulli
2987 2207 3038 2249 a,
3071 2204 3234 2257 quare
3263 2190 3367 2243 erit
3389 2190 3561 2257 aliqua

1982 2282 2264 2350 disciplina
2296 2298 2398 2334 non
2431 2282 2730 2349 disciplina.
2782 2281 3045 2335 Similiter
3081 2288 3257 2333 autem
3298 2291 3349 2335 ει
3376 2283 3421 2333 si
3456 2295 3560 2334 non

1983 2373 2356 2426 nnivcrsaliter
2406 2381 2619 2447 sumpta
2666 2372 2737 2425 sit
2783 2372 2870 2424 ab
2921 2371 3235 2441 propositio,
3269 2370 3459 2423 nam’si
3482 2378 3565 2424 est

1982 2467 2158 2535 aliqua
2189 2466 2449 2519 medicina
2479 2464 2782 2531 disciplina,
2816 2475 2870 2517 ct
2892 2478 3101 2519 rursum
3130 2465 3269 2515 nulla
3300 2464 3560 2517 medicina

1978 2555 2295 2625 disciplina,
2341 2554 2538 2608 accidit
2565 2553 2903 2621 disciplinain
2940 2553 3169 2621 aliquam
3200 2569 3304 2606 non
3335 2567 3454 2607 csse
3482 2553 3564 2606 di-

1981 2645 2284 2714 sciplinatn.
2326 2646 2464 2698 Sunt
2490 2651 2668 2697 autem
2694 2641 3069 2696 universaliter
3097 2642 3310 2709 quidem
3337 2644 3562 2708 sumptis

1985 2739 2225 2794 terminis
2275 2739 2555 2793 contraria:
2586 2736 3012 2805 propositioiies,
3051 2718 3094 2786 si
3123 2743 3298 2787 autem
3334 2733 3562 2800 particu-

1986 2833 2113 2887 laris
2140 2831 2309 2885 altera
2339 2831 2443 2897 sit,
2470 2830 2753 2899 oppositm.
2803 2828 3026 2896 Oportet
3055 2837 3232 2878 autem
3263 2826 3401 2878 scire
3430 2838 3563 2892 quo-

1985 2923 2127 2977 niam
2173 2922 2430 2991 contingit
2469 2920 2713 2989 opposita
2757 2920 2835 2974 sic
2875 2932 3087 2972 sui-ere
3113 2916 3560 2986 quemadmodum

1983 3014 2239 3079 diximus,
2264 3027 2475 3067 omnem
2504 3012 2838 3079 disciplinam
2866 3008 3158 3069 studiosam
3187 3021 3327 3071 esse,
3363 3016 3417 3059 et
3447 3022 3563 3059 rur-

1987 3124 2103 3163 sum
2150 3107 2353 3161 nullani
2398 3115 2488 3159 aut
2534 3105 2760 3172 aliquam
2803 3119 2906 3155 non
2936 3116 3057 3157 esse
3078 3100 3394 3165 studiosam,
3424 3098 3563 3166 quod

296 3205 419 3244 nam
465 3189 618 3244 alicui
666 3202 720 3244 et
766 3204 874 3244 non
906 3189 1067 3243 alicui
1107 3188 1399 3243 secundum
1433 3187 1753 3243 locutionem
1781 3201 1879 3255 op-

1990 3214 2093 3252 non
2117 3200 2252 3252 solet
2283 3197 2449 3249 intrre
2473 3212 2487 3261 ;
2516 3196 2611 3250 erit
2636 3203 2812 3248 autem
2838 3208 2932 3261 per
2960 3193 3091 3245 alias
3119 3191 3565 3257 interrogationes

298 3293 568 3349 ponuntur
605 3283 819 3347 solum;
863 3282 1050 3336 harum
1089 3291 1267 3336 autem
1310 3282 1605 3335 Contrarias
1659 3279 1874 3348 quidem

298 3374 648 3438 universales,
703 3372 847 3427 omni
877 3373 1006 3427 nulli
1048 3373 1224 3426 inesse
1249 3412 1264 3436 ,
1315 3380 1373 3425 ut
1401 3386 1613 3424 omnem
1644 3367 1880 3437 discipli-

297 3482 419 3520 nain
460 3481 581 3522 esse
616 3466 949 3531 studiosam,
998 3464 1194 3520 nu‘lam
1236 3478 1355 3519 esse
1384 3464 1699 3527 studiosam,
1745 3462 1879 3516 alias

298 3572 429 3612 vero
460 3558 754 3627 oppositas.
797 3556 852 3611 ln
881 3557 1049 3626 prima
1080 3556 1238 3625 igitur
1269 3555 1431 3623 ﬁgura
1455 3571 1559 3608 non
1585 3562 1667 3608 est
1694 3569 1758 3609 ex
1782 3567 1880 3622 op-

299 3651 489 3720 positis
536 3650 991 3719 propositionibus
1038 3649 1377 3720 syllogismus
1400 3691 1413 3711 ,
1444 3663 1615 3715 neque
1642 3649 1881 3701 afﬁrma—

298 3742 470 3807 tivus,
524 3757 696 3811 neque
738 3741 1045 3811 negativus;
1087 3741 1439 3794 allirinativus
1466 3739 1715 3809 quidem,
1754 3751 1883 3807 quo-

301 3835 441 3888 niam
464 3844 674 3903 oportet
697 3845 947 3901 utrasque
965 3833 1309 3886 al’lirmativas
1330 3846 1448 3885 esse
1472 3831 1881 3901 propositiones,

303 3926 563 3994 opposite
599 3935 777 3980 autem
801 3925 1087 3979 allirmatio
1117 3934 1172 3979 et
1198 3924 1447 3993 negatio;
1482 3916 1767 3990 privat-ivus
1792 3937 1886 3975 au-

300 4025 435 4081 tem,
462 4017 710 4084 quoniam
738 4016 998 4085 opposita:
1022 4015 1236 4085 quidem
1270 4014 1407 4070 idem
1440 4014 1504 4068 de
1532 4014 1721 4068 eodem
1752 4028 1888 4080 pra:-

298 4108 481 4161 dicant
532 4118 585 4163 et
624 4116 838 4176 negant,
872 4110 922 4163 in
956 4109 1123 4177 prima
1164 4118 1342 4161 autem
1393 4107 1625 4161 medium
1665 4122 1770 4161 non
1795 4107 1883 4160 di-

300 4200 442 4253 citur
483 4199 551 4253 de
578 4202 834 4269 utrisque,
875 4199 969 4253 εστι]
1006 4199 1071 4253 de
1103 4198 1192 4252 illo
1219 4198 1432 4268 quidem
1464 4198 1607 4251 aliud
1640 4209 1883 4268 negatur,

299 4291 441 4346 idem
475 4301 653 4346 autem
686 4294 752 4347 de
792 4294 897 4346 a'io
928 4291 1268 4361 prmdicatur,
1318 4289 1401 4343 ha:
1427 4303 1554 4343 vero
1582 4302 1688 4343 non
1718 4302 1890 4358 oppo-

300 4394 514 4440 ιιιιιιιιιτ.
1771 4362 1783 4373 ⁸

892 4476 1117 4533 CAPUT
1158 4474 1295 4531 XVI.

406 4566 479 4619 De
500 4567 893 4653 ratiocmalrone
917 4582 981 4620 ea:
1002 4567 1245 4638 appositis
1266 4566 1318 4619 in
1345 4564 1567 4619 secunda
1596 4563 1783 4635 ﬁgura.

378 4668 432 4721 In
466 4669 637 4723 media
667 4679 844 4724 autem
876 4669 1065 4738 ﬁgura,
1096 4678 1150 4722 et
1174 4683 1238 4723 ex
1268 4668 1559 4736 oppOsitis‘,
1585 4674 1639 4721 et
1666 4680 1729 4720 ex
1758 4679 1886 4719 con-

307 4759 486 4813 trariis
514 4761 779 4829 contingit
820 4760 935 4815 ﬁeri
972 4760 1385 4831 syllogismum:
1409 4759 1488 4815 Sit
1515 4758 1659 4813 enim
1692 4759 1889 4812 bonum

302 4854 518 4924 quidem
551 4856 602 4908 in
631 4871 739 4924 quo
765 4871 827 4920 a,
875 4855 1151 4921 disciplina
1182 4864 1356 4909 autem
1396 4854 1449 4908 in
1481 4867 1586 4929 quo
1612 4852 1640 4906 b
1668 4860 1813 4915 etc;
1842 4849 1889 4905 si

303 4962 431 5015 ergo
454 4964 669 5003 omnem
701 4949 1036 5018 disciplinam
1076 4949 1373 5003 studiosam
1415 4947 1671 5017 sumpsit,
1699 4953 1754 5000 et
1781 4943 1890 4998 nul-

306 5040 434 5106 lam,
458 5058 488 5093 a
513 5041 650 5097 inest
677 5044 821 5096 omni
854 5042 902 5108 b,
934 5051 984 5098 et
1018 5043 1148 5097 nulli
1181 5060 1228 5107 c,
1256 5057 1421 5112 quare
1452 5041 1479 5094 b
1504 5041 1631 5094 nulli
1664 5056 1711 5103 c,
1744 5038 1885 5093 nulla

305 5145 434 5200 ergo
486 5132 763 5201 disciplina
795 5132 1079 5202 disciplina
1111 5145 1209 5187 est.
1271 5132 1529 5188 Similiter
1555 5142 1733 5185 autem
1764 5139 1815 5184 et
1843 5128 1888 5182 si

304 5235 520 5276 omnem
566 5238 785 5278 sumens
829 5224 1120 5280 studiosam
1162 5224 1533 5294 disciplinam,
1569 5220 1886 5275 medicinam

306 5326 436 5367 vero
464 5329 567 5367 non
592 5315 885 5369 studiosam
915 5316 1175 5384 sumpsit,
1222 5330 1342 5370 nam
1371 5331 1400 5367 a
1425 5313 1453 5366 ὑ
1484 5313 1692 5381 quidem
1718 5310 1887 5378 omni,

306 5420 333 5455 c
359 5415 538 5459 autem
569 5406 724 5469 nulli,
757 5422 922 5476 quare
952 5407 1124 5476 aliqua
1156 5407 1436 5476 disciplina
1464 5419 1568 5457 non
1597 5403 1700 5457 crit
1731 5401 1892 5456 disci-

308 5495 474 5565 plina.
519 5496 582 5550 Ει
623 5497 667 5550 si
706 5516 735 5549 a
765 5513 790 5549 ε
813 5498 1027 5567 quidem
1058 5500 1200 5551 omni
1221 5539 1236 5561 ,
1264 5499 1291 5551 b
1320 5506 1494 5551 autem
1524 5495 1671 5558 nulli,
1698 5501 1780 5549 est
1801 5507 1894 5545 au-

310 5595 417 5640 tem
446 5586 475 5641 b
520 5589 735 5655 quidem
768 5588 1069 5658 disciplina,
1119 5606 1146 5641 c
1175 5599 1350 5643 autem
1389 5589 1676 5653 medicina,
1706 5602 1736 5638 a
1767 5600 1894 5639 vero

308 5678 510 5747 opinio,
536 5680 732 5734 nul'am
759 5681 899 5733 enim
937 5680 1275 5749 disciplinam
1307 5679 1612 5749 opinionem
1650 5690 1892 5739 sumens,

308 5772 537 5841 sumpsit
566 5773 799 5843 aliquam
827 5772 1165 5843 disciplinam
1195 5787 1315 5830 esse
1340 5771 1676 5843 opinionem.
1712 5768 1895 5825 Diﬁert

1911 4540 1963 4601 Ι)

1984 3289 2303 3359 syllogizarc
2349 3289 2607 3350 alteram,
2658 3295 2710 3337 et
2759 3281 3206 3351 quemadmodum
3254 3284 3302 3332 in
3354 3280 3566 3347 Topicis

1982 3384 2184 3438 dictum
2212 3391 2329 3450 est,
2357 3394 2587 3435 sumere.
2648 3377 2911 3444 Quoniam
2944 3386 3117 3427 autent
3147 3371 3561 3425 afﬁrmationutn

1983 3475 2350 3544 appositioncs
2395 3479 2518 3524 sunt
2556 3480 2686 3532 tres,
2730 3469 2910 3523 sexies
2938 3466 3143 3544 ‘accidit
3185 3463 3425 3532 opposita
3472 3476 3565 3514 su-

1986 3583 2157 3632 mere,
2187 3575 2276 3620 aut
2305 3570 2449 3618 omni
2494 3573 2549 3617 et
2588 3562 2737 3626 nulli,
2763 3571 2851 3614 aut
2880 3538 3024 3611 omni
3050 3568 3101 3611 et
3134 3571 3240 3609 non
3269 3555 3438 3621 omni,
3471 3566 3565 3609 aut

1985 3662 2139 3715 alicui
2180 3670 2233 3712 ct
2281 3658 2443 3719 nulli;
2485 3667 2536 3710 et
2583 3657 2684 3707 hoc
2726 3652 2965 3706 converti
3017 3650 3068 3702 in
3114 3647 3394 3711 terminis,
3444 3654 3562 3698 uta

1985 3749 2131 3805 omni
2183 3748 2211 3801 b
2258 3756 2310 3801 ct
2351 3747 2481 3798 nulli
2537 3762 2582 3806 c,
2630 3754 2714 3795 aut
2766 3740 2910 3794 omni
2942 3756 2968 3791 c
3005 3748 3053 3789 i-t
3083 3736 3209 3791 nulli
3240 3736 3288 3802 b,
3323 3743 3413 3788 aut
3443 3735 3566 3787 huic

1985 3840 2203 3911 quidem
2250 3837 2433 3900 omni,
2492 3835 2566 3888 illi
2616 3847 2744 3888 vero
2784 3849 2888 3886 non
2927 3830 3104 3893 omni,
3139 3841 3186 3882 et
3213 3842 3423 3882 rursum
3467 3825 3567 3879 hoc

1986 3932 2227 3989 conVerti
2259 3928 2550 3985 secundum
2583 3927 2879 3989 terminos;
2920 3923 3164 3977 similiter
3202 3930 3378 3973 autem
3416 3927 3469 3973 et
3514 3918 3568 3970 in

1988 4027 2142 4081 tertia
2170 4026 2355 4094 ligura.
2398 4024 2572 4090 Quare
2606 4021 2946 4074 manil‘estum
2971 4026 3052 4072 est
3079 4024 3130 4069 et
3160 4014 3370 4083 quoties
3414 4021 3469 4064 et
3514 4012 3567 4064 in

1987 4117 2181 4185 quibus
2222 4115 2405 4184 liguris
2444 4122 2571 4166 cont
2600 4114 2711 4171 n,.-it
2756 4125 2848 4177 per
2876 4108 3148 4177 oppositas
3180 4101 3569 4171 H'OltOSiliOﬂeS

1991 4209 2103 4262 ﬁeri
2129 4207 2519 4277 syllogismum.
2567 4201 2900 4255 Manifestum
2931 4205 3016 4252 est
3038 4196 3285 4263 quoniam
3318 4209 3386 4247 ex
3424 4192 3570 4245 falsis

1988 4312 2071 4355 est
2124 4314 2305 4353 \crttm
2348 4296 2703 4367 syllogizare,
2747 4289 3193 4360 quemadmodum
3235 4286 3435 4339 dictum
3484 4291 3569 4336 est

1992 4394 2171 4463 prius;
2218 4407 2281 4444 ex
2331 4388 2592 4459 oppositis
2637 4397 2812 4439 autem
2865 4399 2969 4436 non
3018 4388 3139 4445 εει,
3181 4392 3394 4444 semper
3424 4374 3566 4427 enim

1990 4487 2287 4542 contrarius
2336 4482 2675 4555 syllogismus
2725 4479 2782 4532 ﬁt
2822 4478 2894 4531 rei
2941 4477 3090 4544 (utsi
3131 4484 3211 4527 est
3237 4476 3429 4523 bonum
3463 4484 3566 4522 non

1992 4596 2112 4636 esse
2142 4580 2337 4633 honuni
2367 4619 2382 4644 ,
2434 4585 2523 4630 aut
2568 4576 2611 4628 si
2639 4571 2832 4627 animal
2860 4585 2963 4624 non
2992 4565 3211 4633 animal)
3239 4578 3301 4617 eo
3334 4559 3470 4629 quod
3502 4574 3568 4613 cx

1994 4672 2416 4728 contradittione
2461 4677 2543 4722 est
2586 4663 2948 4736 syllogismus,
2990 4669 3042 4714 et
3087 4655 3312 4723 subjecti
3360 4650 3570 4706 termini

1994 4775 2085 4818 aut
2113 4763 2275 4819 iidem
2323 4768 2484 4825 sunt,
2535 4765 2629 4811 aut
2656 4756 2741 4809 hic
2766 4752 2977 4822 quidem
3021 4754 3227 4807 totum,
3274 4745 3363 4798 illc
3392 4751 3570 4796 autem

1998 4871 2141 4925 pars.
2188 4852 2369 4907 Palam
2418 4858 2593 4904 autem
2640 4847 2889 4914 quoniam
2936 4843 2988 4894 in
3029 4834 3394 4906 paralogismis
3440 4830 3571 4885 nihil

1996 4923 2248 5016 prohibet
2279 4942 2393 4998 ﬁeri
2421 4939 2780 5012 hypothcseos
2806 4932 3301 4989 contradictionem,
3334 4934 3389 4979 ut
3417 4923 3460 4977 si
3492 4931 3573 4976 est

1996 5013 2171 5107 impar
2221 5051 2325 5089 non
2388 5048 2509 5087 esse
2541 5032 2731 5099 impar,
2786 5043 2905 5080 nam
2949 5039 3012 5078 ex
3045 5019 3304 5088 oppositis
3332 5013 3547 5082 proposi

1999 5126 2232 5181 tionibus
2286 5123 2585 5179 contrarius
2637 5120 2739 5175 erit
2773 5116 3140 5186 syllogismus;
3168 5111 3208 5163 si
3240 5121 3367 5173 ergo
3394 5118 3573 5171 sump-

1995 5222 2128 5276 serit
2159 5219 2262 5275 hoc
2293 5218 2475 5280 modo,
2509 5213 2869 5286 bypotheseos
2895 5211 2991 5262 erit
3018 5201 3385 5259 contradictio.
3412 5200 3575 5266 Opor-

1997 5324 2068 5367 tet
2121 5322 2298 5367 autem
2338 5308 2685 5365 considerare
2728 5303 2977 5371 quoniam
3007 5298 3084 5353 sic
3113 5294 3327 5365 quidem
3359 5305 3462 5345 non
3491 5297 3576 5344 est

1998 5402 2263 5457 contraiii
2294 5399 2615 5455 concludere
2644 5411 2706 5450 ex
2739 5407 2845 5447 uno
2870 5390 3177 5462 syllogismo
3218 5385 3314 5455 (ut
3355 5383 3422 5435 sit
3447 5394 3577 5433 con-

1998 5495 2166 5548 clusio
2200 5492 2447 5562 quoniam
2513 5504 2615 5541 non
2661 5494 2742 5539 εει
2794 5483 3012 5541 bonum,
3063 5478 3258 5529 honnm
3303 5482 3393 5526 aut
3432 5468 3575 5523 aliud

2000 5585 2252 5653 quiddam
2305 5581 2455 5651 tale),
2491 5578 2590 5632 nisi
2623 5575 2804 5631 statim
2832 5567 3136 5638 hujusmodi
3170 5563 3462 5635 propositio
3491 5577 3579 5613 su-

2003 5688 2193 5742 matur,
2229 5688 2283 5731 ιιι
2326 5688 2485 5729 omne
2517 5670 2711 5725 animal
2762 5680 2882 5722 esse
2914 5663 3090 5715 albtnn
3137 5669 3190 5714 et
3235 5674 3341 5713 non
3374 5655 3577 5719 album,

2005 5738 2273 5821 hominem
2322 5775 2502 5820 autem
2558 5759 2753 5816 animal
2783 5797 2795 5823 ,
2829 5755 2923 5810 sed
2952 5753 3030 5809 νει
3062 5765 3336 5827 assumere
3365 5757 3578 5819 oportet
3652 5738 3659 5745 “
