4112 6332
561 309 666 365 705

1793 316 1904 372 ΔΝ.
1947 316 2155 375 MANL.
2198 316 2349 373 SEV.
2390 318 2608 374 BOETII

3734 315 3843 373 7υ4

560 424 1071 495 contradictionem,
1104 436 1160 481 ut
1197 428 1447 497 quoniam
1490 427 1664 483 omnis
1707 428 1985 497 disciplina
2018 432 2134 500 opi-
2168 437 2215 494 Α
2244 431 2375 485 etin
2436 434 2625 499 prima,
2660 430 2904 500 negative
2942 439 3119 486 autem
3162 429 3376 501 quando
3422 427 3609 484 eadem
3638 429 3710 483 ab
3738 444 3836 485 eo-

561 517 652 569 nio
676 526 729 570 et
762 532 867 569 non
914 518 1097 588 opinio
1120 559 1134 584 ,
1168 519 1361 574 deinde
1405 532 1620 575 sumere
1652 520 1915 590 quoniam
1974 522 2142 576 medi-

558 608 679 661 cina
730 603 1009 675 disciplina
1055 604 1268 674 quidem
1314 620 1444 677 est.,
1490 611 1631 664 nulla
1680 621 1859 665 autem
1915 614 2139 681 opinio,

557 697 1009 764 quemadmodum
1062 699 1466 767 redargutioncs
1518 702 1650 754 liunt
1675 742 1691 767 ,
1719 702 1802 755 vel
1836 716 1900 756 ex
1930 702 2140 757 duobus

556 785 908 855 syllogismis.
951 788 1129 854 Quare
1162 803 1281 843 esse
1307 790 1522 858 quidem
1556 792 1823 845 contraria
1847 792 2138 847 secundum

557 878 837 933 veritatem
861 895 981 949 qute
1006 894 1215 952 sumpta
1243 894 1389 951 sunt,
1417 900 1521 939 non
1553 894 1635 940 est
1664 887 1771 942 alio
1799 887 1958 943 modo
1977 903 2136 958 quam

555 967 656 1023 hoc
682 971 1131 1041 quemadmodum
1159 976 1355 1030 dictum
1388 986 1473 1031 εει
1497 977 1663 1047 prius.

1121 1086 1348 1143 CAPUT
1386 1088 1568 1143 XVIII.

1018 1175 1095 1229 De
1142 1180 1381 1245 petitione
1417 1181 1675 1248 principii.

626 1261 679 1314 In
707 1265 969 1334 principio
1002 1260 1471 1339 autem‘petereet
1503 1274 1745 1341 accipere
1772 1280 1855 1327 est
1882 1272 2097 1342 quidem
2118 1314 2133 1338 ,

552 1358 609 1404 ut
631 1351 683 1404 in
707 1368 927 1421 genere,
961 1373 1173 1413 sumere
1202 1360 1254 1414 in
1277 1377 1342 1415 eo
1369 1358 1506 1431 quod
1530 1360 1633 1417 non
1666 1376 1746 1417 εει
1770 1365 2136 1419 όειιιοηδιιιιτε

551 1448 903 1512 propositum.
931 1448 1040 1503 [loc
1056 1461 1231 1507 autem
1255 1455 1448 1508 accidit
1469 1456 1853 1524 multipliciter,
1874 1471 1994 1509 nam
2014 1468 2066 1512 et
2088 1457 2133 1511 si

549 1538 769 1593 omnino
799 1554 903 1593 non
934 1542 1305 1611 syllogizatur,
1350 1559 1403 1601 et
1427 1549 1470 1600 si
1506 1564 1599 1616 per
1645 1550 1905 1619 ignotiora
1938 1558 2028 1603 aut
2057 1551 2129 1604 si-

552 1630 753 1684 militer
780 1632 983 1700 ignoui,
1015 1644 1068 1688 et
1099 1637 1141 1689 si
1193 1652 1287 1705 per
1314 1641 1607 1707 posteriora
1638 1641 1778 1710 quod
1832 1642 1979 1711 prius
2026 1652 2127 1709 est,

552 1715 1115 1780 demonstratioenim
1162 1744 1225 1781 ex
1277 1731 1543 1797 prioribus
1588 1744 1638 1787 et
1689 1734 1985 1788 notioribus
2026 1744 2127 1789 est.

2245 521 2389 585 dem,
2422 522 2611 577 et'non
2638 523 2906 577 similiter
2930 530 3187 593 lutrazque
3239 522 3660 591 prapositiones,
3686 523 3842 576 simi--

2247 611 2370 666 liter
2397 622 2574 667 autem
2599 622 2653 666 et
2676 614 2729 667 in
2763 614 2958 677 media,
3008 628 3073 666 eo
3116 614 3257 682 quod
3309 626 3412 666 non
3445 620 3842 666 convertuntur

2244 704 2459 757 termini
2487 704 2778 759 secundum
2808 706 3081 774 negativos
3118 703 3481 774 syllogismos.
3518 703 3613 757 Est
3650 712 3838 756 autem

2242 794 2297 848 in
2355 794 2618 863 principio
2662 803 2847 864 petere
2904 796 2956 849 in
3027 794 3572 849 detnonstratiooibus
3613 794 3835 860 quidem

2242 902 2361 956 quaz
2384 889 2677 943 secundum
2710 890 2989 943 veritatem
3015 888 3093 941 sic
3113 903 3173 942 se
3197 886 3423 951 habent,
3454 887 3506 940 in
3533 885 3837 941 dialecticis

2240 986 2442 1044 autem,
2471 994 2590 1047 qua:
2619 980 2911 1034 secundum
2941 980 3250 1048 Opinionem

2827 1093 3053 1149 CAPUT
3095 1093 3234 1147 XIX.

2473 1180 2549 1237 De
2586 1199 2686 1237 non
2728 1195 2936 1253 prapter
2975 1185 3071 1236 Itoc
3119 1184 3351 1238 accidere
3384 1184 3598 1253 falsum.

2311 1275 2425 1355 Non
2479 1287 2701 1348 pr0ptcr
2751 1278 2853 1333 hoc
2897 1290 3075 1334 autem
3124 1280 3373 1335 accidere
3419 1279 3612 1332 falsum
3666 1278 3830 1346 (quod

2238 1362 2409 1443 Saepe
2446 1369 2499 1424 in
2554 1371 3007 1440 disputationibus
3067 1374 3301 1428 solemus
3356 1372 3560 1439 dicere)
3593 1370 3827 1441 primum

2237 1458 2449 1526 quidem
2473 1468 2556 1514 est
2604 1461 2654 1514 in
2689 1463 2751 1515 iis
2809 1446 2899 1531 qui
2956 1463 3022 1517 ad
3080 1446 3434 1532 impdssibile'
3468 1462 3827 1534 syllogismis,

2236 1553 2447 1621 quando
2469 1554 2535 1607 ad
2565 1546 3046 1610 contradictionem
3070 1549 3152 1611 est
3170 1552 3335 1625 lmjus
3364 1556 3503 1623 quod
3558 1564 3828 1609 monstra-

2237 1652 2345 1697 tum
2368 1656 2449 1699 est
2476 1662 2534 1700 ea
2562 1663 2680 1715 quae
2708 1648 2771 1700 ad
2808 1630 3321 1717 impossibileNam
3380 1664 3550 1716 neque
3577 1648 3671 1717 qui
3720 1663 3826 1700 non

2235 1732 2550 1790 contradicit
2574 1739 2701 1792 dicit
2728 1753 2831 1792 non
2864 1748 3083 1808 propter
3100 1725 3218 1807 hoc,
3243 1739 3605 1809 sedquoniam
3626 1737 3822 1792 falsum

549 1808 748 1863 Horum
777 1826 905 1881 ergo
936 1816 1135 1869 nullum
1165 1828 1246 1872 est
1276 1828 1455 1886 petere
1489 1822 1629 1887 quod
1658 1838 1720 1877 ex
1746 1824 2006 1892 principio
2027 1835 2125 1889 est,
2161 1812 2213 1870 Β
2236 1835 2318 1880 est
2347 1828 2543 1897 aliquid
2569 1829 2795 1897 positum
2824 1830 3083 1899 priorum,
3109 1846 3279 1899 neque
3311 1808 3361 1882 in
3394 1825 3690 1892 ostensi'va,
3718 1842 3825 1881 n0"

545 1902 640 1953 sed
670 1903 790 1969 quia
824 1905 939 1957 haec
968 1907 1183 1974 quidem
1227 1919 1350 1962 nata
1382 1922 1505 1965 sunt
1537 1927 1628 1980 per
1659 1929 1717 1967 se
1744 1914 2014 1982 cognosci,
2042 1915 2126 1967 illa

545 1984 677 2047 vero
712 2009 821 2063 per
869 1997 975 2050 alia
1004 2000 1156 2068 (nam
1190 2001 1447 2069 pt‘Ittt'ipia
1498 2004 1711 2071 quidem
1744 2021 1837 2072 per
1881 2020 1974 2072 se,
1996 2023 2128 2077 qua:

544 2094 721 2139 autem
743 2087 843 2140 sub
866 2090 1163 2159 principiis,
1196 2108 1289 2159 per
1309 2095 1458 2161 alia),
1490 2094 1701 2158 quando
1730 2097 1871 2163 quod
1896 2113 2000 2152 non
2035 2113 2128 2166 per

542 2189 602 2229 se
633 2182 813 2229 notum
838 2190 941 2243 est,
976 2195 1071 2247 per
1102 2195 1162 2235 se
1190 2184 1381 2250 aliquis
1409 2194 1633 2238 conatur
1661 2189 1969 2253 ostendere,
2002 2198 2127 2242 tunc

544 2266 673 2334 petit
696 2268 834 2335 quod
867 2284 931 2323 ex
964 2272 1222 2355 principio
1243 2283 1345 2326 est.
1374 2273 1482 2327 Hoc
1522 2285 1697 2331 autem
1729 2287 1811 2331 est
1839 2279 1917 2333 sic
1946 2279 2126 2335 facere

543 2362 758 2429 quidem
803 2372 859 2416 ut
884 2371 1061 2419 statim
1095 2370 1325 2435 postulet
1357 2371 1407 2423 id
1454 2372 1594 2438 quod
1630 2374 1955 2442 propositum
1998 2385 2080 2429 est
2113 2392 2123 2425 :

543 2455 802 2524 eontingit
834 2468 1010 2511 autem
1035 2469 1088 2511 et
1117 2463 1487 2529 transgreditur
1514 2478 1570 2517 es
1604 2474 1660 2517 et
1705 2467 1769 2517 ad
1804 2466 1906 2519 alia
1938 2481 2124 2521 eorum

540 2550 811 2614 qutc‘ttata
862 2561 986 2602 sunt
1019 2565 1113 2617 per
1161 2552 1249 2604 illa
1300 2555 1507 2607 ostendi
1556 2570 1651 2623 per
1683 2554 1797 2610 haec
1829 2568 2128 2613 monstrate

542 2638 680 2705 quod
708 2653 772 2692 ex
806 2640 1067 2709 principio
1097 2654 1199 2705 est,
1224 2653 1281 2696 ut
1308 2646 1353 2697 si
1385 2661 1417 2697 a
1447 2646 1758 2701 ostendatur
1788 2664 1882 2717 per
1928 2650 1988 2715 ὀί
2013 2651 2127 2703 ειηὸ

543 2743 638 2797 ρει·
661 2745 706 2792 c,
730 2745 757 2780 ε
784 2741 960 2785 autem
984 2744 1164 2787 natum
1194 2735 1260 2788 sit
1291 2723 1498 2791 ostendi
1531 2744 1624 2806 per
1655 2756 1705 2802 a,
1737 2738 1939 2794 accidit
1983 2743 2123 2795 enim

544 2820 684 2875 idem
712 2840 741 2873 a
772 2838 864 2891 per
893 2839 952 2879 se
984 2826 1354 2883 demonstrare
1383 2844 1475 2883 eos
1522 2832 1611 2900 qui
1663 2832 1740 2886 sic
1794 2835 2122 2903 syllogizant,

539 2911 680 2979 quod
710 2911 908 2966 faciunt
938 2915 1025 2982 qui
1056 2918 1334 2984 parallelas
1355 2920 1685 2975 arbitrantur
1731 2927 1988 2990 scribere,
2046 2927 2137 2978 la-'

544 3010 657 3053 teut
684 3004 826 3055 enim
857 3005 954 3072 ipsi
984 3008 1191 3073 seipsos
1214 3010 1335 3061 talia
1364 3021 1638 3067 sumentes
1669 3030 1786 3082 qtae
1812 3030 1917 3069 non
1946 3019 2137 3072 valent

542 3092 933 3162 demonstrare,
968 3112 1088 3151 cum
1112 3114 1217 3152 non
1245 3101 1351 3154 sint
1390 3104 1681 3170 parallelte.
1711 3107 1889 3175 Quare
1934 3113 2127 3165 accidit

2230 1922 2371 1974 enim
2404 1924 2549 1989 ponit
2577 1923 2716 1990 quod
2749 1925 3089 1977 contradicit.
3118 1923 3362 1991 Amplius
3399 1932 3576 1975 autem
3610 1921 3829 1990 quando

2230 2013 2555 2067 interimitur
2581 2014 2778 2083 aliquid
2806 2017 3080 2070 ostensive
3108 2031 3204 2085 per
3230 2032 3260 2067 a
3299 2016 3326 2067 ὁ
3356 2032 3401 2079 c,
3438 2000 3543 2067 non
3566 2022 3654 2068 est
3677 2013 3826 2067 dice-

2229 2118 2287 2156 re
2311 2104 2560 2172 quoniam
2593 2121 2695 2158 non
2725 2115 2943 2173 pr0pter
2967 2106 3103 2174 quod
3155 2107 3384 2174 positum
3415 2114 3499 2157 est
3530 2090 3703 2158 factus
3734 2115 3819 2158 est

2229 2178 2592 2264 syllogismus,
2627 2213 2747 2251 nam
2775 2214 2877 2251 non
2906 2208 3120 2266 propter
3152 2200 3252 2251 hoc
3283 2198 3393 2251 ﬁeri
3417 2206 3544 2250 tunc
3570 2196 3825 2262 dicimus,

2228 2288 2443 2355 quando
2474 2288 2799 2358 interempto
2833 2291 2934 2343 hoc
2960 2307 2989 2342 η
3019 2292 3307 2343 hilominus
3354 2289 3631 2356 perﬁcitur
3656 2288 3825 2357 syllo-

2228 2379 2447 2448 gismus,
2473 2380 2613 2449 quod
2648 2396 2751 2433 non
2785 2390 2865 2435 est
2895 2360 3286 2449 in'ostensivis,
3318 2382 3639 2449 interempta
3681 2382 3823 2433 enim

2230 2472 2612 2539 propositione,
2649 2487 2746 2526 nec
2774 2474 2859 2541 qui
2920 2473 2985 2526 ad
3037 2474 3173 2526 hanc
3200 2482 3283 2527 est
3313 2473 3415 2527 erit
3452 2473 3821 2543 syllogismus.

2231 2562 2563 2615 Manifestum
2595 2563 2753 2631 igitur
2782 2560 3035 2631 quoniam
3065 2566 3114 2617 in
3147 2566 3212 2617 iis
3238 2565 3328 2631 qui
3377 2564 3441 2616 ad
3462 2552 3825 2632 V‘impossibile

2228 2664 2353 2706 sunt
2400 2654 2592 2708 dicitur
2620 2670 2723 2708 non
2755 2666 2971 2724 propter
3002 2655 3123 2720 hoc,
3151 2664 3204 2709 et
3230 2655 3445 2724 quando
3475 2656 3552 2707 sic
3574 2651 3825 2709 se’b‘abet

2230 2744 2296 2799 ad
2327 2746 2660 2814 impossibile
2704 2764 2823 2817 quze
2876 2763 2939 2802 ex
2990 2747 3254 2816 principio
3282 2758 3362 2800 est
3396 2746 3731 2816 bypotltesis,
3767 2757 3825 2799 ut

2232 2854 2353 2893 cum
2388 2832 2487 2905 sit,
2511 2841 2591 2895 vel
2625 2855 2743 2893 enm
2802 2856 2907 2894 non
2948 2841 3019 2894 sit
3050 2842 3184 2907 haec,
3221 2838 3571 2893 nihilominus
3624 2838 3827 2892 accidit

2232 2932 2587 3002 impossibile.
2616 2934 2756 3003 Ergo
2788 2925 3257 2987 manifestissimus
3280 2932 3496 3001 quidem
3520 2931 3714 2985 modus
3739 2939 3824 2986 est

2231 3039 2335 3077 non
2372 3035 2592 3093 propter
2621 3014 3046 3093 suppositionem
3093 3037 3213 3077 esse
3258 3022 3472 3087 falsum,
3504 3022 3723 3091 quando
3753 3022 3822 3075 ab

2232 3116 2513 3185 hypothesi
2560 3117 2936 3185 inconjuncttts
2967 3125 3049 3172 est
3077 3130 3106 3169 a
3137 3114 3324 3169 mediis
3358 3100 3723 3193 syllogismus
3750 3114 3818 3167 ad

547 3184 620 3235 sic
648 3185 834 3261 syllog
858 3190 1101 3243 zantibus
1132 3195 1546 3262 unumquodque
1581 3199 1701 3252 esse
1751 3200 1930 3255 dicere
1969 3204 2012 3255 si
2044 3211 2127 3257 est
2155 3177 2199 3239 (ἶ
2236 3177 2584 3277 impossilti'p,
2613 3177 2753 3277 quod
2780 3209 2978 3263 dictum
3007 3219 3090 3263 est
3118 3210 3167 3263 in
3199 3177 3445 3277 Topicis;
3479 3177 3620 3277 q-‘iod
3671 3208 3819 3262 enim

546 3284 979 3347 unumquodque,
1011 3281 1087 3335 sic
1133 3293 1308 3337 autem
1341 3294 1502 3341 Omne
1532 3289 1633 3343 erit
1681 3306 1775 3361 per
1827 3307 1886 3346 se
1918 3305 2124 3361 uotum,

542 3366 681 3433 quod
710 3378 791 3423 est
820 3371 1169 3439 impossibile.
1194 3375 1391 3445 Siergo
1410 3378 1601 3447 aliquis
1625 3382 1830 3435 dubitat
1850 3397 2126 3453 assumpto

542 3456 982 3528 dubioquOniam
1008 3481 1039 3516 α
1064 3466 1200 3527 inest
1228 3478 1278 3532 ‘c,
1308 3471 1553 3525 similiter
1588 3482 1642 3526 et
1671 3477 1918 3543 quoniam
1950 3477 2000 3540 ὁ,
2028 3493 2124 3546 pe-

478 3624 487 3627 ,
544 3560 619 3605 tat
647 3554 1075 3631 autem°i'inesse
1102 3561 1149 3624 ὁ,
1187 3562 1420 3616 nondum
1450 3565 1789 3621 manifestum
1808 3570 1859 3622 'si
1884 3571 2023 3638 quod
2074 3572 2124 3627 in

540 3644 804 3714 principio
830 3660 911 3703 est
942 3646 1223 3720 petat,.sed
1271 3660 1521 3724 quoniam
1566 3675 1679 3725 [non
1734 3662 2127 3720 demonstravit

543 3738 907 3804 manifestum,
942 3757 1048 3796 non
1073 3745 1213 3798 enim
1249 3757 1326 3800 est
1359 3748 2125 3816 principiumdemonstratio-

540 3824 644 3901 nis,
675 3830 812 3895 quod
833 3831 1079 3885 similiter
1106 3844 1187 3887 est
1205 3837 1486 3892 incertum.
1508 3840 1561 3893 Si
1580 3852 1759 3895 autem
1783 3844 1809 3896 b
1831 3844 1895 3897 ad
1920 3861 1947 3897 c
1968 3846 2046 3899 sic
2066 3860 2124 3900 se

542 3914 705 3970 habet
742 3927 801 3971 ut
831 3919 971 3974 idem
1003 3925 1091 3987 sit,
1124 3937 1215 3979 aut
1260 3930 1597 3985 manifestum
1630 3936 1769 4003 quod
1792 3948 2125 3993 convertun-

542 4016 648 4072 tur,
693 4021 784 4063 aut
816 4013 952 4067 inest
999 4015 1223 4071 alterum
1257 4021 1605 4091 alteri,“quod
1657 4022 1715 4079 in‘
1755 4020 2015 4098 principio
2043 4044 2124 4087 est

542 4102 691 4169 petit,
722 4120 855 4191 nam
875 4117 927 4160 et
956 4112 1207 4178 quoniam
1239 4129 1270 4165 a
1299 4114 1433 4168 inest
1461 4116 1509 4180 ὁ,
1544 4132 1639 4186 per
1669 4118 1755 4172 illa
1808 4122 2124 4178 menstrabit

538 4192 582 4243 si
612 4206 1011 4263 convertantur,
1057 4217 1195 4257 nunc
1226 4214 1403 4259 autem
1444 4206 1544 4263 hoc
1585 4210 1847 4280 prohibet,
1891 4216 1983 4268 sed
2015 4218 2119 4270 nOn

541 4283 750 4339 modus.
784 4287 839 4341 Si
864 4299 1038 4345 autem
1071 4292 1173 4347 hoc
1202 4294 1377 4362 faciat,
1410 4300 1551 4368 quod
1593 4301 1794 4356 dictum
1828 4314 1908 4359 est
1941 4305 2123 4372 faciet,

538 4380 591 4424 et
623 4388 900 4433 convertet
931 4380 1027 4449 per
1055 4386 1151 4437 tria
1176 4427 1191 4448 ,
1240 4386 1489 4444 similior
1518 4400 1610 4444 aut
1646 4409 1695 4445 ιιι
1728 4404 1783 4448 ει
1817 4395 1861 4448 si
1888 4396 1917 4447 Ι)
1943 4401 2121 4451 sumat

539 4464 714 4521 inesse
769 4487 815 4539 ο,
866 4476 1006 4542 quod
1053 4478 1300 4535 similiter
1350 4482 1612 4538 incertum
1667 4486 1760 4551 sit,
1810 4498 1865 4540 ut
1896 4495 1952 4542 et
1994 4488 2040 4541 si
2085 4506 2116 4542 a

537 4557 673 4649 inest
702 4576 748 4624 ε,
781 4567 1014 4620 nondum
1042 4570 1181 4638 quod
1210 4587 1274 4625 ex
1304 4574 1566 4643 principio
1612 4577 1764 4645 petit,
1797 4578 1891 4632 sed
1943 4594 2115 4649 neque

534 4646 886 4744 demonstrat.
917 4657 978 4743 Si
1022 4670 1198 4716 autem
1247 4664 1386 4718 idem
1415 4667 1547 4720 sita
1577 4678 1630 4721 et
1660 4668 1710 4736 ὸ,
1733 4702 1737 4708 -
1762 4678 1851 4722 aut
1879 4684 1945 4723 eo
1971 4646 2111 4739 quod

532 4752 942 4812 convertuntur,
968 4762 1059 4803 aut
1079 4767 1144 4805 eo
1172 4755 1312 4822 quod
1346 4774 1378 4809 a
1412 4760 1653 4827 sequitur
1676 4760 1681 4765 ”
1702 4760 1749 4813 ei
1779 4761 1919 4829 quod
1947 4770 2030 4815 est
2060 4762 2109 4822 b,

530 4831 671 4897 quod
703 4847 769 4911 ex
799 4836 1057 4907 principio
1076 4852 1160 4897 est
1190 4847 1321 4912 petit
1352 4859 1567 4916 propter
1594 4850 1837 4905 eamdem
1866 4866 2107 4919 causam,

531 4937 653 4976 nam
684 4940 747 4978 ex
779 4928 1038 4999 principio
1066 4937 1205 5001 quod
1236 4938 1396 5001 valet,
1426 4941 1571 5007 prius
1599 4940 1799 4995 dictum
1844 4952 1927 4997 est
1952 4958 1980 4996 ει
2014 4959 2108 4998 no-

528 5011 631 5079 bis,
670 5020 917 5083 quoniam
953 5037 1046 5088 per
1078 5039 1136 5077 se
1168 5029 1557 5085 monstrabitur
1582 5033 1721 5100 quod
1769 5049 1873 5089 non
1904 5046 1986 5089 est
2016 5052 2111 5107 per

527 5114 587 5156 se
608 5108 970 5165 manifestum.
997 5115 1052 5169 Si
1081 5132 1209 5186 ergo
1236 5132 1314 5173 est
1341 5126 1391 5175 in
1428 5125 1692 5195 principio
1714 5136 1896 5195 petere
1930 5146 2023 5198 per
2052 5146 2110 5183 se

527 5208 826 5256 monstrare
876 5208 1016 5273 quod
1075 5225 1179 5263 non
1243 5228 1335 5280 per
1364 5231 1422 5269 se
1449 5226 1530 5270 cst
1576 5219 1915 5276 manifestum
1943 5263 1957 5286 ,
2008 5224 2108 5278 hoc

525 5295 702 5341 autem
725 5303 803 5346 est
835 5310 937 5349 non
969 5300 1254 5357 ostendere
1284 5307 1495 5374 quando
1525 5310 1773 5366 similiter
1800 5314 2108 5369 dubitantur

525 5381 664 5445 quod
717 5399 1043 5445 monstratur
1093 5403 1147 5449 et
1195 5411 1289 5463 per
1329 5402 1468 5467 quod
1519 5386 1989 5472 monstratUr,-vel
2040 5424 2104 5461 eo

526 5473 664 5538 quod
694 5480 880 5532 eodeni
906 5482 1101 5547 eidem,
1132 5488 1214 5540 vel
1261 5504 1325 5542 eo
1350 5491 1490 5559 quod
1528 5492 1661 5546 idem
1691 5488 1894 5550 eis'dt'm
1928 5499 2105 5551 i'nesse

519 5569 771 5634 sumitur,
820 5574 868 5625 in
896 5577 1066 5632 media
1099 5581 1313 5650 quidem
1366 5585 1529 5654 ﬁgura
1565 5597 1617 5640 et
1649 5592 1805 5643 tertia
1835 5598 2104 5645 utrorum-

516 5671 624 5727 que
651 5663 923 5733 continget
950 5670 1197 5726 similiter
1224 5675 1364 5742 quod
1388 5686 1470 5730 est
1512 5677 1562 5731 in
1595 5678 1858 5747 principio
1894 5690 2100 5749 petere,

522 5749 577 5803 in
608 5754 956 5819 praedicativo
984 5763 1197 5829 quidem
1220 5767 1527 5838 syllogismo
1558 5778 1611 5826 ει
1637 5772 1690 5825 in
1737 5772 1890 5825 tertia
1910 5772 2101 5842 ﬁgura,

2234 3313 2337 3351 nou
2367 3294 2659 3366 estcausa,
2690 3313 2747 3355 ut
2784 3315 2998 3355 causam
3042 3316 3243 3369 ponere
3275 3302 3375 3355 hoc
3406 3311 3520 3364 est;
3551 3310 3611 3353 ut
3651 3301 3695 3353 si
3725 3314 3820 3353 vo-

2234 3392 2345 3444 lens
2369 3393 2655 3447 ostendere
2683 3394 2932 3463 quoniam
2978 3403 3249 3464 asymeter
3282 3403 3364 3447 est
3409 3393 3698 3455 diameter,
3728 3408 3822 3446 co-

2233 3493 2391 3537 netur
2419 3473 2653 3538 Zenonis
2691 3485 2898 3538 ratione
2952 3484 3203 3555 qttoniam
3238 3499 3341 3538 non
3371 3493 3451 3538 est
3483 3486 3709 3549 moveri,
3768 3496 3821 3537 et

2229 3575 2294 3629 ad
2329 3576 2429 3631 hoc
2468 3576 2684 3630 inducat
2714 3562 3095 3646 impossibile,"
3114 3577 3264 3631 nullo
3304 3576 3445 3632 enim
3479 3576 3643 3629 modo
3692 3591 3819 3629 con-

2233 3668 2436 3722 tinuum
2470 3677 2555 3723 est
2600 3664 2799 3723 falsum
2841 3670 3099 3723 locutioni
3138 3650 3269 3739 quo:
3317 3676 3400 3747 est
3427 3683 3493 3722 ex
3526 3669 3817 3736 principio.

2230 3760 2380 3814 Alius
2408 3771 2586 3815 autem
2612 3760 2821 3826 modus,
2857 3763 2900 3815 si
2919 3763 3230 3816 continuum
3256 3759 3470 3830 quidem
3499 3761 3570 3813 sit
3619 3760 3819 3829 impos-

2228 3852 2382 3906 sibile
2424 3852 2727 3920 hypmhesi,
2773 3847 2878 3905 non
2935 3836 3113 3925 tamen
3160 3852 3379 3928 propter
3412 3846 3553 3905 illam
3585 3852 3815 3929 accidat,

2230 3945 2328 3998 boc
2348 3954 2524 3998 autem
2556 3934 2809 4013 possibile
2833 3952 2916 4000 est
2948 3940 3083 4011 ﬁeri,
3132 3954 3184 3999 et
3216 3945 3267 3998 in
3323 3933 3442 3998 hoc
3469 3944 3615 4014 quod
3647 3957 3815 4012 snpe-

2227 4038 2356 4103 rius,
2389 4048 2443 4091 et
2471 4039 2521 4089 in
2547 4037 2649 4092 hoc
2673 4036 2815 4107 quod
2845 4028 3073 4093 inferius
3097 4039 3331 4092 sumenti
3382 4038 3720 4101 continuum,
3758 4049 3813 4090 ut

2224 4129 2319 4182 sia
2351 4120 2574 4198 ponatur
2604 4120 2782 4184 inesse
2810 4130 2859 4195 b,
2893 4129 2920 4182 ὁ
2965 4138 3144 4209 autem
3185 4147 3234 4195 c,
3267 4116 3451 4184 evero
3481 4130 3535 4194 d,
3566 4129 3673 4183 hoc
3714 4146 3809 4183 au-

2226 4231 2331 4275 tem
2363 4222 2431 4275 sit
2476 4220 2670 4276 falsum
2713 4220 2741 4274 li
2769 4221 2948 4275 inesse
2974 4220 3029 4287 d,
3064 4236 3189 4274 nam
3219 4221 3285 4291 (si
3318 4221 3497 4276 ablato
3531 4236 3586 4285 ιι,
3615 4221 3813 4275 nihilo-

2224 4310 2399 4368 minus
2427 4314 2453 4366 b
2482 4312 2622 4367 inest
2650 4329 2699 4380 ε,
2730 4321 2832 4369 etc
2862 4314 2919 4382 d)
2949 4308 3054 4366 non
3078 4313 3181 4367 erit
3209 4311 3401 4367 falsum
3436 4321 3663 4380 pr0pter
3692 4326 3812 4365 eam

2206 4420 2341 4474 quae
2372 4421 2438 4458 ex
2466 4404 2729 4474 principio
2755 4412 2839 4458 est
2861 4403 3200 4474 bypotbesin.
3234 4404 3341 4457 Aut
3374 4417 3584 4456 rursum
3612 4402 3656 4455 si
3689 4403 3813 4471 quis

2184 4531 2193 4566 λ
2222 4496 2273 4551 in
2302 4496 2562 4566 superiori
2584 4503 2770 4561 sumat
2798 4488 3153 4561 continu‘um,‘
3174 4505 3233 4547 ut
3260 4495 3303 4548 si
3350 4510 3382 4547 a
3436 4492 3652 4563 quidem
3683 4493 3737 4558 ὁ,
3786 4512 3813 4547 ε

2220 4595 2396 4641 autem
2425 4603 2477 4651 a,
2511 4588 2683 4657 [vero
2713 4578 2759 4649 e,
2793 4586 2985 4640 ialsum
3015 4596 3195 4640 autem
3231 4586 3296 4639 sit
3326 4585 3352 4651 f
3384 4584 3562 4639 inesse
3592 4602 3646 4650 α,
3681 4601 3804 4639 nam

2216 4687 2269 4732 et
2292 4678 2368 4732 sic
2395 4678 2744 4733 nihilominus
2793 4679 2898 4732 erit
2929 4678 3282 4746 impossibile,
3331 4677 3654 4747 interempta
3689 4694 3808 4753 qua;

2216 4781 2297 4824 est
2327 4785 2391 4824 ex
2422 4770 2685 4840 principio
2720 4769 3026 4840 bypothesi.
3060 4769 3166 4823 Sed
3214 4780 3426 4838 oportet
3464 4769 3533 4821 ad
3589 4784 3685 4823 eos
3714 4769 3806 4837 qui

2214 4874 2281 4914 ex
2330 4860 2597 4930 principio
2649 4863 2908 4915 terminos
2973 4861 3227 4928 copulare
3296 4860 3668 4929 impossibile,
3727 4863 3806 4915 sic

2212 4952 2357 5006 enim
2390 4952 2493 5005 erit
2534 4961 2755 5021 propter
2796 4951 3151 5021 hypothcsin,
3185 4959 3242 5005 ut
3293 4952 3343 5003 in
3393 4952 3643 5005 interiori
3680 4955 3805 5021 qui-

2218 5042 2341 5097 dem
2373 5043 2606 5097 sumenti
2646 5044 2957 5097 continuum
2981 5042 3046 5096 ad
3080 5039 3428 5111 prmdz’catum
3466 5045 3797 5108 terminum;

2216 5150 2336 5189 nam
2365 5135 2408 5189 si
2433 5135 2760 5204 impossibile
2791 5145 2871 5189 est
2898 5152 2929 5187 a
2962 5135 3136 5188 inesse
3169 5136 3222 5200 ά,
3253 5130 3578 5203 interempto
3605 5152 3658 5203 a,
3694 5152 3799 5188 non

2214 5229 2441 5297 amplius
2468 5229 2568 5282 erit
2600 5228 2808 5280 falsum.
2845 5227 2899 5280 In
2924 5227 3185 5295 snperiori
3216 5237 3391 5280 autem
3414 5227 3482 5280 de
3514 5242 3621 5295 quo
3655 5242 3797 5295 prae-

2211 5320 2455 5385 dicatur;
2490 5334 2610 5374 nam
2641 5319 2689 5372 si
2713 5320 2741 5387 Ῑ
2766 5335 2869 5372 non
2903 5319 3157 5388 possibile
3184 5328 3266 5372 est
3315 5318 3493 5372 inesse
3539 5319 3589 5382 b,
3627 5321 3791 5373 inter-

2212 5420 2390 5479 empto
2430 5412 2459 5463 ὁ
2504 5425 2608 5463 non
2650 5410 2877 5476 amplius
2898 5409 2995 5463 erit
3027 5409 3383 5476 impossibile;
3410 5404 3665 5463 isimiliter
3694 5426 3795 5464 au-

2210 5500 2341 5551 ti-tn'
2372 5510 2424 5553 et
2473 5515 2592 5553 cum
2641 5498 2888 5568 privativi
2936 5499 3043 5551 sint
3085 5494 3406 5568 syllogismi.
3458 5499 3789 5553 Manifestum

2209 5607 2335 5661 ergo
2362 5591 2611 5662 quoniam
2643 5607 2762 5645 cum
2818 5586 3155 5659 impossibile
3181 5606 3286 5644 non
3338 5591 3402 5643 ad
3439 5591 3648 5659 priores
3686 5601 3785 5646 ter-

2210 5680 2404 5747 minos,
2432 5700 2549 5736 tton-
2579 5693 2795 5750 pr0pter
2824 5682 3144 5752 positionem
3196 5682 3390 5735 accidit
3443 5682 3636 5737 falsum
3668 5700 3681 5746 ;
3719 5696 3787 5735 an

2210 5786 2309 5829 nec
2332 5775 2407 5828 sic
2432 5790 2643 5843 semper
2675 5782 2890 5843 propter
2922 5772 3247 5844 hypotlte~in
3280 5773 3384 5828 erit
3411 5768 3601 5829 ialSum
3621 5774 3644 5827 ’ἶ
3665 5786 3789 5829 nam
