4112 6332
301 291 406 363 703

942 280 1240 336 PRIORUII
1282 274 1824 334 AhAu.TlCUIKIJM
1868 280 1904 328 .~\

2008 276 2312 332 iTUTELlS
2351 277 2645 331 lNl'rJil‘ll
2659 277 2832 331 ΕἸἈΪ
2845 278 2926 330 .0.

3448 277 3552 331 706

299 408 347 461 si
382 419 487 459 non
510 404 559 457 ei
589 400 728 470 quod
772 406 854 453 est
883 397 931 461 b,
960 394 1053 449 sed
1102 396 1153 450 ei
1185 392 1322 462 quod
1344 401 1425 446 est
1451 392 1480 444 k
1511 392 1741 458 positum
1795 393 1874 441 est
1906 389 1952 445 Α
1982 391 2023 439 si
2056 386 2184 440 nihil
2217 388 2445 456 positum
2492 389 2563 441 sit
2590 388 2878 443 secundum
2908 389 3304 457 responsionem
3339 390 3556 445 univer-

300 499 481 552 inesse
504 513 555 558 (ι,
577 494 607 547 k
630 503 806 545 autem
830 506 877 553 c,
910 496 963 542 et
994 487 1093 540 hoc
1123 485 1179 551 ά,
1230 491 1285 538 ει
1329 484 1405 537 sic
1434 490 1613 541 manet
1634 479 1881 547 impossi-

302 590 444 653 bile;
469 586 718 641 similiter
738 591 915 636 autem
938 589 992 633 et
1022 578 1073 632 in
1105 590 1317 633 sursum
1341 573 1569 653 sumenti
1601 571 1878 635 terminos,

302 698 473 751 quare
502 676 777 749 (quoniam
808 688 928 728 cum
958 679 1059 734 cst,
1089 677 1144 724 et
1170 684 1290 723 cum
1332 682 1436 721 n0n
1469 675 1572 731 est,
1604 665 1703 717 hoc
1741 662 1883 716 acci-

302 775 384 828 dit
408 764 894 839 impossibile)'non
921 763 1023 818 erit
1050 760 1266 829 propter
1285 756 1627 827 positionem,
1645 761 1735 807 aut
1763 767 1881 806 cum

306 873 518 920 nonest
543 861 664 925 hoc,
692 856 1040 913 nihilominus
1076 853 1189 907 ﬁeri
1240 844 1452 905 unum.
1505 847 1613 902 Nec
1666 845 1745 899 sic
1794 858 1885 896 su-

308 958 563 1015 mendum
621 962 679 1008 ut
738 953 843 1006 alio
891 948 1067 1025 posito
1119 930 1341 999 accidat.
1376 938 1757 1010 impossibile,
1788 935 1883 1021 sed

292 1055 525 1124 quando
549 1049 728 1104 ablato
756 1045 857 1098 hoc
894 1018 1051 1097 fidem
1088 1054 1180 1107 per
1212 1037 1444 1105 reliquas
1490 1018 1886 1103 prepositiones

308 1117 648 1201 concluditur
677 1134 1026 1213 impossibile,
1057 1146 1121 1185 eo
1147 1127 1287 1199 quod
1332 1118 1471 1181 idem
1504 1123 1691 1177 lalsum
1752 1117 1887 1171 acci-

309 1240 444 1293 dere
469 1250 565 1307 per
594 1233 775 1302 plures
801 1226 1127 1298 bypotbeses
1176 1220 1310 1276 nihil
1342 1218 1567 1273 fortasse
1621 1215 1889 1269 inconve—

312 1336 469 1389 niens
492 1340 598 1399 est,
634 1336 691 1381 ut
717 1324 1025 1396 parallelos,
1057 1318 1369 1387 contingere
1388 1358 1401 1379 ,
1453 1323 1509 1370 et
1536 1314 1578 1366 si
1607 1312 1780 1379 major
1808 1317 1890 1363 est

309 1427 402 1495 qui
432 1424 656 1478 interius
682 1426 787 1483 est,
819 1432 884 1472 eo
906 1416 992 1482 qui
1042 1410 1305 1475 exterius,
1338 1420 1391 1463 et
1413 1405 1460 1460 si
1487 1404 1781 1473 triangulus
1806 1400 1892 1453 ha-

313 1521 404 1575 bet
434 1517 617 1586 plures
645 1519 825 1567 rectos
854 1506 1084 1562 duobus.

892 1616 1139 1677 CAPUT
1178 1613 1295 1669 XX.

318 1724 394 1778 De
419 1723 553 1795 falsa
575 1717 989 1795 rat'ocinotione,
1011 1708 1440 1795 catasyllo'gisu'to,
1486 1705 1581 1756 hoc
1620 1710 1691 1754 es!
1719 1714 1893 1752 corra-

760 1784 1088 1840 tiociuatione
1106 1822 1120 1843 ,
1146 1775 1192 1832 et
1219 1775 1443 1830 elenclto.

387 1887 544 1941 Falsa
576 1894 752 1937 autem
778 1878 952 1933 oratio
982 1875 1040 1928 lit
1063 1881 1277 1945 propter
1300 1869 1525 1938 primum
1550 1863 1773 1923 falsum;
1800 1867 1889 1913 aut

314 1983 457 2036 enim
480 1994 546 2033 ex
568 1976 775 2030 duabus
805 1965 1260 2041 propositionibus
1290 1968 1381 2012 aut
1407 1974 1473 2012 ex
1497 1955 1734 2025 pluribus
1775 1966 1890 2035 om:

315 2073 396 2126 nis
426 2080 509 2124 est
551 2065 891 2137 syllogismus
914 2072 1085 2128 ;.ergo
1111 2056 1155 2108 si
1197 2069 1257 2106 ex
1292 2050 1497 2106 duabus
1520 2046 1754 2116 quidem,
1798 2030 1891 2093 ha?

317 2180 437 2219 rum
469 2174 692 2215 necesse
716 2165 799 2210 est
842 2154 1086 2214 alteram,
1135 2156 1228 2202 aut
1268 2140 1427 2199 etiam
1480 2152 1730 2208 utrasque
1768 2148 1890 2190 esse

316 2258 496 2319 falsas,
525 2268 646 2307 nam
672 2267 737 2304 ex
776 2247 919 2302 veris
958 2258 1063 2298 non
1104 2252 1218 2296 erat
1249 2238 1410 2309 l'alsus
1441 2231 1818 2303 syllogismus;
1844 2226 1889 2279 si

318 2366 445 2405 vero
467 2363 534 2401 ex
561 2343 807 2414 pluribus
836 2341 917 2411 (ut
948 2338 1024 2392 sic
1051 2334 1264 2405 quidem
1296 2345 1392 2397 per
1412 2345 1443 2381 a
1486 2327 1536 2391 b,
1587 2312 1686 2377 Ιῖοε
1713 2329 1888 2395 autem

318 2457 413 2510 per
443 2440 476 2491 ά
505 2436 631 2508 fg),
666 2434 855 2493 horum
884 2430 985 2486 crit
1006 2426 1205 2510 aliquid
1239 2422 1574 2492 superiorum
1600 2416 1815 2473 falsum,
1839 2419 1891 2462 et

318 2504 537 2601 propter
554 2504 671 2580 hoc
696 2525 890 2583 oratio,
916 2506 1034 2572 nam
1058 2535 1087 2569 a
1109 2526 1160 2569 et
1184 2517 1211 2566 b
1234 2531 1329 2583 per
1360 2511 1445 2583 illa
1480 2504 1889 2565 concluduntur,

318 2594 483 2696 quare
531 2629 745 2690 propter
805 2616 1014 2669 illorum
1057 2608 1279 2677 aliquid,
1326 2603 1516 2658 accidit
1536 2594 1808 2653 conclusio
1840 2604 1892 2646 et

317 2718 535 2772 Ialsum.
552 2712 619 2768 Ut
636 2686 817 2765 autem
840 2721 943 2759 non
966 2699 1450 2771 catasyllogizetur,
1474 2686 1889 2747 observandum,

318 2807 533 2880 quando
564 2806 680 2859 sine
708 2794 1139 2854 conclusionibus
1168 2791 1463 2855 interrogat
1489 2780 1806 2841 orationem,
1835 2781 1888 2824 ut

322 2862 426 2956 non
451 2900 623 2955 detur.
642 2896 723 2949 bis
751 2892 889 2946 idem
921 2890 974 2941 in
1003 2878 1477 2956 propositionibus,
1528 2886 1594 2925 eo
1620 2862 1760 2938 quod
1789 2864 1891 2918 sci-

316 3010 439 3049 mus
493 2989 743 3059 quoniam
774 2985 891 3036 sine
919 2978 1095 3033 medio
1123 2970 1463 3042 syllogismus
1515 2978 1619 3015 non
1667 2961 1744 3023 lit,
1776 2970 1889 3010 me.

1985 477 2200 541 saliter;
2260 492 2381 563 nam
2434 477 2642 533 eadem
2699 479 2829 532 erit'
2868 475 3106 531 delinitio
3156 479 3445 549 syllogismi
3490 488 3558 549 tet

1983 567 2213 623 elcncbi.

2560 636 2782 691 CAPUT
2823 636 2960 690 XXI.

2296 726 2372 780 De
2397 728 2606 801 fallacie
2632 730 2909 782 secundum
2936 728 3245 795 opinionem.

2064 816 2269 872 Accidit
2305 827 2480 871 autem
2512 817 2825 885 quandoque
2852 818 3314 887 (quemadmodum
3346 820 3396 871 in
3421 819 3560 886 posi—

1988 911 2132 964 tione
2148 910 2497 963 terminorum
2519 907 2853 974 fallebamur)
2872 917 2925 962 et
2945 924 3017 961 sei
3036 909 3233 962 undum
3256 910 3560 977 opinionem

1990 998 2104 1053 ﬁeri
2127 998 2423 1063 fallaciam,
2464 1006 2521 1051 ιιι
2548 997 2590 1050 si
2615 999 2885 1066 centingat
2920 998 3056 1050 idem
3090 1000 3324 1064 pluribus
3360 997 3561 1065 primi-

1991 1088 2179 1157 paliter
2205 1088 2467 1160 inessc,et
2494 1086 2593 1140 hoc
2609 1086 2820 1153 quidem
2839 1087 3004 1142 latere
3030 1088 3281 1156 aliquem,
3312 1098 3562 1155 etputare

1991 1178 2118 1234 nulli
2143 1179 2349 1243 inesse,
2377 1178 2503 1230 illud
2533 1184 2709 1231 autem
2751 1179 2918 1240 scire,
2962 1176 3018 1229 ιιι
3048 1177 3172 1230 insit
3198 1195 3229 1230 α
3264 1180 3292 1231 b
3324 1186 3429 1231 et‘c
3467 1168 3561 1246 per

1992 1286 2079 1342 se.
2121 1278 2174 1325 et
2203 1269 2317 1324 haec
2344 1269 2488 1322 omni
2520 1271 2551 1320 ά
2574 1269 2837 1324 similiter.
2888 1268 2944 1322 Si
2978 1270 3135 1337 igitur
3164 1246 3432 1336 b'qui'de‘m'
3466 1286 3562 1339 pu-

1994 1360 2068 1415 tet
2098 1359 2245 1414 omni
2273 1376 2306 1411 a
2342 1359 2551 1423 iue~se,
2592 1369 2644 1411 et
2672 1359 2771 1412 hoc
2796 1359 2858 1423 ά,
2886 1374 2913 1411 ε
2935 1352 3259 1411 ειιιιειιιέιιιιί
3286 1377 3339 1424 a,
3380 1370 3431 1412 et
3465 1361 3562 1413 hoc

1993 1450 2135 1505 omni
2166 1452 2219 1514 ά,
2238 1450 2477 1517 ejusdem
2502 1449 2794 1527 secundum
2826 1449 2964 1501 idem
2995 1448 3209 1501 habebit
3233 1447 3560 1516 disciplinam

1994 1548 2047 1593 et
2075 1540 2445 1609 ignorantiam.
2479 1539 2706 1622 Rursum
2731 1541 2775 1593 si
2804 1539 2917 1603 σλιιξε
2950 1539 3162 1591 fallatur
3190 1539 3329 1593 circa
3360 1555 3419 1593 ea
3446 1555 3563 1607 qua:

1996 1640 2119 1684 sunt
2147 1645 2209 1684 ex
2234 1629 2821 1697 eademconjugationc.
2851 1640 2909 1684 ut
2928 1631 2973 1683 si
2998 1647 3028 1682 a
3052 1632 3188 1683 inest
3204 1631 3248 1694 b,
3280 1634 3561 1686 hocautem

1922 1748 1969 1806 Β
1996 1738 2043 1790 c,
2074 1731 2171 1775 etc
2195 1723 2259 1787 ά,
2279 1722 2526 1790 opinetur
2552 1730 2727 1774 autem
2750 1736 2782 1772 a
2810 1719 2987 1805 inesse
3014 1721 3157 1773 omni
3189 1721 3244 1784 ὁ,
3278 1730 3327 1772 ει
3355 1736 3564 1773 rursum

1996 1812 2123 1866 nulli
2147 1830 2193 1867 ε.
2239 1812 2402 1866 Simul
2430 1813 2568 1866 enim
2600 1813 2754 1875 sciet,
2804 1796 2856 1864 et
2888 1826 2991 1864 non
3023 1811 3325 1879 opinabitur
3354 1810 3561 1871 inesse;

1992 1914 2119 1989 ergo
2169 1903 2296 1956 nihil
2328 1902 2467 1955 aliud
2500 1902 2770 1956 existimat
2793 1915 2854 1953 ex
2886 1900 2949 1953 iis
2976 1904 3131 1969 quam
3169 1900 3297 1960 scit,
3330 1899 3429 1952 hoc
3460 1913 3565 1951 non

1992 1996 2227 2065 opinari,
2264 1994 2363 2047 scit
2387 1994 2530 2046 enim
2568 1993 2745 2060 aliquo
2785 1990 2943 2045 modo
2986 1991 3232 2059 quoniam
3294 2005 3324 2040 a
3361 1991 3493 2041 inc5t
3540 2004 3565 2041 c

1991 2103 2090 2156 per
2130 2085 2187 2148 b,
2218 2086 2358 2138 velut
2391 2085 2441 2136 in
2474 2083 2755 2137 universali
2788 2083 2887 2135 hoc
2910 2082 3049 2151 quod
3093 2090 3172 2134 est
3207 2081 3561 2148 particulare;

1992 2188 2155 2244 quare
2199 2172 2337 2241 quod
2368 2171 2547 2239 aliquo
2596 2171 2754 2224 modo
2803 2170 2934 2233 scit,
2987 2169 3085 2222 hoc
3121 2169 3338 2221 omnino
3384 2169 3565 2222 existi-

1992 2274 2102 2319 mat
2126 2280 2229 2319 non
2269 2262 2496 2331 epinari,
2528 2262 2666 2326 quod
2694 2271 2775 2315 cst
2805 2260 3151 2328 impossibile.
3174 2278 3179 2283 ·
3199 2261 3252 2314 1η
3283 2276 3348 2315 eo
3387 2258 3563 2315 autem

1992 2357 2131 2425 quod
2164 2357 2306 2425 prius
2339 2355 2535 2409 dictum
2565 2364 2666 2415 cst,
2689 2356 2729 2407 si
2764 2370 2866 2408 nott
2887 2368 2952 2408 ex
2976 2354 3158 2408 eadem
3196 2353 3565 2425 conjugatione

1994 2449 2061 2503 sit
2103 2447 2372 2510 medium,
2424 2445 2713 2509 secundum
2762 2454 3044 2512 utrumque
3090 2446 3300 2512 quidem
3364 2444 3567 2497 medio-

1994 2554 2109 2594 rum
2137 2538 2318 2592 ambas
2364 2536 2752 2605 propositiones
2779 2551 2882 2588 non
2928 2535 3183 2602 possibile
3225 2544 3305 2587 est
3333 2534 3562 2601 Opinari,

1995 2643 2099 2687 uta
2122 2632 2371 2700 bqnidem
2398 2629 2563 2695 omni,
2590 2646 2616 2681 ε
2643 2640 2817 2682 autem
2844 2629 2997 2691 nulli,
3023 2629 3135 2682 lucc
3153 2636 3329 2682 autem
3345 2640 3564 2697 utraque

1994 2722 2137 2774 Omni
2174 2719 2238 2784 d;
2281 2719 2475 2774 accidit
2512 2727 2687 2772 autem
2719 2728 2805 2771 aut
2833 2716 3147 2786 simpliciter
3171 2727 3266 2773 aut
3296 2720 3347 2771 in
3388 2717 3565 2787 aliquo

1994 2812 2311 2864 contrariam
2353 2824 2565 2864 sumere
2596 2811 2817 2879 primam
2852 2808 3290 2876 propositionem.
3335 2807 3389 2862 Si
3420 2810 3563 2862 enim
3600 2830 3609 2839 -

1994 2902 2077 2955 cui
2127 2901 2155 2953 b
2202 2902 2341 2955 inest
2384 2900 2527 2953 omni
2581 2916 2611 2951 a
2664 2899 2913 2965 Opinalur
2957 2895 3177 2963 inesse,
3242 2896 3271 2949 b
3313 2909 3488 2951 autem
3533 2894 3567 2948 ά

1997 2994 2174 3057 novit,
2217 3001 2271 3045 et
2309 2992 2559 3059 qu-iniant
2615 3005 2645 3040 a
2689 2988 2722 3039 ιι
2754 2988 2937 3053 novit,
2980 2995 3145 3056 quare
3173 2966 3457 3040 si‘rursuni
3484 2986 3569 3042 cui

321 3085 468 3139 dium
491 3091 666 3133 λιιιεηι
702 3084 783 3130 εει
829 3069 968 3141 ίιυοά
1000 3045 1892 3166 ΡῙθτυίυίῖυίδΔ
1925 3104 1970 3166 C
2000 3101 2025 3136 c
2051 3083 2212 3149 nulli,
2256 3090 2403 3151 putat
2451 3098 2483 3133 a
2533 3082 2731 3143 inesse,
2771 3081 2854 3132 cui
2881 3080 2908 3131 b
2934 3045 3086 3132 alicui
3112 3079 3280 3142 inest,
3314 3078 3437 3132 huic
3465 3094 3567 3131 non

323 3186 500 3228 autem
528 3176 737 3237 oportet
757 3166 1270 3229 ard-unamquamque
1296 3144 1691 3202 conclusionem
1714 3138 1899 3193 obser-
1924 3138 1929 3169 δ

324 3281 447 3319 vare
470 3262 703 3317 medium
731 3254 1065 3311 manifestum
1089 3256 1189 3310 est,
1212 3258 1276 3298 eo
1299 3240 1437 3311 quod
1467 3238 1632 3291 scitur
1661 3230 1819 3301 quale
1847 3230 1897 3281 in

325 3370 637 3427 unaquaque
668 3352 836 3421 ﬁgura
857 3345 1174 3403 ostenditur.
1204 3338 1305 3392 hoc
1347 3346 1524 3387 autem
1556 3344 1652 3383 nos
1681 3340 1786 3380 non
1828 3324 1903 3376 la-

329 3454 478 3515 tebit,
503 3466 567 3504 eo
595 3444 735 3515 quod
760 3442 998 3497 videmus
1023 3431 1289 3505 quomodo
1310 3424 1672 3482 submittimus
1700 3420 1902 3474 oratio-

329 3561 473 3599 nem.
506 3541 725 3609 Oportet
752 3544 926 3589 autent
985 3526 1126 3597 quod
1143 3522 1409 3579 custodire
1458 3516 1791 3588 praecipimus
1823 3526 1905 3564 re-

331 3604 677 3705 spondentes,
710 3629 856 3697 ipsus
894 3626 1326 3695 argumentantes
1354 3621 1558 3667 tentare
1583 3610 1773 3670 latere,
1804 3604 1906 3665 1ης

331 3739 507 3782 autem
560 3723 659 3777 erit
729 3718 952 3787 primum
1000 3709 1212 3781 quidem
1277 3707 1320 3759 si
1378 3700 1748 3757 conclusiones
1804 3709 1907 3749 non

333 3818 480 3887 prius
510 3810 848 3882 syllogizent,
873 3804 963 3860 sed
992 3800 1216 3869 sumptis
1247 3794 1560 3853 necessariis
1604 3808 1709 3845 non
1742 3787 1913 3841 manl-

334 3884 484 3963 icstze
516 3907 642 3957 sint.
672 3900 913 3968 Amplius
938 3905 1114 3955 autem
1145 3892 1187 3946 si
1215 3906 1318 3944 non
1343 3887 1634 3956 propinqua
1684 3884 1913 3938 interro-

334 4008 483 4070 gant,
513 3996 604 4049 sed
635 4008 792 4064 quam
825 3990 1053 4049 maxime
1075 3986 1228 4053 longe
1251 3981 1443 4044 media,
1477 3990 1532 4031 ut
1556 3977 1598 4031 si
1628 3975 1694 4029 sit
1719 3986 1914 4042 oppor-

337 4105 526 4148 tunum
551 4088 867 4143 concludere
894 4100 925 4136 α
954 4083 988 4134 d
1007 4098 1031 4133 e
1050 4082 1088 4151 f,
1116 4077 1287 4132 media
1317 4075 1345 4127 b
1375 4075 1449 4127 ed
1478 4088 1528 4137 ε,
1552 4077 1765 4139 oportet
1789 4080 1917 4134 ergo

340 4184 617 4252 inquirere
645 4180 688 4233 si
714 4195 744 4230 α
775 4179 825 4240 b,
855 4188 909 4230 et
937 4186 1146 4229 rursum
1181 4183 1285 4223 non
1328 4166 1373 4220 si
1424 4165 1451 4217 ὁ
1506 4179 1554 4227 e,
1585 4162 1678 4216 sed
1710 4160 1752 4213 si
1784 4159 1818 4210 ά
1869 4174 1916 4223 e,

341 4250 537 4328 deinde
566 4272 609 4324 si
641 4270 667 4321 ο
697 4285 741 4327 c,
770 4275 825 4321 et
846 4266 922 4319 sic
949 4264 1174 4330 reliqua,
1202 4267 1255 4313 et
1282 4258 1332 4329 si
1371 4270 1464 4323 per
1491 4268 1654 4307 unum
1687 4250 1916 4305 medium

343 4368 412 4420 sit
438 4362 800 4435 syllogismus,
827 4373 853 4409 a
890 4354 1067 4410 medio
1110 4351 1363 4419 incipere,
1396 4345 1634 4401 maxime
1672 4343 1813 4397 enim
1844 4340 1922 4394 sic

2004 3183 2149 3245 putat
2188 3190 2223 3245 al
2248 3174 2443 3237 inezse,
2474 3169 2615 3241 quod
2646 3180 2821 3243 autem
2857 3158 2999 3223 omni
3041 3180 3178 3237 putat
3218 3170 3301 3223 cui
3337 3170 3364 3222 b
3388 3212 3404 3237 ,
3456 3183 3571 3223 rurs

2003 3280 2120 3320 sum
2154 3262 2311 3337 alicui
2334 3278 2438 3316 non
2462 3272 2647 3330 putare
2677 3260 2759 3315 cui
2791 3261 2854 3325 b,
2890 3271 2979 3313 aut
3009 3256 3352 3329 Simpliciter,
3385 3260 3485 3313 aut'
3519 3261 3572 3329 in

2005 3353 2534 3425 aliqnocontrarium
2563 3368 2592 3406 e
2627 3360 2674 3416 t;
2726 3351 2803 3405 sic
2842 3366 2969 3419 ergo
3009 3363 3112 3403 non
3158 3351 3418 3419 contingit
3456 3351 3574 3419 opi-

2006 3444 2143 3499 nari.
2191 3441 2492 3498 Secundum
2523 3450 2803 3506 utrumque
2825 3447 3000 3491 autem
3034 3452 3188 3490 unam
3209 3478 3223 3501 ,
3253 3448 3345 3490 aut
3386 3453 3575 3492 secun-

2007 3537 2131 3590 dum
2154 3535 2377 3588 alterum
2400 3542 2669 3601 utrasque,
2691 3531 2820 3584 nihil
2846 3530 3091 3598 prolrib-t
3113 3547 3141 3581 α
3160 3529 3301 3582 omni
3327 3530 3374 3594 ll,
3401 3538 3454 3584 et
3470 3533 3497 3581 b
3520 3532 3575 3590 d,

2010 3637 2062 3679 et
2092 3637 2303 3677 rursum
2334 3638 2365 3673 α
2396 3621 2522 3673 nulli
2553 3636 2600 3695 ε,
2640 3618 2767 3672 Nam
2795 3617 2985 3671 similis
3020 3616 3320 3685 hujusmodi
3348 3616 3576 3680 fallacia,

2013 3713 2175 3767 veluti
2198 3710 2428 3764 fallimur
2448 3712 2585 3763 circa
2614 3706 2973 3778 particularia,
3004 3707 3117 3760 utsi
3139 3723 3170 3759 a
3190 3708 3333 3760 omni
3362 3708 3389 3759 ὁ
3420 3706 3578 3771 inest,

2015 3804 2042 3856 b
2068 3810 2244 3856 autem
2268 3800 2410 3853 omni
2442 3817 2490 3864 ι’,
2518 3815 2550 3850 a
2573 3798 2716 3852 omni
2739 3815 2765 3849 c
2784 3797 2968 3860 inerit;
2994 3796 3036 3848 si
3068 3810 3197 3865 ergo
3225 3796 3415 3864 aliquis
3437 3797 3581 3852 novit

2015 3894 2259 3966 quintiam
2279 3910 2309 3946 a
2332 3893 2417 3946 cui
2451 3893 2478 3945 ὁ
2509 3890 2830 3955 inestomni,
2860 3889 3005 3943 novit
3028 3888 3343 3957 etquoniam
3374 3888 3421 3940 ei
3441 3886 3583 3955 quod

2016 3994 2100 4041 est
2122 4000 2181 4048 c;
2203 3984 2296 4038 sed
2323 3982 2450 4037 nihil
2476 3980 2717 4051 prohibet
2739 3980 2983 4050 ignorare
3004 3995 3030 4031 ε
3051 3978 3302 4045 quoniam
3326 3986 3430 4041 est,
3453 3984 3512 4030 ut
3537 3977 3583 4031 si

2017 4093 2048 4131 α
2076 4075 2285 4146 quidem
2306 4073 2411 4128 duo
2433 4072 2584 4134 recti,
2610 4072 2661 4125 in
2679 4085 2784 4139 quo
2805 4078 2981 4125 autem
3008 4068 3035 4121 ὁ
3055 4068 3367 4136 triangulus,
3404 4068 3461 4121 in
3477 4082 3586 4137 quo

2019 4180 2151 4221 vero
2177 4182 2204 4218 c
2230 4162 2498 4220 sensibilis
2528 4162 2593 4217 tri
2630 4161 2845 4229 ngulus;
2890 4157 3195 4226 opinabitur
3220 4158 3363 4211 enim
3392 4158 3587 4227 aliquis

2022 4271 2127 4311 non
2155 4268 2277 4308 esse
2314 4269 2373 4320 ε,
2405 4252 2579 4306 sciens
2610 4251 2863 4319 quoniam
2904 4247 3075 4301 omnis
3107 4246 3398 4314 triangulus
3429 4246 3589 4301 habet

2024 4347 2157 4401 duos
2188 4355 2359 4399 rectos
2392 4356 2409 4396 :
2450 4356 2615 4409 quare
2656 4339 2810 4393 simul
2842 4338 2974 4392 sciet
3010 4346 3065 4390 et
3102 4336 3373 4406 ignorabit
3403 4336 3571 4402 idem,

345 4456 529 4510 latebit
598 4449 1034 4521 respondentem.
1113 4441 1374 4509 Quoniam
1445 4453 1573 4505 ergo
1663 4432 1922 4488 habemus
1953 4470 2001 4531 ο
2026 4451 2147 4492 nam
2174 4434 2312 4490 scire
2326 4447 2537 4487 omnem
2558 4430 2869 4499 triangulum
2892 4426 3138 4497 quoniam
3170 4426 3377 4482 duobus
3402 4427 3586 4493 rectis,

346 4546 558 4618 quando
587 4553 640 4598 et
666 4540 934 4612 quomodo
967 4552 1026 4593 se
1054 4534 1365 4592 habentibus
1388 4528 1629 4587 terminis
1673 4524 1728 4580 ﬁt
1760 4524 1935 4596 syllo-

347 4643 571 4709 gismns,
603 4634 940 4690 manifestum
962 4640 1036 4707 ει¹
1063 4627 1276 4699 quando
1300 4625 1423 4689 erit,
1469 4634 1523 4678 et
1561 4618 1775 4691 quando
1821 4630 1927 4670 non

350 4732 452 4786 erit
472 4729 748 4791 elenchus,
779 4739 899 4778 nam
928 4702 1174 4799 omnibus
1199 4716 1552 4795 allirmativis,
1586 4713 1669 4767 vel
1709 4702 1927 4780 pertuu-

354 4826 499 4878 tatim
530 4822 716 4892 positis
743 4796 1179 4888 responsionibus
1214 4813 1295 4880 (ut
1332 4790 1665 4878 bacvquidem
1695 4806 1932 4879 afﬁrma-

357 4915 486 4980 tiva,
512 4913 597 4968 illa
638 4928 775 4987 ‘vero
822 4902 1108 4978 negativa),
1134 4905 1398 4973 contingit
1454 4902 1566 4956 fieri
1598 4897 1878 4955 elenchum
1912 4913 1927 4951 :

356 5010 453 5063 erit
480 5007 622 5062 enim
654 5004 1027 5075 syllogismus,
1070 5008 1125 5053 et
1153 4999 1230 5051 sic
1256 4997 1306 5049 in
1338 4996 1427 5050 illo
1459 4993 1619 5047 modo
1646 5006 1705 5047 se
1734 4990 1928 5045 haben-

359 5101 500 5155 tibus
529 5097 805 5160 terminis;
836 5108 1002 5163 quare
1032 5090 1077 5144 si
1124 5088 1174 5142 id
1208 5087 1348 5157 quod
1383 5086 1611 5154 positum
1669 5091 1753 5136 est
1798 5096 1931 5135 con-

362 5193 580 5247 trarium
609 5190 679 5244 sit
706 5185 1034 5243 conclusioni
1061 5225 1073 5246 ,
1108 5195 1329 5236 necesse
1360 5188 1444 5233 est
1470 5177 1583 5232 lieri
1606 5174 1889 5230 elenchum
1917 5214 1932 5238 ,

366 5298 485 5337 nam
543 5280 799 5353 elenchus
853 5276 1192 5347 syllogismus
1242 5267 1678 5326 contradictionis
1725 5276 1826 5322 est.
1878 5268 1934 5323 Si

366 5387 492 5427 vero
521 5372 656 5425 nihil
684 5369 1000 5432 aliirmetur,
1025 5363 1354 5434 impossibile
1379 5369 1461 5416 est
1485 5361 1597 5415 lieri
1627 5358 1932 5423 elenchum,

370 5480 473 5518 non
498 5464 642 5518 enim
670 5471 786 5516 erat
805 5460 1168 5531 syllogismus,
1195 5471 1315 5510 cum
1342 5466 1527 5506 omnes
1551 5449 1759 5505 termini
1786 5458 1938 5503 erant

372 5557 637 5626 privativi,
670 5569 836 5624 quare
863 5568 959 5606 nec
991 5550 1244 5617 elenchus
1273 5566 1284 5602 :
1319 5562 1438 5600 nam
1469 5546 1512 5598 si
1536 5542 1809 5606 elenchus,
1843 5555 1937 5595 ne-

374 5660 524 5701 cesse
549 5654 633 5701 est
652 5644 1018 5716 syllogismum
1041 5654 1200 5703 esse;
1231 5652 1349 5691 cum
1380 5646 1558 5691 autem
1588 5643 1668 5688 est
1690 5633 1939 5703 syllogis-

378 5749 518 5802 mus,
547 5751 664 5811 non.
675 5746 896 5790 necesse
915 5739 997 5787 est
1016 5726 1294 5803 elenchum
1317 5740 1456 5782 esse.
1484 5724 1741 5780 Similiter
1765 5732 1939 5777 autem

2030 4542 2134 4581 non
2149 4524 2366 4593 simplex
2379 4532 2482 4586 est,
2495 4521 2587 4576 sed
2602 4519 2925 4587 hocquitlcm
2950 4517 3304 4573 universalem
3328 4518 3483 4573 habet
3511 4518 3591 4571 di-

2028 4618 2101 4673 sci
2110 4618 2325 4686 plinam,
2345 4614 2472 4667 illud
2490 4626 2614 4687 vero
2634 4610 2973 4679 singularem.
2992 4608 3078 4662 Sic
3094 4621 3220 4676 ergo
3239 4608 3289 4661 in
3305 4610 3592 4663 universali

2032 4708 2180 4763 novit
2198 4723 2244 4768 c,
2261 4704 2506 4775 quoniam
2530 4701 2738 4756 duobus
2752 4698 2930 4764 rectis,
2952 4698 3002 4751 in
3020 4696 3273 4765 singulari
3288 4708 3463 4751 autem
3488 4713 3593 4752 non

2032 4798 2198 4864 novit,
2214 4810 2376 4865 quare
2392 4807 2495 4848 non
2514 4789 2723 4846 habebit
2738 4786 3310 4843 contrarias.SimiIiter
3321 4795 3495 4841 autem
3514 4793 3596 4851 est

2033 4905 2152 4960 qua:
2178 4889 2230 4941 in
2259 4886 2482 4941 Menone
2510 4890 2594 4937 est
2618 4879 2809 4943 oratio,
2831 4878 3077 4947 quoniam
3098 4876 3376 4947 disciplina
3406 4886 3488 4929 est
3512 4889 3597 4929 re-

2035 4978 2400 5042 miniscentia;
2439 4987 2706 5044 nunquam
2748 4971 2886 5024 enim
2927 4968 3120 5029 accidit
3156 4968 3408 5035 prmscire
3450 4964 3593 5034 quod

2035 5074 2301 5144 singulare
2329 5080 2433 5134 est,
2455 5068 2546 5123 sed
2564 5064 2720 5120 simul
2750 5062 3285 5119 induetionesumere
3313 5057 3598 5125 particula-

2036 5168 2173 5224 rium
2195 5163 2546 5232 disciplinam,
2567 5158 2711 5213 velut
2729 5163 3187 5224 recognoscentes.
3207 5151 3333 5204 Nam
3352 5149 3595 5218 qumdam

2038 5258 2285 5319 scientes,
2310 5256 2484 5307 statim
2514 5250 2731 5309 scimus.
2766 5257 2820 5300 ut
2846 5244 3095 5314 quoniam
3119 5240 3325 5307 duobus
3345 5239 3527 5303 rectis,
3555 5237 3600 5294 sl

2038 5354 2237 5409 scimus
2260 5346 2505 5417 quoniam
2527 5336 3097 5409 triangulus,sitnilitvr
3116 5342 3290 5387 autem
3319 5342 3369 5385 et
3388 5331 3437 5383 in
3461 5330 3599 5383 aliis.

2044 5444 2185 5511 Ergo
2203 5435 2487 5492 universali
2509 5432 2718 5498 quidem
2742 5428 3077 5495 sperttlamnr
3099 5420 3455 5491 particula-ia,
3482 5434 3603 5486 pro—

2043 5534 2151 5602 pria
2167 5541 2340 5586 autem
2359 5542 2462 5582 non
2474 5525 2701 5585 scimus;
2720 5534 2883 5589 quare
2898 5513 3154 5581 contingit
3170 5523 3223 5566 et
3240 5511 3347 5565 falli
3362 5512 3503 5564 circa
3518 5526 3602 5574 ea,

2043 5639 2224 5679 verum
2257 5637 2357 5675 non
2383 5614 2667 5677 contrarie,
2696 5610 2790 5666 sed
2819 5608 3018 5662 habere
3042 5603 3257 5674 quidem
3286 5600 3603 5664 universale,

2045 5717 2212 5785 decipi
2230 5724 2402 5768 autent
2425 5704 2745 5777 particulari.
2762 5700 3015 5757 Similiter
3031 5704 3205 5753 a'tcm
3235 5694 3286 5752 in
3313 5693 3603 5764 prmdictis.
