4112 6332
565 293 665 355 707

1774 296 1882 353 AN.
1926 298 2133 353 MANL.
2176 298 2327 353 SEV.
2370 303 2581 361 ΒΟΕΤΙΙ

3720 312 3824 365 ἶοδ

567 427 671 468 non
691 410 834 468 enim
854 410 1115 466 contraria
1140 422 1258 478 quae
1273 418 1351 462 est
1374 408 1664 462 secundum
1690 407 1920 461 medium
1950 408 1996 460 ei
2023 422 2141 478 qua:
2168 412 2219 470 Λ
2246 415 2590 480 eorruptibite
2622 412 2816 470 factum
2848 430 2987 478 esse,
3031 418 3138 471 duo
3177 418 3321 473 enim
3356 419 3657 490 syllogismt
3683 436 3823 477 con-

567 510 651 558 est
665 500 950 556 secundum
970 497 1333 568 syllogismum
1353 495 1666 563 disciplinae,
1688 508 1786 549 nec
1804 503 2020 563 qumest
2049 510 2136 550 se-

568 592 795 649 cundum
813 602 1092 657 utrumque
1110 588 1406 642 mediorum
1424 588 1683 655 opinatio,
1697 586 1825 639 nihil
1845 587 1985 640 enim
2015 600 2137 654 pro-

569 687 716 739 hibet
745 685 1021 745 scientem,
1050 690 1102 735 et
1132 680 1379 748 quoniam
1404 696 1432 732 a
1463 680 1555 731 toti
1575 679 1603 731 b
1632 678 1803 743 inest,
1845 687 1898 729 et
1925 691 2133 730 rursum

570 774 669 827 hoc
688 772 782 826 toti
800 789 846 837 c,
869 753 1054 839 putare
1072 785 1177 823 non
1210 771 1406 829 inesse,
1442 779 1497 821 ut
1523 767 1775 835 quoniam
1800 767 1976 820 omnis
1994 767 2135 820 mula

568 864 797 930 sterilis,
830 871 883 916 et
909 862 1021 914 bare
1050 861 1212 924 mula,
1248 870 1432 929 putare
1463 861 1594 911 hanc
1621 857 1817 911 habere
1859 858 1910 910 in
1943 868 2135 922 utero;

570 969 674 1007 non
704 953 844 1007 enim
889 953 989 1006 scit
1016 950 1263 1019 quoniam
1291 967 1342 1012 a,
1376 965 1401 1000 c
1429 951 1519 1017 qui
1552 962 1656 1001 non
1683 946 1965 1013 conspicit,
1994 944 2135 1015 quod

568 1053 650 1101 est
670 1044 963 1099 secundum
995 1052 1299 1110 utrumque.
1331 1040 1506 1106 Quare
1526 1036 1859 1092 manifestum
1885 1038 2134 1106 quoniam

566 1146 621 1194 et
646 1136 690 1191 si
722 1136 823 1189 hoc
845 1132 1055 1203 quidem
1088 1133 1253 1192 novit;
1275 1130 1404 1183 illud
1427 1145 1553 1184 vero
1578 1144 1682 1183 non
1708 1127 1877 1191 novit,
1903 1125 2134 1191 falletur,

565 1225 708 1296 quod
736 1224 933 1278 habent
958 1221 1282 1275 universales
1310 1220 1375 1272 ad
1405 1216 1754 1288 particulares
1783 1217 2090 1286 disciplinas
2117 1234 2131 1283 ;

566 1318 767 1372 nullum
800 1314 941 1369 enim
995 1311 1325 1366 sensibilium
1364 1324 1483 1362 cum
1507 1317 1654 1361 extra
1687 1322 1900 1360 sensum
1934 1308 1991 1359 fit
2034 1308 2138 1360 sci-

564 1421 703 1469 mus,
721 1421 818 1459 nec
840 1404 883 1457 si
913 1402 1206 1457 sentientes
1230 1399 1483 1453 fuerimus
1510 1398 1844 1462 scimus,nisi
1868 1406 1925 1450 ut
1944 1386 2138 1450 inuni-

564 1496 777 1561 versali,
802 1504 856 1549 et
881 1495 932 1547 in
952 1508 1016 1546 eo
1038 1491 1179 1560 quod
1198 1491 1358 1545 habet
1374 1488 1640 1557 pr0priam
1666 1488 2022 1555 disciplinam,
2042 1488 2134 1542 sed

565 1601 671 1641 non
698 1586 750 1639 in
772 1600 839 1640 eo
866 1583 1004 1652 quod
1020 1591 1103 1636 est
1125 1583 1174 1634 in
1194 1590 1389 1634 actum.
1408 1579 1538 1633 Nam
1553 1580 1692 1634 scire
1717 1579 2137 1648 tripliciterdiei-

566 1689 668 1743 tur,
692 1685 856 1730 autut
887 1673 1190 1735 universali,
1228 1678 1319 1725 aut
1349 1680 1403 1723 ut
1434 1672 1671 1739 propria,
1703 1678 1796 1723 aut
1825 1681 1883 1723 ut
1910 1670 1965 1722 iu
1988 1677 2130 1731 actu,

2238 503 2406 557 stituti
2424 513 2565 558 sunt.
2584 505 2869 562 Rursumsi
2888 509 3031 561 omni
3055 509 3293 577 quidem,
3317 528 3347 563 α
3366 511 3449 564 vel
3472 511 3520 574 ὁ,
3535 522 3630 565 etc
3652 513 3738 565 vel
3761 516 3818 578 ἀ,

2239 597 2397 651 simul
2418 608 2599 654 autem
2626 617 2729 654 nou
2748 603 3008 669 insunt,si
3029 605 3360 659 convertitur
3388 619 3484 660 aet
3513 624 3558 671 c,
3584 620 3640 661 et
3662 608 3689 660 b
3711 618 3765 661 et
3785 610 3823 660 τι

2232 701 2605 746 convertetur.
2637 694 2768 748 Nam
2788 694 2831 747 si
2853 696 3010 749 alieni
3039 712 3144 750 non
3178 699 3314 751 inest
3343 698 3392 764 Ι),
3423 699 3509 753 cui
3543 700 3602 765 ἐ,
3641 701 3818 767 palam

2237 782 2484 848 quoniam
2510 800 2541 835 a
2567 782 2730 849 inest;
2752 785 2793 838 si
2816 796 2991 840 autem
3013 805 3064 849 a,
3090 798 3211 853 etc,
3235 800 3619 846 contertuntur
3642 794 3816 854 enim;

2237 883 2402 936 quare
2429 870 2584 924 simul
2629 890 2656 925 c
2678 881 2731 927 et
2766 874 2801 926 ά
2822 915 2837 939 ,
2876 873 2976 930 hoc
3002 887 3181 931 autem
3204 877 3554 947 impossibile.
3591 882 3821 947 Quando

2237 969 2412 1014 autem
2442 964 2589 1017 atoti
2614 968 2641 1015 b
2669 973 2723 1018 et
2747 981 2773 1017 c
2796 964 2961 1031 inest,
2985 975 3041 1021 et
3061 966 3127 1021 de
3158 962 3299 1023 nullo
3338 970 3443 1023 alio
3475 972 3818 1038 praedicatur,

2239 1048 2378 1105 inest
2405 1063 2580 1106 autem
2621 1063 2675 1109 et
2705 1054 2733 1106 b
2761 1057 2905 1109 omni
2937 1074 2979 1121 c,
3017 1073 3236 1113 necesse
3256 1073 3335 1114 ρει
3364 1078 3395 1113 a
3416 1062 3514 1114 etb
3543 1065 3814 1135 converti,

2239 1132 2486 1212 quoniam
2509 1145 2648 1202 enim
2666 1146 2734 1202 de
2752 1149 2882 1203 solis
2903 1149 2933 1202 ὁ
2952 1166 2980 1202 c
3002 1150 3195 1205 dicitur
3213 1169 3265 1215 a,
3287 1154 3607 1220 prardicatur
3635 1167 3814 1209 autem

2239 1232 2267 1286 ὁ
2290 1243 2341 1287 et
2363 1235 2499 1289 idem
2522 1236 2589 1291 de
2601 1252 2658 1291 se
2678 1248 2730 1291 et
2753 1237 2821 1292 de
2837 1254 2883 1300 ε,
2911 1239 3247 1295 manifestum
3270 1246 3518 1311 quoniam
3533 1244 3600 1297 de
3621 1245 3815 1313 quibus

2237 1342 2269 1378 a
2292 1368 2305 1388 ,
2353 1336 2406 1381 et
2435 1328 2463 1379 ὁ
2505 1328 2710 1382 dicetur
2736 1331 2985 1384 omnibus
3006 1371 3021 1394 ,
3076 1347 3260 1386 verum
3290 1342 3345 1387 ct
3385 1333 3452 1387 de
3479 1350 3536 1387 a.
3582 1334 3815 1388 Rursum

2237 1420 2446 1486 quando
2475 1436 2507 1472 α
2535 1428 2588 1474 et
2630 1421 2690 1486 b,
2725 1422 2819 1475 toti
2862 1440 2887 1474 c
2912 1423 3091 1479 insunt
3120 1425 3447 1479 convertitur
3485 1434 3665 1480 autem
3698 1444 3727 1478 ιτ
3755 1428 3814 1493 b,

2239 1524 2458 1565 necesse
2487 1522 2569 1567 est
2592 1529 2623 1565 a
2650 1514 2840 1567 omnib
2871 1515 3334 1586 inesse,quouiam
3364 1517 3507 1571 enim
3540 1519 3690 1571 omni
3711 1536 3739 1570 c
3762 1536 3815 1579 α,

2237 1620 2264 1655 c
2295 1614 2471 1659 autem
2503 1605 2646 1669 b,eo
2666 1607 2805 1674 quod
2837 1616 3240 1672 convertuntur,
3264 1619 3318 1663 et
3356 1626 3389 1663 a
3414 1612 3556 1664 omni
3582 1612 3611 1663 ὁ
3635 1611 3812 1666 inerit.

2239 1695 2460 1761 Quando
2473 1704 2648 1751 autem
2667 1699 2773 1751 duo
2791 1697 2985 1753 fuerint
3006 1703 3271 1769 Opposita,
3293 1708 3402 1755 uta
3429 1702 3595 1769 magis
3615 1702 3813 1769 eligen-

562 1783 725 1837 quare
746 1776 797 1819 et
822 1766 992 1832 decipi
1025 1761 1241 1816 totidem
1270 1760 1611 1861 modia-nihil
1642 1774 1770 1827 ergo
1800 1760 2049 1828 prohibet
2078 1769 2131 1813 et
2160 1779 2208 1837 Β
2235 1760 2445 1842 (ωηιξη
2466 1804 2622 1857 quam
2640 1790 2690 1853 by,
2714 1805 2834 1843 cum
2857 1760 3240 1859 sinlop'pbsim’
3261 1760 3319 1845 ἐι
3340 1792 3374 1844 ά
3396 1760 3551 1861 αυῧῶ
3574 1810 3602 1845 c
3629 1795 3813 1847 simil;

560 1861 721 1920 scire,
748 1866 801 1911 et
826 1857 1105 1922 deceptum
1140 1867 1259 1907 esse
1280 1854 1421 1905 circa
1442 1851 1605 1915 idem,
1631 1861 1997 1905 verumtamen
2027 1865 2130 1903 non

562 1946 846 2001 contrarie.
873 1944 1022 2009 Quod
1054 1941 1247 1996 accidit
1277 1950 1330 1995 et
1358 1944 1407 1994 ei
1431 1942 1517 2009 qui
1546 1940 1838 1994 secundum
1858 1951 2133 2010 utramque

559 2037 657 2091 scit
675 2034 1113 2105 propositionum,
1132 2040 1305 2085 etnon
1323 2032 1664 2099 pertractavit
1685 2032 1850 2099 prius.
1879 2046 1997 2083 nam
2020 2031 2131 2099 opi-

559 2140 692 2180 nans
734 2125 785 2177 in
827 2134 979 2178 utero
1021 2122 1217 2176 habere
1267 2121 1495 2185 mulam,
1528 2136 1630 2173 non
1657 2120 1814 2174 habet
1842 2121 2130 2175 secundum

558 2232 733 2273 ac.um
750 2215 1106 2284 disciplinam,
1128 2228 1302 2282 neque
1322 2222 1537 2280 propter
1552 2212 1851 2280 Opinionem
1874 2213 2132 2267 fallaciam

558 2307 879 2360 contrariam
905 2303 1217 2372 disciplinae,
1241 2302 1581 2371 syllogismus
1602 2303 1743 2356 enim
1772 2305 2132 2357 estcontraria

558 2398 767 2453 fallacia
788 2398 839 2450 iu
864 2396 1169 2449 universali.
1185 2394 1282 2461 Qui
1304 2404 1481 2447 autem
1506 2396 1753 2462 opinatur
1774 2396 1915 2463 quod
1938 2396 2131 2449 bonum

559 2504 679 2544 esse
716 2496 802 2542 est
845 2488 1041 2541 malum
1087 2502 1238 2551 esse,
1285 2486 1423 2541 idem
1453 2486 1755 2554 opinabitur
1792 2488 1986 2540 bonum
2016 2502 2136 2543 esse

558 2592 612 2639 et
630 2583 846 2637 malum.
868 2581 947 2637 Sit
968 2581 1104 2634 enim
1120 2580 1317 2633 bonum
1340 2578 1527 2633 essein
1547 2592 1715 2647 quoa,
1737 2581 1930 2631 malum
1956 2591 2131 2632 autem

557 2689 680 2730 esse
710 2674 759 2727 in
784 2688 890 2743 quo
920 2674 967 2736 ὁ,
998 2687 1207 2725 rursum
1235 2672 1430 2725 bonum
1462 2686 1581 2726 esse
1603 2673 1653 2725 in
1675 2687 1780 2741 quo
1802 2690 1858 2736 c;
1883 2674 2131 2742 quoniam

557 2766 716 2835 igitur
736 2764 875 2818 idem
889 2765 1135 2832 opinatur
1158 2776 1206 2818 et
1224 2767 1249 2818 b
1267 2773 1386 2827 etc,
1411 2773 1464 2817 et
1484 2778 1603 2817 esse
1626 2780 1652 2816 c
1676 2764 1703 2817 b
1734 2765 2060 2833 Opinabitur,
2080 2774 2134 2819 et

556 2871 767 2912 rursum
797 2858 825 2909 b
851 2872 970 2910 esse
998 2872 1029 2908 a
1058 2855 1330 2918 similiter,
1348 2870 1511 2922 quare
1536 2865 1590 2908 et
1612 2870 1708 2919 ca,
1729 2871 1848 2908 nam
1880 2856 2133 2923 quemad-

556 2940 770 3002 inodum
794 2946 840 3000 si
868 2950 985 3000 erat
1012 2962 1195 2999 verum
1222 2946 1289 2999 de
1316 2962 1421 3014 quo
1448 2947 1535 3010 σὺ,
1565 2955 1619 2999 et
1640 2946 1705 3000 de
1730 2962 1834 3015 quo
1862 2948 1888 2998 ὸ
1911 2964 1965 3009 a,
1995 2947 2133 3003 etde

554 3051 660 3105 quo
680 3052 753 3088 ca
774 3051 958 3089 verum
981 3045 1114 3099 erat,
1133 3040 1212 3088 sic
1237 3043 1293 3089 et
1322 3036 1374 3089 in
1398 3036 1729 3103 opinatione.
1756 3037 2013 3091 Similiter
2032 3053 2153 3091 au-v

2237 1889 2337 1943 ter,
2364 1880 2406 1933 si
2436 1880 2603 1949 magis
2628 1879 2871 1948 eligenda
2893 1890 3015 1934 sunt
3042 1897 3073 1933 α
3102 1897 3129 1934 c
3151 1896 3307 1951 quam
3343 1883 3370 1933 b
3391 1885 3444 1947 d,
3464 1901 3493 1934 η
3521 1884 3689 1952 uagis
3720 1884 3814 1937 eli-

2234 1971 2461 2039 gendum
2486 1986 2641 2038 quam
2670 1970 2725 2023 ά.
2770 1972 3025 2026 Similiter
3050 1974 3190 2027 enim
3211 1975 3541 2041 settueudum
3571 1990 3626 2036 a,
3650 1983 3703 2027 et
3738 1980 3813 2027 [υς

2234 2059 2481 2126 giendum
2506 2061 2556 2125 ὁ,
2582 2071 2826 2128 Opposua
2848 2060 3012 2125 enim,
3040 2069 3094 2115 et
3122 2078 3149 2114 c
3176 2063 3225 2118 ei
3248 2061 3387 2131 quod
3412 2072 3490 2115 est
3518 2063 3572 2125 ά,
3604 2078 3731 2116 nam
3762 2075 3815 2119 et

2237 2152 2348 2204 haec
2364 2162 2745 2219 opponuntur;
2774 2151 2820 2206 si
2840 2166 2968 2221 ergo
2996 2170 3027 2205 a
3053 2154 3100 2207 ei
3129 2154 3268 2222 quod
3289 2169 3367 2207 e5t
3398 2156 3432 2207 d
3457 2156 3812 2210 sitnilitereli.
3854 2166 3863 2171 "

2234 2243 2487 2311 gendum,
2503 2251 2561 2311 et
2585 2245 2614 2296 ὁ
2636 2245 2683 2297 ei
2703 2244 2841 2313 quod
2863 2254 2942 2299 est
2962 2261 2987 2295 c
3012 2245 3336 2313 fugiendum,
3359 2256 3645 2317 utrumque
3668 2249 3813 2303 enim

2237 2335 2446 2402 utrique
2471 2334 2713 2388 similiter
2739 2334 3040 2405 fugiendum
3078 2336 3361 2406 eligendo;
3390 2320 3557 2407 quare
3597 2348 3653 2391 et
3701 2340 3814 2393 hac

2236 2425 2390 2476 ambo
2407 2442 2435 2474 a
2458 2440 2484 2475 c
2507 2425 2570 2477 iis
2587 2439 2705 2493 qum
2726 2433 2851 2479 sunt
2873 2425 2902 2478 b
2928 2427 2983 2489 d,
3012 2428 3262 2495 qucuiatn
3286 2424 3461 2481 autem
3486 2429 3682 2497 magis,
3708 2444 3815 2484 non

2239 2516 2489 2584 possibile
2504 2516 2769 2581 similiter,
2796 2533 2914 2569 nam
2934 2526 2987 2583 et
3008 2518 3036 2569 b
3051 2518 3083 2569 ά
3100 2518 3344 2572 similiter
3358 2529 3535 2572 erunt.
3553 2520 3608 2574 Si
3633 2531 3815 2575 autem

2236 2611 2269 2662 ά
2299 2609 2463 2678 magis
2487 2611 2787 2678 eligendum
2817 2626 2973 2678 quam
3002 2620 3120 2674 a,et
3137 2611 3165 2663 ὸ
3185 2626 3341 2679 quam
3360 2628 3387 2665 c
3408 2613 3585 2665 minus
3605 2612 3815 2681 fugien~

2236 2702 2396 2762 dum;
2424 2718 2543 2757 nam
2574 2705 2712 2772 quod
2745 2705 2921 2759 minus
2948 2715 3031 2759 est
3065 2707 3254 2758 minori
3284 2708 3601 2774 opponitur;
3640 2709 3815 2776 magis

2237 2804 2411 2845 autem
2444 2794 2746 2863 eligendum
2779 2806 2862 2850 est
2886 2796 3062 2864 majus
3089 2796 3283 2850 bonum
3317 2807 3369 2849 et
3400 2797 3577 2851 minus
3615 2799 3815 2853 malum

2236 2900 2393 2952 quam
2446 2885 2618 2938 minus
2669 2886 2863 2939 bouum
2916 2895 2970 2940 et
3013 2887 3183 2955 majus
3226 2887 3449 2942 malum.
3493 2888 3816 2949 Universum

2236 2972 2391 3040 igitur
2419 2974 2447 3025 ὁ
2492 2975 2527 3025 d
2557 2974 2725 3042 magis
2770 2975 3073 3043 eligendum
3125 2992 3280 3046 quam
3322 2996 3352 3030 a
3382 2996 3429 3044 c,
3466 2996 3606 3033 nunc
3632 2991 3816 3037 autem

2238 3079 2343 3116 non
2365 3073 2477 3129 est,
2517 3079 2643 3132 ergo
2689 3066 2856 3134 magis
2880 3084 2909 3119 α
2936 3068 3236 3137 eligendum
3266 3082 3423 3139 quam
3450 3074 3483 3124 d
3501 3112 3516 3137 ,
3549 3082 3604 3126 et
3628 3091 3656 3124 c
3685 3089 3816 3143 ergo

556 3137 663 3183 ῑθιη
694 3137 748 3180 el
778 3130 828 3181 i"
856 3142 921 3181 θο
950 3127 1088 3195 (ιυοά
1118 3136 1358 3229 θδίξδδοο
1387 3128 1654 3227 Νξ¹¹¹¹⁰⁰¹¹¹
1680 3128 1819 3182 idem
1852 3130 1922 3229 Si}
1947 3147 1973 3181 ε
1999 3139 2053 3229 (ξι
2078 3132 2126 3196 δ’
2161 3140 2208 3202 C
2240 3156 2412 3209 minus
2436 3156 2739 3221 fugiendum
2760 3170 2916 3225 quam
2942 3159 2989 3212 Ι).
3008 3160 3062 3214 Si
3091 3176 3217 3229 ergo
3237 3162 3396 3228 eligat
3424 3163 3598 3216 omnis
3626 3178 3816 3217 amans

554 3227 604 3271 et
636 3232 845 3269 rursum
875 3216 902 3267 ὁ
930 3227 980 3269 et
1010 3232 1063 3279 a,
1095 3233 1121 3268 ο
1150 3232 1180 3267 a
1208 3216 1342 3269 idem
1370 3217 1492 3284 erit,
1536 3233 1701 3286 quare
1737 3228 1791 3272 et
1824 3221 2131 3286 opinatione

554 3302 843 3369 similiter;
874 3320 1002 3374 ergo
1049 3306 1147 3357 hoc
1193 3305 1407 3373 quidem
1439 3307 1798 3361 necessarium
1829 3308 1873 3361 si
1902 3311 2020 3378 quis
2042 3312 2132 3364 det

554 3397 804 3465 primum.
853 3396 957 3451 Sed
1011 3395 1238 3450 fortasse
1281 3397 1405 3450 illud
1434 3396 1623 3450 falsum
1665 3399 1869 3465 opinari
1897 3400 2125 3469 aliquem

553 3487 695 3558 quod
745 3488 938 3541 malum
977 3504 1096 3543 esse
1144 3498 1225 3542 est
1265 3489 1464 3543 bonum
1496 3504 1649 3553 esse,
1701 3492 1799 3544 nisi
1832 3492 2125 3546 secundum

552 3562 799 3635 accidens
817 3596 831 3645 ;
849 3580 1211 3649 multipliciter
1232 3583 1373 3633 enim
1402 3581 1652 3648 possibile
1679 3591 1763 3638 est
1779 3584 1880 3638 hoc
1896 3585 2122 3651 opinari,

551 3671 977 3741 perSpiciendum
1004 3682 1181 3727 autem
1215 3673 1315 3726 hoc
1343 3673 1557 3728 melius.

1117 3784 1346 3839 CAPUT
1387 3785 1551 3839 XXII.

908 3870 986 3924 De
1012 3876 1420 3929 conversionibus
1442 3879 1791 3931 terminorum.
2038 3939 2045 3945 ε

618 3960 840 4029 Quando
868 3976 997 4016 vero
1023 3974 1407 4020 convertuntur
1447 3971 1815 4023 extremitates
1838 4013 1851 4034 ,
1904 3986 2121 4027 necesse

546 4061 630 4107 est
655 4061 709 4106 et
734 4053 966 4107 medium
1008 4056 1247 4110 converti
1268 4058 1331 4110 ad
1363 4068 1676 4130 utramque;
1709 4062 1754 4116 si
1774 4063 1916 4117 enim
1943 4082 1975 4117 a
1995 4065 2062 4119 de
2093 4081 2119 4118 ε

542 4157 643 4212 per
666 4143 694 4194 b
720 4152 824 4225 est,
850 4143 895 4197 si
924 4146 1254 4200 convertitur
1278 4158 1330 4202 et
1352 4149 1491 4205 inest
1510 4152 1596 4207 cui
1620 4167 1654 4205 a
1675 4155 1853 4223 omni,
1900 4171 1927 4207 c
1949 4163 2005 4209 et
2031 4156 2059 4208 b
2088 4175 2119 4211 a

544 4237 893 4299 convertitur,
908 4246 956 4289 et
972 4236 1113 4292 inest
1137 4239 1268 4293 cuia
1287 4241 1454 4306 omni,
1471 4242 1499 4295 b
1522 4258 1619 4312 per
1636 4245 1869 4300 medium
1893 4263 1940 4314 c,
1964 4256 2017 4301 et
2041 4264 2067 4299 c
2089 4249 2116 4300 b

545 4327 868 4379 convertitur
894 4342 983 4392 per
1013 4329 1325 4384 medium-a.
1355 4333 1416 4386 Et
1450 4335 1500 4387 in
1532 4350 1636 4389 non
1669 4352 1791 4391 esse
1823 4339 2026 4406 itidem,
2059 4350 2117 4394 ut

540 4414 637 4468 sib
670 4417 809 4469 inest
836 4430 893 4478 c,
924 4432 954 4468 a
982 4432 1110 4472 vero
1135 4434 1238 4473 non
1266 4419 1404 4476 inest
1433 4422 1493 4487 b,
1537 4440 1707 4494 neque
1734 4443 1764 4478 a
1796 4428 1951 4483 inerit
1980 4445 2028 4483 ο.
2060 4433 2115 4485 Si

541 4519 669 4573 ergo
695 4505 722 4557 ὁ
762 4516 1099 4560 convertatur
1128 4510 1191 4563 ad
1222 4526 1281 4576 a,
1315 4521 1370 4566 et
1404 4528 1431 4564 ε
1465 4514 1528 4567 ad
1570 4532 1599 4566 a
1631 4529 2010 4573 convertetur:
2044 4523 2114 4576 sit
2143 4505 2196 4565 Ῑ)

536 4599 680 4652 enim
716 4598 743 4649 ιι
771 4597 898 4650 nulli
928 4614 960 4650 a
992 4599 1302 4664 inexistens,
1330 4618 1457 4671 ergo
1484 4621 1653 4674 neque
1675 4623 1725 4673 c,
1753 4611 1898 4662 omni
1921 4612 2063 4666 enim
2088 4632 2115 4667 c

542 4688 715 4740 inerat
741 4688 788 4753 b,
815 4697 868 4741 et
898 4689 938 4740 si
971 4690 998 4741 b
1025 4694 1350 4747 convertitur
1379 4695 1446 4749 ad
1475 4713 1519 4759 c,
1544 4707 1598 4750 et
1626 4715 1656 4749 a
1678 4714 2020 4757 convertelur
2048 4708 2113 4761 ad

538 4792 604 4843 c;
627 4792 747 4830 nam
773 4779 837 4831 dc
858 4794 1174 4848 quocunque
1195 4786 1410 4838 omnino
1432 4786 1484 4852 b,
1507 4797 1558 4841 et
1581 4805 1625 4841 c.
1644 4789 1711 4843 Et
1731 4792 1775 4844 si
1802 4808 1828 4844 ε
1848 4794 1912 4847 ad
1934 4812 1966 4847 a
1987 4811 2114 4851 con-

539 4871 781 4934 vertitur,
806 4879 860 4925 et
876 4870 904 4921 b
928 4880 1265 4926 convertetur
1286 4875 1352 4928 ad
1378 4893 1407 4928 a
1426 4891 1444 4928 :
1464 4880 1547 4930 cui
1576 4882 1715 4933 enim
1739 4881 1768 4934 b
1791 4886 1949 4950 inest,
1978 4895 2110 4953 etc;

536 4960 621 5013 cui
645 4970 825 5014 autem
849 4976 894 5025 c,
916 4976 946 5011 α
973 4977 1077 5015 non
1105 4964 1273 5027 inest;
1308 4973 1362 5018 et
1378 4967 1548 5021 solum
1580 4970 1680 5025 hoc
1710 4988 1737 5024 a
1767 4975 2111 5032 conclusione

534 5051 743 5120 incipit,
764 5052 862 5105 alia
884 5061 1061 5107 autem
1079 5052 1183 5106 ndn
1211 5056 1479 5123 similiter,
1498 5070 1551 5112 ut
1566 5062 1617 5113 in
1649 5065 1987 5130 prtedicativo
2001 5071 2111 5139 syl-

535 5141 784 5211 logismo.
837 5142 1068 5197 Rursum
1108 5146 1150 5197 si
1198 5162 1228 5197 a
1257 5157 1311 5200 et
1341 5148 1368 5200 b
1406 5163 1815 5221 cOuvertuntur,
1857 5170 1908 5212 et
1938 5179 1963 5212 c
1993 5173 2044 5215 et
2074 5164 2108 5214 d

532 5230 811 5297 similiter,
845 5234 989 5287 omni
1019 5243 1194 5289 autem
1230 5254 1446 5296 necesse
1471 5255 1552 5316 est
1582 5262 1611 5298 a
1635 5259 1722 5299 aut
1745 5265 1770 5300 c
1799 5258 1970 5303 inesse
1991 5294 2003 5316 ,
2056 5264 2109 5307 et

537 5320 680 5373 betd
698 5320 776 5375 sic
800 5338 859 5376 se
892 5322 1179 5389 habebunt,
1206 5336 1260 5380 ut
1280 5314 1656 5387 omuialterum
1674 5337 1793 5401 insit
1816 5356 1829 5403 ;
1856 5314 2104 5408 quoniam

531 5411 674 5463 enim
702 5413 787 5464 cui
818 5429 848 5465 a
879 5416 927 5477 ὁ,
958 5430 988 5468 e
1042 5418 1123 5470 cui
1154 5434 1181 5469 c
1210 5420 1263 5485 ά,
1293 5425 1435 5475 omni
1468 5434 1642 5479 autem
1666 5445 1695 5479 a
1722 5442 1809 5483 aut
1838 5450 1889 5496 c,
1923 5443 1973 5487 et
2000 5451 2102 5489 non

534 5500 727 5567 simul,
767 5504 1104 5561 manifestum
1137 5513 1385 5578 quoniam
1414 5524 1465 5566 et
1487 5515 1514 5566 b
1543 5527 1634 5569 aut
1662 5519 1853 5575 domui
1874 5563 1886 5583 ,
1921 5535 1969 5576 et
2000 5542 2101 5579 uott

528 5591 785 5654 simul,ut
807 5594 850 5647 si
866 5596 1178 5665 ingenitum,
1194 5602 1612 5673 iucorruptibile,
1629 5620 1682 5663 et
1700 5612 2100 5682 incorruptibile

527 5680 847 5752 ingenitum,
873 5704 1089 5745 necesse
1119 5704 1201 5748 est
1222 5695 1359 5762 quod
1378 5696 1571 5752 factum
1591 5711 1671 5754 est
1691 5680 2033 5773 corruptibile
2048 5722 2099 5766 et

2236 3248 2525 3300 secundum
2554 3263 2789 3302 amorem
2818 3243 2947 3303 a‘sic
2970 3265 3029 3304 se
3058 3252 3251 3306 habere
3272 3295 3285 3315 ,
3318 3264 3373 3307 ut
3395 3256 3693 3313 concedere
3712 3298 3727 3320 ,
3762 3266 3815 3309 et

2236 3355 2340 3391 non
2369 3339 2663 3393 concedere
2694 3341 2743 3392 iu
2786 3355 2891 3407 quo
2920 3357 2976 3403 ε,
3001 3350 3092 3394 aut
3120 3344 3411 3403 concedere
3440 3347 3492 3398 in
3521 3362 3628 3414 quo
3648 3347 3693 3401 ,d
3712 3387 3726 3409 ,
3759 3356 3815 3400 et

2236 3444 2339 3482 non
2365 3429 2467 3483 tale
2489 3444 2607 3482 esse
2628 3439 2685 3482 ut
2702 3426 3004 3486 concedere
3035 3432 3085 3485 iu
3108 3448 3215 3502 quo
3234 3438 3283 3496 b,
3317 3436 3653 3491 manifestum
3672 3453 3810 3507 quo-

2232 3522 2372 3577 niam
2413 3539 2445 3575 a
2487 3523 2787 3591 bujusmodi
2818 3539 2938 3578 esse
2960 3566 2974 3591 ,
3006 3527 3176 3595 magis
3206 3529 3508 3597 eligendum
3540 3540 3621 3585 est
3649 3547 3810 3601 quam

2230 3614 2569 3677 conce.lere;,
2592 3628 2723 3683 etgo
2745 3613 3064 3684 diligiquam
3086 3621 3369 3673 conventio
3401 3624 3570 3691 magis
3599 3623 3808 3693 eligen-

2228 3703 2354 3757 dum
2378 3705 2670 3758 secundum
2697 3720 2933 3761 amorem
2955 3709 3156 3777 ;magis
3177 3724 3303 3779 ergo
3328 3726 3477 3765 amor
3500 3715 3651 3768 estin
3674 3716 3808 3767 ami-

2227 3792 2351 3846 ci'ia
2392 3809 2548 3861 quam
2582 3796 2886 3849 convenire.
2938 3796 2994 3851 Si
3043 3807 3221 3854 autem
3253 3801 3483 3856 maxime
3528 3802 3721 3872 hujus,
3752 3812 3805 3859 et

2227 3882 2346 3935 finis
2376 3883 2515 3948 huic.
2551 3899 2680 3953 ergo
2709 3889 2999 3942 convenire
3029 3900 3119 3942 aut
3159 3906 3263 3945 non
3304 3904 3384 3947 est
3421 3898 3676 3958 omnino,
3714 3908 3804 3951 aut

2225 3972 2476 4041 diligendi
2518 3974 2710 4041 gratia,
2736 3991 2857 4031 nam
2884 3986 2935 4031 et
2964 3980 3085 4033 alia;
3107 3985 3553 4051 concupiscentiae
3581 3997 3635 4039 et
3663 3999 3803 4042 artes

2223 4062 2301 4116 sic
2329 4063 2478 4117 fiunt.
2499 4066 2778 4132 Quomodo
2799 4084 2935 4137 ergo
2965 4087 3024 4126 sc
3054 4070 3252 4127 habent
3273 4076 3486 4129 termini
3504 4080 3797 4134 secundum

2222 4156 2634 4224 conversiones,
2679 4169 2734 4213 et
2774 4160 2827 4215 in
2857 4176 2923 4215 eo
2959 4163 3103 4232 quod
3157 4167 3325 4236 magis
3365 4167 3674 4241 fugiendum
3717 4173 3798 4228 vel

2222 4246 2392 4317 magis
2421 4247 2722 4322 eligendum
2749 4251 2849 4319 sit,
2882 4254 3222 4309 manifestum
3252 4267 3354 4312 est.

2782 4365 3009 4423 CAPUT
3046 4369 3237 4425 XXIII.

2582 4467 2656 4512 be
2682 4475 2927 4530 epagoge,
2945 4462 3001 4514 id
3026 4474 3101 4517 est
3122 4462 3437 4519 inductione.

2289 4544 2550 4611 Quoniam
2578 4558 2754 4603 autem
2781 4566 2886 4606 non
2909 4553 3080 4609 solum
3097 4554 3356 4611 dialectici
3378 4567 3430 4611 et
3454 4558 3797 4616 demonstra-

2219 4636 2312 4690 tivi
2342 4637 2632 4707 syllogismi
2679 4654 2771 4707 per
2813 4641 3094 4709 prmdictas
3138 4645 3270 4700 fiunt
3319 4648 3554 4717 figuras,
3606 4652 3701 4705 sed
3745 4662 3798 4705 et

2218 4726 2491 4791 rhetorici,
2520 4727 2615 4782 sed
2642 4736 2696 4783 et
2730 4731 3047 4799 simpliciter
3072 4750 3403 4807 quazcunque
3432 4739 3566 4793 fides
3599 4750 3714 4809 est,
3745 4752 3797 4795 et

2216 4817 2508 4872 secundum
2541 4835 2970 4891 unamquamque
2986 4835 3177 4892 artem,
3202 4844 3342 4884 nunc
3362 4831 3462 4885 erit
3482 4832 3788 4887 dicendmn.

2215 4907 2403 4961 Omnia
2442 4910 2587 4964 enim
2617 4913 2882 4968 credimus
2907 4930 3000 4984 per
3025 4918 3392 4989 syllogismum
3424 4932 3603 4978 autex
3633 4924 3789 4977 indu-

2214 4998 2419 5063 ctione;
2452 5015 2578 5069 ergo
2603 5002 2648 5055 si
2678 5004 2913 5059 inductio
2941 5008 3153 5076 quidem
3184 5020 3286 5075 est,
3314 5018 3371 5065 et
3398 5026 3462 5071 ex
3486 5012 3790 5069 inductione

2213 5087 2553 5157 syllogismus
2574 5107 2667 5159 per
2687 5094 2905 5149 alteram
2938 5102 3329 5175 extremitatem
3361 5102 3539 5157 medio
3568 5106 3790 5176 syllogi-

2214 5192 2355 5232 zare.
2389 5178 2455 5234 Ut
2480 5182 2523 5233 si
2554 5196 2740 5236 eorum
2771 5200 2888 5253 qua:
2918 5197 3042 5241 sunt
3066 5208 3097 5241 a
3123 5206 3152 5243 c
3180 5192 3412 5246 medium
3458 5194 3526 5247 sit
3553 5198 3614 5263 ὁ,
3651 5212 3788 5266 perc

2213 5270 2495 5324 ostendere
2524 5288 2557 5325 α
2590 5273 2763 5328 inesse
2790 5275 2851 5341 b,
2893 5278 2972 5332 sic
3000 5281 3141 5334 enim
3175 5283 3392 5337 facimus
3424 5285 3781 5342 inductiones.

2216 5358 2282 5413 Ut
2312 5361 2437 5415 sita
2476 5362 2804 5433 longmvum,
2860 5368 2910 5421 in
2950 5386 3057 5440 quo
3096 5383 3270 5426 autem
3304 5375 3332 5426 b
3372 5376 3649 5432 choleram
3679 5394 3785 5433 non

2214 5449 2428 5515 habere,
2461 5454 2511 5505 in
2540 5470 2645 5521 quo
2680 5472 2804 5510 vero
2827 5475 2852 5510 c
2880 5460 3150 5527 singulare
3174 5465 3490 5534 longtevum,
3520 5479 3574 5521 ut
3602 5469 3783 5535 homo,

2208 5552 2395 5607 equus,
2420 5545 2684 5601 etmulus.
2709 5547 2950 5617 Ergototi
2979 5551 3008 5602 b
3040 5553 3177 5609 inest
3197 5572 3249 5619 a,
3285 5572 3444 5611 omne
3464 5561 3610 5612 enim
3642 5560 3783 5629 quod

2206 5631 2304 5683 sibi
2331 5633 2547 5689 cholera
2576 5647 2677 5703 est,
2710 5639 3028 5709 longzevum,
3058 5646 3151 5700 sed
3172 5658 3227 5701 et
3253 5650 3403 5703 bnon
3425 5650 3625 5705 habere
3656 5653 3786 5707 clio-

2204 5720 2366 5777 leram
2389 5766 2401 5786 .
2432 5728 2577 5781 omni
2610 5731 2748 5796 inest
2788 5750 2813 5784 c
2840 5750 2856 5797 ;
2902 5736 2946 5788 si
2976 5752 3103 5806 ergo
3134 5750 3480 5797 convertatur
3509 5758 3536 5794 ι·
3560 5744 3611 5797 ei
3643 5742 3787 5814 quod
