4112 6332
324 307 431 363 ’[09

957 308 1259 366 PRIORUM
1300 310 1832 371 ANALYTICORUM
1876 314 2322 375 ARISTOTELIS
2361 320 2937 379 lNTEllPRETATIU.

3478 328 3578 382 710

322 425 471 489 cstb,
488 431 543 480 et
564 438 669 479 non
697 426 1036 481 transcendat
1053 427 1309 493 medium,
1330 444 1547 485 necesse
1569 439 1651 483 est
1672 447 1699 485 ρ
1720 432 1897 487 inesse
1925 437 1972 495 Α
2004 433 2105 488 Ιειιι
2121 434 2231 489 ﬁeri
2248 437 2523 493 rectilineo
2540 440 2794 494 circulum
2817 441 3164 512 propinquius
3185 442 3289 496 erit
3311 442 3573 499 scientiae.

324 521 374 569 ι».
422 518 711 572 Ostensum
742 519 882 572 enim
923 529 1003 573 est
1044 520 1190 587 prius
1221 522 1490 589 quoniam,
1515 522 1558 576 si
1589 522 1694 576 duo
1723 524 1897 593 aliqua

321 608 500 663 cidem
533 610 743 673 insunt,
789 618 843 662 et
870 609 936 662 ad
966 609 1185 663 alteram
1222 627 1407 665 eorum
1434 623 1781 669 convertatur
1807 632 1899 670 ex-

324 710 585 768 tremum,
634 713 895 754 converso
924 708 979 754 et
1005 702 1229 755 alterum
1282 703 1440 756 inerit
1468 704 1896 771 praadicatorum.

322 795 547 859 Oportet
591 800 771 845 autem
828 791 1123 861 intelligere
1153 809 1181 845 c
1217 808 1282 847 ex
1326 795 1688 864 singularibus
1727 797 1900 851 omni-

324 886 424 941 bus
454 886 834 954 compositum,
876 880 996 939 nam
1046 885 1285 941 inductio
1332 902 1429 956 per
1467 890 1665 943 omnia.
1718 888 1893 958 Syllo-

323 980 525 1048 gismus
547 987 722 1031 autem
741 978 1040 1045 hujusmodi
1059 987 1142 1031 est
1165 979 1346 1046 primae
1365 987 1417 1032 et
1436 980 1752 1033 immediate:
1774 997 1900 1050 pro-

321 1072 632 1139 positionis:
660 1085 881 1138 qttarum
909 1070 1049 1122 enim
1078 1078 1159 1123 est
1185 1071 1436 1137 medium,
1463 1087 1556 1139 per
1576 1071 1899 1126 mediumest

321 1161 691 1231 syllogismus;
715 1176 944 1230 quorum
977 1176 1103 1214 vero
1133 1178 1238 1214 non
1268 1174 1371 1227 est,
1394 1178 1488 1228 per
1512 1163 1893 1217 inductionem.

324 1251 392 1303 Et
411 1250 641 1320 quodam
665 1251 825 1304 modo
846 1251 1133 1319 oppoiiitur
1161 1250 1398 1303 inductio
1419 1252 1747 1321 syllogismo,
1773 1270 1893 1307 nam

324 1339 414 1395 hic
437 1341 648 1409 quidem
675 1357 769 1410 per
793 1342 1022 1395 medium
1054 1352 1348 1397 extremum
1372 1342 1439 1396 de
1468 1346 1622 1397 tertio
1643 1346 1893 1412 ostrndit,

323 1436 411 1488 illa
451 1444 629 1489 autem
676 1451 768 1503 per
822 1437 1034 1491 tertium
1074 1445 1375 1491 extremum
1417 1437 1485 1492 de
1515 1438 1709 1493 medio.
1753 1439 1896 1510 Ergo

324 1539 510 1580 natura
545 1527 761 1597 quidem
804 1528 953 1596 prior
991 1536 1045 1580 et
1093 1528 1272 1581 notior
1316 1543 1413 1596 per
1454 1530 1683 1583 medium
1729 1531 1894 1601 syllo-

318 1619 554 1687 gismus,
589 1617 742 1673 nobis
773 1627 950 1674 autem
988 1618 1326 1673 manifestior
1361 1620 1451 1689 qui
1504 1628 1589 1675 est
1621 1636 1714 1689 per
1741 1620 1895 1675 indu-

318 1710 575 1763 ctionem.

885 1800 1109 1856 CAPUT
1153 1802 1339 1857 XXIV.

572 1887 585 1899 ’
626 1893 699 1947 De
723 1895 1096 1965 paradigmale,
1125 1894 1220 1948 hoc
1239 1905 1312 1948 est
1338 1896 1587 1964 exemplo.

388 1986 701 2055 Exemplum
735 1997 911 2039 autem
961 1997 1041 2039 εει
1067 2029 1080 2051 ,
1128 1985 1343 2054 quando
1383 1986 1559 2040 medio
1596 1999 1892 2040 extremum

318 2077 497 2133 inesse
522 2076 819 2130 ostenditur
839 2077 997 2143 perid
1012 2077 1153 2145 quod
1177 2068 1260 2130 est
1278 2077 1454 2131 simile
1474 2078 1649 2130 tertio.
1673 2077 1896 2146 Oportet

315 2179 491 2223 autem
510 2180 559 2223 et
580 2169 809 2223 medium
831 2169 1012 2233 tertio,
1034 2178 1084 2222 et
1106 2168 1332 2233 primum
1360 2169 1517 2222 simili
1547 2170 1722 2222 notius
1748 2184 1890 2234 esse,

314 2262 511 2314 inesse.
546 2259 615 2315 Ut
645 2259 714 2313 sit
741 2278 773 2313 a
811 2259 1030 2326 malum,
1067 2260 1095 2311 ὁ
1125 2268 1301 2311 autem
1332 2272 1518 2312 con'ra
1550 2260 1786 2313 couliues
1814 2258 1896 2312 in-

314 2351 456 2406 ferre
487 2353 702 2418 bellum,
731 2353 909 2422 inquo
930 2362 1106 2406 autem
1122 2368 1148 2403 c
1175 2352 1534 2406 Athenienses
1553 2360 1740 2404 contra
1761 2350 1895 2404 Tlte-

313 2441 504 2507 Itanos,
537 2443 586 2494 in
616 2457 721 2510 quo
751 2454 926 2493 autem
965 2441 999 2493 ά
1027 2442 1313 2495 Thebanos
1355 2451 1539 2495 contra
1567 2441 1889 2494 Phocenses.

313 2535 370 2588 Si
393 2550 523 2604 ergo
542 2535 785 2589 volumus
801 2535 1087 2588 ostendere
1111 2534 1362 2603 quoniam
1376 2534 1646 2588 Thebanis
1660 2548 1895 2603 pugnare

313 2626 511 2679 malum
541 2634 654 2685 est,
688 2625 1009 2677 sumendum
1040 2623 1292 2692 quoniam
1320 2631 1505 2676 contra
1534 2624 1773 2675 conliues
1800 2638 1895 2690 pu-

314 2730 479 2785 gnare
498 2724 582 2769 est
606 2716 801 2768 malum
821 2754 835 2779 ,
868 2714 1024 2783 hujus
1065 2726 1243 2768 autem
1271 2713 1401 2767 ﬁdes
1424 2728 1487 2767 ex
1521 2712 1802 2776 similibus,
1838 2721 1895 2766 ut

314 2805 569 2875 quoniam
597 2805 866 2859 Thebanis
897 2815 1082 2857 contra
1110 2803 1437 2858 Phocenses.
1472 2802 1733 2868 Quoniam
1764 2818 1891 2872 ergo

316 2902 496 2947 contra
519 2892 760 2946 conﬁnes
791 2893 1010 2957 malum,
1048 2901 1236 2945 contra
1255 2892 1538 2945 Thebanos
1564 2900 1744 2945 autem
1764 2906 1892 2945 cou-

315 2994 392 3039 tra
411 2985 652 3038 conﬁnes
662 2991 764 3048 est,
788 2981 1126 3036 manifestum
1144 2985 1392 3050 quoniam
1406 2993 1591 3036 contra
1608 2983 1890 3036 Thebanos

314 3089 550 3144 pugnare
578 3076 797 3127 malum.
829 3074 1088 3140 Quoniam
1120 3088 1246 3141 ergo
1287 3073 1315 3124 ὸ
1337 3089 1364 3124 c
1388 3082 1440 3127 et
1462 3074 1496 3125 d
1525 3075 1693 3134 inest,
1718 3074 1891 3125 mani—

2004 524 2227 588 Quaudo
2272 537 2448 580 autem
2490 543 2662 598 neque
2707 530 3013 585 credibilius
3051 543 3133 586 est
3160 533 3186 585 b
3216 549 3243 585 c
3277 549 3434 603 quam
3465 550 3496 585 a
3524 549 3574 601 c,

2002 629 2173 682 neque
2205 630 2369 683 pauca
2406 618 2615 682 media,
2668 635 2771 673 non
2803 621 2923 675 dico
2950 621 3322 676 deductionem
3346 664 3360 687 ,
3403 638 3577 691 neque

2000 707 2210 775 quando
2241 708 2544 762 immediate
2570 719 2650 764 est
2673 711 2700 762 b
2720 728 2764 775 ε,
2793 693 3082 781 disciplina
3107 714 3248 767 enim
3277 714 3415 783 quod
3435 715 3577 784 ejus-

2000 794 2140 850 modi
2172 803 2276 851 est.

2556 934 2778 991 CAPUT
2820 938 3011 995 XXVI.

2277 1044 2351 1099 De
2374 1046 2641 1114 instantia,
2670 1065 2822 1119 quam
2852 1055 3073 1107 enslasin
3104 1055 3297 1109 dicunt.

2054 1176 2323 1233 instantia
2346 1188 2525 1236 autem
2550 1191 2634 1237 est
2655 1185 2945 1254 propositio
2975 1187 3325 1256 propositioni
3356 1199 3574 1244 contra-

1997 1270 2095 1321 ria.
2124 1270 2305 1324 Dill'ert
2333 1276 2513 1327 autem
2542 1290 2569 1327 a
2602 1278 2996 1345 proposutione,
3036 1280 3286 1347 quoniam
3309 1281 3574 1351 contingit

1996 1360 2211 1427 qtnfdem
2240 1361 2545 1418 instantiam
2570 1366 2691 1420 esse
2718 1367 2768 1420 in
2801 1377 2972 1437 parte,
2995 1371 3409 1437 propositionem
3449 1387 3576 1427 vero

1994 1465 2084 1505 aut
2110 1454 2328 1507 omnino
2355 1472 2457 1508 non
2500 1460 2798 1526 contingit,
2849 1469 2941 1514 aut
2969 1476 3072 1514 non
3105 1461 3158 1514 in
3192 1462 3576 1518 universalibus

1996 1542 2358 1611 syllogismus.
2393 1544 2588 1600 Fertur
2644 1557 2821 1603 autem
2855 1549 3101 1606 instantia
3151 1550 3358 1604 duobus
3406 1554 3576 1607 modis

1993 1641 2044 1682 et
2074 1646 2167 1699 per
2191 1634 2326 1687 duas
2360 1636 2553 1703 ﬁguras
2583 1653 2595 1688 :
2623 1637 2832 1692 duobus
2865 1638 3037 1693 modis
3066 1640 3302 1708 quidem,
3326 1642 3576 1709 quoniam

1993 1730 2083 1774 aut
2110 1724 2429 1778 universalis
2466 1735 2558 1779 aut
2599 1728 2935 1795 particularis
2967 1732 3142 1783 omnis
3165 1731 3451 1795 instantia;
3484 1748 3577 1801 per

1927 1813 1969 1871 Β
1997 1810 2127 1865 duas
2153 1820 2330 1866 autem
2357 1814 2554 1883 ﬁguras
2572 1856 2584 1880 ,
2610 1818 2860 1891 quatiam
2902 1819 3167 1887 opposita:
3190 1820 3433 1874 feruntur
3456 1836 3577 1889 pro-

1999 1907 2267 1973 positioni,
2303 1911 2547 1978 opposita
2592 1926 2773 1967 autem
2817 1919 2865 1965 in
2903 1915 3070 1980 prima
3114 1925 3166 1969 et
3200 1916 3353 1970 tertia
3411 1920 3579 1988 ﬁgura

1998 1996 2350 2064 perﬁciuntur
2406 2003 2556 2055 solis.
2614 2003 2745 2057 Nam
2812 2005 3025 2073 quando
3085 2008 3385 2075 postulatur
3434 2012 3578 2064 omni

1995 2088 2208 2153 inesse,
2240 2090 2498 2145 instamus
2533 2093 2783 2161 quoniam
2817 2095 2983 2159 nulli,
3011 2107 3103 2150 aut
3132 2099 3381 2166 quoniam
3420 2100 3579 2155 alicui

1997 2195 2102 2232 non
2160 2183 2320 2235 inest.
2358 2183 2557 2237 Horum
2590 2196 2767 2239 autem
2800 2186 2929 2239 nulli
2975 2187 3188 2255 quidem
3221 2203 3284 2242 ex
3322 2188 3489 2255 prima
3522 2191 3579 2243 ﬁ-

1993 2290 2154 2344 gura,
2205 2277 2359 2330 alicui
2411 2287 2586 2331 autem
2653 2294 2758 2333 non
2818 2295 2883 2335 ex
2945 2289 3234 2349 postrema.
3306 2281 3373 2337 Ut
3427 2286 3495 2336 sit
3548 2301 3580 2337 a

1996 2378 2154 2417 unam
2186 2381 2305 2419 esse
2335 2365 2699 2434 disciplinam,
2724 2371 2774 2423 in
2806 2385 2914 2438 quo
2942 2369 2969 2423 b
3000 2372 3268 2426 contraria
3295 2389 3309 2438 ;
3337 2376 3581 2443 proponit

1996 2468 2124 2521 ergo
2166 2470 2320 2507 unam
2356 2470 2476 2509 esse
2520 2462 2915 2513 contrariorum
2947 2461 3429 2531 disciplinam,.aut
3453 2480 3582 2535 quo-

1998 2544 2139 2618 niam
2190 2544 2410 2597 omnino
2439 2559 2541 2599 non
2586 2557 2675 2600 est
2704 2549 2891 2602 eadem
2942 2554 3307 2618 Oppositorum
3362 2556 3581 2611 instant.

1993 2614 2274 2685 Contraria
2329 2644 2504 2688 autem
2558 2634 2833 2705 oppos’ita,
2867 2614 3032 2709 quare
3080 2644 3139 2696 lit
3172 2647 3341 2713 prima
3376 2647 3537 2714 ﬁgura
3566 2666 3579 2712 ;

1996 2736 2085 2776 aut
2135 2728 2385 2793 quoniam
2438 2728 2548 2780 noti
2593 2738 2649 2782 et
2703 2731 2867 2799 ignoti
2903 2748 3007 2786 non
3056 2750 3199 2799 una,
3249 2736 3364 2791 haec
3405 2750 3582 2794 autem

1998 2816 2171 2869 tertia.
2226 2816 2357 2870 Nam
2416 2822 2712 2873 secundum
2765 2822 2974 2877 tertiam
3026 2834 3206 2879 uotum
3256 2838 3308 2880 et
3347 2828 3583 2897 ignotum

1996 2906 2262 2960 contraria
2314 2910 2530 2976 quidem
2586 2926 2707 2966 esse
2758 2929 2943 2967 verum
2974 2955 2987 2979 ,
3041 2931 3198 2970 unam
3252 2928 3427 2973 autem
3466 2927 3586 2974 esse

1998 3012 2183 3051 eorum
2215 2997 2577 3069 disciplinam,
2606 3002 2821 3057 falsum.
2841 3004 3071 3060 Rursum
3098 3008 3148 3061 in
3176 3010 3432 3078 privativa
3465 3013 3586 3079 pro-

1998 3094 2263 3160 positione
2319 3095 2612 3150 similiter:
2660 3110 2779 3151 cum
2833 3103 3066 3168 postulat
3108 3104 3249 3156 enim
3303 3120 3409 3157 non
3463 3119 3586 3160 esse

310 3169 539 3231 Testam,
588 3179 872 3241 utrumque
910 3167 1054 3221 enim
1088 3177 1171 3220 εει
1197 3175 1380 3219 Comm
1420 3166 1659 3220 conﬁnes
1694 3165 1892 3219 inferre
1922 3170 1967 3230 C
1998 3186 2392 3240 contrariorum
2446 3203 2602 3240 unam
2634 3165 2993 3257 disciplinam,
3030 3202 3120 3245 aut
3170 3195 3419 3259 quoniam
3465 3211 3585 3248 om-

315 3261 540 3325 bellum,
568 3271 620 3314 et
644 3262 895 3329 quoniam
922 3276 953 3312 a
974 3259 1027 3323 d,
1055 3259 1325 3313 Thebanis
1350 3259 1490 3312 enim
1514 3273 1617 3311 non
1650 3258 1896 3311 l'nitutile

320 3366 501 3409 contra
530 3353 835 3407 Phocenses
863 3353 1083 3406 bellum.
1117 3352 1376 3417 Quoniam
1404 3360 1580 3404 autem
1608 3367 1639 3401 a
1676 3351 1814 3404 inest
1843 3350 1893 3416 ὁ,

317 3460 413 3511 per
436 3444 470 3496 ά
496 3445 825 3509 oStendelur,
858 3444 1046 3498 eodem
1078 3454 1255 3498 autem
1282 3442 1440 3497 modo
1472 3453 1527 3497 et
1546 3444 1589 3496 si
1625 3458 1719 3510 per
1749 3445 1895 3511 plura

319 3534 514 3587 similia
562 3533 694 3587 ﬁdes
732 3533 763 3586 ﬁ
802 3542 822 3587 t
865 3533 1025 3587 medii
1069 3533 1135 3586 ad
1179 3543 1499 3587 extremum.
1560 3533 1895 3587 Manifestum

318 3636 448 3691 ergo
473 3623 722 3692 quoniam
748 3622 1050 3691 exemplum
1078 3632 1159 3674 est
1192 3635 1363 3688 neque
1387 3633 1441 3674 ut
1468 3629 1634 3675 totum
1683 3622 1748 3674 ad
1780 3637 1900 3689 par-
1964 3626 1967 3629 ’

318 3722 449 3775 ιειιι,
496 3729 668 3781 neque
695 3722 753 3766 ut
773 3728 895 3781 pars
922 3713 986 3765 ad
1020 3721 1209 3777 totum,
1240 3714 1332 3766 sed
1358 3724 1409 3766 ut
1429 3729 1548 3781 pars
1575 3713 1641 3767 ad
1671 3723 1895 3782 partem,

318 3801 534 3870 quando
548 3801 707 3855 ambo
729 3802 943 3869 quidem
969 3803 1143 3855 insunt
1163 3802 1262 3856 sub
1282 3804 1492 3868 eodem,
1510 3814 1694 3858 notum
1717 3815 1897 3859 autem

321 3894 838 3967 alterunt.EtdilIert
854 3895 925 3948 ab
939 3894 1264 3962 inductione,
1280 3895 1530 3963 quoniam
1552 3897 1665 3950 haec
1682 3897 1897 3965 quidem

318 4000 385 4041 ex
412 3986 662 4041 omnibus
688 3980 986 4045 individuis
1019 3987 1337 4042 ostendebat
1378 3988 1563 4042 inesse
1598 4000 1898 4044 extremum

322 4076 526 4141 medio,
551 4085 603 4130 et
625 4076 689 4131 ad
722 4086 1022 4132 extremum
1055 4092 1160 4131 non
1190 4077 1474 4146 copulabat
1501 4078 1896 4148 syllogismum,

324 4168 430 4223 hoc
455 4176 635 4224 autem
658 4177 713 4225 et
737 4170 973 4239 copulat,
1004 4179 1184 4224 etnon
1212 4186 1278 4225 ex
1300 4170 1551 4225 omnibus
1571 4172 1827 4227 ostendit.

897 4278 1121 4334 CAPUT
1162 4279 1331 4338 XXV.

732 4369 804 4423 De
825 4386 1054 4441 apagoge
1077 4370 1495 4441 deductioneque.

378 4462 639 4517 Deductio
652 4473 827 4519 autem
842 4466 1055 4534 quando
1071 4465 1247 4519 medio
1260 4465 1471 4535 quidem
1487 4467 1712 4536 primum
1728 4467 1898 4536 palam

326 4562 410 4607 est
439 4555 636 4621 inesse,
657 4565 930 4627 postremo
956 4567 1131 4611 autem
1164 4558 1396 4613 medium
1415 4560 1634 4615 dubium
1661 4562 1899 4631 quidem,
1930 4527 1979 4587 Ι)

329 4645 576 4701 similiter
596 4657 772 4701 autem
796 4649 1053 4703 credibile
1074 4658 1165 4702 aut
1191 4648 1359 4720 magis
1380 4652 1748 4707 conclusione.
1777 4652 1903 4706 Am-

330 4736 493 4805 plius,
541 4739 584 4793 si
628 4738 878 4806 pauciora
910 4749 1035 4793 sunt
1073 4741 1246 4794 media
1292 4750 1563 4809 postremo
1606 4754 1658 4796 et
1704 4742 1900 4811 medio,

330 4829 551 4883 omnino
585 4830 725 4883 enim
768 4831 1112 4900 propinquius
1141 4846 1261 4885 esse
1299 4832 1494 4885 accidit
1533 4834 1789 4893 scientize.
1838 4834 1907 4889 Ut

332 4921 403 4976 sit
435 4938 467 4974 a
497 4922 762 4987 docibile,
804 4923 857 4977 in
884 4938 989 4993 quo
1018 4924 1047 4977 b
1078 4924 1356 4995 disciplina
1376 4965 1391 4989 ,
1428 4941 1455 4977 c
1480 4926 1684 4994 justitia
1710 4966 1725 4990 ,
1775 4941 1907 4997 ergo

332 5012 612 5081 disciplina
660 5014 909 5081 quoniam
963 5014 1239 5079 docibilis,
1286 5017 1665 5083 manifestum;
1702 5019 1907 5087 justitia

333 5115 519 5159 autem
552 5106 596 5159 si
640 5107 940 5175 d.5cipliua,
971 5108 1209 5163 dubium.
1259 5109 1314 5163 Si
1355 5109 1513 5178 igitur
1544 5111 1793 5164 similiter
1820 5119 1912 5165 aut

337 5196 504 5266 magis
528 5196 787 5252 credibile
816 5202 887 5252 sit
924 5199 952 5252 b
984 5216 1011 5251 c
1031 5215 1188 5269 quam
1219 5217 1250 5253 a
1279 5218 1336 5265 ο,
1369 5200 1614 5255 deductio
1640 5209 1723 5255 est.
1742 5242 1754 5261 ,
1789 5216 1910 5270 pro-

340 5286 585 5358 pinquius
613 5290 754 5342 enim
783 5289 1048 5355 scientize,
1084 5306 1180 5359 per
1206 5291 1345 5360 quod
1380 5292 1769 5361 assumpseriut
1800 5311 1831 5345 a
1858 5310 1907 5361 c,

338 5379 672 5447 disciplinam
702 5380 850 5449 prius
881 5398 986 5436 non
1012 5384 1289 5438 habentes.
1329 5384 1432 5437 Aut
1464 5398 1675 5438 rursum
1711 5385 1753 5438 si
1786 5398 1914 5454 pau-

339 5472 482 5522 ciora
523 5471 699 5527 media
740 5473 849 5526 sint
879 5474 906 5526 ὁ
946 5490 1002 5539 c,
1051 5491 1171 5528 nam
1210 5483 1267 5528 et
1310 5476 1386 5528 sic
1433 5476 1777 5545 propinquius
1830 5488 1915 5530 est

340 5558 597 5613 scientize.
646 5560 714 5617 Ut
756 5563 799 5615 si
832 5563 865 5614 α
896 5562 965 5618 sit
1000 5565 1446 5633 quadrangulare,
1479 5566 1529 5617 iu
1559 5582 1664 5633 quo
1685 5576 1863 5620 autem
1889 5583 1916 5619 ε

342 5651 706 5716 rcctilineum,
742 5648 792 5707 iu
821 5669 926 5723 quo
957 5660 982 5723 /
1009 5656 1260 5720 circulus.
1298 5658 1341 5711 si
1364 5671 1492 5726 ergo
1520 5657 1637 5726 ejus
1667 5659 1806 5727 quod
1836 5669 1917 5713 est

343 5758 370 5796 ι
390 5746 597 5812 [unum
615 5746 784 5801 solum
803 5746 875 5801 sit
891 5748 1147 5813 medium,
1173 5764 1264 5817 per
1288 5750 1499 5804 lunares
1524 5751 1718 5819 ﬁguras
1735 5766 1907 5820 aqua-

2007 3274 2153 3328 nium
2202 3277 2600 3344 oppositurum,
2632 3287 2719 3330 ant
2771 3281 3022 3347 quoniam
3067 3283 3458 3337 contrariorum
3490 3285 3587 3337 ali-

1999 3381 2225 3434 quorum
2273 3378 2355 3420 est
2401 3371 2587 3421 eadem
2622 3370 2923 3438 disciplina,
2958 3370 3328 3440 dicimusfut
3370 3376 3483 3430 sani
3536 3386 3590 3431 et

2000 3457 2149 3524 aegri,
2186 3473 2314 3525 ergo
2340 3460 2581 3511 omnium
2631 3460 2847 3528 quidem
2897 3478 2961 3514 ex
3018 3464 3185 3530 prima
3217 3508 3231 3533 ,
3286 3466 3587 3532 aliquorum

1998 3562 2128 3599 vero
2172 3562 2235 3601 ει
2281 3549 2435 3602 tertia
2471 3549 2655 3617 ﬁgura.
2690 3550 3019 3618 Simpliciter
3047 3562 3224 3606 autem
3259 3556 3308 3605 in
3340 3557 3591 3609 omnibus

2001 3637 2383 3692 lmiversaliter
2408 3639 2621 3707 quidem
2675 3640 2997 3694 instantibus
3023 3682 3036 3705 ,
3068 3656 3289 3695 necesse
3331 3652 3412 3696 cst
3434 3644 3499 3695 ad
3534 3644 3588 3696 id

2000 3729 2140 3797 quod
2171 3729 2473 3782 universale
2504 3740 2585 3783 est
2615 3731 2889 3798 proposito
2933 3734 3412 3787 contradictionem
3443 3733 3591 3787 dice-

2004 3834 2063 3874 re
2096 3819 2181 3887 (ut
2211 3820 2254 3874 si
2280 3835 2385 3873 non
2416 3836 2571 3873 uuam
2602 3822 2870 3876 existimet
2898 3823 3292 3877 contrariorum
3327 3825 3587 3888 omnium,

2001 3912 2183 3968 dicere
2229 3917 2596 3982 oppositorum
2638 3930 2826 3979 uuam;
2885 3915 2963 3970 sic
3011 3927 3186 3971 autem
3239 3932 3459 3971 necesse
3507 3924 3592 3995 est

2004 4009 2224 4079 primam
2256 4022 2375 4082 esse
2414 4007 2635 4079 ﬁguram
2659 4049 2674 4075 ,
2705 4009 2940 4064 medium
2992 4010 3135 4064 enim
3184 4010 3242 4064 ﬁt
3285 4011 3591 4066 universale

2001 4102 2066 4154 ad
2092 4100 2194 4154 hoc
2208 4100 2348 4169 quod
2367 4116 2430 4154 ex
2460 4102 2744 4170 principio)
2764 4118 2777 4166 ;
2794 4102 2934 4171 quod
2958 4112 3135 4155 autem
3159 4102 3222 4154 ad
3252 4101 3351 4157 hoe
3375 4102 3424 4156 in
3443 4114 3590 4170 parte

1930 4196 1933 4197 ⁷
2002 4201 2085 4247 εει
2116 4193 2443 4259 universale,
2500 4192 2697 4247 dicitur
2727 4196 3053 4263 propositio,
3083 4206 3140 4248 ut
3187 4196 3297 4249 noti
3330 4205 3383 4249 et
3415 4198 3588 4265 ignoti

2004 4301 2109 4339 non
2154 4285 2427 4350 eamdem,
2460 4299 2582 4338 nam
2629 4286 2895 4340 contraria
2937 4286 3240 4341 universale
3269 4286 3333 4341 ad
3363 4290 3499 4351 lnec,
3530 4298 3584 4342 et

2003 4375 2063 4430 ﬁt
2086 4377 2238 4430 tertia
2270 4376 2456 4446 ﬁgura,
2489 4377 2722 4432 medium
2751 4379 2892 4431 enim
2936 4377 2989 4431 in
3034 4387 3183 4446 parte
3213 4390 3503 4448 sumptum,
3530 4388 3590 4432 ut

2007 4476 2193 4521 notum
2241 4477 2296 4522 ct
2323 4466 2580 4537 ignotum.
2630 4467 2759 4521 Nam
2812 4480 2875 4522 ex
2918 4468 3111 4537 quibus
3140 4478 3222 4522 est
3271 4470 3591 4539 syllogizare

2008 4561 2336 4614 contrarium
2364 4601 2378 4626 ,
2431 4575 2494 4615 ex
2537 4559 2605 4613 iis
2650 4569 2704 4614 et
2752 4560 3035 4613 instautias
3087 4575 3345 4613 conamur
3384 4561 3589 4625 dicere,

2010 4665 2174 4721 quare
2201 4660 2253 4705 et
2280 4667 2341 4705 ex
2373 4652 2455 4705 bis
2483 4651 2613 4704 solis
2640 4650 2822 4720 ﬁguris
2848 4649 3092 4715 ferimus,
3127 4666 3248 4704 nam
3279 4654 3330 4704 in
3357 4650 3438 4719 bis
3462 4652 3591 4705 solis

2012 4744 2240 4811 Oppositi
2287 4744 2612 4814 syllogismi,
2657 4759 2750 4811 per
2798 4744 3024 4798 mediam
3054 4745 3200 4798 enim
3234 4747 3454 4814 ﬁguram
3487 4761 3590 4799 non

2015 4834 2114 4889 luit
2159 4835 2448 4889 aiﬁrmare.
2491 4836 2734 4903 Amplius
2762 4846 2936 4889 autem
2964 4846 3017 4889 et
3044 4836 3086 4889 si
3117 4839 3208 4901 sit,
3238 4838 3478 4889 oratione
3510 4836 3559 4893 in
3580 4862 3593 4874 -

2015 4925 2160 4995 diget
2187 4925 2410 4994 plurima
2431 4965 2445 4988 ,
2492 4940 2612 4993 qua-
2660 4934 2741 4978 est
2794 4939 2886 4992 per
2916 4924 3145 4979 mediam
3180 4924 3397 4994 ﬁguram
3420 4964 3435 4988 ,
3464 4933 3519 4977 ut
3550 4922 3593 4976 si

2014 5029 2119 5069 non
2148 5014 2445 5068 concedant
2473 5032 2504 5067 a
2543 5015 2719 5069 inesse
2748 5016 2807 5080 b,
2834 5030 2899 5069 eo
2924 5016 3064 5084 quod
3095 5031 3201 5068 non
3232 5016 3469 5083 sequitur
3495 5014 3594 5067 b'oc

2015 5124 2060 5173 τ,
2097 5108 2198 5162 hoc
2223 5108 2362 5160 enim
2395 5122 2493 5175 per
2517 5106 2651 5160 alias
2678 5107 3068 5175 propositiones
3092 5106 3463 5169 manifestum;
3489 5119 3594 5158 non

2017 5208 2227 5266 oportet
2248 5208 2425 5253 autem
2470 5200 2776 5252 instantiam
2820 5200 3058 5252 converti
3098 5197 3163 5250 ad
3203 5197 3330 5262 alia,
3364 5197 3459 5250 sed
3489 5207 3597 5249 sta-

2019 5290 2113 5344 tim
2138 5288 2472 5343 manifestam
2506 5289 2705 5343 habere
2727 5289 2951 5343 alteram
2984 5289 3423 5359 propositionem.
3452 5289 3586 5354 Qua-

2022 5393 2239 5450 prop'er
2264 5390 2317 5433 et
2360 5382 2567 5449 signum
2601 5396 2663 5434 ex
2696 5382 2809 5434 sola
2854 5380 2953 5434 hac
2987 5382 3150 5448 ﬁgura
3202 5396 3309 5433 non
3341 5388 3441 5432 est.
3474 5380 3598 5433 Per-

2020 5472 2353 5540 spicieudum
2382 5481 2555 5525 autem
2582 5474 2731 5526 etde
2762 5474 2884 5525 aliis
2906 5470 3196 5531 iuslanltiS,
3222 5479 3280 5523 ut
3300 5470 3366 5523 de
3395 5470 3458 5523 iis
3479 5486 3599 5538 quae

2020 5577 2144 5621 sunt
2168 5582 2233 5620 ex
2261 5568 2549 5631 contrario,
2579 5575 2632 5620 et
2656 5568 2835 5632 simili;
2868 5576 2920 5617 et
2949 5563 3237 5617 secundum
3270 5564 3596 5631 opinionem,

2020 5670 2067 5711 et
2095 5660 2138 5713 si
2174 5659 2543 5727 particular-cm
2573 5674 2635 5713 ex
2668 5658 2856 5725 prima,
2880 5657 2958 5711 vel
2990 5656 3303 5725 privativum
3333 5671 3398 5710 ex
3421 5654 3596 5709 media

2024 5750 2278 5805 possibile
2313 5760 2391 5806 est
2416 5764 2643 5803 sumere.
