4060 6330
270 352 376 418 715

843 316 1329 405 posrsnionuu
1366 333 1909 399 ANAmeonmt
1949 330 2403 394 ARlS‘l'OTELlS
2442 326 3021 392 INTERPRE‘I‘A'TIO.

3448 334 3557 392 7η

272 474 500 537 versate,
532 482 630 542 per
656 466 711 525 id
742 465 905 539 (quod
930 463 1268 521 manifestum
1307 461 1413 532 εει)
1445 459 1732 530 singulare.
1767 456 1855 511 Si—
1883 459 1937 518 Α
1962 454 2167 512 tionem
2198 452 2515 524 intelligere.
2546 452 3072 509 Demonstrationem
3095 460 3270 511 autem
3298 453 3419 511 dico
3443 458 3555 529 syl-

272 566 473 623 sniliter
502 571 678 617 autem
701 568 758 615 et
781 559 1068 616 rhetorica;
1101 554 1443 627 persuadent,
1471 562 1562 607 aut
1587 552 1733 608 enim
1762 565 1861 621 per

274 655 541 724 exempla,
584 650 725 723 quod
762 660 847 707 est
882 649 1141 716 inductio,
1181 656 1275 703 aut
1309 661 1403 716 per
1427 644 1860 715 enthymemata,

271 747 419 819 quod
464 745 679 816 quidem
706 753 789 813 est
820 741 1183 816 syllogismus.
1237 737 1526 810 Dupliciter
1556 746 1733 791 autem
1780 748 1867 790 εει

272 842 646 898 necessarium
676 850 1135 909 praecognoscere,
1168 834 1271 889 alia
1304 848 1536 903 namque
1583 831 1708 900 quia
1740 836 1869 909 sunt.

218 962 219 965 η
275 934 598 1006 prmopinari
628 946 851 987 necesse
871 938 975 997 est,
1006 930 1107 984 alia
1134 943 1265 983 vero
1295 925 1421 997 quid
1450 933 1537 980 est
1566 921 1707 993 quod
1733 921 1868 1006 dici-

276 1004 369 1082 tur
410 1025 710 1093 intelligere
755 1029 986 1091 Oportet,
1018 1019 1262 1089 quzcdam
1310 1025 1491 1070 autem
1526 1022 1770 1084 utraque.
1798 1004 1871 1067 Ut

282 1120 533 1192 quoniam
565 1116 780 1187 quidem
804 1129 965 1170 omne
996 1123 1089 1167 aut
1111 1113 1402 1175 afﬁrmare,
1434 1117 1523 1163 aut
1552 1121 1747 1177 negare
1774 1120 1870 1160 ve-

279 1227 401 1268 rum
448 1219 552 1278 est,
582 1210 704 1279 quia
736 1217 851 1273 εει,
884 1204 1204 1276 triangulum
1234 1210 1438 1270 autem,
1482 1199 1735 1271 quoniam
1767 1196 1870 1253 hoc

282 1306 584 1375 signiﬁcat,
619 1301 713 1358 sed
761 1302 1017 1355 unitatem
1051 1308 1306 1367 utraque,
1340 1304 1396 1352 et
1442 1293 1568 1364 quid
1610 1292 1873 1361 significat

284 1396 527 1466 quidem,
553 1402 610 1449 et
625 1392 746 1463 quia
768 1399 872 1458 est,
892 1404 999 1446 non
1022 1390 1165 1445 enim
1188 1388 1437 1443 similiter
1461 1388 1650 1441 horum
1680 1398 1875 1439 unum-

288 1488 537 1559 quodque
558 1486 903 1541 manifestum
929 1494 1013 1541 est
1031 1484 1202 1539 nobis.
1225 1482 1321 1537 Est
1342 1488 1519 1535 autem
1547 1492 1874 1549 cognoscere

288 1583 392 1636 alia
422 1581 635 1652 quidem
666 1580 813 1651 prius
841 1589 1283 1650 cognoscentem,
1310 1574 1665 1647 quorumdam
1697 1582 1875 1628 autem

288 1674 451 1731 simul
500 1675 744 1743 accipere
773 1674 1049 1738 notitiam,
1080 1680 1140 1727 ut
1180 1683 1513 1741 quiscunque
1557 1668 1877 1738 contingunt

288 1781 416 1822 esse
438 1768 536 1821 sub
560 1765 953 1821 universalihus
981 1780 1209 1836 quorum
1242 1764 1443 1819 habent
1474 1762 1872 1833 cognitionem;

1968 550 2255 620 logismum
2284 547 2733 615 epistemonicon,
2764 546 2815 601 id
2847 555 2928 601 est
2960 546 3242 604 facientem
3270 550 3431 618 scire,
3460 549 3558 605 sed

1970 641 2396 712 epistemonicon
2438 640 2591 703 dico,
2637 641 2929 697 secundum
2976 658 3135 713 quem
3177 644 3270 715 (in
3312 644 3560 701 habendo

1970 737 2147 805 ipsum
2174 733 2192 803 )
2217 733 2435 789 scimus.
2471 732 2530 788 Si
2572 733 2730 803 igitur
2768 742 2849 787 est
2878 733 3015 790 scire
3045 745 3099 789 ut
3128 737 3433 806 posuimus,
3463 753 3563 792 ne-

1970 841 2127 883 cesse
2150 834 2233 882 est
2260 834 2314 882 et
2339 825 2815 880 demonstrativam
2842 827 3122 883 scientiam
3154 845 3217 884 ex
3248 831 3391 884 veris
3420 845 3558 894 esse,

1974 928 2031 974 et
2062 916 2267 988 primis,
2300 923 2354 972 et
2379 913 2725 983 immediatis,
2752 924 2808 970 et
2833 917 3154 983 notioribus,
3186 927 3241 975 et
3269 919 3563 990 prioribus,

1976 1011 2264 1080 causisque
2289 1007 2673 1064 conclusionis.
2696 1007 2786 1062 Sic
2807 1008 2949 1063 enim
2977 1011 3234 1081 principia
3260 1021 3413 1066 erunt
3444 1026 3568 1081 pro-

1976 1107 2097 1176 pria
2136 1103 2256 1175 ejus
2284 1102 2427 1174 quod
2457 1100 2881 1167 demonstratur,
2912 1116 3033 1155 nam
3065 1102 3405 1174 syllogismus
3449 1103 3567 1174 qui-

1979 1196 2103 1254 dem
2134 1196 2274 1263 erit,
2306 1202 2362 1250 et
2384 1195 2501 1251 sine
2529 1193 2635 1262 his,
2666 1192 3052 1250 demonstratio
3091 1206 3265 1252 autem
3298 1212 3403 1251 non
3430 1198 3529 1251 erit
3552 1238 3566 1261 ,

1981 1302 2091 1343 non
2122 1286 2266 1343 enim
2293 1286 2454 1342 faciet
2482 1285 2781 1341 scientiam.
2810 1286 2948 1341 \‘cra
2971 1289 3187 1357 quidem
3220 1290 3376 1359 igitur
3408 1304 3570 1358 opor-

1983 1389 2060 1435 tet
2089 1394 2245 1447 esse,
2293 1379 2546 1449 quoniam
2592 1378 2734 1448 quod
2766 1393 2872 1433 non
2907 1388 3018 1445 est,
3050 1396 3157 1433 non
3189 1391 3269 1435 est
3298 1383 3435 1436 scire
3456 1423 3469 1446 ,
3514 1388 3574 1435 ut

1982 1471 2129 1542 quod
2154 1470 2412 1526 diameter
2437 1472 2508 1526 sit
2531 1479 2789 1542 symeter.
2818 1470 2896 1525 Ex
2924 1470 3110 1540 primis
3130 1481 3305 1527 autem
3338 1483 3391 1528 et
3422 1472 3569 1529 inde-

1985 1561 2431 1619 monstrabilibus
2459 1569 2578 1629 est,
2616 1562 2739 1631 quia
2770 1576 2877 1616 non
2909 1564 3072 1629 sciet,
3103 1577 3207 1616 non
3240 1563 3440 1618 habens
3479 1564 3576 1620 de-

1986 1654 2440 1711 monstrationem
2470 1653 2731 1723 ipsorum,
2761 1653 2900 1708 scire
2927 1653 3068 1708 enim
3098 1667 3321 1720 quorum
3354 1654 3575 1709 demon-

1986 1748 2178 1804 stratio
2219 1756 2305 1803 est
2350 1762 2455 1801 non
2488 1744 2783 1801 secundum
2829 1743 3112 1809 accidens,
3147 1753 3230 1799 est
3260 1744 3457 1800 habere
3486 1747 3575 1801 dc-

289 1857 432 1927 quod
456 1859 597 1913 enim
616 1857 791 1911 omnis
811 1857 1107 1928 triangulus
1139 1857 1331 1912 habeat
1354 1863 1465 1910 tres
1486 1855 1716 1923 angulos
1740 1854 1877 1910 duo-

1993 1843 2461 1899 monstrationem.
2492 1839 2697 1897 Causas
2740 1855 2985 1911 quoque,
3029 1849 3081 1896 et
3111 1841 3320 1896 notiora
3364 1852 3577 1911 oportet

291 1953 392 2007 bus
414 1951 576 2006 rectis
605 1949 857 2019 :eqnales,
901 1947 1187 2017 prrescivit,
1220 1948 1363 2018 quod
1394 1962 1521 2001 vero
1555 1946 1642 2001 hic
1670 1947 1761 2015 qui
1792 1955 1878 2002 est

294 2046 349 2100 in
384 2042 722 2099 semicirculo
752 2041 1047 2111 triangulus
1074 2041 1162 2106 sit,
1197 2040 1353 2095 simul
1387 2039 1650 2095 inducens
1680 2054 1880 2110 cogno-

297 2139 388 2192 vit.
417 2134 783 2206 Quorumdam
814 2135 955 2189 enim
990 2133 1090 2188 hoc
1129 2133 1290 2188 modo
1337 2132 1622 2202 disciplina
1668 2142 1781 2199 est,
1825 2140 1881 2188 ct

298 2247 402 2286 non
435 2244 530 2299 per
558 2227 795 2284 medium
849 2227 1097 2283 ultimum
1145 2228 1510 2298 cognoscitur,
1542 2234 1599 2279 ut
1626 2239 1882 2294 quaecun-

299 2337 402 2391 que
420 2322 528 2389 jam
559 2319 906 2390 Singularium
934 2318 1406 2389 continguntesse,
1438 2327 1494 2372 et
1518 2332 1625 2372 non
1658 2316 1724 2372 de
1751 2317 1884 2372 sub-

301 2414 440 2484 jecto
458 2412 660 2482 aliquo.
694 2410 990 2482 Antequam
1014 2420 1191 2466 autem
1221 2410 1289 2465 sit
1310 2410 1587 2475 inducere,
1621 2419 1712 2462 aut
1742 2409 1884 2465 acci-

303 2520 429 2574 pere
474 2503 871 2576 syllogismum,
905 2502 1134 2575 quodam
1181 2503 1396 2574 quidem
1448 2503 1608 2557 modo
1658 2501 1885 2559 fortasse

299 2593 582 2649 dicendum
631 2602 719 2651 est
761 2594 931 2659 scire,
982 2595 1142 2649 modo
1184 2603 1363 2650 autem
1415 2594 1555 2661 alio,
1588 2609 1692 2648 non
1741 2595 1885 2665 quod

301 2683 446 2741 enim
473 2686 699 2741 nescivit
727 2686 773 2741 si
817 2696 903 2741 est
938 2687 1289 2756 simpliciter,
1323 2687 1423 2741 hoc
1462 2686 1691 2756 quodam
1723 2684 1887 2742 modo

302 2776 457 2831 scivit
484 2776 625 2846 quod
664 2775 800 2852 duos
827 2776 986 2832 habet
1014 2785 1191 2832 rectos
1220 2777 1557 2847 simpliciter,
1584 2778 1678 2831 sed
1711 2777 1887 2832 mani-

304 2869 494 2923 festum
514 2876 599 2923 est
614 2867 755 2938 quod
776 2867 855 2921 sic
878 2867 1094 2939 quidem
1110 2870 1212 2922 scit
1230 2868 1480 2938 quoniam
1503 2867 1890 2922 universaliter

302 2960 481 3026 scivit,
507 2959 826 3027 simpliciter
867 2967 1045 3013 autem
1077 2973 1184 3013 non
1213 2960 1313 3013 scit
1338 2975 1354 3024 ;
1379 2959 1421 3011 si
1452 2972 1582 3013 vero
1612 2973 1715 3013 nou
1737 2998 1754 3024 ,
1784 2957 1890 3013 lle-

304 3051 465 3106 nonis
517 3051 838 3121 ambiguitas
879 3052 1189 3121 continget,
1220 3061 1310 3105 aut
1342 3050 1481 3106 enim
1512 3051 1650 3105 nihil
1680 3051 1887 3116 discet,

305 3151 399 3199 aut
427 3158 548 3215 qua:
578 3143 743 3197 novit.
772 3143 887 3198 Non
902 3143 1069 3210 enim,
1092 3143 1234 3198 sicut
1261 3144 1477 3215 quidam
1499 3151 1761 3199 conantur
1784 3144 1894 3199 sol-

1986 1951 2128 2002 esse,
2154 1945 2209 1992 et
2230 1936 2429 2007 priora.
2453 1932 2659 1990 Causas
2674 1934 2914 2005 quidem,
2936 1937 3186 2003 quoniam
3212 1947 3335 1992 tunc
3356 1937 3579 2003 scimus,

1988 2043 2112 2084 cum
2142 2041 2357 2084 causam
2385 2027 2786 2098 cognoscimus,
2809 2035 2865 2080 et
2891 2027 3089 2096 priora,
3118 2027 3381 2097 siquidem
3404 2045 3579 2084 causai

1989 2131 2118 2178 sunt
2139 2163 2152 2187 ,
2184 2130 2240 2177 et
2266 2122 2504 2190 notiora,
2551 2136 2657 2175 non
2689 2121 2862 2177 solum
2891 2121 3061 2176 altero
3087 2122 3246 2177 modo
3274 2123 3580 2194 intelligen-

1990 2216 2095 2283 do,
2136 2216 2231 2271 sed
2274 2216 2326 2270 in
2370 2214 2596 2271 sciendo
2633 2215 2885 2286 quoniam
2917 2225 3059 2272 sunt.
3097 2217 3281 2273 Priora
3313 2228 3488 2274 autem
3528 2229 3581 2277 et

1992 2308 2206 2363 notiora
2246 2305 2533 2377 dupliciter
2562 2317 2723 2374 sunt,
2765 2322 2870 2362 non
2902 2308 3043 2364 enim
3083 2307 3224 2365 idem
3272 2320 3353 2365 est
3395 2319 3581 2368 natura

1993 2400 2177 2470 prius,
2211 2407 2266 2455 et
2291 2399 2359 2453 ad
2387 2412 2486 2455 nos
2520 2399 2702 2472 prius,
2734 2415 2911 2471 neque
2941 2401 3123 2457 notius
3150 2411 3334 2458 natura
3357 2447 3371 2472 ,
3401 2411 3453 2459 et
3483 2420 3582 2461 no-

1994 2492 2079 2548 bis
2108 2491 2308 2547 notius.

2070 2583 2202 2641 Dico
2222 2593 2402 2639 autem
2430 2584 2495 2639 ad
2526 2598 2625 2639 nos
2650 2585 2849 2655 priora,
2875 2597 2927 2641 et
2950 2588 3179 2658 notiora,
3205 2593 3584 2662 propinquiora

1998 2677 2204 2732 sensui.
2254 2675 2585 2746 Simpliciter
2630 2683 2808 2731 autem
2843 2676 3051 2746 priora,
3100 2686 3155 2734 et
3196 2681 3397 2736 notiora
3422 2724 3434 2746 ,
3469 2700 3587 2754 quat

2001 2771 2210 2841 longius
2230 2776 2373 2825 sunt.
2398 2769 2537 2826 Sunt
2556 2777 2733 2823 autem
2756 2768 3197 2841 longinquissima
3218 2773 3453 2842 quidem,
3474 2777 3588 2832 uni-

1998 2863 2233 2919 versalia
2283 2864 2534 2918 maxime.
2587 2862 2838 2918 Proxima
2895 2873 3113 2932 autem,
3168 2865 3487 2936 singularia,
3537 2881 3591 2928 et

2000 2965 2345 3028 opponuntur
2374 2956 2489 3011 haec
2520 2956 2585 3010 ad
2614 2970 2673 3011 se
2702 2956 2956 3011 invicem.
2989 2957 3063 3011 Ex
3092 2958 3278 3027 primis
3301 2971 3479 3016 autem
3508 2973 3593 3020 est

2001 3051 2145 3120 quod
2180 3065 2245 3106 ex
2277 3051 2509 3121 propriis
2538 3049 2817 3119 principiis
2846 3057 2963 3118 est,
2993 3050 3133 3106 idem
3166 3053 3311 3108 enim
3340 3053 3459 3108 dico
3488 3056 3592 3120 prl-

2002 3160 2150 3199 mum
2202 3152 2257 3199 et
2302 3143 2643 3214 principium.
2681 3144 2775 3198 Est
2805 3150 2984 3198 autem
3019 3142 3336 3214 principium
3372 3146 3594 3203 demon.

306 3248 455 3301 vere,
485 3234 773 3291 dicendum
794 3244 897 3301 est,
929 3234 1166 3305 nunquid
1187 3235 1388 3290 scivisti
1415 3249 1632 3290 omnem
1665 3235 1892 3289 dualita-
1919 3231 1970 3291 (Ζ
2001 3235 2285 3291 strationis
2335 3234 2631 3305 propositio
2677 3234 3007 3290 immediata.
3057 3235 3369 3293 Immediata
3413 3252 3594 3296 autem

310 3338 414 3383 tem
444 3329 694 3399 quoniam
725 3344 821 3399 par
851 3336 953 3392 est,
982 3337 1075 3382 aut
1105 3329 1244 3383 non?
1277 3328 1490 3383 dicente
1518 3337 1722 3393 autem,
1745 3337 1891 3383 attu-

310 3422 447 3477 lerat
486 3422 772 3492 quamdam
818 3420 1161 3488 dualitatem,
1193 3435 1355 3491 quam
1385 3434 1492 3475 non
1531 3420 1782 3490 opinatus
1810 3430 1894 3476 est

310 3526 453 3579 esse,
482 3526 652 3582 quare
674 3526 848 3583 neque
875 3526 1078 3581 parem.
1113 3511 1337 3568 Solvunt
1356 3511 1500 3566 enim
1524 3511 1765 3566 dicentes
1783 3526 1891 3565 non

309 3618 635 3675 cognoscere
661 3617 877 3659 omnem
904 3603 1218 3660 dualitatem
1242 3618 1423 3673 parem
1443 3618 1589 3669 esse,
1611 3603 1707 3659 sed
1732 3619 1892 3673 quam

309 3696 489 3753 sciunt
508 3696 649 3766 quod
675 3696 909 3751 dualitas
934 3695 1012 3754 ﬁt.
1038 3698 1288 3751 Attamen
1316 3694 1716 3765 sciuntquidem
1739 3694 1894 3766 cujus

311 3805 440 3846 vere
460 3790 976 3846 demonstrationem
1010 3788 1228 3853 habent,
1260 3796 1316 3843 et
1350 3787 1504 3859 cujus
1533 3795 1891 3856 acceperunt:

310 3893 633 3954 acceperunt
661 3893 836 3939 autem
864 3898 971 3938 non
1005 3883 1073 3937 de
1103 3883 1250 3938 omni
1273 3884 1431 3953 cujus
1464 3882 1649 3952 utique
1678 3881 1892 3946 sciunt,
1913 3905 1927 3919 -

311 3976 454 4046 quod
483 3974 778 4044 triangulus
798 3975 1046 4044 autquod
1071 3988 1327 4030 numerus
1352 3974 1441 4039 sit,
1464 3973 1559 4029 sed
1580 3973 1895 4043 simpliciter

313 4068 383 4122 de
408 4069 552 4120 omni
574 4081 795 4120 numero
821 4077 875 4121 et
900 4067 1184 4135 triangulo,
1210 4082 1383 4136 neque
1407 4066 1548 4121 enim
1576 4081 1679 4121 una
1708 4080 1897 4135 propo-

314 4159 443 4214 sitio
472 4159 728 4226 accipitur
769 4159 924 4227 hujus
951 4159 1093 4229 quod
1122 4175 1285 4228 quem
1315 4168 1369 4213 tu
1400 4160 1540 4213 nosti
1578 4174 1858 4216 numerum
1879 4203 1893 4227 ,

315 4260 409 4305 aut
430 4249 570 4317 quod
598 4260 650 4303 tu
675 4252 811 4304 nos'i
840 4251 1197 4318 rectilinenm,
1221 4252 1316 4306 sed
1347 4253 1413 4307 de
1435 4252 1603 4306 omni.
1634 4251 1739 4306 Sed
1765 4251 1899 4306 nihil

316 4343 397 4412 (ιιι
426 4342 638 4411 Opinor)
675 4341 918 4408 prohibet
948 4344 1087 4412 quod
1111 4343 1272 4397 discit
1295 4344 1440 4412 quis,
1461 4344 1529 4397 sit
1558 4351 1615 4396 ut
1637 4344 1797 4408 scire,
1829 4342 1903 4396 sit

316 4432 477 4487 etiam
511 4441 566 4488 ut
591 4432 862 4504 ignorare,
888 4433 1272 4489 inconveniens
1291 4435 1435 4490 enim
1469 4445 1702 4501 nonest,
1726 4435 1770 4488 si
1800 4434 1903 4488 scit

318 4523 545 4592 quodam
580 4523 737 4577 modo
776 4522 917 4593 quod
968 4524 1148 4589 discit,
1180 4524 1276 4582 sed
1308 4527 1353 4582 si
1398 4528 1502 4581 hoc
1528 4530 1726 4593 modo,
1761 4536 1818 4581 ut
1845 4524 1901 4581 in

320 4627 572 4688 quantum
598 4616 778 4685 discit,
809 4626 863 4672 et
891 4617 1013 4671 scit.

943 4729 1171 4785 CAPUT
1214 4729 1275 4783 ll.

572 4823 651 4879 De
676 4825 839 4879 modis
865 4825 1091 4890 sciendi,
1122 4835 1169 4880 et
1197 4824 1651 4879 demonstratione.

391 4914 541 4972 Scire
569 4931 746 4970 autem
776 4917 1058 4984 opinamur
1097 4917 1512 4987 unumquodque
1559 4912 1900 4984 simpliciter,

318 5009 415 5064 scd
442 5024 545 5063 non
562 5008 854 5077 sophistico
875 5010 1055 5073 modo,
1085 5009 1174 5079 qui
1192 5018 1278 5063 est
1303 5007 1598 5063 secundum
1625 5007 1900 5072 accidens,

319 5113 441 5155 cum
469 5114 682 5154 causam
726 5100 1052 5156 arbitramur
1095 5114 1442 5171 cognoscere,
1478 5115 1698 5170 propter
1739 5113 1899 5169 quam

318 5206 408 5249 res
430 5202 533 5255 est,
555 5193 803 5263 quoniam
826 5194 972 5250 illius
984 5208 1144 5249 causa
1164 5203 1268 5258 est,
1289 5203 1343 5249 et
1364 5209 1468 5248 non
1490 5202 1575 5247 est
1589 5194 1904 5264 contingere

320 5285 424 5342 hoc
451 5286 606 5340 aliter
624 5301 683 5342 se
712 5285 931 5342 habere.
976 5285 1312 5341 Manifestum
1354 5286 1514 5356 igitur
1542 5293 1627 5339 est
1647 5286 1902 5355 quoniam

318 5376 625 5447 lmjusmodi
646 5377 844 5448 aliquid
866 5378 1003 5433 scire
1024 5378 1111 5443 sit,
1126 5387 1179 5433 et
1200 5391 1432 5447 namque
1448 5390 1553 5430 non
1568 5376 1825 5442 scientes,
1843 5386 1902 5433 et

308 5471 551 5535 scientes
591 5472 807 5541 quidem
831 5474 1121 5541 opinantur
1161 5471 1265 5540 ipsi
1307 5471 1385 5525 sic
1411 5485 1471 5525 se
1492 5470 1902 5535 habere,scien-

320 5571 400 5618 tes
420 5572 597 5619 autem
609 5564 790 5629 etiam,
807 5563 1313 5621 liabeutscientiam.
1331 5562 1510 5631 Quare
1524 5566 1679 5634 cujus
1703 5563 1906 5633 simpli-

317 5655 449 5712 citer
464 5664 547 5711 est
564 5656 807 5721 scientia,
830 5656 934 5713 hoc
952 5666 1037 5713 est
1065 5654 1397 5726 impossibile
1417 5656 1574 5711 aliter
1594 5668 1654 5711 se
1676 5654 1901 5713 habere.

317 5750 618 5823 Siquidem
645 5752 809 5823 igitur
830 5762 885 5808 ει
913 5754 1049 5809 alius
1089 5762 1174 5809 est
1202 5751 1405 5808 sciendi
1456 5752 1673 5819 modus,
1720 5760 1906 5824 poste-

318 5844 430 5904 rius
452 5844 710 5900 dicemus.
737 5844 970 5901 Dicimus
991 5853 1168 5903 autem
1188 5847 1350 5916 scire,
1374 5853 1430 5903 et
1450 5860 1545 5916 per
1566 5846 1909 5902 demonstra-

640 5963 911 6025 ΡΑτιιοι..
959 5963 1180 6026 LXlV.
1223 5986 1228 5991 ·

1995 3338 2085 3384 est
2109 3343 2211 3398 qua
2238 3343 2345 3381 non
2371 3336 2457 3381 est
2476 3328 2578 3382 alia
2603 3328 2769 3396 prior.
2794 3327 3097 3397 Propositio
3122 3338 3300 3385 autem
3324 3340 3405 3386 est
3427 3344 3594 3389 enu‘n.

1996 3420 2240 3475 tiatiouis
2270 3420 2435 3474 altera
2476 3433 2616 3489 pars,
2643 3434 2807 3473 unum
2830 3420 2897 3474 de
2918 3435 3048 3475 uno.
3073 3419 3355 3478 Dialectica
3378 3426 3594 3495 quidem

1998 3526 2086 3570 est
2112 3512 2361 3568 similiter
2389 3512 2661 3582 accipiens
2688 3512 3008 3582 quamlibet.
3039 3514 3463 3573 Demonstrativa
3495 3535 3593 3575 au-

2000 3616 2111 3661 tem
2139 3605 2512 3660 determinata:
2541 3605 2768 3659 alterum
2792 3606 3043 3675 quoniam
3070 3621 3258 3662 verum
3280 3619 3382 3673 est,
3413 3610 3594 3669 Enun-

1999 3698 2153 3751 tiatio
2197 3705 2374 3751 autem
2415 3695 2855 3751 contradictionis
2896 3697 3150 3768 quzelibet
3194 3714 3337 3769 pars.
3371 3702 3595 3760 Contra-

1999 3787 2170 3843 dictio
2216 3798 2394 3842 autem
2442 3797 2525 3842 est
2564 3790 2833 3857 oppositio
2879 3791 3035 3859 cujus
3081 3806 3187 3846 non
3231 3803 3314 3848 est
3360 3796 3594 3856 medium

1998 3878 2295 3933 secundum
2325 3892 2403 3933 se.
2439 3877 2570 3933 Pars
2612 3887 2789 3933 autem
2830 3881 3300 3952 contradictionis,
3331 3901 3448 3957 quae
3477 3891 3595 3960 qui-

2000 3971 2126 4029 dem
2153 3971 2352 4043 aliquid
2382 3972 2450 4028 de
2491 3973 2670 4044 aliquo
2695 3983 2809 4041 est,
2843 3974 3131 4031 affirmatio
3171 3986 3273 4032 est.
3305 3979 3435 4045 Quae
3463 3999 3595 4040 vero

2001 4073 2089 4120 est
2116 4064 2315 4135 aliquid
2346 4064 2414 4120 ab
2444 4064 2651 4135 aliquo,
2686 4066 2899 4134 negatio
2930 4074 3033 4121 est.
3081 4067 3378 4127 lmmediati
3416 4085 3595 4133 autem

2003 4158 2253 4227 principii
2282 4157 2629 4227 syllogistici,
2664 4158 2982 4225 positionem
3014 4158 3231 4227 quidem
3263 4162 3404 4231 dico,
3438 4182 3595 4235 quam

2007 4266 2114 4304 non
2139 4258 2221 4303 est
2245 4259 2567 4315 monstrare,
2602 4263 2699 4303 nec
2724 4264 2945 4303 necesse
2967 4259 3050 4305 est
3075 4251 3273 4308 habere
3294 4254 3595 4314 docendum

2005 4341 2226 4410 aliquid.
2277 4342 2444 4407 Quam
2490 4354 2623 4394 veto
2666 4355 2891 4395 necesse
2935 4352 3015 4396 est
3064 4344 3260 4399 habere
3303 4351 3595 4417 quemlibet

2009 4434 2311 4488 docendum
2337 4475 2349 4496 ,
2381 4432 2720 4501 dignitatem.
2758 4431 2895 4487 Sunt
2939 4434 3082 4489 enim
3123 4438 3368 4507 qua-dam
3414 4441 3596 4511 hujus-

2010 4525 2192 4589 modi,
2224 4524 2325 4578 hoc
2354 4524 2496 4578 enim
2528 4524 2759 4578 maxime
2804 4524 2854 4579 in
2899 4524 3268 4595 hujuscemodi
3308 4535 3597 4588 consueti-

1930 4604 2128 4672 Dmus
2176 4630 2372 4671 nomen
2405 4616 2606 4669 dicere.
2645 4613 2934 4671 Positionis
2963 4628 3174 4683 autem,
3219 4636 3339 4690 qua:
3380 4625 3596 4693 quidem

2007 4721 2092 4764 est
2130 4698 2427 4779 quamlibet
2478 4706 2705 4776 partium
2754 4708 3143 4764 enuntiationis
3188 4711 3491 4782 accipiens,
3542 4725 3600 4772 ut

2006 4801 2131 4856 dico
2154 4800 2353 4871 aliquid
2385 4813 2540 4866 esse,
2571 4808 2666 4853 aut
2694 4813 2798 4851 nou
2824 4812 2976 4867 esse,
3011 4801 3311 4870 suppositio
3333 4813 3435 4859 est.
3467 4807 3597 4870 Qua:
3692 4823 3697 4828 ’

2007 4907 2139 4947 vero
2159 4892 2275 4947 sine
2322 4891 2444 4960 hoc,
2492 4890 2737 4945 deﬁnitio
2780 4901 2897 4958 est,
2930 4891 3171 4948 deﬁnitio
3216 4897 3359 4950 enim
3406 4907 3597 4966 posllla

2007 4991 2251 5062 quaedam
2281 5002 2384 5047 est.
2418 4991 2574 5046 Ponit
2601 4990 2744 5046 enim
2773 4992 3147 5048 aritlnneticus
3189 4996 3450 5051 unitatem
3471 5038 3488 5065 ,
3519 5000 3598 5053 in.

2008 5086 2278 5143 divisibile
2328 5101 2452 5141 esse
2504 5085 2797 5141 secundum
2855 5089 3246 5157 quantitatem,
3301 5093 3598 5160 suppositio

2008 5189 2186 5235 autem
2214 5194 2319 5236 non
2347 5188 2431 5235 est
2451 5220 2466 5244 ,
2494 5177 2546 5233 id
2569 5180 2710 5234 enim
2731 5177 2874 5250 quod
2898 5179 3023 5251 quid
3048 5191 3128 5235 est
3158 5182 3334 5236 unitas
3355 5225 3369 5249 ,
3398 5192 3452 5235 ct
3476 5199 3599 5242 esse

2010 5275 2305 5342 unitatem,
2355 5272 2642 5329 nonidem
2690 5281 2795 5329 est.
2846 5273 3110 5341 Quoniam
3160 5283 3336 5329 autem
3386 5287 3600 5346 oportet

2008 5368 2265 5435 credere,
2298 5376 2353 5423 et
2380 5370 2519 5423 scire
2549 5381 2694 5433 rem,
2726 5366 2779 5421 in
2812 5365 3118 5438 hujusmodi
3158 5364 3403 5421 habendo
3434 5369 3595 5439 syllo-

2008 5463 2238 5534 gismum
2266 5476 2426 5531 quem
2450 5474 2706 5516 vocamus
2728 5456 3265 5514 demonstrationem.
3298 5457 3394 5513 Est
3415 5467 3594 5515 autem

2009 5556 2097 5613 hic
2126 5570 2193 5612 eo
2221 5555 2363 5627 quod
2391 5570 2452 5610 ea
2483 5562 2638 5620 sunt,
2666 5569 2731 5609 ex
2760 5552 2956 5625 quibus
2981 5561 3065 5606 est
3088 5551 3431 5623 syllogismus
3449 5595 3465 5619 ,
3500 5569 3595 5617 ne:

2008 5665 2161 5707 cesse
2184 5658 2400 5706 estnon
2431 5648 2603 5705 solum
2647 5659 3090 5718 praecognoscere
3131 5645 3334 5715 prima,
3367 5657 3457 5701 aut
3484 5663 3595 5703 om-

2011 5755 2130 5821 nia,
2173 5762 2264 5809 aut
2310 5752 2629 5823 quamdam,
2681 5747 2776 5805 sed
2824 5754 2880 5804 et
2930 5746 3121 5819 magis.
3176 5744 3405 5818 Semper
3448 5749 3592 5806 enim

2013 5856 2232 5918 propter
2270 5844 2413 5915 quod
2442 5840 2857 5914 unumquodque
2884 5852 2998 5908 est,
3032 5839 3161 5897 illud
3195 5841 3363 5912 magis
3392 5852 3505 5911 est,
3535 5853 3596 5905 ut
