4060 6330
310 410 415 469 717

850 404 1334 466 POSTERIORUM
1380 406 1911 467 ANALYTICORUM
1951 410 2400 470 ARISTOTELIS
2442 414 3015 475 INTERPRETATIO.

3470 416 3591 477 713’

311 523 451 578 dico.
486 504 831 590 Quaecunque
855 533 987 574 vero
1013 519 1324 575 neutraliter
1353 519 1569 583 insunt,
1601 520 1892 575 accidentia
1924 532 1980 587 Α
2003 539 2110 596 quo
2140 534 2469 581 monstratur
2503 547 2514 580 :
2547 529 2609 583 iis
2654 524 2794 585 enim
2826 548 2944 599 qua:
2973 540 3099 588 sunt
3128 533 3179 588 in
3210 541 3385 604 parte,
3439 536 3584 591 inest

312 625 465 681 sunt,
491 624 550 669 ut
578 614 864 681 musicum,
894 623 983 666 aut
1006 614 1184 667 album
1211 612 1431 667 animal.
1460 613 1722 683 Amplius,
1753 616 1893 683 quod

314 722 418 763 non
450 706 516 761 de
568 705 814 776 subjecto
858 705 964 760 alio
995 705 1226 774 quodam
1256 705 1468 772 dicitur,
1497 715 1554 760 ut
1579 706 1857 761 ambulans
1878 748 1891 773 ,

312 806 401 851 aut
430 797 607 850 album
628 837 645 859 ,
677 810 799 850 cum
827 804 880 849 et
907 795 1128 849 alterum
1159 795 1410 863 quiddam
1440 798 1511 849 sit
1535 794 1812 850 ambulans
1844 804 1897 851 et

313 888 511 941 album.
559 885 867 942 Substantia
907 894 1085 941 autem
1117 895 1171 940 et
1199 899 1535 955 quascunque
1564 886 1665 940 hoc
1692 885 1895 955 aliquid

313 979 642 1047 signiﬁcant,
689 992 799 1031 non
844 978 1077 1032 alterum
1123 978 1325 1047 aliquid
1369 989 1495 1032 sunt
1540 993 1698 1048 quam
1751 978 1894 1049 quod

314 1072 527 1140 quidem
576 1079 734 1136 sunt;
786 1085 904 1141 qua:
948 1070 1159 1140 quidem
1204 1070 1361 1139 igitur
1388 1086 1493 1124 non
1541 1070 1610 1125 de
1654 1070 1897 1140 subjecto

313 1164 417 1221 alio
440 1171 599 1228 sunt,
630 1177 726 1231 per
766 1176 827 1219 se
863 1162 1018 1231 dico,
1047 1177 1168 1233 qua
1198 1178 1327 1219 vero
1358 1162 1428 1218 de
1455 1162 1725 1232 subjecto,
1758 1162 1899 1218 acci-

248 1234 249 1237 η
313 1254 514 1309 dentia.
547 1252 683 1313 Item
712 1252 819 1309 alio
848 1252 1006 1307 modo
1043 1252 1185 1323 quod
1229 1252 1444 1322 quidem
1473 1262 1689 1323 propter
1721 1255 1903 1323 ipsum.

315 1345 455 1399 inest
481 1344 797 1415 unicuique,
832 1359 1011 1412 perac
1052 1343 1206 1410 dico,
1251 1344 1394 1415 quod
1439 1360 1568 1401 vero
1620 1360 1725 1401 non
1776 1361 1900 1415 pro-

314 1445 433 1506 pter
487 1436 696 1507 ipsum,
752 1434 1003 1493 accidens
1060 1446 1173 1503 est,
1235 1445 1294 1491 ut
1350 1436 1399 1490 si
1440 1436 1738 1511 ambulans
1802 1450 1897 1493 co-

314 1530 567 1597 ruscavit,
597 1516 847 1585 accidens
895 1537 998 1594 est,
1031 1544 1137 1585 non
1187 1529 1329 1591 enim
1383 1538 1603 1601 propter
1655 1529 1704 1585 id
1756 1529 1899 1603 quod

314 1620 645 1685 ambulavit,
690 1622 1021 1683 coruscavit,
1068 1620 1167 1677 sed
1208 1620 1457 1681 accidens
1502 1621 1729 1678 dicimus
1775 1621 1903 1679 hoc.

315 1712 370 1767 Si
416 1726 546 1767 vero
589 1722 807 1782 propter
855 1712 1065 1781 ipsum,
1095 1717 1209 1785 ’per
1255 1726 1345 1781 se,
1397 1722 1454 1768 ut
1495 1715 1539 1768 si
1584 1714 1785 1785 aliquid
1821 1716 1903 1771 in-

317 1801 482 1859 teriec
507 1818 597 1857 um
648 1804 889 1874 interiit,
930 1806 1225 1865 secundum
1271 1805 1699 1863 interiectionem
1721 1849 1736 1874 ,
1767 1823 1899 1879 quo-

2007 615 2221 684 quidem
2252 617 2658 685 demonstratio,
2708 630 2762 677 et
2804 622 2905 677 erit
2944 622 3012 679 de
3052 623 3223 690 omni,
3268 626 3360 680 sed
3403 634 3615 683 tamen.

2008 724 2110 760 non
2141 706 2298 777 hujus
2322 709 2426 764 erit
2457 710 2616 780 primi
2663 713 2975 769 universalis
3004 715 3411 780 demonstratio,
3461 719 3583 774 dico

2004 808 2180 853 autem
2215 799 2370 869 hujus
2397 801 2553 870 primi
2580 803 2872 858 secundum
2896 805 3036 875 quod
3063 805 3220 863 huius
3246 808 3583 864 demonstra-

2006 889 2372 955 tionem,cum
2404 891 2475 947 sit
2526 893 2685 962 primi
2737 895 3072 951 universalis.
3128 897 3187 953 Si
3237 913 3363 969 ergo
3393 901 3597 966 aliquis.

2005 982 2322 1037 monstrabit
2349 983 2564 1053 quidem
2601 985 2743 1055 quod
2770 994 2913 1041 recte
2943 1002 3049 1042 non
3077 987 3416 1057 intercidant,
3446 989 3588 1045 vide-

2006 1073 2149 1128 bitur
2198 1074 2382 1145 utique
2428 1073 2588 1145 hujus
2640 1091 2761 1130 esse
2805 1077 3215 1144 demonstratio,
3271 1090 3493 1150 propter
3532 1080 3593 1135 id

2004 1164 2146 1236 quod
2174 1166 2228 1220 in
2248 1164 2495 1221 omnibus
2524 1174 2610 1223 est
2636 1171 2820 1222 rectis.
2848 1169 2961 1229 Non
2991 1178 3164 1225 autem
3192 1180 3293 1236 est,
3336 1172 3437 1226 nisi
3461 1173 3586 1242 qui-

2005 1257 2129 1312 dem
2157 1256 2430 1327 (quoniam
2458 1258 2536 1313 sic
2563 1259 2793 1329 aequales
2823 1260 2950 1329 sint)
2983 1260 3072 1314 ﬁat
3108 1262 3226 1329 hoc,
3268 1263 3369 1318 sed
3392 1278 3587 1318 secun-

2000 1348 2132 1402 dum
2156 1348 2304 1418 quod
2343 1350 2741 1419 quomodelibet
2787 1352 3039 1420 mquales.
3094 1350 3161 1405 Et
3197 1353 3253 1407 si-
3290 1356 3601 1425 triangulus

2007 1455 2111 1493 non
2136 1449 2281 1495 esset
2303 1440 2439 1496 alius
2481 1458 2638 1512 quam
2678 1444 2956 1511 isosceles,
2987 1446 3278 1500 secundum
3317 1451 3457 1518 quod
3479 1449 3591 1505 iso-

2006 1531 2181 1587 sceles
2234 1532 2509 1588 videretur
2556 1536 2743 1604 utique
2799 1537 2996 1591 inesse.
3058 1536 3121 1589 Et
3190 1539 3595 1608 proportionsie

2007 1622 2155 1694 quod
2176 1625 2699 1681 comrnunicabiliter
2725 1637 2829 1695 est,
2855 1621 3148 1711 secundum
3195 1630 3347 1700 quod
3378 1634 3593 1692 numer!

2008 1728 2153 1785 sunt,
2179 1730 2230 1775 et
2260 1721 2553 1777 secundum
2584 1723 2990 1794 quodlineze,et
3009 1727 3302 1783 secundum
3332 1730 3477 1800 quod
3503 1745 3589 1786 so-

2009 1811 2134 1879 lida,
2167 1823 2221 1868 et
2263 1815 2558 1869 secundum
2609 1819 2749 1887 quod
2794 1828 3035 1889 tempora
3076 1829 3221 1889 sunt,
3256 1822 3591 1892 quemadmo-

318 1896 464 1949 niam
513 1903 731 1965 promer
774 1895 826 1950 id
866 1896 1011 1965 quod
1046 1897 1384 1959 interiectum
1414 1908 1497 1954 est
1542 1899 1772 1965 interiit,
1804 1900 1903 1957 sed
1931 1911 1989 1974 Β·
2007 1908 2134 1962 dum
2164 1908 2589 1963 demonstratum
2612 1919 2696 1966 est
2734 1911 3024 1982 aliquando
3062 1927 3328 1981 seorsum,
3374 1916 3591 1971 contin-

315 2000 421 2041 non
452 1985 593 2057 quod
621 1986 829 2043 accidat
859 1988 1194 2045 interfectum
1228 1990 1464 2046 interire.
1503 1990 1631 2058 Qua:
1661 2006 1787 2063 ergo
1816 1992 1897 2047 di-

316 2084 509 2132 cuntur
534 2077 585 2130 in
613 2076 929 2147 simpliciter
954 2079 1229 2137 scibilibus
1259 2096 1357 2150 per
1384 2096 1443 2138 se
1471 2082 1549 2138 sic
1575 2093 1733 2150 sunt,
1762 2085 1901 2143 sicut

280 2212 287 2217 .
318 2184 443 2227 esse
471 2169 807 2239 praedicatis,
839 2184 929 2225 aut
959 2172 1167 2241 inesse,
1199 2184 1418 2245 propter
1448 2176 1666 2247 ipsaque
1694 2188 1818 2232 sunt
1846 2189 1902 2235 et

319 2276 389 2317 ex
411 2264 764 2328 necessitate,
792 2279 899 2319 non
924 2266 1067 2322 enim
1094 2267 1409 2338 contingunt
1432 2283 1540 2323 non
1566 2268 1742 2325 inesse
1762 2310 1780 2337 ,
1810 2280 1902 2329 aut

320 2354 657 2423 simpliciter,
703 2364 797 2411 aut
825 2358 1068 2427 opposita
1090 2399 1109 2427 .
1140 2367 1199 2413 ut
1240 2360 1394 2415 lineae
1423 2370 1514 2415 aut
1544 2371 1785 2427 rectum,
1811 2371 1905 2418 aut

321 2452 630 2521 obliquum,
659 2464 714 2511 et
759 2469 984 2519 numero
1026 2465 1120 2511 aut
1159 2470 1253 2525 par
1294 2466 1385 2513 aut
1416 2457 1608 2527 impar,
1651 2468 1733 2515 est
1757 2460 1903 2517 enim

322 2546 714 2600 contrariorum
739 2586 756 2612 ,
788 2555 882 2601 aut
920 2548 1144 2616 privatio
1164 2588 1179 2614 ,
1208 2557 1303 2604 aut
1338 2549 1693 2606 contradictio
1721 2551 1775 2613 in
1804 2567 1903 2608 eo-

323 2637 440 2693 dem
475 2653 671 2708 genere
689 2679 705 2704 ,
734 2648 791 2694 ut
820 2654 915 2707 par
943 2649 1035 2695 aut
1060 2642 1232 2709 impar
1259 2641 1312 2696 in
1345 2643 1585 2699 numeris
1609 2646 1904 2705 secundum

324 2728 465 2801 quod
513 2731 889 2799 consequitur;
917 2746 1082 2802 quare
1129 2732 1176 2788 si
1225 2747 1445 2789 necesse
1493 2743 1578 2791 est
1604 2733 1903 2803 afﬁrmare,

324 2830 416 2879 aut
442 2836 639 2893 negare
660 2863 675 2888 ,
708 2837 928 2879 necesse
956 2830 1039 2879 est
1067 2832 1122 2880 et
1148 2839 1268 2893 qua:
1293 2834 1418 2880 sunt
1448 2841 1543 2896 per
1573 2842 1663 2896 se,
1706 2829 1904 2886 inesse.

328 2912 402 2967 De
447 2912 601 2969 omni
631 2912 878 2983 quidem,
915 2922 973 2970 et
1015 2930 1107 2982 per
1132 2930 1224 2982 se,
1264 2916 1359 2972 sed
1398 2917 1806 2977 determinatam
1836 2923 1917 2979 sit.

324 3000 426 3057 hoc
448 3001 628 3056 modo.
661 3001 972 3061 Universale
990 3015 1169 3060 autem
1191 3006 1343 3075 dico,
1365 3010 1507 3078 quod
1528 3026 1648 3066 cum
1671 3013 1738 3067 de
1759 3014 1908 3067 omni

322 3097 423 3161 sit,
454 3102 509 3149 et
537 3109 631 3164 per
660 3110 720 3151 se
742 3103 854 3160 est,
880 3105 936 3151 et
960 3099 1257 3155 secundum
1284 3101 1426 3170 quod
1456 3101 1633 3171 ipsum
1662 3114 1762 3161 est.
1797 3105 1917 3161 Ma’

324 3185 572 3243 lifestum
602 3187 762 3255 igitur
789 3197 874 3243 est
899 3189 1039 3258 quod
1071 3206 1401 3263 quaecunque
1425 3204 1551 3249 sunt
1577 3198 1907 3259 universalia

2006 2013 2138 2069 gens
2159 2007 2336 2054 autem
2366 1999 2433 2054 de
2474 2001 2721 2057 omnibus
2770 2018 2876 2057 una
2926 2004 3387 2061 demonstratione
3436 2024 3588 2064 mon-

2003 2089 2181 2156 strari,
2236 2091 2331 2146 sed
2371 2102 2588 2161 propter
2643 2093 2695 2147 id
2752 2095 2892 2165 quod
2962 2110 3066 2150 non
3122 2107 3205 2152 est
3261 2100 3591 2158 nominatum

2003 2180 2205 2251 aliquid
2266 2182 2557 2236 secundum
2622 2184 2767 2254 quod
2832 2184 2949 2240 haec
3004 2188 3182 2241 omnia
3240 2203 3404 2243 unum
3444 2201 3588 2259 sunt,

2005 2274 2233 2339 numeri,
2263 2272 2647 2343 longitudines,
2678 2286 2943 2347 tempora,
2978 2278 3170 2344 solida,
3200 2289 3254 2335 et
3280 2283 3465 2350 specie
3489 2281 3594 2338 dif-

2007 2364 2251 2429 ferentia,
2278 2380 2521 2421 seorsum
2547 2369 2615 2421 ab
2643 2368 2871 2424 invicem
2892 2382 3110 2441 accepta
3139 2382 3286 2440 sunt,
3331 2388 3473 2430 nunc
3502 2390 3595 2431 au-

2006 2463 2113 2510 tem
2163 2457 2467 2513 universale
2518 2468 2873 2516 monstratur.
2933 2461 3049 2517 Non
3102 2464 3246 2519 enim
3301 2468 3595 2525 secundum

2006 2551 2147 2619 quod
2178 2552 2337 2607 linea:
2370 2562 2515 2623 sunt,
2549 2560 2642 2608 aut
2666 2556 2957 2611 secundum
2984 2559 3123 2628 quod
3148 2562 3379 2627 numeri,
3399 2563 3596 2634 inerat,

2006 2642 2103 2698 sed
2135 2645 2428 2699 secundum
2458 2644 2599 2713 quod
2623 2646 2727 2703 hoc
2753 2657 2855 2714 est,
2889 2649 3031 2718 quod
3067 2655 3371 2710 universale
3398 2669 3598 2725 suppo-

2008 2745 2141 2789 nunt
2170 2750 2307 2791 esse.
2334 2738 2560 2807 Propter
2592 2739 2693 2796 hoc
2718 2755 2815 2795 nec
2837 2741 2885 2795 si
2905 2742 3096 2813 aliquis
3128 2756 3391 2801 monstret
3411 2764 3597 2805 unum-

2008 2843 2276 2899 quemque
2318 2830 2636 2901 triangulum
2689 2832 3146 2893 demonstratione
3189 2850 3279 2892 aut
3326 2854 3453 2907 una,
3505 2849 3601 2899 aut

2007 2917 2198 2985 altera,
2232 2920 2374 2988 quod
2426 2922 2563 2977 duos
2619 2934 2796 2979 rectos
2848 2926 3008 2981 habet
3058 2930 3443 3000 unusquisque,
3496 2933 3598 2990 iso-

2008 3008 2233 3077 pleuron
2282 3026 2547 3078 seorsum,
2580 3022 2635 3068 et
2668 3015 2942 3083 scalenon,
2967 3028 3023 3073 et
3052 3019 3326 3086 isosce’es,
3359 3024 3598 3082 nondum

2009 3103 2257 3170 cognovit
2307 3102 2629 3173 triangulum
2675 3108 2816 3176 quod
2856 3107 2991 3163 duos
3041 3122 3217 3166 rectos
3266 3112 3445 3183 habet,
3495 3116 3621 3175 nisi

2008 3193 2301 3262 sophistica
2339 3196 2523 3262 modo,
2554 3212 2725 3266 neque
2756 3202 3127 3258 universaliter
3153 3207 3494 3279 triangulum,
3526 3224 3597 3268 ne

324 3291 387 3331 ex
419 3278 738 3332 necessitate
770 3276 953 3336 insunt
978 3283 1159 3336 rebus.
1197 3280 1299 3338 Per
1336 3300 1396 3339 se
1429 3295 1605 3341 autem
1634 3298 1687 3343 et
1713 3304 1907 3344 secun-
1935 3300 1985 3365 α
2016 3284 2228 3353 quidem
2261 3288 2305 3340 Si
2334 3290 2512 3344 nullus
2555 3299 2638 3344 est
2692 3304 2887 3360 prmler
2942 3296 3054 3351 haec
3101 3298 3398 3370 triangulus
3438 3303 3595 3376 alter,

324 3366 449 3423 dum
471 3368 613 3438 quod
637 3370 808 3439 ipsum
825 3381 926 3437 est,
948 3383 1005 3427 ut
1030 3388 1126 3443 per
1149 3389 1208 3429 se
1230 3374 1384 3431 linea:
1405 3376 1543 3433 inest
1566 3389 1915 3449 punctum,et
2014 3394 2118 3433 non
2150 3382 2291 3434 enim
2321 3384 2618 3438 secundum
2670 3387 2812 3455 quod
2846 3387 3139 3462 triangulus
3189 3366 3292 3462 est,
3323 3366 3596 3475 cognovit;
3672 3444 3679 3451 .

324 3460 604 3526 rectitudo,
622 3474 674 3515 et
697 3462 1103 3539 namque[inest
1120 3466 1589 3537 enim]secundum
1608 3471 1747 3539 quod
1768 3471 1919 3535 linea.
2013 3487 2186 3541 neque
2207 3489 2420 3530 omnem
2452 3477 2798 3547 triangulum,
2831 3481 2924 3535 sed
2963 3484 3257 3541 secundum
3289 3460 3593 3561 numerum:

324 3546 426 3615 esi,
448 3562 501 3606 et
525 3554 788 3621 triangulo
808 3557 1101 3612 secundum
1124 3557 1265 3626 quod
1290 3558 1583 3630 triangulus
1603 3571 1704 3627 est,
1727 3564 1919 3627 insunt

324 3640 429 3695 duo
473 3645 641 3707 recti,
675 3647 873 3703 etenim
919 3662 1016 3717 per
1063 3664 1123 3704 se
1168 3650 1461 3722 triangulus
1508 3654 1718 3711 duobus
1745 3658 1915 3717 recti:

325 3734 545 3802 aequalis
576 3745 678 3792 εει.
718 3736 1031 3795 Universalc
1059 3748 1237 3795 autem
1265 3752 1347 3797 est
1375 3754 1519 3810 tunc,
1551 3760 1673 3800 cum
1700 3747 1752 3802 in
1776 3763 1910 3817 quo-

326 3823 489 3891 libet,
519 3833 574 3880 et
605 3828 775 3895 primo
805 3838 1153 3897 monstretur,
1203 3838 1261 3887 ut
1307 3832 1443 3889 duos
1472 3845 1647 3891 rectos
1676 3837 1904 3906 habere,
1944 3841 1956 3854 '

329 3930 504 3985 neque
549 3918 771 3974 cuilibet
814 3919 1000 3990 ﬁgurae
1039 3922 1179 3978 inest
1216 3925 1612 3995 universaliter,
1644 3938 1698 3984 et
1729 3939 1909 3989 tamen

327 4023 409 4067 est
436 4024 737 4073 monstrare
764 4016 833 4079 de
861 4018 1031 4090 ﬁgura
1061 4020 1199 4089 quod
1232 4022 1366 4079 duos
1394 4034 1573 4083 rectos
1600 4025 1782 4095 habet,
1811 4027 1906 4085 sed

327 4118 435 4158 non
467 4104 535 4160 de
578 4108 741 4177 ﬁgura
788 4112 1056 4179 qualibet,
1107 4127 1206 4173 nec
1253 4115 1416 4170 utitur
1457 4117 1693 4187 qualibet
1737 4119 1906 4188 ﬁgura

326 4206 654 4265 monstrans,
687 4200 1077 4273 quadrangulus
1112 4203 1252 4259 enim
1300 4204 1462 4274 ﬁgura
1514 4208 1727 4277 quidem
1784 4220 1911 4279 est,

326 4303 433 4343 non
463 4288 624 4349 habet
650 4300 827 4347 autem
855 4292 1057 4350 duobus
1090 4295 1254 4351 rectis
1284 4296 1547 4366 mquales,
1577 4299 1672 4352 sed
1712 4300 1911 4356 isosce-,

326 4379 403 4435 les
434 4380 597 4439 habet
637 4382 850 4453 quidem
893 4387 1167 4455 quodlibet
1206 4386 1417 4456 duobus
1445 4390 1610 4444 rectis
1638 4391 1909 4460 aequales,

302 4472 419 4527 sed
447 4487 549 4527 non
583 4474 846 4544 primum,
877 4478 970 4533 sed
1016 4480 1309 4549 triangulus
1340 4482 1509 4551 prius.
1542 4483 1909 4554 Quodcunque

326 4561 486 4630 igitur
517 4564 747 4632 primum
791 4576 1120 4624 monstratur
1163 4571 1296 4629 duos
1337 4572 1539 4629 habere
1580 4585 1786 4640 rectos,
1817 4585 1909 4633 aut

2010 3564 2303 3617 secundum
2352 3568 2587 3635 speciem
2616 3578 2790 3622 autem
2844 3586 2949 3625 non
2983 3588 3221 3640 omnem,
3251 3585 3305 3633 et
3330 3582 3373 3634 si
3420 3583 3596 3639 nullus

2011 3664 2088 3707 est
2124 3670 2279 3720 quem
2314 3670 2421 3711 non
2461 3658 2627 3711 novit.
2682 3659 2904 3727 Quando
2952 3678 3082 3732 ergo
3131 3681 3234 3722 non
3284 3672 3430 3727 novit
3476 3676 3596 3729 uni-

2011 3745 2315 3812 versaliter,
2349 3754 2402 3802 et
2432 3750 2646 3817 quando
2691 3753 2836 3806 novit
2878 3754 3215 3824 simpliciter,
3252 3762 3594 3821 manifestum

2010 3846 2115 3902 est,
2145 3839 2398 3902 quoniam
2431 3840 2475 3893 si
2503 3839 2641 3895 idem
2666 3841 3047 3915 erittriangulo
3072 3862 3210 3915 esse,
3229 3861 3283 3907 et
3303 3854 3593 3924 i50pleuro,

2010 3940 2099 3983 aut
2130 3932 2440 4001 unicuique,
2465 3942 2553 3987 aut
2593 3936 2862 4002 omnibus,
2904 3939 2949 3992 si
2983 3956 3109 3995 vero
3158 3944 3463 4014 nonfidem,
3496 3949 3613 4006 sed

2010 4022 2259 4093 alterum,
2292 4030 2374 4079 est
2413 4034 2589 4080 autem
2634 4030 2923 4083 secundum
2975 4033 3114 4101 quod
3153 4045 3245 4090 est
3276 4038 3592 4113 triangulus,

2011 4128 2117 4167 non
2146 4115 2312 4172 novit.
2336 4116 2523 4172 Utrum
2547 4130 2725 4175 autem
2756 4126 3045 4179 secundum
3076 4129 3217 4196 quod
3245 4140 3325 4186 est
3356 4136 3611 4206 triangu-‘

2008 4204 2112 4269 Itis,
2145 4216 2233 4259 aut
2258 4208 2549 4262 secundum
2580 4212 2718 4277 quod
2748 4222 2829 4266 est
2860 4212 3109 4271 isosvcles
3133 4218 3277 4290 insit,
3309 4233 3359 4277 et
3383 4204 3609 4293 quando

2011 4295 2075 4348 de
2105 4296 2207 4350 hoc
2236 4306 2318 4351 est
2341 4298 2567 4365 primum
2597 4310 2652 4354 et
2704 4303 3020 4369 universale,
3049 4310 3204 4375 cujus
3248 4321 3329 4366 est
3371 4315 3594 4371 demon-

2010 4384 2219 4445 stratio.
2244 4386 2585 4441 manifest
2608 4398 2705 4455 est,
2732 4394 2945 4461 quando
2966 4400 3182 4453 remotis
3200 4401 3322 4457 insit
3341 4420 3592 4477 primum,

2010 4483 2070 4527 ut
2098 4474 2309 4529 isosceli
2338 4488 2489 4532 aueo
2520 4480 2785 4549 triangqu
2814 4484 2993 4540 insunt
3039 4489 3147 4544 duo
3196 4493 3350 4562 recti,
3382 4498 3477 4551 Sed
3520 4474 3605 4554 ac;

2010 4580 2170 4619 neum
2215 4581 2338 4622 esse
2384 4580 2590 4625 remoto
2633 4584 2685 4627 et
2717 4575 2963 4643 isoscele,
3016 4582 3113 4636 sed
3159 4601 3261 4639 non
3308 4589 3473 4658 ﬁgura
3503 4600 3595 4648 aut

326 4654 680 4725 quodcunque
725 4657 865 4715 aliud
884 4699 899 4725 ,
945 4659 1068 4716 huic
1115 4664 1287 4732 primo
1318 4665 1458 4719 inest
1488 4665 1787 4721 universale
1806 4710 1822 4735 ,
1854 4674 1908 4727 el,
1934 4676 1989 4738 Ι)
2014 4659 2263 4726 termino,
2297 4661 2393 4716 sed
2415 4678 2518 4716 non
2545 4663 2746 4733 primis.
2779 4668 2897 4736 Quo
2928 4670 3089 4741 igitur
3116 4678 3387 4744 primo?si
3412 4684 3591 4751 itaque

323 4742 713 4803 demonstratio
762 4762 858 4817 per
901 4765 961 4805 se
1002 4754 1155 4821 hujus
1184 4755 1505 4833 universalis
1534 4768 1645 4825 est,
1673 4759 1908 4827 aliorum

324 4844 500 4893 autem
531 4839 925 4908 quodammodo
948 4886 963 4911 ,
993 4855 1048 4900 et
1077 4862 1181 4905 non
1211 4864 1306 4919 per
1333 4864 1393 4905 se
1412 4891 1427 4917 ,
1455 4867 1631 4923 neque
1661 4854 1907 4910 isoscelia

323 4937 405 4983 est
430 4929 825 4999 universaliter,
854 4935 949 4999 sed
978 4939 1029 4992 in
1060 4938 1197 5005 plus.

956 5053 1183 5113 CAPUT
1223 5059 1284 5114 V.

956 5056 1088 5110 CAP
1142 5058 1183 5112 Τ
1223 5059 1284 5114 V.

328 5134 442 5202 Quo
459 5143 877 5215 paenitentiam"
889 5056 1187 5204 alluimgio
1201 5153 1339 5211 circa
1362 5154 1645 5212 universale
1657 5160 1898 5227 primum.

396 5251 619 5318 Oportet
645 5263 822 5311 autent
849 5273 958 5313 non
986 5260 1151 5318 latere
1190 5266 1442 5333 quoniam
1475 5270 1746 5329 multaties
1773 5290 1901 5331 con-

333 5344 488 5413 tingit
522 5359 765 5415 peccare,
806 5354 859 5406 et
885 5367 991 5407 non
1032 5370 1151 5412 esse
1182 5360 1323 5427 quod
1366 5362 1759 5422 demonstratur
1796 5370 1904 5438 pri-

323 5449 468 5489 mum
522 5438 854 5508 universale,
911 5448 1204 5501 secundum
1256 5453 1396 5519 quod
1449 5456 1656 5512 videtur
1685 5459 1935 5515 demon--

322 5528 478 5583 strari
498 5533 807 5592 universale
835 5538 1099 5609 primum;
1130 5543 1442 5602 aberramus
1477 5560 1653 5607 autem
1684 5554 1782 5609 hac
1810 5556 1908 5610 de-

319 5619 588 5690 ceptione.
612 5640 735 5681 cum
761 5637 853 5683 aut
880 5630 1026 5685 aliud
1059 5634 1188 5688 nihil
1214 5637 1282 5690 sit
1313 5641 1557 5709 accipere
1583 5657 1609 5695 a
1640 5647 1906 5713 superiori

322 5722 472 5768 extra
524 5716 823 5787 singulare,
857 5723 941 5777 vel
973 5724 1412 5795 singularia,‘aut
1460 5733 1503 5786 si
1555 5742 1626 5789 sit
1657 5735 1899 5807 quidem,

322 5805 415 5860 sed
473 5807 859 5867 innominatum
914 5815 985 5869 sit
1048 5817 1100 5871 in
1146 5818 1518 5879 diﬁ‘erentibus
1578 5830 1757 5896 specie
1815 5805 1901 5887 re;

324 5896 455 5966 bus,
486 5910 575 5955 aut
611 5901 880 5974 contingat
924 5921 1045 5965 esse
1090 5909 1227 5964 sicut
1274 5911 1324 5966 in
1378 5926 1557 5983 parte,
1609 5929 1774 5975 totum
1825 5922 1882 5978 in

2014 4751 2278 4818 trianguie
2304 4764 2407 4820 est,
2440 4763 2494 4810 et
2513 4757 2801 4831 secundum
2830 4762 2932 4817 hoc
2954 4764 3112 4831 inest,
3148 4778 3202 4823 et
3246 4771 3385 4838 aliis.
3414 4785 3468 4829 et
3488 4775 3591 4827 liu-

2009 4845 2095 4912 jus
2120 4844 2434 4901 universalis
2453 4855 2536 4902 est
2550 4847 2949 4908 demonstratio.

2617 4937 2844 4997 CAPUT
2886 4944 2968 4999 Vl.

2012 5001 2505 5067 Demonstrationcm
2570 5026 2635 5069 ea:
2683 5018 2984 5073 uumariis
3054 5030 3102 5074 et
3159 5025 3603 5093 propositionibu

2628 5098 2717 5152 per
2743 5100 2799 5149 se
2844 5102 2965 5147 esse.

2084 5186 2144 5245 Si
2189 5188 2350 5257 igitur
2384 5191 2911 5261 cstdemonstrativa
2955 5202 3199 5267 scientia,
3222 5216 3277 5259 et
3300 5222 3364 5262 ex
3407 5223 3603 5266 noceas

2014 5281 2170 5347 seriis
2193 5282 2489 5353 principiis,
2518 5285 2661 5356 quod
2687 5290 2829 5347 enim
2863 5292 3032 5349 scitur
3070 5310 3176 5350 non
3207 5307 3382 5365 potest
3412 5317 3473 5355 se
3502 5304 3599 5359 alio.

2014 5383 2097 5441 ter
2126 5372 2345 5430 habere.
2376 5376 2508 5447 Quas
2532 5387 2711 5437 autem
2739 5395 2833 5451 per
2856 5397 2914 5443 se
2937 5370 3061 5447 sntit
3090 5392 3397 5449 necessario
3418 5393 3601 5461 iussum

2018 5467 2200 5535 rebus,
2228 5468 2342 5525 haec
2371 5472 2514 5527 enim
2541 5472 2726 5529 insunt
2752 5475 2803 5531 in
2833 5490 2897 5531 eo
2921 5478 3063 5547 quod
3089 5481 3214 5549 quid
3246 5495 3345 5546 est,
3377 5486 3601 5556 unbuss

2015 5561 2137 5617 dam
2166 5572 2343 5629 autem
2375 5566 2491 5624 lucc
2527 5568 2709 5625 insunt
2749 5571 2798 5623 in
2833 5587 2897 5627 eo
2939 5575 3078 5645 quod
3108 5578 3230 5646 quid
3262 5591 3362 5647 est,
3396 5583 3599 5650 praedia

2015 5655 2263 5735 cantibus
2291 5656 2359 5712 de
2391 5658 2539 5727 ipsis,
2568 5674 2794 5729 quorum
2842 5662 3064 5719 alterunt
3097 5671 3462 5737 oppositorum
3495 5690 3592 5729 ne-

2013 5732 2167 5802 cesse
2196 5757 2278 5803 est
2308 5750 2507 5806 inesse.
2541 5752 2878 5810 Manifestum
2908 5732 3183 5828 estigitur
3207 5764 3346 5833 quod
3378 5780 3444 5820 ex
3491 5766 3592 5820 liu-

2008 5834 2240 5905 jusmodi
2272 5840 2587 5908 quihusdam
2620 5846 2800 5915 utique
2839 5845 2897 5901 ﬁt
2935 5848 3383 5911 demoustrativus
3427 5860 3587 5930 syllo-

1908 5989 1925 6000 θ
2009 5926 2232 5992 gismus.
2264 5942 2420 5984 omne
2451 5931 2590 5987 enim
2629 5944 2719 5989 aut
2761 5936 2838 5993 sic
2869 5939 3028 6007 inest,
3057 5951 3147 5996 aut
3174 5926 3469 6003 secundum
3499 5969 3589 6007 ac-
