4060 6330
468 389 568 445 719

1696 363 1806 420 ΑΝ.
1847 361 2056 419 ΜΑΝιι.
2098 358 2254 417 SEV.
2297 355 2517 412 BOETII

3650 350 3757 408 720

467 506 675 567 cidens,
713 494 1008 556 accidentia
1050 500 1230 544 autem
1284 483 1584 541 necessaria
1633 497 1738 536 non
1780 489 1924 536 sunt.
1961 479 2064 533 Aut
2096 479 2149 540 Α
2174 477 2532 546 interrogatus
2557 475 2940 546 contingentta,
2963 481 3147 544 postea
3165 469 3756 536 dicatconclusionem,

468 599 634 667 igitur
655 594 733 648 sic
763 587 1066 648 dicendum,
1098 591 1189 636 aut
1211 577 1535 652 principium
1570 574 1894 644 ponentibus
1923 571 2064 641 quod

469 665 856 744 demonstratio
884 673 1186 732 necessaria
1229 671 1318 733 sit.
1353 677 1406 722 et
1444 668 1487 721 si
1518 665 1921 721 demonstretur
1953 676 2060 715 non

473 781 629 835 aliter
653 775 850 830 habere
872 784 1051 840 posse,
1083 781 1152 819 ex
1185 760 1507 818 necessariis
1532 761 1691 830 igitur
1707 764 1918 827 oportet
1947 770 2067 809 esse

472 869 863 942 syllogismum,
919 876 986 915 ex
1029 857 1172 912 veris
1214 853 1431 924 quidem
1482 861 1588 917 est,
1621 858 1676 904 et
1707 865 1812 903 non
1841 848 2069 901 demon-

470 940 728 1020 strantem
746 953 1083 1028 syllogizare,
1100 965 1163 1004 ex
1184 947 1502 1003 necessariis
1515 953 1692 998 autem
1709 958 1812 997 non
1846 951 1949 1006 est,
1968 940 2063 996 sed

469 1053 1052 1111 autdemonstrantem,
1070 1043 1171 1096 hoc
1183 1041 1327 1097 enim
1340 1039 1610 1109 proprium
1622 1037 1730 1106 jam
1745 1035 2074 1089 demonstra-

470 1146 631 1203 tionis
645 1152 745 1198 est.
761 1140 983 1210 Signum
997 1144 1174 1190 autem
1192 1144 1276 1189 est
1291 1131 1431 1203 quod
1458 1129 1849 1185 demonstratio
1877 1141 1942 1180 ex
1972 1139 2072 1180 ne.

470 1234 716 1295 cessariis
729 1234 819 1301 sit,
832 1228 1083 1301 quoniam
1097 1234 1150 1280 et
1163 1224 1441 1280 instantias
1453 1222 1531 1277 sic
1543 1221 1761 1276 ferimus
1773 1219 1839 1272 ad
1854 1219 2072 1286 epinan-

474 1339 556 1387 tes
566 1328 960 1384 demonstrare.
974 1319 1239 1388 Quoniam
1255 1333 1358 1372 non
1371 1316 1441 1370 sit
1456 1328 1674 1371 necesse
1692 1314 1737 1368 si
1756 1312 2064 1383 opinamur,

471 1431 563 1478 aut
607 1418 825 1474 omnino
855 1413 1169 1483 contingere
1215 1410 1397 1474 aliter,
1443 1417 1535 1462 aut
1578 1405 1838 1460 orationis
1887 1418 2065 1459 causa.

471 1511 818 1573 Manifestum
850 1517 1029 1562 autem
1057 1521 1123 1560 ex
1155 1504 1218 1558 iis
1251 1510 1352 1569 est,
1386 1509 1441 1557 et
1483 1500 1740 1572 quoniam
1787 1497 1932 1553 stulti
1978 1497 2067 1566 qui

471 1605 678 1678 opinati
707 1609 834 1658 sunt
857 1601 1106 1669 accipere
1128 1596 1264 1651 bene
1285 1592 1570 1665 principia,
1604 1591 1648 1646 si
1681 1589 1973 1661 probabilis
1998 1589 2069 1643 sit

471 1677 792 1764 propositio,
823 1695 877 1742 et
903 1697 1052 1749 vera,
1083 1680 1412 1751 utSOpbistze
1429 1679 1680 1749 quoniam
1698 1677 1860 1742 scire,
1886 1678 2066 1732 scien~

471 1785 603 1839 tiam
631 1779 946 1844 esthabere,
965 1791 1069 1831 non
1084 1773 1226 1828 enim
1249 1771 1394 1842 quod
1423 1769 1699 1841 probabile
1719 1779 1805 1824 est
1820 1777 1914 1823 aut
1937 1784 2064 1834 non,

472 1875 800 1949 principium
829 1880 930 1936 est,
963 1867 1059 1923 sed
1083 1866 1313 1937 primum
1342 1866 1392 1919 in
1420 1878 1622 1934 genere
1647 1863 1789 1918 circa
1816 1861 1956 1932 quod
1977 1860 2070 1916 de-
2099 1864 2149 1925 Β

472 1975 824 2032 monstratur,
871 1973 928 2020 et
972 1975 1161 2017 verum
1206 1974 1312 2013 non
1345 1971 1528 2024 omne,
1577 1955 1873 2026 praprium.
1920 1955 2074 2022 Quod

474 2071 654 2118 autem
684 2074 749 2114 ex
776 2052 1094 2112 necessariis
1119 2058 1335 2120 oportet
1359 2063 1479 2103 esse
1521 2047 1922 2118 syllogismum,
1954 2062 2073 2101 ma-

470 2156 729 2212 nifestum
761 2165 828 2206 ex
874 2147 959 2202 his
988 2154 1092 2208 est,
1124 2145 1170 2199 si
1203 2144 1346 2198 enim
1383 2156 1489 2196 non
1527 2148 1611 2195 est
1656 2140 1862 2195 habens
1903 2141 2070 2194 ratio-

472 2263 599 2305 nem
627 2254 844 2316 propter
873 2240 999 2308 quid
1031 2238 1298 2294 existente
1327 2233 1812 2300 demonstratione,
1851 2247 1958 2287 non
1990 2241 2075 2287 est

473 2340 672 2403 sciens,
704 2338 774 2390 sit
801 2342 978 2389 autem
1008 2332 1189 2400 utique
1214 2337 1270 2382 ut
1300 2326 1442 2396 quod
1474 2343 1529 2393 a,
1561 2326 1628 2381 de
1660 2341 1687 2378 c
1732 2341 1799 2380 ex
1829 2324 2074 2380 necessi-

473 2439 586 2487 tate
613 2442 754 2495 esse,
793 2426 821 2480 b
863 2432 1039 2478 autem
1072 2419 1308 2476 medium
1347 2416 1596 2488 perquod
1642 2416 2073 2471 demonstratum

476 2532 562 2580 est
588 2537 693 2577 non
725 2535 792 2575 ex
815 2519 1163 2582 necessitate,
1196 2529 1303 2568 non
1333 2512 1490 2566 scivit
1522 2519 1743 2580 propter
1773 2509 1938 2581 quod,
1968 2523 2074 2564 non

476 2613 620 2671 enim
643 2620 726 2668 est
747 2610 866 2675 hoc,
899 2616 1118 2678 propter
1141 2605 1401 2666 medium,
1436 2602 1538 2656 hoc
1564 2601 1780 2671 quidem
1813 2600 2075 2669 contingit

476 2721 586 2762 non
614 2705 812 2766 inesse,
833 2699 1112 2754 conclusio
1153 2703 1335 2748 autem
1384 2693 1710 2747 necessaria.
1755 2691 1998 2760 Amplius
2029 2691 2074 2744 si

477 2795 674 2865 aliquis
701 2791 892 2855 nescit,
919 2803 1062 2844 nunc
1089 2786 1295 2842 habens
1328 2785 1614 2849 rationem,
1636 2792 1691 2837 et
1708 2784 1938 2837 salvatus
1969 2791 2072 2850 est,

482 2899 536 2946 et
559 2889 709 2944 salva
737 2901 818 2952 re,
836 2899 936 2939 nec
957 2883 1156 2937 oblitus
1170 2890 1252 2934 est
1269 2893 1441 2947 neque
1463 2881 1610 2948 prius
1638 2875 1812 2936 scivit,
1828 2890 2068 2930 corrum-

477 2991 636 3052 petur
666 2986 845 3032 autem
896 2976 1081 3044 utique
1134 2971 1369 3026 medium
1417 2970 1518 3024 nisi
1568 2969 1640 3022 sit
1685 2957 2069 3022 necessarium.

479 3075 656 3140 Quare
680 3068 898 3123 habebit
924 3065 1140 3136 quidem
1169 3064 1436 3117 rationem
1468 3061 1667 3124 salvus,
1685 3060 1829 3114 salva
1860 3075 1940 3123 re,
1973 3072 2068 3111 ne-

479 3163 582 3220 scit
604 3171 805 3224 autem,
833 3172 931 3212 nec
960 3170 1087 3226 ergo
1110 3154 1261 3224 prius
1286 3153 1462 3218 scivit,
1488 3153 1532 3205 si
1563 3167 1691 3206 vero
1721 3167 1827 3205 non
1847 3165 2068 3219 corrup-

481 3264 594 3309 tum
622 3258 725 3316 est,
754 3247 1016 3317 contingit
1045 3254 1224 3300 autem
1247 3242 1520 3311 corrumpi
1543 3243 1685 3310 quod
1718 3241 1934 3310 accidit,
1962 3241 2072 3295 uti-

479 3359 588 3416 que
617 3342 721 3398 erit
742 3339 1017 3411 possibile,
1048 3347 1102 3393 et
1122 3338 1462 3407 contingens,
1487 3337 1581 3392 sed
1613 3345 1696 3390 est
1718 3334 2074 3403 impossibile,

481 3437 562 3493 sic
590 3451 650 3492 se
671 3435 954 3490 habentem
985 3432 1147 3488 scire.
1177 3431 1307 3486 Cum
1356 3429 1516 3499 igitur
1541 3429 1818 3484 conclusio
1859 3428 2074 3497 quidem

485 3550 554 3592 ex
585 3533 902 3590 necessitate
930 3539 1032 3598 est,
1065 3528 1201 3584 nihil
1246 3527 1492 3598 prohibet
1541 3524 1775 3580 medium
1824 3539 1926 3578 non
1957 3539 2078 3579 esse

481 3622 980 3691 necessarium,'per
992 3620 1132 3689 quod
1150 3627 1447 3673 monstrata
1457 3624 1560 3682 est,
1574 3627 1657 3671 est
1672 3615 1814 3670 enim
1833 3628 2079 3670 necessa-

484 3723 624 3777 rium
648 3728 703 3776 et
726 3733 794 3774 ex
827 3731 934 3771 non
964 3713 1284 3769 necessariis
1329 3711 1670 3784 syllogizare,
1705 3710 1772 3764 sit
1812 3717 1865 3763 et
1893 3722 2078 3762 verum

488 3830 557 3871 ex
590 3829 696 3867 non
725 3810 886 3865 veris.
909 3810 1042 3862 Cum
1074 3816 1256 3861 autem
1288 3806 1528 3860 medium
1551 3820 1613 3858 ex
1642 3801 1958 3856 necessitate
1973 3807 2077 3864 est,

484 3917 542 3964 et
566 3907 842 3963 conclusio
871 3912 956 3958 est
983 3917 1047 3956 ex
1082 3902 1426 3967 necessitate,
1463 3901 1601 3953 sicut
1631 3914 1696 3952 ex
1722 3899 1862 3952 veris
1892 3911 2078 3952 verum

488 4006 573 4055 est
597 4010 828 4066 semper.
858 3993 940 4049 Sit
967 3992 1111 4048 enim
1141 4009 1170 4043 a
1193 3991 1261 4045 de
1287 3991 1314 4042 ὁ
1339 4005 1402 4045 ex
1429 3991 1773 4054 necessitate,
1798 3995 1851 4042 et
1881 3989 1983 4041 hoc
2013 3986 2080 4042 de

489 4107 539 4157 c,
569 4102 789 4143 necesse
817 4096 901 4142 est
926 4100 1052 4155 ergo
1075 4094 1130 4139 et
1156 4100 1187 4136 a
1220 4099 1246 4135 c
1273 4084 1472 4147 inesse,
1497 4080 1592 4136 sed
1625 4096 1744 4134 cum
1770 4095 1875 4133 non
1899 4094 1962 4133 ex
1986 4094 2081 4132 ne-

491 4180 742 4238 cessitate
781 4180 852 4233 sit
879 4176 1174 4240 conclusio,
1229 4189 1403 4243 neque
1447 4173 1682 4227 medium
1725 4169 2080 4226 necessarium

493 4286 615 4329 esse
641 4270 896 4340 possibile
925 4277 1026 4332 est,
1063 4267 1132 4322 sit
1153 4267 1295 4320 enim
1327 4282 1358 4318 a
1385 4264 1437 4318 in
1472 4279 1499 4316 c
1521 4279 1627 4319 non
1665 4278 1728 4317 ex
1762 4261 2081 4316 necessitate

495 4364 697 4430 inesse,
725 4361 781 4414 in
805 4361 834 4414 ὁ
856 4366 1035 4414 autem
1069 4373 1122 4422 a,
1149 4363 1204 4411 et
1239 4356 1340 4409 hoc
1370 4355 1423 4408 itt
1453 4370 1480 4407 c
1506 4369 1572 4408 ex
1615 4354 1931 4409 necessitate
1957 4350 2080 4415 erit,

495 4456 590 4512 sed
621 4471 725 4510 non
776 4469 898 4510 esse
938 4452 1354 4522 supponebatur.
1411 4449 1671 4516 Qu0niam
1718 4449 1880 4517 igitur
1910 4448 1954 4500 si
1982 4446 2086 4500 scit

495 4545 936 4608 deiuonstrative,
969 4547 1181 4614 Oportet
1222 4558 1290 4596 ex
1325 4540 1645 4595 necessitate
1671 4540 1872 4602 inesse,
1913 4535 2086 4591 mani-

493 4641 691 4697 festum
719 4639 971 4709 quoniam
1000 4649 1054 4692 et
1085 4651 1180 4705 per
1206 4636 1438 4690 medium

493 4736 698 4791 habere
727 4732 1235 4788 demonstrationem
1269 4770 1284 4794 ,
1317 4738 1407 4783 aut
1433 4745 1539 4783 non
1568 4727 1722 4792 sciet,
1751 4725 2078 4795 nequeenim

493 4837 716 4898 propter
765 4824 912 4893 quid,
960 4837 1138 4891 neque
1189 4812 1358 4891 quia,‘
1387 4834 1553 4890 quare
1594 4833 1814 4873 necesse
1842 4826 1925 4870 est
1953 4816 2081 4870 illud

494 4939 636 4988 esse,
667 4921 763 4977 sed
789 4929 878 4974 aut
906 4918 1232 4988 opinabitur,
1264 4916 1534 4981 nesciens,
1565 4913 1608 4968 si
1636 4912 1941 4983 opinabitur
1968 4925 2077 4964 non

497 5013 859 5071 necessarium
932 5022 1182 5079 tanquam
1252 5007 1654 5076 necessarium,
1734 5013 1827 5060 aut
1906 5019 2079 5074 neque

495 5108 800 5176 opinabitur
876 5103 1167 5165 similiter,
1251 5101 1363 5155 sive
1444 5100 1696 5168 quoniam
1782 5097 1916 5151 sciat
1984 5111 2079 5165 per

496 5200 692 5264 media,
725 5199 837 5252 sive
883 5204 1102 5265 prepter
1153 5192 1302 5263 quid,
1354 5205 1402 5247 et
1437 5205 1532 5262 per
1563 5189 1890 5245 immediate.
1925 5189 2083 5243 Acci-

497 5293 736 5349 dentium
784 5299 961 5345 autem
1008 5302 1112 5372 non
1147 5301 1242 5357 per
1263 5301 1320 5340 se
1345 5299 1452 5356 quo
1479 5285 1638 5339 modo
1667 5282 1943 5339 deﬁnitum
1986 5288 2090 5346 est,

499 5408 596 5464 per
616 5407 674 5448 se
703 5390 918 5461 quidem
953 5404 1059 5443 non
1091 5396 1176 5444 est
1223 5388 1445 5442 scientia
1491 5385 1934 5449 demonstrativa,
1979 5395 2088 5436 non

499 5497 644 5551 enim
673 5502 757 5549 est
784 5508 848 5548 ex
871 5491 1191 5547 necessitate
1216 5498 1518 5544 monstrare
1547 5483 1967 5548 conclusionem,
2000 5495 2093 5537 ac-

501 5595 685 5650 cidens
711 5595 855 5648 enim
901 5593 1162 5662 contingit
1207 5606 1313 5645 non
1354 5603 1495 5653 esse,
1527 5588 1595 5642 de
1625 5587 1715 5640 tali
1761 5594 1939 5639 autem
1967 5584 2089 5639 dico

502 5697 799 5753 accidente.
832 5695 896 5749 Et
928 5705 1102 5750 tamen
1147 5693 1382 5762 ambiget
1430 5692 1658 5744 fortasse
1694 5686 1910 5755 aliquis,
1942 5685 2092 5756 cujus

503 5810 660 5852 causa
693 5797 806 5850 luce
833 5777 1043 5863 oportet
1065 5795 1402 5860 interrogare
1430 5789 1495 5844 de
1527 5789 1630 5854 his,
1660 5788 1702 5842 si
1736 5801 1839 5840 non
1867 5801 2090 5842 necesse

506 5903 590 5949 est
613 5893 1005 5950 conclusionem
1035 5904 1178 5953 esse,
1205 5887 1336 5942 n‘hil
1386 5885 1529 5942 enim
1585 5883 1766 5942 differt
1809 5883 1854 5938 si
1903 5883 2092 5951 aliquis

2171 577 2380 636 oportet
2411 575 2586 622 autem
2611 567 2946 636 interrogare
2970 582 3073 619 non
3108 575 3359 632 tanquam
3391 564 3754 617 necessarium

2171 674 2289 712 esse
2313 667 2528 727 propter
2561 658 2901 724 interrogata,
2931 658 3023 712 sed
3056 656 3196 726 quod
3227 655 3410 710 dicere
3435 669 3655 710 necesse
3677 664 3759 708 est

2174 749 2263 804 illa
2294 749 2512 814 dicenti,
2543 757 2597 804 et
2621 764 2744 804 vere
2771 748 2950 804 dicere
2969 750 3012 803 si
3043 763 3184 803 vera:
3208 757 3334 803 sunt
3363 761 3481 816 qua:
3514 748 3719 801 insunt.

2777 869 2997 924 CAPUT
3040 868 3147 924 VII.

2175 960 2642 1022 Dmonstrationes
2685 978 2746 1016 ea:
2773 962 2836 1015 iis
2863 977 2975 1031 quae
3001 977 3090 1031 per
3118 977 3170 1016 se
3198 969 3320 1015 sunt
3349 969 3394 1015 et
3419 976 3479 1014 ea:
3503 960 3761 1030 perpetuis

2897 1048 3027 1086 ϐεδε.

2234 1173 2493 1239 Quoniam
2513 1181 2689 1226 autem
2703 1185 2765 1226 ex
2781 1170 3103 1226 necessitate
3118 1177 3241 1224 sunt
3253 1169 3397 1224 circa
3409 1183 3573 1224 unum
3587 1170 3757 1238 quod-

2176 1278 2280 1332 que
2307 1278 2478 1334 genus
2502 1276 2832 1332 quaecunque
2848 1277 2942 1329 per
2965 1275 3024 1314 se
3053 1269 3266 1326 sunt,et
3288 1259 3582 1314 secundum
3609 1261 3757 1329 quod

2177 1352 2601 1422 unumquodque
2615 1362 2716 1417 est,
2736 1350 3075 1405 manifestum
3103 1352 3446 1419 estquoniam
3470 1351 3537 1405 de
3565 1350 3628 1404 iis
3645 1365 3765 1419 qutc

2176 1457 2302 1503 sunt
2330 1464 2424 1517 per
2449 1463 2528 1513 se,
2548 1446 2855 1502 scientiﬁcre
2882 1445 3388 1508 demonstrationes,
3409 1453 3465 1499 et
3487 1460 3552 1498 ex
3572 1445 3766 1498 talibus

2177 1551 2322 1597 sunt.
2344 1539 2653 1595 Accidentia
2670 1539 2810 1593 enim
2837 1553 2940 1592 non
2967 1537 3267 1591 necessaria
3290 1544 3432 1590 sunt.
3454 1535 3633 1602 Quare
3661 1551 3765 1590 non

2178 1635 2534 1690 necessarium
2553 1632 2947 1688 conclusionem
2961 1631 3100 1686 scire
3115 1638 3332 1699 propter
3347 1630 3471 1698 quid
3483 1629 3577 1695 sit,
3595 1645 3766 1698 neque

2179 1728 2225 1782 si
2269 1741 2481 1797 semper
2511 1728 2638 1791 sint,
2669 1741 2774 1779 non
2805 1739 2901 1794 per
2927 1738 2987 1778 se
3015 1732 3216 1786 autem,
3245 1731 3303 1775 ιιι
3332 1730 3457 1775 ευηι
3488 1736 3587 1790 per
3614 1721 3766 1788 signa

2177 1822 2492 1894 syllogismi,
2528 1821 2628 1874 hoc
2657 1818 2799 1873 enim
2823 1832 2917 1886 per
2946 1831 3025 1881 se,
3061 1830 3164 1868 non
3190 1829 3285 1883 per
3311 1828 3372 1870 se
3396 1814 3559 1877 sciet,
3595 1829 3768 1882 neque

2179 1926 2396 1986 propter
2421 1914 2581 1984 quod.
2616 1912 2840 1980 Propter
2864 1910 2990 1979 quid
3022 1917 3200 1964 autem
3235 1907 3373 1961 scire
3403 1915 3487 1960 est
3512 1920 3608 1974 per
3637 1921 3764 1960 eau-

2176 2025 2293 2067 sam
2339 2008 2500 2064 scire.
2532 2008 2755 2076 Propter
2777 2007 2880 2060 hoc
2909 2006 3083 2073 ipsum
3116 2017 3244 2073 ergo
3273 2010 3486 2071 oportet
3513 2011 3569 2057 et
3601 2002 3763 2055 tertio

2179 2102 2437 2165 medium,
2483 2109 2536 2154 et
2582 2099 2811 2168 primum
2843 2098 3020 2152 medio
3051 2097 3250 2150 inesse.
3281 2093 3393 2148 Non
3425 2107 3558 2162 ergo
3583 2103 3669 2147 est
3700 2108 3764 2145 ex

2178 2195 2283 2250 alio
2325 2207 2520 2263 genere
2566 2191 2980 2246 descendentem
3021 2189 3414 2251 demonstrare,
3468 2195 3526 2238 ut
3553 2200 3767 2253 geome-

2179 2287 2370 2340 tricum
2420 2284 2470 2337 in
2517 2282 2929 2335 arithmeticam.
2983 2278 3104 2332 Tria
3138 2278 3280 2332 enim
3311 2285 3436 2331 sunt
3463 2277 3516 2330 in
3550 2278 3766 2330 demon-

2179 2376 2523 2433 strationibus
2555 2393 2566 2427 :
2595 2390 2757 2428 unum
2805 2372 3018 2442 quidem
3051 2385 3171 2439 quae
3205 2371 3605 2424 demonstratur
3632 2383 3767 2424 con-

2179 2469 2368 2532 clusio,
2394 2467 2496 2521 hoc
2520 2478 2692 2520 autem
2716 2475 2797 2520 est
2825 2465 2961 2534 quod
2987 2462 3123 2517 inest
3149 2462 3308 2516 alicui
3339 2461 3521 2530 generi
3553 2475 3646 2527 per
3676 2475 3766 2524 se;

2186 2578 2348 2618 unum
2401 2571 2579 2616 autem
2629 2561 2934 2629 dignitates,
2990 2557 3270 2627 dignitates
3316 2565 3496 2609 autem
3533 2565 3662 2609 sunt
3703 2571 3767 2610 ex

2181 2655 2371 2726 quibus
2403 2665 2482 2708 est
2509 2652 2925 2714 demonstratio;
2961 2652 3172 2704 tertium
3219 2658 3398 2701 autem
3433 2663 3602 2714 genus
3641 2650 3770 2702 sub-

2176 2749 2400 2818 jectum,
2433 2746 2584 2813 cujus
2609 2745 2911 2813 passiones,
2936 2752 2988 2796 et
3007 2757 3100 2812 per
3124 2757 3182 2796 se
3209 2739 3502 2794 accidentia
3534 2740 3770 2794 ostendit

2181 2840 2587 2896 demonstratio.
2615 2837 2689 2890 Ex
2718 2837 2908 2906 quibus
2935 2837 3096 2894 igitur
3111 2832 3500 2887 demonstratio
3531 2834 3610 2896 ﬁt,
3637 2845 3768 2886 con-

2181 2934 2334 3002 tingit
2363 2931 2546 2984 eadem
2573 2944 2712 2984 esse.
2747 2928 2983 2992 Quorum
3009 2936 3184 2981 autem
3214 2940 3382 2995 genus
3407 2924 3634 2978 alterum
3662 2932 3764 2984 est,

2179 3028 2316 3079 sicut
2365 3023 2712 3077 arithmeticm
2764 3029 2820 3075 et
2869 3020 3196 3090 geometrias.
3241 3033 3345 3072 non
3395 3027 3479 3072 est
3509 3018 3767 3071 arithme-

2182 3114 2341 3168 ticam
2373 3113 2879 3168 demonstrationem
2909 3112 3196 3166 convenire
3223 3110 3274 3164 in
3304 3107 3765 3178 magnitudinibus

2180 3204 2492 3269 accidentia,
2530 3203 2629 3256 nisi
2657 3201 3046 3272 magnitudines
3068 3201 3275 3255 numeri
3303 3200 3412 3253 sint
3437 3200 3565 3271 (hoc
3587 3209 3766 3254 autem

2178 3312 2284 3367 quo
2310 3294 2470 3350 modo
2496 3295 2755 3364 contingit
2783 3295 2832 3347 in
2858 3293 3169 3363 quibusdam
3205 3291 3472 3363 posterius
3500 3291 3764 3360 dicetur),

2179 3389 2274 3444 sed
2290 3386 2620 3441 arithmetica
2635 3383 3022 3438 demonstratio
3035 3397 3249 3452 semper
3268 3382 3428 3437 habet
3441 3396 3610 3451 genus
3626 3383 3766 3436 circa

2179 3483 2320 3553 quod
2373 3483 2432 3535 tit
2460 3479 2866 3544 demonstratio,
2901 3486 2952 3532 et
2993 3476 3113 3531 alia:
3167 3475 3438 3531 similiter.
3471 3477 3647 3543 Quare
3677 3487 3767 3530 aut

2180 3573 2494 3642 simpliciter
2525 3585 2745 3626 necesse
2777 3580 2859 3623 est
2891 3569 3027 3622 idetn
3071 3581 3191 3623 esse
3230 3582 3420 3637 genus,
3469 3577 3562 3620 aut
3589 3567 3769 3636 aliquo

2181 3667 2362 3732 modo,
2389 3667 2431 3721 si
2479 3667 2638 3720 debet
2687 3663 3070 3719 demonstratio
3101 3660 3449 3726 descendere,
3483 3659 3643 3714 aliter
3674 3675 3768 3713 au-

2182 3767 2286 3812 tem
2319 3758 2563 3826 quoniam
2588 3754 2938 3824 impossibile,
2971 3753 3310 3807 manifestum
3343 3762 3448 3819 est,
3477 3767 3542 3807 ex
3579 3751 3768 3806 eodem

2182 3849 2322 3904 enim
2351 3863 2547 3917 genere
2587 3861 2807 3901 necesse
2854 3853 2934 3898 est
2960 3845 3166 3909 ultima,
3217 3850 3274 3896 et
3322 3841 3497 3896 media
3545 3855 3688 3906 esse,
3726 3843 3770 3895 si

2183 3955 2412 4009 namque
2462 3955 2565 3992 non
2617 3947 2741 3991 sunt
2772 3952 2866 4006 per
2895 3951 2974 4004 se,
3007 3934 3300 3989 accidentia
3333 3942 3512 3988 erunt.
3545 3933 3771 4001 Propter

2185 4033 2288 4087 hoc
2311 4032 2618 4104 geometria
2642 4044 2748 4084 non
2782 4039 2863 4085 est
2889 4032 3264 4084 demonstrare
3290 4029 3429 4098 quod
3471 4030 3772 4082 contrario-

2185 4142 2304 4181 rum
2349 4140 2447 4178 una
2493 4125 2562 4177 sit
2603 4123 2846 4186 scientia,
2895 4122 2988 4177 sed
3038 4138 3210 4191 neque
3240 4120 3380 4191 quod
3405 4120 3512 4175 duo
3549 4122 3671 4174 cuhi
3707 4122 3772 4176 sit

2188 4231 2323 4269 unus
2367 4215 2551 4278 cuhus,
2605 4228 2778 4281 neque
2808 4212 3027 4267 alterius
3054 4213 3316 4278 scientiae,
3364 4212 3507 4280 quod
3550 4212 3772 4265 alterius

2189 4316 2291 4374 est,
2324 4306 2418 4360 sed
2450 4315 2542 4359 aut
2565 4320 2896 4374 quaecunque
2922 4306 2998 4358 sic
3023 4320 3082 4359 se
3108 4304 3306 4358 habent
3333 4305 3399 4357 ad
3436 4304 3688 4364 invicem.
3718 4313 3774 4357 ut

2191 4398 2330 4469 quod
2377 4397 2602 4450 alterum
2655 4396 2723 4450 sit
2749 4397 2848 4449 sub
2875 4396 3066 4458 altero,
3098 4405 3155 4449 ut
3185 4395 3517 4463 perspectiva
3542 4396 3612 4448 ad
3646 4409 3774 4464 geo-

2193 4489 2456 4553 metriam,
2499 4497 2554 4542 et
2581 4487 2928 4541 consonantia
2976 4487 3041 4541 ad
3071 4486 3482 4552 aritmethicam,
3529 4502 3702 4555 neque
3732 4488 3775 4543 si

2193 4581 2392 4649 aliquid
2417 4582 2554 4635 inest
2578 4581 2728 4635 lineis
2770 4595 2874 4633 non
2908 4581 3197 4634 secundum
3245 4580 3383 4650 quod
3414 4579 3572 4633 lineae
3617 4590 3775 4645 sunt,

1480 4639 2083 4745 “e9éii‘f"?T_9P?ff‘:‘
2110 4650 2163 4711 D
2195 4685 2248 4730 et
2277 4692 2379 4730 non
2410 4675 2461 4728 in
2486 4683 2739 4745 quantum
2769 4690 2834 4730 ex
2862 4675 3090 4744 propriis
3121 4639 3416 4743 principiis,
3469 4684 3530 4728 ut
3571 4676 3616 4728 si
3657 4675 3776 4745 pul-

2195 4772 2458 4826 cherrima
2489 4771 2746 4824 linearum
2775 4781 2917 4823 reeta
2945 4781 3044 4834 εει,
3079 4779 3170 4821 aut
3216 4767 3262 4821 si
3307 4771 3578 4824 contrario
3613 4770 3778 4824 modo

2193 4879 2252 4919 se
2281 4863 2474 4917 haheat
2498 4861 2798 4925 circularis,
2832 4876 2938 4916 non
2959 4862 3102 4918 enim
3131 4861 3425 4916 secundum
3455 4861 3600 4931 quod
3653 4878 3777 4932 pro-

2190 4956 2364 5026 prium
2394 4958 2625 5025 ipsarum
2652 4968 2818 5022 genus
2849 4964 2948 5018 est,
2992 4953 3084 5008 sed
3117 4954 3169 5008 in
3196 4964 3450 5023 quantum
3484 4969 3777 5013 commune

2191 5045 2480 5115 quoddam.
2511 5042 2845 5099 Manifesmm
2886 5054 3062 5099 autem
3093 5055 3199 5113 est,
3223 5054 3276 5100 et
3315 5045 3360 5100 si
3390 5045 3500 5099 sint
3530 5047 3777 5115 proposi~

2194 5138 2367 5192 tiones
2396 5135 2725 5191 universales
2768 5151 2833 5190 ex
2867 5136 3055 5205 quibus
3101 5145 3184 5189 est
3224 5136 3591 5207 syllogismus,
3629 5136 3775 5203 quod

2196 5243 2414 5284 necesse
2443 5237 2523 5283 est.
2551 5237 2605 5282 et
2652 5227 3045 5296 conclusionem
3093 5238 3401 5297 perpetuam
3445 5242 3564 5285 esse
3597 5229 3774 5297 hujus-

2195 5323 2337 5377 modi
2370 5321 2862 5390 demonstrationis,
2895 5328 2951 5375 et
2985 5319 3296 5389 simpliciter
3347 5321 3429 5391 (ut
3459 5330 3544 5375 est
3573 5321 3774 5384 dicere}

2197 5414 2686 5470 demonstrationis.
2739 5412 2853 5468 Non
2902 5422 2986 5468 est
3033 5428 3159 5484 ergo
3224 5412 3611 5467 demonstratio
3662 5429 3774 5466 coro

2200 5511 2550 5581 ruptibilium,
2585 5524 2758 5581 neque
2800 5509 3021 5564 scientia
3080 5507 3416 5577 simpliciter,
3468 5507 3560 5562 sed
3594 5509 3668 5562 sic
3699 5516 3773 5561 est

2198 5605 2336 5660 sicut
2377 5601 2669 5658 secundum
2722 5600 2992 5667 accidens,
3025 5607 3077 5654 et
3126 5614 3230 5652 non
3262 5599 3582 5653 universalis
3613 5599 3774 5666 ipsius

2198 5708 2299 5768 est,
2330 5697 2425 5753 sed
2469 5695 2754 5766 aliquando
2803 5703 2856 5748 et
2900 5695 3010 5756 sic;
3045 5708 3164 5747 cum
3195 5703 3370 5747 autem
3424 5694 3494 5747 ita
3543 5693 3630 5759 sit,
3685 5707 3772 5747 ne-

2198 5805 2350 5847 cesse
2375 5798 2458 5846 est
2485 5789 2705 5843 alteram
2738 5802 2840 5842 non
2883 5785 3236 5840 universalem
3287 5799 3410 5841 esse
3454 5786 3769 5854 propositio-

2198 5896 2317 5938 nem
2359 5889 2412 5936 et
2455 5879 2851 5948 corruptibilem
2887 5896 2896 5931 :
2945 5876 3345 5946 corruptibilem
3375 5877 3610 5946 quidem,
3645 5889 3766 5945 quo;
