4060 6330
299 297 302 304 ’
325 339 423 394 721

873 332 1354 395 POSTERIORUM
1395 319 1926 386 ANALYTICORUM
1966 322 2411 388 ARISTOTELIS
2443 329 3017 391 INTERPRETATIO.

3487 340 3589 393 7‘23

324 459 466 513 niam
519 467 572 512 et
622 453 896 518 conclusio
943 462 1076 517 est;
1131 467 1236 506 non
1290 447 1646 505 universalem
1697 454 1897 509 autem,
1929 442 3171 520 Aquaedam?)necesseestaccipere,aliavero
3190 455 3587 518 demonstrare;

323 552 461 620 quol
496 551 597 603 hoc
619 548 834 617 quidem
863 547 995 610 erit;
1043 545 1145 598 hoc
1189 553 1364 597 autem
1397 557 1501 596 nou
1553 540 1656 594 erit
1685 553 1751 591 ex
1786 536 1905 607 qui-

321 642 422 697 bus
466 651 568 706 e51,
597 653 763 708 quare
789 652 896 691 non
926 646 1006 690 est
1038 636 1357 704 syllogizare
1383 630 1780 694 universaliter,
1810 627 1904 682 sed

322 713 573 804 quoniam
634 745 775 784 nunc
795 736 898 783 est.
927 727 1188 782 Similiter
1209 742 1266 781 se
1290 725 1447 780 habet
1473 723 1540 778 tle
1571 720 1900 787 deﬁnitione,

321 823 574 895 quoniam
605 821 821 892 quidem
847 828 929 873 est
949 818 1189 873 deﬁnitio
1219 826 1309 872 aut
1337 816 1655 886 principium
1684 815 1905 868 demon—

237 966 242 968 _
321 917 615 980 strationis,
663 924 753 968 aut
802 913 1190 968 demonStratio
1217 911 1485 980 positione
1510 908 1785 972 diﬁ‘erens,
1815 915 1908 962 aut

320 1012 594 1068 conclusio
643 1008 887 1078 quaedam
938 1006 1442 1062 demonstrationis.
1477 1005 1678 1059 Eorum
1728 1013 1905 1057 autem

321 1120 441 1175 qua:
489 1118 636 1173 saepe
666 1102 820 1169 ﬁunt,
862 1109 988 1154 sunt
1033 1098 1517 1154 demonstrationes
1566 1105 1620 1150 et
1670 1094 1908 1150 scientiae

325 1197 551 1267 (utilunaa
569 1194 859 1262 defectus),
879 1191 1221 1246 manifestum
1243 1197 1326 1244 est
1343 1188 1591 1258 quoniam
1612 1186 1906 1241 secundum

321 1291 462 1362 quod
496 1285 800 1358 hujusmodi
849 1292 990 1348 sunt,
1024 1297 1236 1351 semper
1265 1290 1409 1344 sunt,
1445 1280 1499 1334 in
1527 1287 1781 1349 quantum
1814 1291 1908 1330 au-

321 1393 427 1438 tem
475 1399 580 1437 non
628 1395 842 1450 semper
897 1375 1192 1432 secundum
1234 1384 1440 1444 partem
1471 1381 1616 1428 sunt.
1647 1371 1793 1426 Sicut
1814 1384 1908 1423 au-

321 1485 428 1530 tem
458 1473 700 1529 defectus
729 1481 832 1540 est,
865 1470 1113 1525 similiter
1138 1474 1193 1521 et
1233 1468 1285 1521 in
1336 1465 1478 1521 aliis.

389 1568 653 1634 Quoniam
684 1574 864 1619 autem
893 1561 1237 1618 manifestum
1261 1558 1509 1629 estquod
1535 1557 1908 1612 demonstrare

320 1659 736 1730 unumquodque
772 1672 878 1712 non
919 1665 1023 1722 est,
1051 1654 1144 1710 sed
1174 1661 1267 1708 aut
1292 1668 1360 1708 ex
1391 1665 1709 1720 unoquoque
1752 1649 1904 1718 prin-

321 1752 604 1820 cipiorum,
627 1750 671 1804 si
695 1749 746 1803 id
769 1747 910 1818 quod
927 1747 1326 1804 demonstratur
1358 1745 1426 1798 sit
1445 1741 1742 1798 secundum
1762 1741 1906 1812 quod

2011 543 2068 590 ut
2081 536 2206 605 quid
2224 526 2417 605 unitas,
2433 550 2522 596 aut
2536 541 2664 611 quid
2680 553 2904 611 rectum,
2920 554 2974 599 et
2992 544 3118 615 quid
3143 544 3454 616 triangulus,
3469 563 3590 604 esse

2011 638 2120 685 tem
2150 631 2405 686 unitatem
2433 635 2698 704 accipere,
2728 645 2782 692 et
2802 639 3244 708 magnitudinem,
3265 640 3433 696 altera
3459 657 3590 698 vero

2008 729 2334 776 monstrare.
2358 722 2496 779 Sunt
2522 737 2698 781 autem
2722 729 2912 796 quibus
2934 739 3154 786 utuntur
3177 732 3229 786 in
3256 731 3594 789 demonstra-

2009 814 2130 870 tivis
2179 815 2444 885 scientiis,
2493 819 2598 875 alia
2656 822 2867 891 quidem
2910 825 3123 894 propria
3172 827 3595 898 uniuscujusque

2009 907 2268 972 scientiae,
2309 909 2413 964 alia
2458 925 2587 967 vero
2619 916 2944 970 communia.
2974 917 3289 976 Communia
3334 935 3464 976 vero
3505 935 3594 976 se-

2007 999 2242 1055 cundum
2281 1001 2602 1074 analogiam,
2628 1007 2876 1076 quoniam
2907 1010 3038 1066 utile
3077 1023 3158 1067 est
3203 1026 3596 1084 quantumcun-

2008 1107 2112 1161 que
2137 1102 2222 1148 est
2246 1093 2300 1149 in
2331 1110 2397 1150 eo
2421 1097 2583 1166 (quod
2607 1107 2692 1154 est
2716 1099 2815 1154 sub
2838 1100 3082 1175 scientia)
3107 1119 3324 1174 genere.
3372 1107 3595 1178 Propria

2009 1186 2266 1256 principia
2290 1188 2529 1259 quidem,
2576 1200 2636 1245 ut
2661 1192 2856 1248 lineam
2901 1209 3023 1250 eSse
3059 1197 3342 1264 ejusmodi,
3373 1207 3429 1254 et
3472 1214 3596 1255 rec-

2009 1284 2146 1332 tum.
2191 1279 2506 1335 Communia
2547 1291 2747 1349 autem,
2786 1291 2862 1350 ut,
2889 1285 3114 1354 aequalia
3142 1287 3210 1342 ab
3234 1290 3526 1360 aequalibus
3549 1291 3596 1355 sl

2010 1369 2242 1438 auferas,
2280 1373 2420 1441 quod
2460 1375 2682 1444 aequalia
2707 1377 2909 1448 reliqua
2951 1388 3093 1434 sunt.
3126 1381 3464 1442 Suiﬁcientes
3491 1401 3596 1443 au-

2011 1471 2118 1518 tem
2158 1467 2576 1537 unumquodque
2617 1470 2832 1540 horum,
2888 1483 3362 1547 quantumcunque
3406 1479 3461 1534 in
3507 1496 3599 1551 ge-

2009 1571 2138 1611 nere
2162 1568 2264 1612 est.
2289 1558 2431 1613 Idem
2455 1561 2597 1616 enim
2622 1561 2803 1629 faciet,
2856 1565 2956 1619 etsi
2987 1579 3092 1620 non
3121 1565 3190 1622 de
3213 1570 3466 1628 omnibus
3505 1585 3597 1628 ae-

2008 1650 2190 1719 cipiat,
2215 1651 2308 1705 sed
2332 1651 2386 1705 in
2411 1655 2864 1723 magnitudinibus
2887 1657 3085 1724 solum,
3108 1659 3460 1718 arithmetica:
3498 1677 3596 1719 au-

2011 1752 2117 1796 tem
2141 1742 2192 1796 in
2240 1745 2499 1800 numeris.
2529 1745 2664 1800 Sunt
2685 1757 2863 1803 autem
2892 1750 3106 1818 propria
3127 1751 3365 1821 quidem,
3404 1761 3459 1808 et
3479 1768 3600 1825 qua

322 1851 402 1897 est
426 1841 574 1904 illud,
595 1855 696 1895 non
727 1849 904 1893 autem
930 1846 1013 1892 est
1032 1836 1290 1892 scirehoc
1314 1833 1550 1904 quidem,
1574 1831 1621 1887 si
1657 1847 1722 1887 ex
1757 1831 1898 1886 veris
1936 1822 1987 1884 B
2013 1834 2343 1904 accipiuntur
2364 1851 2506 1902 esse,
2547 1837 2686 1893 circa
2714 1855 2831 1909 qua:
2859 1841 3086 1896 scientia
3124 1844 3454 1911 speculatur,
3480 1822 3599 1915 qua

320 1948 373 1992 et
431 1933 995 1990 indemonstrabilibus
1045 1940 1403 1995 monstretur,
1459 1938 1514 1981 et
1557 1925 1900 1980 immediatis.

320 2027 418 2082 Est
451 2029 592 2082 enim
616 2028 693 2082 sic
722 2035 1024 2082 monstrare
1050 2023 1187 2077 sicut
1212 2022 1415 2091 Brysou
1448 2018 1899 2088 tetragonismon;

319 2121 608 2176 secundum
636 2134 921 2174 commune
951 2118 1091 2173 enim
1125 2124 1424 2171 monstrant
1447 2115 1686 2168 rationes
1717 2111 1906 2181 hujus-

321 2214 459 2268 tnodi
486 2213 626 2283 quod
656 2222 711 2267 et
729 2212 883 2266 alteri
909 2211 1066 2276 inest,
1096 2208 1237 2262 unde
1261 2216 1314 2262 et
1336 2207 1388 2260 in
1413 2206 1533 2260 aliis
1579 2202 1908 2260 conveniunt

321 2306 404 2358 hze
432 2305 664 2359 rationes
705 2318 810 2357 non
860 2303 1166 2371 congeneis.
1219 2299 1336 2353 Non
1388 2299 1564 2367 itaque
1607 2295 1903 2352 secundum

323 2397 448 2452 illud
473 2398 593 2465 scit,
617 2397 712 2452 sed
743 2396 1035 2452 secundum
1060 2394 1328 2458 accidens,
1357 2407 1463 2447 non
1489 2392 1632 2446 enim
1655 2390 1938 2445 convenit-

322 2490 707 2547 demoustratio
755 2497 809 2544 et
854 2490 905 2542 in
953 2487 1097 2543 aliud
1125 2503 1314 2557 genus.
1351 2483 1777 2554 Unumquodque
1806 2497 1905 2536 au-

324 2593 429 2639 tem
453 2586 650 2640 scimus
673 2599 775 2638 non
804 2582 1096 2639 secundum
1124 2579 1393 2645 accidens,
1441 2593 1562 2633 cum
1609 2575 1906 2631 secundum

325 2676 450 2731 Illud
477 2675 868 2745 cognoscimus,
901 2673 1192 2730 secundum
1225 2671 1368 2741 quod
1399 2679 1482 2727 est
1509 2687 1575 2726 ex
1622 2669 1904 2739 principiis

326 2768 464 2824 illius
509 2770 561 2822 in
591 2778 845 2838 quantum
877 2766 1004 2821 illud
1031 2774 1130 2830 est,
1154 2773 1216 2819 ut
1239 2764 1447 2818 duobus
1481 2761 1642 2817 rectis
1674 2759 1909 2831 aequales

326 2857 543 2927 habere,
575 2859 657 2914 cui
690 2859 829 2914 inest
857 2873 951 2928 per
991 2873 1050 2912 se
1086 2857 1226 2926 quod
1272 2857 1476 2910 dictum
1499 2864 1601 2919 est,
1626 2869 1693 2908 ex
1715 2851 1911 2923 princi-

327 2951 427 3022 piis
449 2950 609 3004 illius.
629 2950 801 3016 Quare
829 2949 874 3003 si
905 2963 998 3016 per
1032 2963 1090 3002 se
1115 2956 1170 3002 et
1189 2945 1320 3002 illud
1347 2947 1486 2999 inest
1510 2944 1595 3000 cui
1627 2944 1784 3009 inest,
1817 2958 1910 2999 ne-

328 3059 478 3099 cesse
523 3053 606 3097 est
654 3041 884 3097 medium
936 3041 992 3094 in
1037 3040 1225 3095 eadem
1278 3037 1617 3107 proximitate
1665 3050 1822 3101 esse;
1863 3034 1911 3090 si

331 3150 461 3192 vero
492 3151 597 3190 non
626 3134 715 3199 sit,
741 3134 834 3189 sed
855 3135 994 3188 sicut
1024 3131 1335 3186 harmonica
1369 3145 1463 3196 per
1490 3128 1908 3191 arithmeticam,

329 3227 633 3298 bujusmodi
651 3235 828 3281 autem
843 3226 1278 3280 demonstrantur
1292 3221 1503 3291 quidem
1523 3219 1794 3282 similiter,
1817 3218 1911 3273 sed
1938 3197 1989 3263 α

330 3321 596 3378 differunt.
644 3319 775 3374 Nam
808 3321 978 3388 ipsum
1011 3316 1223 3386 quidem
1265 3316 1386 3385 quia
1423 3315 1645 3370 alterius
1696 3311 1909 3382 quidem

332 3415 569 3470 scientiae
594 3422 696 3477 est,
721 3413 1021 3480 subjectqu
1045 3409 1186 3464 enim
1217 3425 1384 3479 genus
1409 3409 1636 3463 alterum
1667 3416 1769 3469 est,
1816 3404 1914 3460 sed

333 3517 552 3580 propter
578 3506 723 3576 quid,
773 3514 855 3560 est
893 3504 1207 3573 superioris,
1237 3503 1392 3572 cujus
1424 3518 1517 3570 per
1554 3516 1611 3556 se
1638 3501 1914 3569 passiones

333 3609 474 3656 sunt.
504 3601 677 3666 Quare
703 3613 767 3651 ex
802 3596 883 3650 his
915 3594 1252 3649 manifestum
1284 3602 1365 3647 est
1387 3592 1528 3662 quod
1567 3607 1671 3645 non
1721 3591 1788 3644 sit
1823 3590 1915 3644 de-

334 3701 632 3746 monstrare
664 3687 1079 3758 unumquodque
1099 3685 1438 3754 simpliciter,
1481 3683 1636 3737 aliter
1662 3697 1819 3751 quam
1849 3696 1916 3736 ex

335 3781 565 3852 propriis
596 3779 1013 3847 uniuscujusque
1046 3776 1341 3845 principiis,
1390 3773 1483 3828 sed
1526 3773 1716 3826 horum
1764 3773 1916 3840 prin-

338 3879 473 3947 cipia
507 3875 706 3929 habent
752 3885 1056 3928 commune.
1109 3870 1164 3925 Si
1208 3878 1385 3922 autem
1420 3867 1760 3921 manifesmm
1794 3866 1916 3932 hoc,

336 3972 675 4027 manifestum
727 3978 779 4023 ct
823 3966 1073 4036 quoniam
1113 3981 1217 4018 non
1247 3973 1331 4017 est
1360 3961 1776 4030 uniuscujusque
1799 3973 1920 4027 pro-

339 4069 450 4136 pria
481 4064 735 4134 principia
763 4063 1150 4117 demonstrare.
1184 4059 1354 4112 Erunt
1380 4057 1525 4112 enim
1556 4056 1647 4109 illa
1677 4055 1918 4108 omnium

342 4156 624 4228 principia,
683 4164 736 4210 et
786 4154 1006 4208 scientia
1057 4167 1240 4207 eorum
1294 4149 1511 4203 domina
1559 4148 1820 4213 omnium,
1867 4153 1924 4201 et

339 4265 572 4319 namque
611 4249 710 4303 scit
740 4247 904 4317 magis
935 4263 1001 4302 ex
1031 4243 1400 4314 superioribus
1429 4243 1605 4296 causis
1632 4242 1828 4304 sciens,
1856 4255 1921 4294 ex

339 4343 609 4414 prioribus
628 4341 772 4396 enim
791 4340 912 4405 scit,
937 4354 1058 4392 cum
1081 4351 1184 4390 non
1209 4351 1273 4390 ex
1301 4336 1533 4389 causatis
1555 4333 1685 4386 sciat
1712 4332 1919 4397 causis;

342 4451 505 4505 quare
536 4435 580 4488 si
612 4436 776 4503 magis
807 4432 926 4494 scit,
960 4441 1014 4486 et
1043 4430 1295 4491 maxime,
1349 4435 1404 4479 et
1452 4425 1670 4479 scientia
1703 4424 1790 4476 illa
1821 4422 1925 4476 erit

342 4540 393 4584 et
413 4529 599 4597 magis,
621 4535 676 4581 et
704 4525 954 4579 maxime.
986 4522 1091 4579 Sed
1119 4517 1511 4576 demonstratio
1534 4532 1640 4571 non
1670 4516 1925 4570 convenit

342 4626 397 4679 in
438 4619 577 4674 aliud
624 4632 789 4686 genus
836 4616 991 4669 aliter
1037 4628 1215 4682 quam,
1268 4620 1324 4664 ut
1351 4610 1551 4665 dictum
1581 4617 1683 4670 est,
1711 4620 1924 4674 geome-
1951 4583 2006 4642 Ῑ)

343 4713 486 4767 tricas
533 4712 586 4766 in
611 4709 1019 4770 machinativas,
1046 4715 1139 4760 aut
1165 4702 1552 4774 perspectivas,
1582 4710 1636 4756 et
1667 4699 1925 4754 arithme-

344 4809 462 4861 tica:
517 4807 568 4859 in
600 4801 961 4857 harmOuicas.
994 4799 1218 4854 Difﬁcile
1257 4805 1435 4851 autem
1482 4803 1566 4849 est
1594 4808 1753 4848 nosse
1781 4793 1826 4847 si
1856 4807 1923 4847 ex

345 4897 758 4966 uniuscujusque
783 4890 1056 4969 principiis
1083 4889 1302 4957 scimus,
1337 4897 1425 4941 aut
1456 4900 1585 4950 non,
1628 4883 1770 4954 quod
1801 4883 1921 4952 qui-

346 4990 465 5044 dem
497 4998 578 5043 est
609 4989 765 5053 scire,
800 4985 1082 5054 epinamur
1113 4989 1289 5036 autem
1313 4979 1438 5044 hoc,
1467 4979 1512 5032 si
1541 4977 1840 5032 habeamus
1855 4990 1922 5029 ex

349 5084 490 5138 veris
517 5082 780 5151 aliquibus
803 5078 1172 5150 syllogismum
1196 5085 1248 5130 et
1277 5073 1466 5144 primis
1497 5073 1636 5126 scire
1662 5089 1677 5136 ;
1710 5070 1802 5127 sed
1825 5069 1926 5126 hoc

351 5182 578 5238 nonest,
610 5172 703 5227 sed
731 5184 1001 5242 congenea
1034 5175 1247 5236 oportet
1268 5180 1388 5222 esse
1417 5164 1626 5235 primis.

936 5279 1161 5336 CAPUT
1211 5279 1341 5333 VIII.

351 5381 428 5434 De
449 5380 712 5451 principiis
736 5385 843 5431 tum
870 5375 1011 5445 vagis
1040 5371 1492 5496 coggrtunibusque
1519 5407 1534 5436 ,
1568 5376 1672 5420 tum
1707 5367 1930 5436 propriis

978 5462 1037 5496 ac
1063 5461 1094 5496 a
1171 5454 1304 5496 actis.

978 5462 1037 5498 ac
1063 5454 1304 5496 αααιειιδ.

424 5584 551 5638 Dico
573 5593 746 5637 autem
767 5579 1020 5650 principia
1044 5576 1094 5629 iu
1115 5585 1440 5643 unoquoque
1463 5585 1684 5641 genere,
1706 5571 1795 5623 illa
1814 5584 1934 5638 quae

349 5676 601 5746 quoniam
615 5675 721 5727 sint
745 5687 849 5725 non
865 5668 1127 5736 contingit
1156 5665 1543 5719 demonstrare.
1564 5662 1700 5730 Quid
1721 5661 1934 5731 quidem

350 5771 508 5838 igitur
525 5767 822 5836 significent
848 5774 900 5818 et
923 5762 1091 5833 prima
1120 5769 1171 5814 et
1197 5774 1313 5829 quze
1339 5767 1542 5812 suntex
1573 5758 1778 5827 primis,
1799 5758 1938 5810 acci-

348 5860 602 5927 piendum
620 5875 634 5926 ;
649 5856 790 5926 quod
803 5855 886 5914 [ιε.
901 5850 1098 5913 ouoadl
1115 5861 1290 5910 autem
1308 5850 1561 5925 principia
1573 5891 1588 5919 ,
1605 5847 1933 5922 quidem[an.

2010 1936 2134 1982 sunt
2165 1943 2259 1996 per
2281 1943 2360 1995 se,
2386 1943 2439 1982 ul
2464 1929 2800 1986 arithmetica
2823 1934 3076 2002 unitates,
3101 1935 3396 2004 geometria
3417 1945 3600 1994 autem

2011 2023 2160 2092 signa
2181 2031 2235 2076 et
2264 2023 2451 2092 lineas,
2483 2023 2596 2080 haec
2617 2026 2758 2079 enim
2789 2025 3052 2096 recipiunt
3079 2041 3220 2095 esse,
3252 2039 3306 2084 et
3329 2031 3433 2085 hoc
3455 2045 3601 2100 esse.

2010 2115 2202 2168 horum
2235 2124 2413 2169 autem
2467 2114 2744 2182 passiones
2793 2133 2888 2185 per
2929 2133 3008 2174 se.
3056 2119 3194 2186 Quid
3223 2121 3438 2189 quidem
3469 2138 3600 2179 una~

2010 2220 2233 2274 quaeque
2261 2204 2543 2276 signiﬁcet,
2587 2208 2878 2276 accipiunt,
2907 2219 2966 2264 ut
2993 2211 3326 2270 arithmetica
3350 2213 3590 2286 quidem,

2009 2297 2134 2364 quid
2163 2311 2276 2365 par,
2318 2305 2408 2350 aut
2431 2296 2623 2366 impar,
2656 2308 2747 2353 aut
2775 2299 3096 2369 quadratus,
3121 2311 3213 2357 aut
3236 2304 3426 2371 cubus,
3472 2321 3601 2375 geo-

2009 2388 2198 2441 metria
2244 2402 2369 2442 vero
2406 2388 2532 2457 quid
2553 2389 2899 2455 irrationale,
2927 2401 3020 2446 aut
3063 2391 3286 2460 inﬂecti,
3333 2404 3424 2450 aut
3465 2411 3600 2452 con-

2010 2494 2248 2547 currere,
2281 2481 2422 2548 quod
2453 2489 2631 2536 autem
2658 2483 2789 2549 sint,
2823 2482 3193 2541 demonstrant
3237 2502 3332 2556 per
3357 2504 3600 2545 commu-

2010 2571 2117 2636 nia,
2152 2578 2206 2625 et
2249 2581 2316 2624 ex
2357 2570 2526 2642 iiSQue
2561 2572 3020 2643 demonstrantur,
3051 2586 3106 2632 et
3131 2580 3416 2651 astrologia
3445 2581 3598 2638 simi-

1999 2663 2150 2719 liter.
2179 2664 2364 2719 Omnis
2391 2664 2534 2720 enim
2579 2665 3004 2722 demonstrativa
3055 2669 3281 2725 scientia
3326 2671 3467 2728 circa
3495 2672 3600 2732 tria

2010 2765 2110 2824 est,
2142 2772 2470 2827 quaecunque
2499 2773 2621 2814 esse
2673 2769 2968 2830 ponuntur.
3000 2751 3127 2817 Hinc
3149 2771 3328 2819 autem
3357 2775 3482 2822 sunt
3507 2782 3600 2838 ge-

2012 2863 2136 2914 nus,
2165 2848 2317 2918 cujus
2339 2863 2434 2918 per
2461 2862 2520 2905 se
2542 2851 2851 2920 passionum
2892 2851 3220 2919 speculativa
3245 2866 3350 2925 est,
3397 2865 3453 2913 et
3476 2873 3600 2928 qua

2011 2955 2324 2996 communes
2372 2939 2621 2996 dicuntur
2639 2942 2952 3012 dignitates,
2981 2958 3048 2999 ex
3072 2945 3263 3014 quibus
3291 2947 3478 3017 primis
3499 2949 3601 3006 de-

2013 3043 2336 3106 monstrant,
2367 3044 2422 3092 et
2447 3039 2660 3094 tertium
2692 3040 2996 3110 passiones,
3027 3059 3253 3113 quarum
3275 3046 3402 3118 quid
3439 3048 3601 3119 signi.

2015 3129 2138 3184 ﬂeet
2178 3145 2511 3201 unaquaeque
2551 3135 2770 3203 accipit.
2818 3134 3086 3201 Quasdam
3138 3146 3318 3195 tamen
3345 3141 3604 3199 scientias

2018 3221 2148 3276 nihil
2180 3221 2426 3292 prohibet
2473 3226 2719 3294 quazdam
2762 3242 2950 3284 eorum
3003 3230 3320 3301 despicere:
3349 3239 3410 3289 ut
3437 3247 3605 3305 genus

2017 3331 2127 3370 non
2165 3331 2468 3385 supponere
2515 3334 2675 3385 esse,
2728 3320 2775 3374 si
2841 3323 2910 3376 sit
2953 3325 3292 3380 manifestum
3347 3327 3606 3397 quoniam

2019 3416 2120 3472 est,
2163 3423 2268 3462 non
2299 3410 2441 3464 enim
2468 3410 2716 3466 similiter
2739 3412 3081 3468 manifestum
3107 3424 3191 3470 est
3219 3418 3471 3486 quoniam
3500 3435 3606 3476 nu-

2019 3513 2198 3552 merus
2250 3500 2339 3568 sit,
2391 3501 2609 3571 etquod
2653 3501 2907 3568 calidum,
2955 3514 3008 3557 et
3056 3505 3330 3575 frigidum,
3379 3519 3433 3563 et
3475 3525 3604 3580 pas-

2020 3596 2198 3650 siones
2229 3612 2334 3652 non
2365 3606 2448 3652 est
2475 3599 2715 3668 recipere
2736 3601 2861 3669 quid
2888 3601 3211 3672 signiﬁcent,
3253 3603 3299 3657 si
3337 3604 3446 3658 sint
3493 3619 3606 3660 mea

2020 3687 2248 3752 nifestze,
2295 3689 2432 3742 sicut
2462 3705 2632 3759 neque
2657 3692 2963 3746 communia
2991 3707 3097 3747 non
3144 3692 3334 3761 recipit
3372 3692 3504 3762 quid
3534 3694 3605 3750 εἰ·
3649 3723 3652 3726 λ

2019 3778 2273 3847 gniﬁcent
2313 3780 2454 3848 quod
2500 3793 2582 3834 est
2633 3782 2854 3850 aequalia
2894 3783 2963 3836 ab
3017 3782 3310 3851 aequalibus
3361 3783 3598 3852 demere,

2021 3871 2272 3938 quoniam
2304 3881 2486 3925 notum
2515 3882 2616 3927 est.
2647 3873 2750 3929 Sed
2782 3874 2915 3927 nihil
2944 3874 3117 3929 minus
3153 3883 3340 3930 natura
3368 3875 3467 3928 tria
3489 3874 3606 3931 hate

2022 3964 2148 4027 sint,
2176 3963 2316 4019 circa
2332 3961 2491 4034 'quod
2523 3966 2876 4032 demonstrat,
2906 3977 2958 4022 et
2999 3983 3119 4036 qua:
3146 3967 3501 4035 demonstrat,
3552 3977 3608 4027 et

2023 4073 2088 4112 ex
2118 4059 2331 4126 quibus.
2379 4059 2495 4114 Non
2522 4071 2605 4115 est
2647 4063 2965 4131 suppositio.
2994 4078 3167 4132 neque
3213 4065 3421 4133 petitio,
3464 4065 3608 4134 quod

2024 4163 2245 4204 necesse
2289 4158 2369 4204 est
2411 4160 2628 4220 propter
2656 4154 2888 4221 seipsum
2921 4167 3059 4220 esse,
3088 4162 3140 4207 et
3169 4153 3336 4209 videri
3390 4171 3609 4216 necesse

2024 4250 2106 4294 est
2135 4259 2147 4292 :
2194 4257 2297 4295 non
2320 4251 2402 4295 est
2422 4243 2564 4296 enim
2589 4243 2654 4296 ad
2676 4244 3228 4300 exterius-{orationem
3269 4245 3605 4302 demonstra-

2027 4338 2123 4399 tio,
2157 4338 2252 4392 sed
2283 4339 2347 4391 ad
2374 4353 2491 4393 eam
2516 4354 2632 4408 qua;
2664 4348 2746 4394 est
2791 4340 2845 4393 in
2895 4340 3096 4405 anima,
3136 4341 3387 4410 quoniam
3438 4357 3612 4412 neque

2028 4431 2386 4502 syllogismus.
2429 4432 2656 4501 Semper
2701 4433 2842 4486 enim
2875 4427 2957 4486 e'st
3007 4433 3207 4488 instare
3255 4433 3323 4488 ad
3370 4434 3612 4491 exterius

2032 4529 2350 4592 orationem,
2379 4525 2472 4581 sed
2503 4526 2566 4580 ad
2616 4526 2839 4580 interius
2882 4525 3176 4580 orationem
3227 4540 3332 4581 non
3373 4541 3610 4596 semper.

2033 4621 2374 4691 Quaecunque
2403 4636 2530 4690 ergo
2558 4620 2773 4687 quidem
2797 4621 3231 4676 demonstrabilia
3273 4636 3392 4678 esse
3422 4623 3614 4692 accipit

2034 4713 2148 4782 ipse
2189 4728 2292 4766 non
2320 4711 2720 4773 demonstrans,
2749 4712 2862 4766 haec
2900 4712 2944 4766 si
2975 4711 3188 4781 quidem
3220 4728 3338 4782 quae
3367 4713 3613 4768 videntur

2033 4805 2280 4873 accipiat,
2313 4803 2538 4858 discenti
2584 4804 2900 4872 suppositio,
2945 4813 3000 4859 et
3045 4820 3151 4859 non
3181 4815 3266 4860 est
3298 4805 3612 4874 simpliciter

2031 4894 2349 4964 suppositio,
2382 4894 2472 4948 sed
2519 4893 2583 4947 ad
2618 4894 2760 4947 illum
2789 4895 2981 4958 solum,
3013 4897 3058 4949 si
3081 4910 3210 4950 vero
3261 4911 3433 4965 neque
3463 4876 3621 4953 unius]

2033 4988 2320 5059 opinionis,
2350 4994 2443 5040 aut
2471 4986 2738 5040 contraria
2766 4995 2870 5053 est,
2917 4986 3159 5056 accipiat,
3191 4987 3328 5042 idem
3361 4988 3513 5056 petit.
3549 4988 3616 5042 Et

2034 5082 2087 5136 in
2117 5081 2215 5134 hoc
2245 5077 2422 5133 differt
2451 5078 2767 5144 suppositio,
2816 5087 2870 5132 et
2899 5077 3106 5147 petitio,
3149 5086 3233 5132 est
3260 5077 3402 5131 enim
3435 5077 3616 5146 petitio

2035 5175 2086 5228 in
2135 5171 2459 5226 contrarium
2510 5169 2768 5222 discentis
2832 5167 3090 5238 opinioni,
3133 5177 3222 5221 aut
3267 5167 3618 5236 quodcunque

2033 5261 2225 5330 aliquis
2248 5257 2661 5315 demonstrabile
2682 5272 2803 5312 cum
2831 5258 2919 5324 sit,
2951 5257 3199 5325 accipiat,
3232 5263 3286 5311 et
3313 5265 3490 5310 utatur
3513 5271 3624 5318 non

2036 5360 2437 5416 demonstrans.
2462 5355 2702 5412 Termini
2736 5356 2895 5424 igitur
2923 5370 3027 5409 non
3051 5364 3174 5409 sunt
3201 5355 3618 5424 suppositiones,

2039 5463 2171 5517 nihil
2194 5461 2333 5516 enim
2352 5474 2471 5514 esse
2495 5468 2582 5512 aut
2606 5459 2846 5525 nonjesse
2868 5455 3073 5519 dicunt,
3103 5453 3198 5510 sed
3220 5454 3273 5508 in
3300 5453 3618 5524 propositio«

2038 5565 2196 5620 nibus
2223 5570 2346 5616 sunt
2367 5558 2778 5630 suppositiones.
2811 5555 3093 5610 Terminos
3126 5553 3300 5608 solum
3323 5552 3620 5621 intelligere

2039 5675 2271 5737 oportet,
2307 5665 2407 5719 hoc
2431 5670 2610 5716 autem
2634 5674 2738 5713 non
2770 5666 2853 5712 est
2881 5655 3198 5722 suppositio,
3231 5653 3330 5708 nisi
3359 5661 3415 5707 et
3437 5651 3622 5706 audire

2041 5761 2230 5830 aliquis
2269 5753 2688 5827 suppositionem
2730 5765 2851 5805 esse
2896 5750 3057 5812 dicat.
3088 5747 3180 5803 sed
3222 5747 3630 5817 quibuscunque

2043 5841 2723 5930 existentibusiu-eoquod
2753 5841 2844 5900 illa
2862 5848 3008 5913 sunt,
3038 5837 3415 5918 ﬁtconclusio.
3438 5835 3618 5902 Neque
