4056 6330
300 303 423 368 m,

854 307 1339 370 POS'FE-RIORUM
1378 303 1918 368 ΑΝΑιπιωιιυιι
1952 304 2408 366 ARISTG’I‘EUS
2446 304 3020 364 lN'l‘ERPRETATIO.

3088 202 3129 231 δ

3414 360 3419 375 ,
3457 304 3560 362 72ΰ

300 409 564 493 recipiunt
584 421 834 478 accidens
856 423 940 493 (et
957 425 1012 480 in
1036 425 1407 482 laocdil'l'eruut
1430 424 1499 479 ab
1528 423 1595 485 iis
1617 438 1733 493 qoze
1758 429 1885 475 sunt
1911 424 1967 481 Δ
1989 436 2165 477 causa:
2186 434 2267 480 est
2294 424 2346 479 in
2375 426 2550 480 media
2583 426 2771 496 ﬁgura,
2804 434 2860 480 ut
2891 428 2960 480 sit
2982 431 3015 479 'a
3043 422 3263 490 animal,
3294 422 3346 477 in
3377 439 3484 493 quo
3531 429 3562 477 ο

299 517 353 570 iu
378 513 651 587 dialogis),
702 514 798 570 sed
841 514 1200 571 deﬁnitiones.
1252 520 1745 587 Augentur'autem
1776 527 1884 567 non

299 622 394 675 per
420 608 619 674 media,
648 608 742 663 sed
773 608 829 663 in
876 610 1215 689 assumendo,
1251 621 1308 665 ut
1337 628 1370 663 a
1396 611 1465 665 de
1490 611 1542 674 b,
1576 609 1677 663 hoc
1704 615 1881 662 autem

298 700 367 755 de
393 718 440 755 c.
475 700 603 756 item
634 702 736 756 hoc
760 701 830 756 de
859 701 915 769 Δ,
946 711 1000 757 ει
1028 703 1129 757 hoc
1156 704 1208 757 in
1242 703 1523 767 inﬁnitum,
1551 711 1604 756 et
1632 702 1684 756 in
1715 700 1876 766 latus,

299 804 356 848 ut
383 812 415 849 ι
442 794 509 850 de
551 811 601 860 c,
633 804 687 849 et
706 795 776 850 de
803 811 852 859 ε,
882 803 943 849 ut
971 804 1055 850 est
1082 811 1339 850 numerus
1364 806 1621 865 quantus,
1665 793 1748 847 vel
1798 793 1884 847 in-

298 885 497 941 ﬁnitus.
530 885 642 940 Hoc
670 897 846 940 autem
872 886 924 940 in
944 902 1055 955 quo
1082 887 1153 942 sit
1171 905 1203 939 α
1231 901 1487 941 numeros
1511 888 1680 954 impar
1710 900 1880 954 quau-

296 984 383 1030 tus
410 976 461 1031 iu
488 992 601 1046 quo
623 976 674 1041 ι,
711 992 971 1031 numerus
1013 977 1187 1047 impar
1210 979 1264 1032 in
1301 994 1406 1049 quo
1428 994 1476 1039 c,
1508 987 1591 1032 est
1617 987 1673 1033 et
1704 979 1881 1047 itaque

295 1084 329 1119 a
354 1068 422 1123 de
441 1084 488 1133 ε,
515 1079 569 1124 et
596 1078 679 1123 est
701 1085 795 1138 par
817 1078 1049 1139 quantus
1078 1085 1334 1124 numerus
1379 1071 1431 1124 in
1456 1084 1567 1138 quo
1594 1071 1663 1126 sit
1700 1071 1754 1135 ὀ,
1787 1084 1880 1138 par

297 1173 548 1214 numerus
578 1160 630 1214 in
656 1175 766 1229 quo
790 1170 875 1214 est
901 1176 948 1224 ε,
977 1168 1062 1215 est
1090 1175 1218 1229 ergo
1242 1177 1276 1214 a
1302 1161 1370 1216 de
1412 1178 1457 1214 ι.

914 1271 1138 1328 CAPUT
1181 1272 1247 1327 x.

438 1364 513 1418 De
536 1364 977 1419 demonstratione
998 1374 1206 1435 propter
1232 1368 1378 1431 quid,
1408 1375 1454 1419 et
1483 1367 1620 1435 quod
1641 1375 1731 1420 est.

363 1454 468 1508 Sed
501 1456 624 1523 quia
655 1454 860 1520 diaert,
882 1465 937 1509 et
962 1463 1176 1525 propter
1204 1457 1331 1525 quid
1360 1457 1531 1521 scire,
1564 1457 1789 1523 primum
1822 1457 1875 1511 in

294 1548 481 1602 eadem
532 1546 790 1614 scientia,
838 1557 892 1602 et
921 1547 974 1601 iu
1022 1547 1120 1602 hac
1151 1548 1453 1619 dupliciter.
1498 1549 1613 1604 Uno
1657 1550 1872 1618 quidem

294 1638 454 1692 modo
490 1638 536 1693 si
574 1653 681 1693 non
730 1654 823 1708 per
860 1638 1169 1711 immediata
1209 1639 1298 1695 ﬁat
1341 1640 1717 1712 syllogismus,
1766 1655 1872 1695 non

293 1727 437 1782 enim
468 1728 724 1796 accipitur
762 1728 936 1797 prima
976 1743 1171 1795 causa,
1211 1729 1304 1784 sed
1335 1745 1455 1799 qua:
1492 1740 1711 1799 propter
1738 1730 1866 1799 quid

1984 517 2271 584 respirare,
2330 518 2382 571 in
2409 535 2515 586 quo
2544 536 2569 573 c
2601 520 2784 589 paries
2808 561 2820 581 ,
2864 518 2915 573 in
2946 532 3052 586 quo
3086 516 3120 570 ὁ
3147 515 3358 586 quidem
3405 514 3565 583 igitur

1984 608 2130 662 omni
2156 619 2238 662 est
2256 625 2308 672 a,
2324 625 2484 665 otnne
2496 611 2640 664 enim
2662 611 2933 680 respiraus
2948 618 3026 664 est
3042 608 3257 669 animal,
3274 609 3325 661 in
3342 624 3369 660 c
3383 617 3561 663 autem

1987 700 2161 764 nullo,
2191 716 2358 771 quare
2387 718 2561 768 neque
2582 702 2687 758 bin
2714 720 2742 756 ο
2768 704 2917 757 nullo
2936 712 3049 770 est,
3084 715 3190 755 non
3215 701 3373 770 igitur
3395 700 3565 768 respi-

1982 802 2066 846 rat
2125 794 2316 860 paries.
2374 793 2766 861 Comparantur
2806 803 2985 848 autem
3034 790 3331 862 hujusmndi
3386 806 3562 844 causa:

1984 882 2278 938 secundum
2312 884 2685 938 excellentiam
2716 883 2873 938 dictis
2894 925 2906 947 ,
2938 884 3040 938 hoc
3066 892 3242 937 autem
3271 892 3353 935 εει
3396 882 3560 948 pluri-

1983 992 2128 1031 mum
2172 978 2379 1031 distans
2433 975 2667 1031 medium
2714 976 2928 1041 dicere,
2976 976 3113 1029 sicut
3141 975 3281 1030 enim
3325 972 3448 1029 illud
3481 984 3563 1027 est

1984 1068 2127 1139 quod
2163 1069 2601 1135 Anarebarsitlis,
2627 1068 2771 1137 quod
2813 1068 2864 1122 iu
2895 1066 3108 1135 Scythis
3136 1081 3243 1120 non
3274 1078 3390 1119 smn
3430 1065 3557 1118 sibi~

1984 1159 2213 1223 latores,
2242 1176 2416 1231 neque
2444 1161 2585 1215 enim
2613 1162 2772 1213 vites.
2802 1158 3107 1214 Secundum
3132 1158 3182 1226 ig
3206 1166 3291 1210 tur
3316 1156 3560 1211 eamdem

1982 1252 2295 1314 scientiam,
2341 1267 2395 1305 et
2432 1251 2725 1306 secundum
2769 1250 3067 1303 mediorum
3097 1250 3441 1316 positionem.
3479 1250 3559 1297 ltze

1983 1343 2298 1399 diﬂeretttia:
2323 1359 2438 1398 sunt
2476 1343 2670 1411 ipsius,
2693 1342 2815 1412 quia
2840 1341 2905 1394 ad
2934 1357 3055 1395 eum
3085 1340 3174 1408 qui
3196 1350 3409 1408 propter
3435 1338 3561 1407 quid

1982 1443 2067 1490 est
2109 1434 2496 1505 syllogismum.
2555 1435 2678 1490 Alio
2725 1442 2903 1487 autem
2972 1431 3132 1485 modo
3183 1428 3360 1482 ditl'ert
3404 1443 3563 1495 prop-

1982 1533 2065 1580 ter
2091 1525 2219 1593 quid
2245 1526 2312 1580 ab
2339 1528 2456 1594 ipso
2477 1526 2624 1594 quia,
2650 1526 2791 1593 quod
2819 1533 2898 1576 est
2945 1537 3039 1591 per
3085 1521 3244 1575 aliam
3285 1522 3564 1574 scientiam

1981 1629 2272 1688 utrumque
2327 1619 2614 1687 speculari.
2646 1616 2965 1686 Huiusmodi
2998 1622 3176 1669 autem
3221 1625 3373 1676 sunt,
3421 1629 3566 1681 (ιιιεο-

1984 1729 2196 1783 cunque
2225 1712 2303 1768 sic
2331 1729 2390 1767 se
2422 1712 2626 1767 habent
2654 1713 2719 1766 ad
2751 1713 3007 1772 invicem,
3043 1707 3182 1779 quod
3211 1707 3436 1763 alterum
3465 1707 3565 1760 sub

296 1820 551 1886 scientia,
582 1830 666 1875 est
688 1819 985 1875 secundum
1031 1823 1254 1891 primam
1287 1837 1525 1877 causam.
1558 1823 1679 1878 Alio
1713 1824 1875 1880 modo

1989 1805 2152 1860 altero
2174 1814 2282 1868 est,
2314 1817 2367 1859 ut
2399 1806 2733 1874 perspectiva
2763 1804 2829 1858 ad
2865 1804 3245 1873 geometriam,
3277 1816 3327 1855 ει
3367 1802 3572 1854 maelii.

291 1913 338 1967 si
367 1914 471 1982 per
502 1913 806 1969 immediate
837 1915 1085 1985 quidem,
1119 1917 1213 1972 sed
1245 1932 1352 1972 non
1386 1933 1481 1987 per
1510 1933 1748 1987 causam,
1780 1919 1873 1973 sed

292 2018 390 2073 per
411 2005 812 2070 convertentia,
843 2016 897 2061 et
925 2021 1020 2076 per
1061 2008 1262 2074 notius,
1296 2009 1544 2077 prohibet
1572 2011 1712 2063 cuitn
1743 2010 1873 2064 nihil

292 2108 443 2162 aque
496 2095 906 2164 prmdl‘cantium
939 2137 956 2162 ,
1017 2099 1194 2152 notius
1249 2098 1538 2168 aliquando
1592 2114 1713 2154 esse
1764 2115 1873 2154 non

292 2199 483 2251 causa,
511 2202 678 2254 quare
718 2202 814 2256 per
842 2188 980 2243 hanc
1025 2190 1130 2243 erit
1176 2190 1586 2247 demonstratio.
1614 2192 1687 2246 Ut
1729 2192 1873 2259 quod

295 2292 459 2347 prope
500 2280 607 2332 sint
652 2282 884 2350 planetae
906 2322 921 2346 ,
953 2296 1046 2351 per
1079 2282 1206 2336 illud
1232 2284 1373 2351 quod
1415 2299 1521 2338 non
1552 2284 1871 2351 scintillare,

293 2369 362 2422 sit
402 2370 452 2423 in
480 2385 586 2439 quo
617 2386 643 2422 c
691 2372 954 2439 planete,
1006 2373 1057 2427 in
1100 2387 1207 2441 quo
1236 2374 1265 2426 b
1302 2390 1408 2427 non
1456 2374 1785 2439 scintillare,
1821 2377 1873 2430 in

295 2473 402 2528 quo
430 2476 461 2511 α
502 2474 673 2530 prope
696 2475 850 2528 esse,
892 2478 1079 2517 rerum
1108 2464 1271 2533 igitur
1315 2473 1398 2518 est
1424 2465 1492 2518 de
1529 2481 1557 2517 c
1594 2467 1622 2517 b
1650 2465 1832 2520 dicere
1857 2510 1869 2530 ,

294 2552 521 2620 planetae
566 2552 708 2607 enim
767 2567 873 2607 non
907 2555 1232 2623 scintillant,
1276 2559 1370 2611 sed
1398 2566 1457 2611 ει
1501 2575 1533 2610 α
1560 2558 1627 2612 de
1657 2557 1714 2626 ὁ,
1762 2575 1874 2613 non

294 2644 590 2698 scintillans
620 2647 765 2699 enim
806 2660 971 2716 prope
996 2657 1100 2701 est.
1136 2648 1244 2702 Hoc
1285 2658 1461 2702 autem
1493 2650 1753 2718 accipitur
1784 2658 1879 2718 per

295 2733 660 2790 inductionem
679 2775 695 2800 ,
737 2746 827 2791 aut
855 2753 954 2806 per
982 2753 1223 2804 sensum,
1255 2754 1478 2795 necesse
1504 2754 1636 2811 ergo
1658 2758 1690 2793 a
1722 2742 1819 2810 ipsi
1850 2758 1881 2795 ε

298 2827 498 2894 inesse,
523 2842 691 2897 quare
710 2828 1143 2884 demonstratum
1165 2840 1248 2884 est
1277 2830 1419 2900 quod
1454 2832 1681 2900 planetas
1702 2842 1883 2901 prope

294 2927 442 2971 sunt.
477 2917 571 2971 Hic
610 2933 742 2988 ergo
778 2922 1124 2990 syllogismus
1150 2936 1258 2975 non
1296 2932 1379 2975 est
1430 2932 1654 2992 propter
1708 2923 1874 2993 quid,

290 3007 386 3061 sed
443 3006 565 3075 quia
599 3046 614 3071 ,
666 3008 963 3063 uon'enim
1010 3024 1077 3064 ex
1118 3024 1190 3065 eo
1236 3012 1380 3080 quod
1423 3027 1530 3066 non
1575 3013 1879 3068 scintillant

290 3111 461 3167 prope
487 3109 610 3151 sunt
633 3137 650 3163 ,
696 3099 787 3153 sed
818 3108 1034 3169 propter
1058 3100 1188 3155 illud
1211 3103 1354 3172 qu0tl
1370 3117 1543 3174 prope
1581 3114 1703 3159 sunt
1723 3144 1736 3169 ,
1766 3119 1875 3159 non

1980 1901 2161 1954 nativa
2186 1900 2252 1952 ad
2276 1899 2728 1964 stereometriam,
2760 1908 2812 1953 et
2843 1894 3155 1951 harmonica
3181 1894 3249 1949 ad
3271 1892 3568 1947 arithmeti-

1982 2006 2100 2045 cam
2129 2031 2142 2049 .
2192 1998 2249 2045 et
2278 1990 2591 2059 apparentia
2637 1989 2703 2044 ad
2753 1982 3116 2056 astrologiam.
3170 1986 3305 2040 Fere
3352 1983 3567 2053 quidem

1981 2084 2231 2152 univocm
2261 2093 2387 2139 sunt
2421 2082 2610 2137 barum
2641 2081 2882 2151 quaedam
2913 2079 3258 2135 scientiarum
3278 2120 3293 2139 ,
3318 2084 3377 2131 ut
3397 2088 3569 2131 astro-

1981 2176 2122 2247 logia
2147 2175 2551 2242 mathematica,
2576 2184 2632 2229 et
2660 2188 2778 2243 qua:
2810 2172 3019 2235 navalis
3046 2180 3148 2235 est,
3170 2177 3230 2225 et
3258 2168 3569 2233 harmonica

1986 2267 2404 2332 mathematica,
2449 2282 2568 2336 quat
2613 2275 2695 2320 est
2726 2272 2787 2319 et
2824 2263 3119 2318 secundum
3159 2259 3423 2315 auditum.
3472 2258 3569 2313 Hic

1984 2360 2133 2413 enim
2166 2358 2361 2428 ipsum,
2395 2358 2519 2426 quis
2549 2355 2882 2411 sensibilium
2907 2361 2990 2409 est
3013 2352 3185 2416 scire,
3219 2349 3315 2407 sed
3352 2359 3569 2419 promer

1987 2450 2146 2519 quid,
2201 2449 2727 2504 mathematicorum.
2771 2445 2835 2500 Hi
2862 2446 3006 2498 enim
3044 2442 3241 2497 habent
3285 2454 3567 2494 cauSurum

1985 2541 2497 2603 demonstrationes,
2527 2547 2581 2593 et
2605 2536 2917 2605 frequenter
2942 2536 3189 2589 nesciunt
3217 2533 3409 2600 ipsum,
3444 2529 3569 2597 quia

1988 2635 2129 2687 sicut
2158 2633 2234 2686 illi
2285 2630 2594 2687 universale
2637 2626 3083 2703 considerantes,
3132 2636 3277 2691 saepe
3324 2620 3565 2688 qumtlum

1986 2725 2341 2793 singularium
2358 2722 2633 2785 nesciunt,
2651 2728 2870 2789 propter
2887 2716 2937 2770 id
2957 2713 3100 2784 quod
3126 2726 3232 2767 non
3263 2708 3564 2764 intendunt.

1987 2816 2127 2875 Sunt
2160 2826 2348 2872 autem
2379 2815 2493 2869 hate
2525 2826 2859 2882 quacunque
2896 2810 3119 2862 alterum
3159 2803 3407 2874 quiddam
3444 2809 3567 2854 sunt

1990 2909 2288 2966 secundum
2317 2907 2699 2968 substantiam,
2724 2916 2777 2958 et
2801 2911 3015 2957 utuntur
3038 2899 3335 2968 speciebus.
3372 2896 3568 2948 Mathe-

1991 3002 2203 3056 matica:
2220 3002 2365 3055 enim
2386 3003 2528 3054 circa
2548 2999 2755 3067 species
2779 3007 2926 3059 sunt,
2951 3010 3054 3049 nou
3077 2993 3217 3047 enim
3239 2992 3304 3045 de
3325 2990 3566 3059 subjecto

1987 3094 2205 3164 aliquo,
2239 3093 2284 3149 si
2312 3092 2456 3148 enim
2498 3093 2565 3145 de
2592 3092 2769 3159 aliquo
2796 3090 3036 3158 subjecto
3064 3084 3385 3153 geometrica
3419 3090 3565 3145 sunt,

290 3186 606 3241 scintillant.
659 3187 922 3243 Possihite
979 3200 1061 3244 est
1115 3201 1291 3253 autem
1346 3199 1404 3247 et
1446 3209 1542 3262 per
1594 3194 1822 3250 alterum
1852 3241 1867 3264 ,

1994 3185 2093 3239 sed
2118 3199 2222 3239 non
2246 3192 2372 3237 sunt
2394 3182 2684 3237 secundum
2712 3180 2851 3251 quod
2880 3178 3201 3247 geometrica
3226 3186 3367 3229 ειιςιι.
3402 3174 3571 3227 liabet

292 3279 519 3334 alterunt
534 3290 862 3348 monstrare,
886 3292 938 3336 et
950 3283 1058 3337 erit
1078 3294 1301 3354 propter
1314 3286 1443 3354 quid
1458 3286 1871 3356 demonstratio,

293 3382 351 3424 ut
371 3371 483 3424 site
507 3370 754 3439 planeta,
772 3372 825 3427 in
849 3388 953 3441 quo
976 3374 1007 3428 ὁ
1034 3390 1198 3447 prope
1214 3392 1358 3446 esse,
1374 3396 1405 3431 a
1424 3394 1533 3434 non
1558 3381 1873 3446 scintillare,

291 3475 378 3520 est
411 3466 568 3535 igitur
594 3467 625 3518 ι
653 3466 705 3519 in
732 3482 761 3519 ε
779 3506 794 3532 ,
822 3469 965 3536 quod
993 3477 1076 3523 est
1102 3484 1207 3524 non
1245 3471 1541 3528 scintillare
1561 3517 1576 3541 ,
1619 3488 1787 3543 quare
1821 3483 1878 3528 et

292 3562 349 3611 in
378 3573 428 3621 ι’,
449 3566 503 3611 ει
530 3558 633 3613 erit
660 3569 884 3627 propter
912 3559 1037 3628 quid
1060 3561 1439 3632 syllogismus,
1470 3573 1697 3631 accepta
1729 3565 1874 3618 enim

291 3662 371 3707 est
394 3653 561 3721 prima
580 3667 772 3708 causa.
800 3654 999 3709 lterum
1030 3658 1107 3710 sic
1130 3659 1309 3712 lunam
1332 3659 1710 3714 demonstrant
1732 3662 1874 3730 quod

293 3746 509 3813 quidem
555 3746 832 3801 eircularis
860 3748 930 3801 sit
958 3762 1053 3816 per
1078 3750 1439 3815 incrementa,
1468 3753 1515 3806 si
1545 3752 1691 3806 enim
1733 3752 1875 3821 quod

294 3847 517 3905 augetur
544 3836 625 3892 sic
648 3838 911 3893 circulare
940 3840 1158 3908 quidem
1206 3846 1310 3908 sit,
1343 3854 1569 3913 augetur
1589 3852 1767 3899 autem
1799 3846 1880 3900 sic

297 3925 439 3992 luna,
464 3928 805 3984 manifestum
821 3932 1069 4000 quoniam
1090 3925 1392 4000 circularis,
1411 3936 1488 3991 sic
1504 3937 1664 4006 igitur
1687 3937 1877 4019 ipsius,

296 4020 419 4089 quia
446 4020 613 4075 iactus
642 4031 724 4076 est
753 4024 1116 4095 syllogismus,
1144 4041 1175 4081 e
1194 4041 1466 4083 converso
1495 4038 1672 4084 autem
1703 4012 1883 4100 posito
1922 4012 1935 4020 ’

298 4110 480 4165 medio
507 4112 670 4180 ipsius
692 4122 908 4181 promer
935 4118 1075 4185 quod
1102 4117 1447 4188 syllogismus
1479 4120 1561 4175 lit.
1596 4123 1708 4175 Non
1734 4122 1878 4175 enim

300 4210 523 4269 propter
572 4213 855 4271 augmenta
901 4204 1071 4274 ipsius
1114 4209 1400 4263 cireularis
1445 4219 1559 4275 est,
1610 4210 1706 4265 sed
1756 4211 1883 4279 quia

298 4290 584 4375 circularis
609 4303 711 4360 est,
743 4294 933 4365 accipit
960 4308 1241 4365 augmenta
1270 4298 1597 4368 bujusmodi.
1630 4300 1780 4355 Luna
1808 4301 1885 4355 sit

297 4384 350 4437 in
409 4400 517 4454 quo
566 4400 629 4449 ι,
680 4386 733 4439 in
784 4402 889 4456 qua
938 4388 966 4440 b
994 4389 1060 4443 sit
1095 4382 1474 4463 augmentum,
1507 4393 1576 4447 sit
1618 4394 1672 4447 in
1694 4410 1821 4463 'quo-
1852 4412 1887 4447 α

298 4478 577 4533 circulare.
612 4480 669 4534 In
699 4481 894 4550 quibus
910 4493 1096 4537 autem
1131 4486 1303 4539 media
1337 4501 1441 4540 non
1464 4497 1884 4555 convertuntur,

1988 3285 2172 3331 autem
2198 3290 2261 3330 se
2282 3274 2354 3329 nd
2378 3264 2772 3343 perspectivatn
2805 3272 2861 3325 sit
2885 3281 2939 3324 ιιι
2966 3270 3079 3324 lucc
3106 3268 3171 3321 ad
3200 3269 3567 3329 cemnctrium,

1987 3379 2045 3424 et
2089 3369 2188 3422 a‘ia
2216 3368 2280 3422 ad
2306 3369 2459 3422 istam
2481 3406 2494 3427 ,
2528 3375 2586 3419 ιιι
2612 3365 2663 3420 id
2692 3364 2830 3433 qttnd
2863 3374 2945 3416 est
2970 3362 3036 3416 de
3076 3361 3209 3416 iride
3238 3360 3411 3425 ipsum
3455 3358 3571 3424 (ιιιὶ-

1987 3464 2111 3515 detu
2140 3461 2262 3529 quia
2286 3469 2369 3515 est
2392 3460 2531 3513 scire
2557 3454 2782 3527 physici,
2811 3456 2902 3507 sed
2920 3464 3141 3521 propter
3165 3452 3287 3519 quid
3324 3465 3571 3518 perspec-

1989 3552 2119 3613 tivi,
2178 3560 2267 3605 aut
2315 3549 2660 3613 simpliciter,
2721 3555 2813 3599 aut
2858 3543 3147 3598 secundum
3204 3541 3567 3608 disciplinam.

1992 3643 2171 3699 Multa:
2212 3651 2387 3695 autem
2412 3679 2427 3704 ,
2468 3649 2521 3694 et
2549 3654 2653 3691 non
2687 3639 2784 3689 sub
2834 3650 2887 3687 se
2927 3634 3152 3687 inviceu
3194 3631 3568 3694 scientiarum,

1992 3735 2192 3789 habent.
2218 3733 2316 3793 sic,
2348 3738 2408 3785 ut
2457 3730 2716 3784 medicina
2748 3728 2810 3779 ad
2840 3716 3221 3795 geometriam,
3257 3720 3392 3785 quod
3424 3720 3565 3771 enim

1991 3827 2213 3879 vulnera
2248 3821 2529 3877 circularia
2552 3819 2757 3874 tardius
2784 3836 2806 3870 s
2845 3825 3057 3877 nuntur,
3092 3811 3393 3867 modici-est
3426 3810 3568 3862 scire

1991 3919 2138 3987 quia,
2171 3924 2388 3986 propter
2413 3913 2535 3985 quid
2566 3922 2741 3966 autem
2764 3919 3069 3980 geometra).

2605 4022 2828 4079 (ZAPUT
2871 4022 2956 4074 XI.

1993 4119 2229 4175 Primam
2249 4119 2469 4190 ﬁguram
2490 4116 2728 4171 maxime
2745 4114 2973 4168 scientia
2988 4127 3091 4166 esse
3111 4112 3565 4163 accommodatum.

2068 4211 2382 4279 Figurarum
2412 4221 2588 4262 autem
2620 4208 2817 4261 faciens
2840 4206 2977 4260 scire
3000 4202 3249 4259 maxime.
3274 4203 3443 4271 prium
3467 4211 3569 4253 est.

1994 4300 2383 4356 Mathematica:
2406 4299 2546 4353 enim
2576 4299 2922 4353 scientiarum
2960 4312 3050 4363 per
3082 4299 3216 4349 hanc
3239 4294 3573 4367 demmsra:

1995 4392 2170 4447 tiones
2199 4390 2411 4455 ferunt,
2448 4400 2505 4445 ut
2541 4391 2904 4454 arithmetica,
2937 4398 2990 4444 et
3016 4388 3329 4457 geometria,
3371 4400 3419 4439 et
3456 4402 3571 4461 ltcrf

2002 4488 2239 4554 spectiva
2262 4526 2279 4551 ,
2307 4493 2361 4537 ct
2389 4482 2500 4538 fere
2523 4494 2603 4539 est
2630 4483 2809 4538 dicere
2836 4495 3164 4552 quacunque
3196 4496 3302 4548 pro;
3330 4488 3405 4530 ter
3450 4477 3573 4547 quid

300 4578 355 4623 et
381 4578 464 4623 est
488 4571 671 4625 notius
701 4573 843 4640 quod
874 4588 979 4628 non
1028 4586 1110 4631 est
1136 4591 1296 4632 causa
1318 4622 1331 4641 ,
1375 4580 1495 4649 quia
1532 4589 1889 4648 monstratur,
1915 4580 1973 4642 Ι)
1996 4578 2268 4649 Speculari
2295 4579 2494 4632 faciunt
2517 4577 3027 4640 considerationem,
3052 4586 3143 4629 aut
3162 4574 3303 4627 enim
3332 4576 3571 4637 οιιιτιὶιιυ,

301 4660 395 4715 sed
421 4672 477 4716 et
506 4673 721 4732 propter
750 4664 903 4734 quid,
926 4681 1038 4721 non
1065 4669 1293 4739 amplius
1320 4669 1376 4724 in
1414 4671 1608 4741 quibus
1645 4672 1884 4728 medium

302 4761 456 4808 extra
478 4757 722 4824 ponitur,
758 4758 956 4811 etenim
986 4761 1039 4811 in
1077 4760 1158 4815 his
1183 4777 1290 4816 non
1330 4772 1551 4832 propter
1575 4764 1698 4833 quid
1725 4805 1741 4829 ,
1791 4764 1886 4820 sed

299 4845 467 4915 ipsius
491 4847 616 4917 quia
639 4847 1048 4915 demonstratio,
1078 4867 1185 4907 non
1214 4853 1357 4907 enim
1384 4854 1579 4909 dicitur
1606 4870 1789 4910 causa.
1815 4855 1891 4911 Ut

301 4951 522 5010 propter
547 4942 675 5011 quid
704 4958 805 4997 non
823 4946 1052 5013 respirat
1069 4947 1265 5016 paries,
1286 4948 1407 5015 quia
1428 4962 1533 5001 non
1563 4959 1643 5001 est
1662 4948 1886 5012 animal,

303 5032 347 5085 si
388 5031 534 5085 enim
566 5047 671 5087 non
692 5034 994 5103 respirandi
1018 5050 1176 5089 causa
1208 5038 1449 5101 esthoc,
1506 5047 1724 5109 oportet
1762 5054 1889 5095 esse

304 5124 501 5177 animal
551 5140 710 5180 causa
758 5128 1079 5197 respirandi.
1128 5129 1195 5183 Ut
1241 5130 1283 5183 si
1331 5132 1544 5198 negatio
1594 5147 1751 5185 causa
1801 5142 1889 5187 est

306 5217 471 5284 ipsius
503 5230 608 5271 non
668 5233 790 5273 esse
814 5261 831 5286 ,
874 5219 1162 5275 afﬁrmatio
1192 5235 1352 5275 causa
1400 5231 1482 5276 est
1519 5222 1683 5291 ipsius
1733 5238 1885 5288 esse,

303 5309 443 5363 sicut
470 5311 515 5363 si
540 5313 656 5367 sine
684 5327 935 5367 mensura
960 5330 1077 5368 esse
1101 5315 1269 5369 calida
1299 5326 1347 5368 ct
1378 5315 1588 5385 frigida,
1616 5308 1771 5367 eausa
1805 5326 1891 5367 est.

223 5406 227 5410 ’
303 5414 406 5452 nou
435 5401 692 5467 sanandi,
732 5412 788 5457 et
820 5420 1068 5458 mensura
1104 5404 1260 5474 hujus
1288 5419 1447 5459 causa
1489 5407 1591 5459 erit
1638 5403 1889 5456 sanandi.

304 5491 568 5547 Similiter
586 5504 768 5548 autem
793 5505 848 5549 et
869 5496 911 5548 si
945 5495 1231 5548 afﬁrmatio
1252 5505 1516 5550 estcausa
1540 5494 1711 5562 ipsius
1742 5508 1889 5556 esse,

303 5596 351 5637 et
386 5585 599 5647 negatio
629 5587 796 5654 ipsius
825 5602 928 5641 non
954 5602 1093 5640 esse.
1125 5586 1178 5663 lu
1213 5587 1295 5641 his
1327 5597 1502 5641 autem
1538 5588 1617 5639 sic
1664 5585 1895 5638 demon-

306 5678 488 5731 stratis
543 5694 645 5731 nnn
694 5682 949 5749 eontingit
996 5680 1133 5749 ψιιιΙ
1186 5678 1382 5732 dictum
1431 5688 1545 5744 est,
1592 5693 1699 5730 non
1740 5675 1886 5731 enim

306 5784 467 5828 Otuue
522 5771 716 5824 animal
778 5772 1021 5842 rc~pital..
1084 5769 1431 5839 Syllogsmus
1489 5778 1667 5825 autem
1730 5765 1959 5847 huiusd;

1997 4682 2090 4727 aut
2105 4671 2244 4726 sicut
2268 4671 2688 4739 l'requentius,et
2717 4668 2768 4721 in
2795 4670 3054 4736 plurimis,
3083 4668 3329 4735 perhanc
3355 4666 3576 4729 ll;,ttt‘ttttt

2004 4764 2114 4834 (qui
2147 4773 2229 4818 est
2260 4774 2475 4832 promer
2499 4760 2647 4831 quid)
2678 4759 2726 4813 ﬁt
2760 4761 3114 4829 syllmismus,
3143 4774 3305 4829 quare
3341 4768 3391 4811 et
3424 4771 3578 4821 prop-

2002 4870 2089 4913 ter
2138 4857 2239 4912 hoc
2280 4857 2388 4912 erit
2430 4856 2656 4909 maxime
2678 4854 2884 4909 iaciens
2924 4854 3059 4906 scire
3085 4895 3100 4915 ,
3152 4868 3307 4920 propr
3337 4852 3575 4903 issiuunu

2001 4953 2144 5009 enim
2196 4952 2372 5014 scire,
2404 4960 2622 5018 prepter
2667 4949 2790 5017 quid
2822 4948 3107 5009 s,:ccnlari.
3166 4946 3349 4999 ilo-tom
3412 4942 3575 5010 ipsius

2002 5041 2147 5111 quod
2177 5041 2297 5110 quid
2324 5051 2404 5096 est
2427 5041 2725 5107 scientiam,
2762 5056 2854 5106 per
2880 5041 3012 5093 hanc
3035 5040 3198 5094 solam
3231 5052 3273 5086 ν.
3298 5034 3409 5089 uari
3446 5050 3572 5100 [ως-

1995 5134 2153 5187 aihile
2178 5141 2279 5187 est.
2312 5132 2566 5187 Intuedia
2597 5133 2738 5185 enim
2767 5132 2926 5197 ﬁgura
2963 5146 3065 5183 non
3099 5129 3156 5183 ﬁt
3200 5125 3570 5197 prtedivzittvus

1999 5224 2357 5295 syllogismus,
2391 5226 2480 5276 sed
2517 5223 2683 5290 ip-ius
2713 5218 2848 5289 ειιιυι
2879 5220 3005 5288 quid
3036 5226 3117 5273 est
3143 5218 3393 5275 Scientia,
3432 5214 3575 5267 :tl‘lir.

1998 5319 2246 5371 tnaliottis
2290 5326 2405 5377 est,
2454 5316 2502 5367 in
2554 5333 2581 5364 ιι
2610 5315 2731 5366 ιίιηι
2762 5324 2936 5365 autem
2973 5312 3026 5363 lit
3066 5309 3309 5377 quidem,
3341 5307 3429 5361 δειί
3466 5322 3568 5358 nou

2003 5406 2394 5467 universaliter,
2437 5404 2527 5457 sed
2561 5403 2699 5471 quad
2734 5402 2856 5470 qud
2891 5414 2963 5454 ρει
2988 5444 3001 5463 ,
3036 5398 3417 5452 uuiversalium
3464 5408 3540 5447 est
3566 5436 3579 5459 ,

2002 5510 2110 5549 non
2170 5493 2308 5548 enim
2364 5493 2758 5561 quodammodo
2816 5504 2891 5544 est
2945 5491 3136 5542 animal
3191 5489 3338 5556 ltlpcs
3396 5495 3573 5540 humu.

2002 5587 2245 5653 Amplius
2279 5587 2390 5639 lucc
2432 5587 2552 5655 quid
2593 5603 2640 5637 ιιι
2677 5587 2777 5637 illis
2808 5584 2932 5636 nihil
2968 5582 3200 5648 indiget,
3248 5582 3349 5634 ilhc
3393 5592 3515 5633 ante
3541 5599 3571 5633 ιι

2002 5693 2085 5743 νος
2128 5679 2263 5731 hanc
2302 5677 2617 5737 tlt‘llelllllll',
2644 5686 2695 5725 et
2737 5683 3145 5741 augutcutautur
3176 5686 3449 5740 quousque
3477 5674 3582 5723 uti-

2001 5784 2106 5841 que
2139 5771 2202 5823 ad
2246 5768 2550 5823 immediatt
2600 5765 2852 5830 veniant,
2902 5758 3241 5821 ittaniiestunt
3290 5762 3450 5831 igitur
3502 5769 3589 5821 est
