4112 6332
473 286 564 351 721

1695 278 1805 340 ΔΝ.
1844 274 2051 339 ΜΑΝι.
2093 280 2241 337 ειν.
2278 280 2499 339 ΒΟΕΤΙΙ

3631 288 3745 347 71‘

472 417 610 486 quod
661 413 896 471 maxime
947 411 1156 482 propria
1204 403 1441 465 scientiae
1491 414 1573 464 est
1619 406 1787 477 prima
1837 406 2035 474 figura.
2066 404 2122 465 Α
2147 422 2266 478 quae
2294 416 2377 462 est
2399 426 2431 462 a
2460 425 2520 475 ο,
2577 423 2698 464 nam
2729 426 2757 465 c
2790 410 2820 466 ὁ
2850 413 3141 482 propositio
3192 425 3405 482 semper
3433 413 3564 469 falsa
3598 416 3727 481 erit,

472 510 620 565 Sicut
668 517 842 563 autem
869 523 900 559 a
920 520 1041 561 esse
1068 506 1120 558 in
1150 504 1178 557 b
1214 501 1474 571 contingit
1502 498 1916 560 indivisibiliter,
1962 498 2041 552 sic

473 610 526 655 et
558 616 661 654 ttun
693 614 812 654 esse
845 597 1092 664 possibile
1123 606 1232 659 est;
1264 594 1382 649 dico
1412 602 1589 647 autem
1628 588 2039 644 indivisibiliter
2066 624 2069 629 -

473 707 623 755 esse,
662 691 747 746 vel
788 704 892 744 non
919 704 1038 743 esse
1084 703 1149 743 eo
1177 686 1315 756 quod
1349 701 1453 739 non
1482 693 1565 738 est
1602 681 1800 753 aliquid
1853 695 2039 736 eorum

473 786 730 849 medium,
752 784 831 839 sic
859 782 1000 837 enim
1024 796 1130 835 non
1154 780 1253 835 erit
1273 778 1563 834 secundum
1580 774 1722 831 aliud
1740 789 1881 830 esse.
1908 774 2042 829 Cum

474 876 635 946 igitur
664 883 755 928 aut
782 890 813 927 a
839 886 931 927 aut
955 873 983 925 b
1008 874 1059 926 in
1088 881 1202 926 toto
1228 872 1405 939 aliquo
1435 869 1526 933 sit,
1555 877 1647 921 aut
1670 867 1833 921 etiam
1861 864 2041 929 ambo,

474 982 579 1021 non
630 965 891 1033 contingit
916 981 947 1016 a
980 964 1031 1017 in
1074 964 1102 1016 b
1133 963 1306 1031 primo
1337 976 1441 1015 non
1471 974 1613 1014 esse.
1646 958 1727 1014 Sit
1753 955 1896 1011 enim
1925 970 1957 1008 a
1986 954 2042 1008 in

477 1068 586 1112 toto
616 1074 662 1121 ε,
700 1057 859 1125 igitur
898 1056 943 1110 si
994 1054 1022 1107 b
1053 1069 1157 1108 nou
1200 1053 1359 1107 estin
1389 1062 1498 1106 toto
1525 1066 1552 1103 c
1595 1051 1794 1118 (potest
1842 1046 1984 1101 enim
2014 1060 2049 1097 α

475 1148 836 1217 quidcm'esse
866 1147 917 1199 in
947 1144 1177 1214 quodam
1206 1152 1339 1210 toto,
1373 1143 1465 1197 sed
1489 1145 1519 1195 b
1543 1156 1647 1195 nou
1672 1153 1792 1193 esse
1813 1139 1867 1192 in
1898 1135 2045 1207 huc),

474 1240 816 1310 syllogismus
864 1237 966 1290 erit
1012 1234 1153 1301 quod
1192 1248 1297 1287 non
1338 1234 1408 1285 sit
1435 1232 1543 1284 ain
1591 1230 1650 1293 b;
1675 1229 1719 1283 si
1749 1227 1976 1295 enimin
2017 1243 2051 1279 α

476 1330 686 1400 quidem
716 1330 860 1383 omni
887 1338 968 1382 est
994 1345 1040 1391 τ,
1068 1327 1119 1379 in
1151 1326 1179 1379 lt
1211 1336 1385 1380 autem
1427 1325 1573 1379 nullo
1592 1333 1672 1379 est
1696 1363 1711 1388 ,
1755 1324 1808 1378 in
1841 1322 1987 1377 nullo
2020 1323 2049 1376 ὁ

475 1434 555 1479 εει
580 1442 631 1477 α.
659 1423 918 1478 Similiter
940 1432 1115 1476 autem
1144 1431 1197 1476 et
1217 1424 1260 1474 si
1286 1422 1314 1474 b
1351 1421 1402 1474 in
1434 1420 1615 1490 aliquo
1646 1427 1759 1471 toto
1784 1425 1887 1481 est,
1915 1427 1973 1469 ut
1997 1416 2049 1470 in

476 1520 523 1580 b,
549 1518 582 1569 d
605 1516 746 1571 enim
786 1516 839 1569 in
870 1513 1015 1568 omni
1041 1515 1068 1566 b
1096 1522 1213 1577 est,
1240 1512 1291 1565 iu
1321 1527 1352 1563 a
1380 1520 1558 1566 autem
1587 1509 1764 1574 nullo,
1797 1510 1855 1576 d,
1882 1519 2051 1578 quare

475 1622 507 1660 α
530 1607 581 1661 in
605 1607 748 1660 nullo
768 1607 796 1659 b
816 1604 919 1659 erit
937 1618 1028 1673 per
1048 1603 1436 1673 syllogismum.
1463 1599 1668 1654 Eodem
1688 1606 1865 1652 autem
1892 1596 2051 1651 modo

476 1700 858 1757 monstrabitur
900 1700 1000 1755 etsi
1042 1708 1262 1768 utraque
1291 1696 1345 1751 in
1388 1704 1499 1751 toto
1526 1695 1705 1765 aliquo
1749 1694 1841 1749 sit.
1887 1691 2046 1760 Quod

2147 510 2365 570 propter
2394 500 2445 555 id
2500 502 2643 571 quod
2685 520 2713 557 c
2753 505 2806 559 in
2835 506 2983 561 nullo
3011 506 3039 559 b
3066 514 3183 572 est,
3235 504 3328 559 sed
3358 521 3478 575 qua:
3519 518 3605 561 est
3644 524 3679 561 α
3707 526 3739 561 ε

2147 601 2342 662 potest,
2396 603 2453 647 ut
2478 594 2525 650 si
2555 602 2664 650 aet
2687 594 2741 650 in
2766 612 2825 664 c,
2886 605 2942 652 et
2982 596 3036 651 in
3089 598 3119 650 b
3176 596 3575 673 indivisibiliter
3624 611 3734 667 est,

2146 698 2269 738 cum
2318 684 2461 739 enim
2502 686 2732 755 primum
2792 688 3111 757 praedicetur
3167 689 3308 744 idem
3360 689 3427 745 de
3460 691 3730 760 pluribus,

2147 787 2393 833 neutrum
2425 778 2478 831 in
2512 788 2699 834 neutro
2741 780 2863 836 erit.
2896 780 3080 836 Diﬂert
3134 792 3314 837 autem
3346 783 3511 847 nihil,
3558 800 3745 854 neque

2147 870 2193 926 si
2218 884 2324 924 non
2354 870 2741 928 indivisibiliter
2772 872 2917 939 insit,
2951 873 3119 944 ipsius
3144 874 3359 944 quidem
3387 890 3528 939 esse,
3563 875 3733 945 igitur

2149 961 2392 1030 deceptio
2421 977 2515 1031 per
2539 962 2659 1031 ista,
2691 973 2745 1018 et
2774 963 2853 1018 sic
2884 965 2943 1018 ﬁt
2973 966 3148 1019 solum
3170 1007 3185 1029 ,
3224 980 3333 1020 non
3359 967 3501 1021 enim
3529 977 3648 1022 erat
3680 967 3743 1023 in

2148 1050 2251 1105 alia
2282 1051 2446 1121 ﬁgura
2487 1051 2652 1121 ipsius
2679 1067 2799 1108 esse
2851 1053 3228 1125 syllogismus,
3282 1057 3375 1126 qui
3403 1072 3535 1112 vero
3566 1058 3750 1127 ipsius.

2152 1160 2257 1200 non
2284 1160 2424 1208 esse,
2450 1145 2503 1201 in
2532 1146 2702 1216 prima
2732 1146 2898 1217 ﬁgura
2919 1188 2935 1213 ,
2963 1155 3019 1203 et
3044 1149 3099 1203 in
3125 1148 3301 1204 media
3330 1158 3445 1215 est,
3499 1150 3746 1219 primum-

2152 1235 2310 1307 igitur
2338 1237 2576 1293 dicamus
2602 1245 2731 1309 quot
2752 1238 2925 1293 modis
2955 1239 3007 1294 in
3041 1241 3213 1309 prima
3254 1240 3343 1307 ﬁt,
3388 1250 3442 1296 et
3465 1242 3747 1311 quomodo

2152 1343 2212 1383 se
2238 1329 2557 1384 habentibus
2593 1330 3071 1399 propositionibus.
3101 1333 3372 1402 Contingit
3398 1334 3559 1403 igitur
3572 1336 3745 1392 utris-

2155 1434 2258 1488 que
2284 1418 2433 1474 falsis
2454 1462 2469 1488 ,
2503 1428 2558 1475 ut
2587 1420 2632 1475 si
2661 1437 2692 1475 α
2720 1430 2774 1477 ει
2798 1422 2851 1477 in
2883 1423 2910 1475 ὸ
2934 1466 2949 1490 ,
2997 1432 3052 1477 ει
3077 1424 3131 1479 in
3159 1439 3188 1476 c
3218 1424 3616 1481 indivisibiliter
3641 1430 3741 1493 sit,

2152 1508 2197 1562 si
2227 1507 2368 1563 enim
2398 1509 2687 1578 accipiatur
2711 1527 2745 1564 a
2769 1511 2820 1565 in
2858 1526 2886 1565 ο
2914 1511 3060 1566 nullo
3080 1526 3221 1578 esse,
3253 1529 3281 1566 c
3304 1522 3480 1570 autem
3510 1515 3563 1569 in
3584 1517 3745 1571 omni.

2155 1601 2205 1668 b,
2240 1601 2388 1656 falsa:
2408 1611 2534 1656 sunt
2576 1603 2992 1672 propositiones.
3034 1603 3306 1674 Contingit
3335 1615 3518 1662 autem
3567 1617 3622 1662 et
3650 1609 3747 1663 al-

2156 1701 2266 1747 tera
2300 1693 2468 1760 falsa,
2522 1702 2578 1749 et
2606 1694 2706 1750 hac
2765 1709 3081 1765 quacunque
3131 1696 3503 1767 contingente,
3560 1708 3749 1767 potest

477 1804 653 1847 autem
707 1792 972 1862 contingit
1009 1792 1036 1844 b
1066 1805 1171 1845 non
1219 1805 1339 1844 esse
1376 1789 1427 1843 in
1457 1803 1563 1858 quo
1599 1796 1711 1842 toto
1742 1795 1825 1841 est
1851 1802 1911 1850 α,
1960 1794 2051 1840 aut
2080 1775 2130 1835 Β
2155 1786 2297 1842 enim
2324 1802 2444 1856 qua:
2472 1794 2555 1841 est
2576 1804 2608 1839 a
2637 1804 2663 1841 c
2687 1803 2808 1843 vera
2843 1803 2997 1855 esse,
3050 1804 3170 1858 qua:
3197 1804 3327 1845 vero
3354 1790 3384 1843 b
3404 1807 3432 1844 ε
3453 1790 3606 1856 falsa,
3636 1791 3747 1847 sed

477 1888 670 1940 iterum
694 1903 726 1939 a
757 1887 805 1938 in
822 1899 928 1955 quo
950 1892 1033 1939 est
1051 1882 1100 1948 ὁ,
1128 1883 1473 1938 manifestum
1496 1889 1668 1935 estex
1693 1878 2055 1935 coordinatio-

478 1978 653 2051 nibus,
684 1990 1016 2046 quaecunque
1044 1990 1152 2029 non
1184 1981 1582 2029 commutantur
1620 1969 1686 2025 ad
1716 1970 1976 2034 invicem,
2006 1969 2054 2023 si

478 2072 617 2126 enim
651 2069 779 2122 nihil
811 2084 996 2123 eorum
1041 2082 1161 2138 quae
1187 2074 1313 2122 sunt
1358 2067 1409 2120 in
1441 2081 1474 2118 a
1499 2082 1525 2117 c
1554 2064 1588 2117 ά
1616 2062 2049 2135 coordinatione,

477 2162 545 2217 de
567 2162 713 2216 nullo
736 2161 1053 2231 praedicatur
1080 2175 1267 2216 eorum
1289 2175 1409 2229 quae
1432 2165 1555 2212 sunt
1578 2158 1627 2210 in
1646 2158 1675 2210 ὁ
1702 2172 1727 2210 e
1747 2157 1789 2225 f,
1814 2171 1845 2207 a
1874 2164 2053 2210 autem

478 2257 530 2309 in
589 2263 697 2309 toto
725 2271 788 2324 g,
819 2254 899 2309 sic
925 2251 1332 2308 coordinatione
1368 2248 1665 2312 existente,
1709 2245 2056 2301 manifestum

478 2358 558 2404 est
586 2347 726 2418 quod
757 2347 787 2400 b
810 2362 915 2401 non
943 2346 1044 2401 erit
1071 2346 1123 2400 in
1149 2363 1201 2416 g,
1231 2349 1691 2399 commutarentur
1720 2340 1864 2395 enim
1894 2352 2053 2393 coor-

478 2442 799 2508 dinationes,
816 2439 1062 2495 similiter
1074 2448 1250 2494 autem
1264 2446 1347 2492 est
1362 2447 1413 2492 et
1429 2437 1474 2491 si
1496 2434 1525 2487 b
1550 2436 1599 2489 in
1624 2443 1735 2488 toto
1756 2432 1932 2503 aliquo
1946 2439 2049 2487 est.

479 2532 536 2587 Si
592 2546 716 2586 vero
762 2540 1008 2586 neutrum
1058 2529 1130 2584 sit
1177 2530 1228 2583 in
1279 2536 1394 2583 toto
1423 2525 1603 2595 aliquo
1634 2524 1811 2588 nullo,
1843 2537 1953 2578 non
1983 2522 2057 2578 sit

479 2635 654 2679 autem
685 2640 715 2676 η
746 2624 800 2678 in
830 2625 881 2689 ιι,
910 2636 1132 2679 necesse
1158 2630 1241 2676 est
1272 2618 1666 2675 iudivisibiliter
1690 2632 1796 2672 non
1826 2630 1975 2679 esse;
2006 2614 2054 2671 si

480 2719 623 2773 enim
651 2718 752 2773 erit
780 2716 995 2787 aliquod
1025 2715 1283 2782 medium,
1314 2727 1535 2770 necesse
1560 2721 1643 2767 est
1679 2711 1909 2767 alterum
1951 2709 2053 2764 ho-

479 2825 595 2866 rum
622 2812 674 2866 in
699 2809 926 2881 quodam
953 2818 1063 2864 toto
1091 2822 1233 2876 esse,
1282 2816 1373 2862 aut
1403 2808 1547 2863 enim
1576 2805 1629 2860 in
1653 2805 1827 2875 prima
1858 2803 2052 2872 ﬁgura,

479 2914 569 2959 aut
597 2904 650 2958 iu
699 2903 870 2958 media
909 2902 1015 2957 erit
1057 2899 1414 2971 syllogismus,
1466 2896 1750 2969 siquidem
1796 2894 1955 2966 igitur
1996 2893 2053 2949 in

478 2997 648 3065 prima
677 2995 841 3065 ﬁgura
875 2993 925 3055 b,
952 2994 1051 3048 erit
1077 2992 1129 3046 in
1151 3000 1263 3045 toto
1287 2990 1487 3059 aliquo,
1512 2985 1883 3042 alﬁrmativam
1906 2983 2051 3041 enim

479 3090 543 3143 ad
578 3090 678 3143 hoc
700 3094 911 3158 Oportet
931 3085 1041 3140 ﬁeri
1065 3083 1512 3153 propositionem.
1538 3079 1597 3137 Si
1623 3094 1751 3134 vero
1775 3078 1830 3133 in
1857 3077 2050 3144 media,

2155 1894 2273 1947 qua:
2294 1885 2378 1933 est
2401 1895 2433 1933 a
2460 1895 2487 1933 ο
2507 1895 2653 1948 vera,
2680 1881 2932 1949 quoniam
2960 1896 3065 1936 non
3092 1877 3146 1937 in
3165 1884 3417 1939 omnibus
3437 1900 3556 1950 quae
3586 1894 3743 1952 sunt,

2155 1969 2295 2025 inest
2319 1986 2371 2039 o,
2404 1970 2499 2027 sed
2525 1987 2645 2041 quae
2672 1982 2755 2027 est
2777 1990 2804 2027 c
2834 1974 2863 2027 b
2889 1973 3021 2029 falsa
3044 1990 3167 2030 esse
3187 2016 3204 2042 ,
3252 1962 3501 2046 quoniam
3528 1977 3741 2047 impos—-

2155 2065 2311 2120 sibile
2342 2073 2427 2122 est
2447 2079 2572 2121 esse
2600 2065 2654 2120 in
2677 2066 2705 2119 ὁ
2734 2082 2791 2133 c,
2841 2067 2894 2121 in
2932 2082 3037 2138 quo
3060 2069 3213 2124 nullo
3245 2080 3329 2125 est
3353 2087 3419 2137 η,
3455 2085 3559 2125 non
3590 2070 3740 2126 enim

2156 2160 2319 2215 etiam
2344 2174 2471 2216 vera
2501 2161 2625 2225 erit,
2658 2175 2777 2230 quae
2807 2172 2889 2217 est
2915 2178 2946 2215 a
2970 2178 2997 2214 c
3016 2164 3341 2232 propositio,
3365 2162 3524 2219 simul
3551 2174 3736 2220 autem

2155 2260 2211 2307 et
2234 2251 2279 2305 si
2298 2249 2407 2306 sint
2444 2259 2686 2322 utrmque
2715 2267 2887 2321 verre,
2911 2262 2965 2308 et
2991 2254 3267 2310 cunclusio
3299 2270 3425 2310 vera
3449 2256 3589 2322 erit,
3636 2257 3737 2312 sed

2154 2343 2315 2398 etiam
2339 2358 2457 2413 quae
2481 2352 2564 2399 est
2598 2360 2625 2397 ο
2654 2344 2704 2400 b.
2735 2343 3005 2415 Contingit
3043 2361 3225 2401 veram
3252 2362 3376 2403 esse
3404 2363 3527 2402 cum
3553 2349 3726 2404 altera

2155 2433 2225 2488 sit
2249 2432 2409 2498 falsa,
2438 2443 2498 2488 ut
2521 2434 2567 2488 si
2594 2433 2623 2487 lt
2652 2434 2705 2488 in
2734 2450 2760 2487 ε
2779 2435 2872 2501 sit,
2892 2444 2949 2489 et
2969 2436 3021 2490 in
3046 2452 3100 2501 a,
3126 2450 3350 2492 necesse
3376 2447 3457 2492 est
3484 2436 3627 2492 enim
3657 2438 3738 2492 al—

2157 2534 2329 2580 terum
2360 2525 2461 2581 sub
2486 2525 2656 2581 altero
2684 2541 2827 2592 esse,
2848 2540 3016 2597 quare
3043 2527 3091 2582 si
3113 2527 3407 2598 accipiatur
3438 2545 3471 2581 a
3499 2528 3554 2583 in
3585 2529 3738 2585 nullo

2154 2632 2183 2670 ο
2207 2630 2349 2683 εεεε,
2372 2617 2504 2672 falsa
2528 2619 2630 2673 erit
2658 2618 2975 2689 propositio,
3008 2619 3183 2689 palam
3214 2620 3376 2689 igitur
3401 2623 3656 2691 quoniam
3678 2633 3739 2681 et

2156 2724 2276 2765 cum
2296 2710 2462 2767 altera
2487 2711 2557 2765 sit
2587 2710 2718 2766 falsa
2739 2752 2755 2779 ,
2796 2718 2853 2768 et
2891 2713 2946 2767 in
2980 2713 3258 2784 utrisque,
3290 2713 3459 2770 falsus
3484 2716 3739 2787 syllogis-

2155 2814 2276 2856 mus
2297 2801 2418 2856 erit.
2465 2800 2573 2857 Sed
2599 2801 2651 2857 iu
2679 2802 2853 2858 media
2879 2802 3095 2872 quidem
3136 2803 3302 2874 ﬁgura
3326 2813 3465 2860 totas
3489 2809 3751 2877 praposi-

2156 2891 2328 2947 tiones
2354 2906 2473 2947 esse
2502 2899 2758 2963 utrasque
2793 2890 2955 2949 falsas
2987 2908 3094 2948 non
3129 2894 3409 2969 contingit,
3438 2911 3562 2952 cum
3586 2899 3749 2954 enim:

2157 2983 2210 3037 in
2232 2983 2379 3039 omni
2400 2983 2428 3036 b
2451 3000 2481 3035 a
2508 2984 2600 3051 sit,
2624 2983 2754 3038 nihil
2784 2984 2888 3039 erit
2907 2985 3154 3055 accipere
3176 2987 3317 3056 quod
3347 2988 3403 3043 in
3430 2989 3602 3045 altero
3628 2990 3750 3050 eris

2156 3075 2326 3141 omni,
2357 3074 2409 3129 in
2424 3074 2597 3130 altero
2614 3089 2742 3130 vero
2766 3076 2910 3132 nullo
2939 3077 3076 3145 erit,
3125 3088 3339 3149 oportet
3362 3089 3542 3155 autem
3571 3082 3654 3137 sic
3675 3082 3746 3137 ini

479 3192 654 3237 utrum
676 3179 963 3248 contingit,
994 3176 1060 3232 ad
1083 3184 1367 3247 utrumque
1398 3173 1538 3246 enim
1570 3170 1744 3243 posito
1766 3170 2049 3241 privativo,
2077 3158 2125 3224 C
2159 3164 2332 3221 media
2361 3165 2527 3237 ﬁgura
2556 3168 2801 3237 accipere
2827 3169 3238 3239 propositiones,
3268 3180 3346 3227 et
3368 3173 3513 3244 quod
3542 3174 3597 3229 in
3626 3176 3743 3231 hoc

478 3274 582 3329 erit
608 3271 981 3343 syllogismus,
1036 3283 1157 3324 cum
1190 3278 1367 3322 autem
1400 3276 1624 3335 utraque
1654 3263 1918 3334 privativa
1948 3263 2047 3329 sit,

477 3378 586 3419 non
633 3362 765 3426 erit,
812 3359 1151 3416 manifestum
1197 3358 1357 3428 igitur
1384 3364 1469 3412 est
1510 3354 1651 3427 quod
1699 3354 1960 3422 contingit
1998 3362 2054 3410 et

475 3457 619 3514 aliud
642 3457 696 3512 in
728 3455 833 3511 alio
872 3469 981 3511 non
1010 3468 1129 3510 esse
1155 3451 1572 3518 indivisibiliter,
1607 3458 1660 3506 et
1686 3448 1898 3521 quando
1922 3462 2050 3504 con-

476 3553 650 3625 tingit,
681 3560 735 3608 et
757 3564 863 3621 quo
890 3548 1050 3603 modo
1077 3545 1329 3600 diximus.

1071 3676 1298 3734 CAPUT
1338 3677 1455 3733 Xll.

546 3776 623 3834 De
642 3775 939 3849 ignorantia
967 3781 1012 3827 et
1039 3771 1338 3849 syllogismo
1376 3771 1644 3849 imperitia:
1663 3788 1837 3825 eorum
1864 3786 1978 3842 qua:

860 3844 1024 3914 primo
1048 3841 1653 3911 immediateque'imunt.

544 3934 845 4009 Ignorantia
872 3943 1052 3989 autem
1082 3947 1189 3988 non
1219 3934 1513 3989 secundum
1542 3933 1876 4003 negationem
1900 3974 1916 4000 ,
1949 3932 2046 3990 sed

471 4028 764 4085 secundum
787 4026 1193 4096 dispositionem
1223 4024 1391 4092 dicta,
1415 4033 1500 4080 est
1522 4025 1737 4096 quidem
1765 4040 1856 4093 per
1877 4025 2045 4097 syllo-

470 4122 697 4190 gismum
723 4118 860 4174 facta
884 4115 1149 4185 deceptio.
1177 4116 1302 4172 Haec
1322 4125 1501 4171 autem
1533 4117 1587 4171 in
1611 4116 1695 4181 iis,
1719 4131 1838 4187 quae
1863 4104 2045 4173 insunt

469 4212 667 4283 primo,
692 4220 784 4265 aut
814 4224 918 4264 non
944 4208 1426 4278 insunt,contingit
1450 4207 1752 4279 dupliciter,
1782 4217 1871 4262 aut
1898 4208 2042 4263 enim

469 4314 551 4357 cst
580 4317 699 4358 cum
730 4301 1045 4371 simpliciter
1072 4299 1299 4370 accipiat
1326 4315 1468 4365 esse,
1502 4300 1587 4355 vel
1620 4315 1725 4355 non
1752 4314 1899 4364 esse,
1950 4307 2046 4355 aut

467 4411 589 4453 cum
622 4412 716 4466 per
736 4395 1105 4466 syllogismum
1150 4394 1376 4463 accipiat
1419 4394 1747 4463 Opinionem,
1786 4392 2043 4461 simplicis

465 4488 681 4559 quidem
710 4501 838 4556 ergo
863 4486 1129 4557 opinionis
1148 4485 1371 4556 simplex
1394 4484 1792 4556 ἀεεεριίοιεεᾱ
1820 4500 1938 4553 quae
1959 4490 2044 4540 εει

468 4596 563 4652 per
590 4578 955 4650 syllogismum
981 4579 1160 4649 plures
1185 4587 1329 4635 sunt.
1360 4578 1474 4634 Non
1501 4578 1571 4633 sit
1595 4579 1736 4634 enim
1758 4594 1792 4631 α
1814 4578 1867 4633 in
1896 4578 2041 4633 nullo

466 4672 496 4725 b
538 4670 952 4736 indivisibiliter,
980 4684 1106 4741 ergo
1153 4672 1198 4725 si
1250 4670 1527 4741 syllogizet
1569 4686 1599 4723 a
1625 4684 1745 4725 esse
1787 4669 1839 4724 in
1867 4669 1896 4721 b
1926 4683 2043 4725 me-

465 4765 611 4822 dium
640 4764 910 4833 accipiens
939 4768 999 4828 c‘,
1050 4764 1306 4833 deceptus
1356 4764 1463 4819 erit
1507 4777 1605 4833 per.
1644 4762 2035 4833 syllogismum,

462 4857 722 4929 contingit
754 4857 914 4927 igitur
961 4864 1217 4925 utrasque
1267 4856 1660 4925 propositiones
1704 4867 1824 4909 esse
1847 4854 2034 4921 falsas,

462 4951 722 5020 contingit
750 4959 927 5003 autem
951 4948 1171 5003 alteram
1204 4948 1377 5002 solum
1418 4961 1539 5002 esse
1574 4945 1780 5014 falsam,
1816 4945 1864 5001 si
1891 4946 2034 5001 enim

463 5062 636 5115 neque
662 5063 693 5099 a
724 5047 774 5099 in
798 5045 944 5099 nullo
965 5059 991 5096 c
1010 5044 1111 5099 erit
1128 5083 1143 5107 ,
1168 5056 1338 5112 neque
1364 5057 1390 5093 c
1411 5042 1468 5096 in
1499 5040 1643 5095 nullo
1663 5040 1692 5093 ὁ
1717 5040 1850 5105 erit,
1883 5054 2038 5097 acce-

459 5144 548 5205 pta
578 5145 757 5190 autem
783 5144 1002 5203 utraque
1029 5148 1060 5187 e
1083 5131 1353 5187 contrario
1376 5172 1390 5195 ,
1413 5130 1665 5199 'utrteque
1702 5131 1846 5186 enim
1877 5140 2038 5187 erunt

459 5224 627 5279 falsae.
684 5225 867 5279 Potest
906 5233 1084 5278 autem
1114 5222 1192 5278 sic
1231 5237 1292 5277 se
1322 5222 1522 5277 habere
1552 5238 1578 5275 c
1611 5222 1676 5277 ad
1703 5239 1735 5275 a
1761 5262 1775 5287 ,
1805 5232 1858 5277 ει
1884 5221 1952 5278 ad
1981 5223 2033 5291 ὸ,

454 5320 596 5385 quod
629 5330 800 5387 neque
832 5332 860 5369 ο
884 5317 983 5370 sub
1010 5332 1043 5369 α
1068 5314 1168 5379 sit,
1214 5330 1388 5385 neque
1416 5314 1469 5369 iu
1497 5316 1524 5367 ὁ
1547 5314 1919 5369 universaliter
1956 5329 1972 5366 :
2004 5312 2035 5367 ὁ

455 5409 667 5479 quidem
704 5408 1033 5478 impossibile
1053 5417 1135 5463 est
1159 5423 1277 5463 esse
1318 5409 1370 5462 in
1410 5408 1591 5479 aliquo
1620 5417 1761 5474 toto,
1794 5408 2025 5476 primum

452 5501 596 5557 enim
628 5501 827 5557 dictum
860 5510 942 5557 est
972 5501 1026 5557 in
1057 5502 1173 5569 ipso
1202 5518 1232 5553 a
1265 5499 1292 5554 b
1316 5515 1422 5555 non
1464 5515 1605 5564 esse,
1637 5518 1668 5553 α
1697 5512 1873 5556 autem
1920 5516 2027 5557 non

454 5608 675 5649 necesse
697 5601 782 5648 est
810 5592 1056 5647 omnibus
1094 5593 1303 5659 inesse,
1332 5607 1452 5663 qua:
1481 5603 1605 5646 sunt
1655 5607 1681 5644 c
1711 5594 2028 5648 universali-

454 5692 556 5750 ter,
585 5699 747 5753 quare
777 5692 1013 5753 utrmque
1040 5682 1185 5738 falsa:
1208 5692 1351 5739 sunt.
1386 5683 1492 5738 Sed
1515 5684 1735 5738 alteram
1765 5685 2026 5758 contingit

452 5785 632 5827 veram
664 5774 926 5843 accipere,
961 5786 1066 5828 non
1099 5779 1275 5830 tamen
1302 5773 1593 5846 quamlibet
1619 5775 1896 5845 contingit,
1930 5777 2023 5835 sed

2154 3257 2373 3329 quidem
2397 3258 2488 3324 sit,
2517 3267 2572 3314 et
2610 3259 2750 3330 quod
2796 3261 2849 3315 in
2880 3260 3100 3317 hocnon
3144 3262 3243 3328 sit,
3291 3263 3341 3317 si
3367 3264 3587 3335 quidem
3628 3268 3745 3324 eris

2154 3350 2527 3423 syllogismus,
2579 3352 2624 3406 si
2657 3351 2817 3422 igitur
2841 3355 3178 3423 accipiantur
3217 3355 3296 3409 sic
3319 3354 3501 3422 falsas,
3555 3358 3740 3427 palam

2153 3443 2294 3513 quod
2320 3442 2605 3499 contraria:
2634 3458 2665 3498 e
2698 3458 2960 3500 converso
2978 3459 3039 3500 se
3066 3445 3367 3515 habebunt,
3418 3447 3521 3503 hoc
3546 3461 3736 3504 autem

2153 3534 2487 3604 impossibile
2532 3542 2632 3590 est.
2678 3535 2735 3591 In
2761 3535 2939 3605 aliquo
2960 3546 3138 3593 autem
3163 3549 3441 3609 utramque
3484 3542 3740 3611 proptisiv

2153 3626 2353 3682 tionem
2384 3626 2515 3681 nihil
2538 3626 2784 3696 prohibet
2813 3626 3006 3683 falsam
3035 3643 3185 3695 esse,
3215 3640 3275 3686 ut
3298 3632 3391 3686 sic
3415 3632 3468 3687 in
3498 3650 3531 3686 α
3549 3673 3565 3698 ,
3593 3643 3647 3689 ει
3673 3634 3734 3691 in

2152 3716 2182 3769 b
2204 3717 2383 3788 aliquo
2403 3728 2486 3773 est
2512 3734 2527 3784 ;
2555 3718 2602 3774 si
2630 3720 2772 3774 enim
2794 3736 2826 3772 α
2861 3721 2915 3774 in
2954 3720 3160 3775 omni'c
3187 3722 3481 3792 accipiatur
3507 3739 3655 3792 esse,
3699 3728 3733 3779 ι

2152 3818 2329 3865 autem
2354 3811 2405 3866 in
2434 3810 2599 3878 nullo,
2625 3810 2774 3865 falsa:
2795 3811 3013 3882 quidem
3043 3821 3283 3884 utraeque
3313 3816 3729 3884 prapositiones,

2150 3914 2259 3956 non
2281 3910 2458 3957 tamen
2480 3910 2629 3968 tota),
2659 3902 2753 3957 sed
2786 3903 2841 3957 in
2866 3904 3065 3973 aliquo,
3084 3918 3117 3961 e
3135 3918 3398 3961 converso
3420 3917 3602 3961 autem
3632 3922 3739 3976 ρο-

2149 3994 2255 4050 εἰιο
2284 3992 2545 4063 privativa
2584 3993 2852 4049 similiter.
2914 3995 3153 4049 Alteram
3198 4006 3377 4052 autem
3421 3996 3630 4065 falsam,
3671 4008 3740 4054 et.

2148 4084 2443 4154 quamlibet
2463 4084 2756 4157 contingit,
2786 4085 2928 4156 quod
2951 4086 3095 4142 enim
3123 4095 3204 4142 est
3232 4087 3284 4142 in
3328 4104 3359 4140 a
3384 4089 3564 4157 omni,
3588 4098 3647 4144 et
3669 4089 3734 4144 in

2149 4175 2177 4228 b
2204 4182 2308 4240 est,
2338 4176 2385 4229 si
2410 4174 2569 4243 igitur
2592 4175 2888 4244 accipiatur
2917 4176 2971 4229 in
3000 4192 3033 4229 a
3052 4176 3265 4246 quidem
3299 4185 3409 4231 toto
3437 4192 3559 4233 esse
3583 4195 3611 4231 ε
3630 4219 3645 4244 ,
3674 4180 3734 4234 in

2147 4264 2177 4318 ὁ
2206 4273 2383 4320 autem
2411 4272 2526 4320 toto
2568 4278 2673 4320 non
2703 4279 2845 4332 esse,
2890 4281 3007 4335 quas
3031 4269 3245 4334 quidem
3276 4276 3360 4322 est
3396 4286 3422 4322 c
3447 4288 3480 4322 a
3507 4270 3611 4325 erit
3631 4285 3734 4326 ve-

2147 4370 2228 4421 ra,
2258 4355 2353 4411 sed
2381 4371 2501 4425 qua:
2528 4365 2611 4411 est
2630 4372 2658 4409 c
2683 4354 2711 4407 b
2742 4356 2895 4411 falsa.
2927 4357 3122 4412 lterum
3141 4358 3282 4429 quod
3314 4360 3367 4413 in
3388 4359 3417 4412 ὁ
3447 4361 3599 4415 nullo
3621 4373 3731 4428 est,

2146 4462 2320 4519 neque
2344 4449 2398 4502 in
2424 4463 2458 4501 a
2484 4447 2631 4502 omni
2651 4448 2786 4514 erit,
2824 4447 2870 4502 si
2901 4448 3045 4502 enim
3078 4450 3135 4504 in
3160 4467 3192 4503 a
3214 4459 3298 4504 est
3317 4490 3333 4516 ,
3362 4462 3416 4506 et
3442 4452 3496 4507 in
3525 4455 3554 4506 ιο
3579 4493 3597 4519 ,
3627 4454 3727 4510 sed

2066 4533 2121 4594 D
2148 4553 2254 4594 non
2284 4539 2475 4603 inerat,
2493 4538 2539 4593 si
2568 4538 2726 4608 igitur
2741 4538 3068 4608 accipiaturc
3089 4540 3142 4594 in
3169 4549 3281 4595 toto
3296 4541 3511 4611 quidem
3527 4561 3559 4597 α
3576 4559 3725 4609 esse,

2146 4632 2203 4689 in
2230 4632 2260 4687 ὁ
2286 4643 2462 4688 autem
2484 4632 2633 4687 nullo
2652 4634 2892 4703 quidem,
2915 4650 3035 4704 qua:
3055 4644 3139 4691 est
3165 4636 3196 4688 ὁ
3226 4652 3252 4688 c
3276 4638 3574 4706 propositio
3598 4655 3730 4696 vera

2146 4733 2246 4792 εει,
2275 4725 2441 4780 altera
2467 4739 2598 4780 vero
2626 4723 2780 4779 falsa.
2804 4724 3067 4781 Similiter
3100 4736 3278 4783 autem
3303 4728 3365 4782 ﬁt
3394 4733 3730 4801 transposito

2142 4817 2428 4887 privativa,
2461 4818 2607 4889 quod
2634 4822 2776 4874 enim
2800 4819 2854 4874 in
2882 4821 3028 4875 nullo
3055 4832 3138 4876 est
3164 4839 3217 4889 a,
3249 4837 3423 4892 neque
3447 4824 3554 4878 iub
3577 4827 3730 4881 nullo

2140 4909 2261 4973 erit,
2281 4907 2328 4963 si
2355 4907 2511 4978 igitur
2538 4910 2831 4979 accipiatur
2858 4910 2952 4985 ein
2975 4921 3086 4966 toto
3116 4912 3331 4983 quidem
3362 4932 3394 4969 a
3436 4930 3543 4970 non
3568 4932 3721 4985 esse,

2143 4998 2201 5053 in
2227 4997 2256 5050 ὁ
2281 5009 2458 5053 autem
2489 5014 2608 5054 esse
2635 5008 2745 5056 toto
2764 5041 2780 5068 ,
2806 4982 2923 5071 quae
2950 4982 3163 5069 quidem
3208 5013 3292 5059 est
3315 5021 3347 5057 a
3374 5021 3401 5057 c
3423 4982 3727 5075 propositio

2143 5104 2269 5145 vera
2289 5099 2395 5156 εει,
2418 5091 2585 5146 altera
2609 5101 2787 5147 autem
2815 5092 2967 5148 falsa.
3002 5095 3068 5149 Et
3095 5096 3285 5150 iterum
3311 5097 3452 5167 quod
3481 5100 3534 5153 in
3576 5104 3723 5156 omni

2143 5180 2171 5234 b
2198 5190 2302 5248 est,
2343 5182 2394 5236 in
2427 5183 2571 5237 nullo
2595 5183 2839 5251 accipere
2867 5201 2900 5237 a
2927 5199 3048 5240 esse
3070 5226 3085 5251 ,
3116 5186 3306 5241 falsum
3333 5197 3449 5256 est,
3495 5205 3725 5247 necesse

2139 5274 2281 5329 enim
2304 5283 2385 5329 est
2406 5273 2454 5328 si
2484 5273 2537 5328 in
2567 5276 2711 5329 omni
2734 5276 2761 5327 ὁ
2782 5318 2796 5343 ,
2828 5284 2882 5329 ει
2909 5276 2961 5331 in
2990 5275 3220 5346 quodam
3247 5294 3279 5331 a
3304 5293 3447 5345 esse,
3482 5281 3527 5333 si
3564 5283 3723 5351 igitur

2138 5375 2430 5445 accipiatur
2454 5374 2508 5429 in
2531 5376 2677 5430 omni
2704 5376 2918 5447 quidem
2942 5376 2970 5429 b
2992 5391 3109 5433 esse
3132 5395 3178 5444 c,
3205 5378 3258 5432 in
3288 5395 3321 5433 α
3341 5390 3518 5435 autem
3546 5383 3717 5448 nullo,

2137 5494 2257 5550 qua:
2285 5478 2498 5549 quidem
2522 5488 2605 5535 est
2630 5495 2657 5533 c
2687 5479 2749 5547 b,
2783 5496 2909 5535 vera
2935 5480 3075 5550 erit,
3127 5496 3247 5551 quae
3275 5491 3451 5537 autem
3483 5496 3567 5537 est
3616 5502 3646 5536 a
3667 5501 3718 5550 ε,

2133 5579 2288 5635 falsa.
2328 5580 2661 5636 Manifestum
2713 5581 2876 5651 igitur
2907 5582 3049 5652 quod
3069 5583 3307 5653 utrisque
3342 5583 3524 5651 falsis,
3557 5593 3613 5640 ει
3641 5586 3725 5640 alv

2134 5693 2246 5737 tera
2277 5683 2471 5757 solum,
2503 5686 2608 5742 erit
2644 5684 2988 5758 syllogismus
3017 5686 3331 5760 deceptivus
3352 5689 3403 5745 in
3436 5688 3720 5751 indivision

2131 5780 2306 5842 nibus.

2702 5900 2729 5914 ν
