4056 6330
325 280 425 341 729

916 409 1142 466 CAPUT
1182 409 1319 465 XIII.

363 507 437 562 De
457 504 755 579 syllogismo
782 506 1054 574 imperitia:
1088 521 1260 559 eorum
1288 521 1400 574 qua:
1429 506 1604 560 insunt
1635 504 1872 557 mediate.

395 642 450 696 In
482 641 545 695 iis
570 653 750 695 autem
775 655 894 708 qua:
921 654 1026 694 non
1052 639 1443 695 indivisibiliter
1463 641 1661 705 insunt,
1683 647 1775 692 aut
1804 652 1914 692 non

325 736 536 801 insunt,
564 750 684 789 cum
714 733 930 803 quidem
973 749 1068 803 per
1097 734 1370 802 proprium
1405 734 1638 789 medium
1671 733 1914 788 falsitatis

325 828 419 880 tiat
467 827 852 896 syllogismus,
900 841 1005 880 non
1049 826 1302 893 possibile
1349 835 1432 882 est
1471 825 1632 880 falsas
1653 829 1915 894 utrasque

324 934 444 973 esse
476 919 892 988 propositiones,
927 917 1018 973 sed
1037 919 1208 972 solum
1229 933 1344 985 qua:
1367 927 1492 971 ante
1527 917 1701 985 majus
1732 927 1915 972 extre-

323 1026 490 1065 mum.
535 1010 662 1064 Dico
711 1021 887 1065 autem
921 1010 1193 1080 proprium
1236 1010 1502 1075 medium,
1549 1025 1644 1079 per
1672 1009 1812 1080 quod
1857 1011 1916 1064 lit

323 1101 766 1157 contradictiouis
793 1102 1166 1173 syllogismus:
1199 1101 1271 1156 sit
1313 1102 1456 1156 enim
1482 1117 1512 1153 a
1542 1101 1596 1154 in
1624 1100 1652 1153 b
1683 1116 1778 1170 prr
1800 1115 1915 1155 me-

323 1193 468 1247 dium
497 1209 544 1258 c,
577 1194 829 1263 quoniam
859 1194 1019 1263 igitur
1050 1207 1271 1248 necesse
1298 1202 1381 1248 est
1405 1209 1524 1264 quae
1545 1201 1630 1248 est
1659 1209 1683 1245 c
1713 1194 1740 1246 b
1769 1191 1916 1246 afﬁr-

323 1285 574 1338 mativam
605 1286 776 1352 accipi
826 1285 1140 1355 syllogismo
1188 1285 1350 1352 facto,
1403 1285 1743 1339 manifestum
1768 1284 1912 1355 quod

324 1393 536 1447 semper
563 1378 678 1432 haec
707 1387 790 1434 est
817 1393 967 1445 vera,
993 1393 1098 1433 non
1126 1378 1269 1433 enim
1302 1380 1656 1444 convertitur,
1683 1377 1778 1432 Sed
1792 1392 1915 1448 quae

324 1477 407 1523 est
430 1485 461 1521 a
491 1484 518 1521 c
547 1469 697 1534 falsa,
732 1469 832 1522 hac
856 1469 1004 1524 enim
1034 1483 1316 1534 conversa,
1343 1485 1372 1524 e
1396 1469 1665 1524 contrario
1694 1468 1786 1522 fiet
1805 1468 1916 1538 syl-

323 1559 601 1629 Iogismus.
643 1559 902 1614 Similiter
927 1568 1105 1613 autem
1130 1568 1234 1624 est,
1265 1569 1321 1612 et
1344 1560 1389 1614 si
1418 1576 1484 1616 ex
1505 1560 1607 1613 alia
1629 1559 1916 1614 coordina-

321 1652 468 1708 tione
497 1652 788 1722 accipiatur
819 1652 1074 1720 medium,
1109 1662 1169 1706 ut
1199 1653 1232 1706 ά
1252 1695 1266 1716 ,
1299 1653 1342 1707 si
1372 1663 1425 1707 et
1455 1653 1508 1707 in
1542 1662 1653 1709 toto
1677 1670 1731 1719 a,
1761 1660 1815 1707 et
1844 1651 1914 1707 de

207 1763 231 1777 ο
322 1745 350 1796 b
380 1744 704 1814 praedicatur
745 1744 932 1810 omni,
982 1758 1205 1798 necesse
1237 1751 1318 1798 est
1343 1744 1484 1799 enim
1514 1745 1667 1813 (quae
1694 1743 1912 1811 quidem

320 1845 404 1891 est
432 1836 465 1887 ά
492 1837 556 1905 b)
581 1835 1003 1905 propositionem
1037 1850 1254 1890 manere
1275 1878 1289 1902 ,
1322 1837 1544 1890 alteram
1569 1845 1750 1890 autem
1780 1849 1913 1888 con-

321 1929 476 1984 verti.
527 1927 705 1994 Quare
748 1930 863 1984 haec
908 1929 1124 1999 quidem
1159 1943 1375 1999 semper
1425 1944 1591 1996 vera,
1647 1929 1739 1983 illa
1785 1941 1916 1983 vero

319 2034 530 2089 semper
555 2019 709 2086 falsa,
748 2031 803 2076 et
843 2020 956 2075 fere
980 2021 1287 2092 huiusmodi
1314 2022 1588 2092 deceptio,
1613 2021 1798 2076 eadem
1831 2028 1919 2076 est

321 2109 366 2163 ei
395 2124 513 2178 qua:
544 2109 602 2162 fit
631 2124 724 2179 per
757 2110 1034 2180 proprium
1086 2111 1346 2166 medium.
1389 2111 1447 2168 Si
1491 2126 1620 2166 vero
1649 2126 1757 2166 non
1817 2125 1918 2179 per

321 2203 596 2272 proprium
619 2203 856 2258 medium
885 2203 977 2258 fiat
1004 2204 1351 2276 syllogismus
1370 2247 1385 2273 ,
1415 2220 1536 2260 cum
1572 2204 1786 2275 quidem
1815 2202 1917 2258 sub

321 2314 350 2348 a
382 2298 451 2349 sit
477 2295 731 2361 medium,
759 2297 854 2351 inb
875 2306 1052 2352 autem
1081 2299 1228 2352 nullo
1243 2308 1348 2365 est,
1380 2313 1605 2354 necesse
1633 2309 1716 2353 est
1745 2306 1920 2352 utras-

322 2405 424 2459 que
446 2390 602 2444 falsas
633 2393 1065 2454 esse,sumend:e
1088 2391 1230 2445 enim
1254 2407 1284 2447 e
1314 2391 1586 2446 contrario
1605 2399 1728 2444 sunt
1754 2405 1915 2459 quam

322 2491 378 2534 ut
405 2496 462 2535 se
494 2480 727 2536 habeant
771 2482 1199 2552 propositiones,
1255 2484 1301 2538 si
1329 2483 1526 2538 debeat
1571 2483 1916 2551 syllogismus

321 2585 441 2624 esse
467 2586 480 2623 :
508 2571 583 2626 sic
609 2582 788 2626 autem
811 2575 1068 2642 acceptis,
1095 2583 1336 2643 utraeque
1369 2573 1504 2627 fiunt
1527 2572 1698 2637 falsae,
1732 2581 1789 2626 ut
1809 2573 1853 2626 si
1883 2587 1917 2624 α

322 2660 533 2729 quidem
567 2659 618 2714 in
657 2670 770 2715 toto
803 2664 835 2714 d
863 2673 966 2729 est,
999 2664 1032 2715 ά
1063 2672 1242 2717 autem
1276 2663 1329 2717 in
1359 2664 1508 2718 nullo
1538 2667 1602 2729 ὁ,
1639 2662 1914 2718 conversis

323 2754 464 2807 enim
490 2753 590 2817 iis,
615 2754 960 2826 syllogismus
987 2755 1091 2811 erit
1114 2796 1129 2821 ,
1165 2765 1220 2810 et
1251 2756 1644 2824 prapositiones
1674 2767 1915 2824 utraeque

325 2847 490 2901 falsae.
545 2847 678 2901 Cum
713 2863 841 2902 vero
879 2864 986 2902 non
1036 2848 1108 2902 sit
1150 2848 1306 2902 suba
1333 2847 1568 2902 medium
1599 2847 1742 2912 utd,
1794 2861 1914 2916 qua:

321 2939 534 3004 quidem
560 2949 640 2994 est
663 2957 694 2992 a
715 2940 748 2991 ά
777 2954 900 2994 vera
925 2939 1048 3006 erit,
1081 2955 1198 3010 qua:
1221 2955 1350 2996 vero
1378 2949 1460 2994 est
1481 2941 1516 2993 ά
1543 2941 1571 2992 b
1604 2940 1758 3005 falsa,
1789 2953 1912 3008 qua:

311 3031 462 3084 ‘cnim
490 3041 572 3085 est
596 3049 625 3084 n
650 3033 682 3083 ά
706 3045 828 3085 vera
858 3040 962 3095 est,
994 3031 1118 3101 quia
1151 3046 1256 3085 non
1280 3032 1383 3087 erit
1413 3032 1468 3085 in
1493 3048 1557 3096 α,
1592 3031 1656 3096 d,
1681 3045 1800 3100 qua:
1819 3044 1914 3085 ve-

320 3138 381 3179 ro
399 3134 482 3177 est
504 3124 537 3176 d
561 3125 590 3177 b
615 3124 768 3192 falsa,
802 3126 924 3194 quia
951 3125 998 3179 si
1026 3133 1173 3180 esset
1193 3141 1343 3194 vera,
1376 3133 1430 3179 et
1462 3123 1741 3179 conclusio
1764 3131 1910 3178 esset

321 3229 466 3281 vera,
497 3217 589 3271 sed
620 3217 752 3274 falsa
778 3228 911 3272 erat.
953 3218 1061 3274 Sed
1095 3234 1189 3287 per
1231 3217 1460 3273 mediam
1515 3221 1739 3288 figuram
1769 3218 1909 3273 facta

321 3307 663 3378 deceptione,
720 3320 976 3378 utrasque
1018 3311 1233 3379 quidem
1282 3325 1386 3363 non
1436 3309 1699 3380 contingit
1750 3308 1910 3363 falsas

321 3413 441 3454 esse
468 3399 861 3469 ρτοιιοείιίοιιεε
892 3408 1055 3468 totas,
1085 3415 1205 3453 cum
1237 3397 1381 3453 enim
1409 3399 1479 3452 sit
1509 3399 1537 3450 b
1564 3398 1780 3467 quidem
1805 3399 1910 3454 sub

321 3506 373 3556 α,
409 3490 541 3544 nihil
565 3475 831 3560 contingit
862 3491 915 3544 in
949 3489 1050 3543 hoc
1081 3489 1297 3560 quidem
1328 3491 1504 3555 omni,
1530 3490 1581 3544 in
1605 3489 1699 3544 illo
1728 3500 1908 3545 autem

323 3582 470 3636 nullo
491 3598 630 3648 esse,
662 3583 803 3637 sicut
823 3583 1023 3636 dictum
1047 3592 1203 3638 estet
1226 3584 1390 3652 prius.
1421 3582 1605 3638 Altera
1637 3598 1772 3644 vero,
1811 3597 1911 3654 po-

323 3684 426 3730 test
457 3691 576 3732 esse
605 3676 765 3745 falsa,
796 3687 846 3733 et
869 3693 1198 3748 quaecunque
1233 3679 1513 3748 contingit.
1557 3679 1612 3734 Si
1635 3678 1779 3734 enim
1808 3689 1912 3736 cet

323 3768 375 3823 in
399 3769 449 3835 b,
483 3779 535 3824 et
562 3769 615 3823 in
646 3787 676 3821 α
706 3780 818 3833 εει,
867 3772 911 3824 si
943 3772 1236 3840 accipiatur
1270 3772 1323 3826 in
1358 3790 1388 3824 a
1419 3772 1633 3841 quidem
1657 3788 1812 3839 esse,
1856 3773 1910 3828 in

323 3861 352 3912 b
380 3876 506 3914 vero
530 3877 634 3913 non
663 3875 800 3926 esse,
831 3877 948 3931 quce
979 3863 1187 3930 quidem
1215 3880 1245 3914 a
1263 3880 1287 3914 c
1315 3879 1438 3918 vera
1465 3864 1588 3929 erit,
1614 3866 1779 3919 altera
1805 3879 1901 3918 au-

325 3962 428 4007 tem
456 3953 609 4007 falsa.
647 3953 777 4009 Item
807 3955 851 4007 si
882 3955 934 4008 in
963 3954 991 4006 b
1017 3956 1308 4024 accipiatur
1337 3974 1363 4009 c
1393 3971 1534 4022 esse,
1578 3958 1628 4012 in
1662 3975 1692 4010 a
1727 3966 1909 4012 autem

325 4045 474 4100 nullo
495 4054 599 4109 est,
623 4061 740 4114 qua:
761 4046 976 4115 quidem
1002 4057 1084 4102 est
1113 4063 1138 4100 c
1161 4049 1188 4100 b
1217 4063 1342 4102 vera
1364 4050 1489 4112 erit,
1537 4049 1702 4104 altera
1729 4060 1910 4105 autem

326 4135 490 4200 falsa,
523 4137 781 4205 siquidem
815 4137 974 4209 igitur
1007 4140 1295 4208 privativus
1324 4140 1395 4194 sit
1437 4141 1771 4210 deceptiouis
1802 4143 1910 4212 syl-

325 4227 619 4297 logismus,
670 4227 868 4282 dictum
899 4239 978 4284 est
1009 4231 1222 4300 quando
1253 4242 1308 4286 et
1352 4248 1444 4297 per
1471 4248 1590 4301 quae
1621 4233 1724 4287 erit
1753 4232 1910 4287 dece-

325 4321 453 4391 ptio.
490 4321 544 4376 Si
576 4336 704 4376 vero
723 4323 794 4376 sit
816 4323 1184 4389 allirmativus,
1210 4334 1335 4378 tunc
1362 4341 1483 4380 cum
1511 4341 1606 4394 per
1636 4326 1907 4395 praprium

324 4412 557 4467 medium
587 4454 601 4476 ,
638 4414 966 4482 impossibile
1015 4425 1096 4470 est
1124 4425 1374 4487 utrasque
1402 4433 1525 4472 esse
1555 4419 1747 4483 falsas,
1809 4435 1906 4476 ne-

881 271 1356 333 POSTERIOBUM
1395 272 1941 332 ANALYTICORUM
1983 277 2436 338 ARISTOTELIS
2476 279 3051 338 INTERPRETATIO.

3489 280 3604 340 730

1947 393 1998 451 Α
2027 392 2095 444 tia
2123 403 2300 448 autem
2321 403 2376 448 ut
2424 396 2476 449 in
2524 396 2755 461 musica,
2788 412 2962 467 neque
2989 398 3173 466 utique
3222 415 3253 452 a
3282 398 3337 454 in
3369 399 3512 454 nullo
3542 403 3601 470 ά,

2023 500 2198 555 neque
2221 489 2253 540 ά
2284 488 2340 543 iu
2367 489 2514 542 nullo
2537 491 2564 542 b
2596 505 2734 546 esse.
2780 490 3117 547 Manifestum
3151 493 3310 563 igitur
3353 503 3436 548 est
3475 508 3608 563 quo-

2021 578 2166 632 niam
2197 593 2318 634 cum
2343 594 2447 634 non
2471 581 2541 635 sit
2564 583 2797 637 medium
2830 585 3124 653 proprium,
3148 593 3202 637 et
3223 590 3357 638 utras
3383 591 3610 653 possunt

2019 674 2181 730 simul
2209 689 2330 731 esse
2365 676 2509 732 falsae
2530 717 2546 743 ,
2579 687 2631 732 et
2665 693 2996 748 quzecunque
3019 680 3298 750 contingit.
3339 678 3610 748 Quotqui-

2019 767 2143 822 dem
2176 769 2335 838 igitur
2357 769 2550 838 modis,
2575 781 2629 825 et
2657 786 2752 841 per
2782 789 2899 842 qua:
2930 782 3154 843 possunt
3176 774 3294 828 fieri
3318 775 3611 830 secundum

2021 859 2390 929 syllogismum
2441 861 2808 932 deceptiones,
2831 873 2887 918 et
2925 863 2978 918 in
3006 865 3125 919 aliis
3181 880 3300 934 qua;
3326 873 3450 920 sunt
3494 865 3614 920 sine

2021 952 2222 1018 medio,
2245 963 2300 1009 et
2331 957 2384 1010 in
2418 954 2486 1010 iis
2505 970 2626 1026 quae
2653 967 2778 1012 sunt
2802 973 2896 1028 per
2917 958 3429 1017 demonstrationem
3493 973 3614 1016 ma-

2021 1046 2271 1104 nifestum
2295 1056 2396 1106 est.

2617 1161 2847 1228 CAPUT
2878 1167 3018 1223 XIV.

2057 1254 2120 1310 Si
2149 1272 2326 1313 sensus
2368 1274 2399 1311 a
2428 1259 2847 1332 naturudeﬁcit,
2880 1269 2928 1313 et
2953 1260 3216 1332 scientiam
3250 1259 3577 1332 pr'opriorttm

2103 1369 2106 1372 -
2445 1330 2758 1384 sensibilium
2777 1330 2922 1384 illius
2946 1331 3178 1400 deﬁcere.

2092 1437 2426 1494 Manifestum
2447 1448 2531 1494 est
2551 1448 2727 1493 autem
2751 1479 2766 1504 ,
2816 1448 2871 1494 et
2894 1439 2938 1493 si
2961 1439 3155 1509 aliquis
3184 1455 3375 1496 sensus
3401 1441 3612 1497 defece-

2021 1531 2114 1596 rit,
2140 1547 2362 1588 necesse
2385 1543 2468 1587 est
2487 1535 2723 1603 aiiquam
2755 1535 3036 1590 scientiam
3054 1534 3481 1607 delicere,quam
3513 1537 3612 1591 im-

2024 1624 2278 1689 possibile
2298 1633 2381 1680 est
2407 1625 2684 1696 accipere,
2737 1626 3018 1696 siquidem
3051 1627 3340 1693 discimus,
3381 1637 3473 1682 aut
3520 1643 3613 1698 per

2023 1715 2386 1771 inductioan
2407 1759 2421 1783 ,
2455 1728 2546 1772 aut
2573 1734 2670 1788 per
2704 1719 3242 1775 demonstrationem.
3312 1719 3407 1774 Est
3435 1730 3612 1779 autem

1947 1793 1996 1853 Β
2025 1805 2418 1863 demonstratio
2438 1824 2503 1864 ex
2535 1810 2950 1876 universalibus,
2980 1810 3216 1864 inductio
3235 1819 3416 1865 autem
3444 1825 3513 1865 ex
3546 1811 3612 1865 iis

2025 1914 2146 1967 quae
2170 1909 2298 1953 sunt
2321 1901 2686 1969 particularia.
2717 1901 3051 1972 Impossibile
3079 1911 3259 1956 autem
3282 1911 3368 1957 est
3393 1903 3613 1956 univer-

2023 1990 2157 2044 salia
2199 1993 2488 2061 speculari,
2545 1993 2647 2048 nisi
2678 2008 2774 2060 per
2818 1993 3223 2058 inductionem,
3284 1992 3532 2062 quoniam
3562 1999 3614 2048 ει

2022 2099 2142 2154 qua:
2176 2102 2237 2139 ex
2269 2085 2629 2141 abStractione
2653 2085 2940 2152 dicuntur,
2993 2094 3077 2140 est
3114 2099 3210 2154 per
3247 2083 3614 2140 inductionem

2022 2188 2148 2232 nota
2173 2177 2371 2244 facere,
2396 2179 2439 2234 si
2467 2179 2713 2250 quisvult
2740 2185 2867 2234 nota
2891 2178 3084 2243 facere.
3102 2177 3225 2246 quia
3248 2184 3375 2232 sunt
3400 2178 3452 2230 in
3479 2191 3614 2230 uno-

2021 2283 2233 2340 quoque
2254 2286 2452 2340 genere
2471 2269 2740 2341 quaedam,
2757 2279 2813 2325 et
2837 2270 2884 2324 si
2915 2284 3020 2324 non
3049 2267 3368 2340 separabilia
3395 2268 3504 2322 sint
3527 2278 3615 2322 so-

2021 2363 2253 2418 cundum
2277 2362 2421 2434 quod
2448 2361 2756 2433 huiusmodi
2778 2360 3196 2432 unumquodque
3211 2369 3315 2415 est.
3357 2359 3614 2413 Inducere

2023 2467 2202 2511 autem
2249 2472 2356 2512 non
2389 2459 2649 2515 habentes
2677 2473 2894 2514 sensum
2924 2500 2938 2524 ,
2993 2455 3326 2526 impossibile
3355 2462 3468 2518 est,
3501 2453 3614 2508 sin-

2022 2548 2291 2618 gularium
2323 2550 2466 2604 enim
2493 2564 2684 2606 sensus
2713 2559 2816 2613 est,
2864 2564 2970 2603 non
3005 2547 3148 2602 enim
3176 2545 3440 2616 contingit
3466 2541 3612 2597 acci-

2021 2657 2152 2711 pere
2174 2642 2414 2711 ipsorum
2443 2644 2723 2698 scientiam
2742 2683 2758 2709 ,
2798 2657 2971 2711 neque
2999 2641 3143 2696 enim
3174 2648 3257 2695 est
3283 2653 3355 2694 ex
3399 2635 3612 2692 univers-

2019 2733 2222 2788 salibus
2251 2733 2369 2790 sine
2398 2734 2742 2801 inductione,
2776 2747 2952 2804 neque
2980 2747 3072 2803 per
3099 2730 3464 2787 inductionem
3492 2729 3611 2801 sine

2019 2839 2200 2881 sensu.
3589 2847 3592 2850 '

2625 2936 2849 2996 CAPUT
2887 2936 3008 2992 xv.
3471 2984 3516 3022 ,

2020 3032 2101 3087 Ex
2127 3041 2247 3103 quot
2272 3041 2319 3089 et
2348 3032 2589 3102 qualibus
2619 3042 2813 3087 constat
2835 3030 3166 3103 syllogismus
3190 3069 3209 3097 ,
3246 3039 3295 3085 et
3315 3043 3382 3083 an
3407 3036 3610 3082 sursum

2305 3125 2602 3179 deormmve
2629 3125 2720 3193 ﬁat
2749 3125 2802 3178 iu
2829 3123 3090 3193 inﬁnitum
3118 3120 3296 3176 abitio.

2091 3239 2184 3292 Est
2212 3245 2391 3293 autem
2418 3238 2595 3293 omnis
2624 3235 2966 3308 syllogismus
2999 3249 3090 3305 per
3113 3243 3223 3289 tres
3245 3232 3525 3298 terminos,
3556 3237 3612 3286 et

2019 3330 2233 3400 quidem
2273 3341 2577 3386 monstrare
2619 3329 2889 3399 possibilis
2911 3337 2996 3383 est
3025 3327 3275 3397 quoniam
3303 3342 3338 3379 α
3368 3331 3453 3379 εει
3477 3322 3531 3378 in
3558 3338 3608 3391 c,

2017 3437 2238 3495 propter
2268 3423 2322 3480 id
2363 3424 2504 3495 quod
2549 3431 2632 3479 est
2658 3424 2712 3477 in
2740 3422 2791 3488 Ι),
2821 3433 2873 3476 ει
2899 3422 3002 3476 hoc
3030 3424 3082 3474 in
3110 3437 3159 3474 c.
3182 3419 3289 3475 Sed
3322 3417 3612 3488 privativus

2019 3526 2104 3572 est
2132 3517 2351 3588 quidem
2396 3517 2617 3572 alteram
2651 3513 3071 3586 propositionem
3103 3511 3310 3567 habens
3353 3511 3610 3583 quoniam

2019 3618 2103 3663 est
2131 3608 2333 3678 aliquid
2353 3608 2498 3663 aliud
2525 3608 2578 3662 in
2604 3608 2734 3674 alio,
2775 3608 2995 3660 alteram
3025 3612 3201 3658 autem
3229 3604 3480 3674 quoniam
3505 3617 3610 3657 non

2019 3712 2122 3759 est.
2154 3703 2490 3758 Manifestum
2515 3703 2677 3772 igitur
2699 3699 2942 3771 estquod
2978 3697 3260 3768 principia,
3284 3705 3338 3751 et
3367 3695 3611 3766 supposi-

2021 3795 2199 3850 tiones
2219 3795 2361 3850 dicta
2394 3799 2507 3850 haec
2528 3803 2675 3858 sunt,
2707 3791 3058 3861 accipientem
3084 3790 3225 3844 enim
3254 3787 3370 3842 hare
3392 3787 3488 3852 sic,
3521 3800 3612 3840 nev

2020 3902 2170 3942 cesse
2200 3894 2281 3942 est
2304 3897 2606 3942 monstrare
2646 3893 2704 3940 ut
2734 3884 2878 3956 quod
2909 3901 2941 3936 a
2969 3881 3120 3937 sit-in
3148 3898 3174 3934 c
3205 3895 3300 3950 per
3329 3880 3385 3947 b,
3421 3879 3611 3935 iterum

2017 3989 2195 4034 autem
2220 3979 2362 4049 quod
2384 3997 2414 4032 α
2443 3981 2511 4034 sit
2536 3981 2587 4034 in
2611 3981 2638 4032 b
2669 3994 2761 4047 per
2785 3976 2929 4032 aliud
2960 3975 3220 4042 medium,
3251 3982 3305 4028 et
3330 3970 3472 4042 quod
3495 3970 3522 4024 b
3544 3970 3611 4031 sit

2017 4071 2072 4125 in
2102 4089 2128 4124 c
2157 4072 2425 4127 similiter.
2450 4073 2758 4127 Secundum
2783 4071 2943 4140 igitur
2965 4067 3275 4136 Opinionem
3293 4064 3611 4135 syllogizan-

2019 4163 2179 4229 tibus,
2211 4174 2263 4217 et
2295 4163 2469 4217 solum
2511 4162 2815 4227 dialectice,
2850 4159 3190 4214 manifeStum
3228 4168 3308 4211 est
3332 4156 3471 4226 quod
3513 4155 3611 4210 hoc

2018 4256 2194 4309 solum
2241 4255 2661 4319 intendendum,
2696 4254 2740 4306 si
2774 4268 2836 4307 ex
2869 4253 3067 4321 quibus
3100 4247 3358 4318 contingit
3387 4247 3612 4302 maxime

2017 4349 2388 4418 probabilibus
2420 4350 2510 4402 liat
2537 4346 2899 4417 syllogismus.
2933 4345 3108 4410 Quare
3149 4351 3202 4396 et
3233 4343 3277 4396 si
3311 4352 3391 4395 est
3417 4339 3610 4408 aliquid

2018 4443 2078 4496 iu
2108 4445 2332 4499 veritate
2364 4459 2552 4498 eorum
2603 4458 2721 4511 quae
2765 4449 2890 4493 sunt
2945 4456 2975 4490 a
3021 4438 3048 4489 b
3098 4435 3364 4498 medium,
3407 4431 3611 4486 videtur

324 4520 474 4622 “:50
494 4517 575 4560 εει
611 4508 752 4561 enim
798 4523 915 4576 quiB
955 4519 1036 4563 θδι
1068 4527 1094 4562 ε
1124 4511 1152 4563 δ
1181 4527 1398 4567 manere
1421 4553 1434 4575 ν
1493 4512 1758 4582 δίηιιίάειη
1806 4513 1909 4568 θτίί
1937 4562 1990 4622 D
2021 4549 2200 4592 autem
2225 4553 2333 4591 non
2363 4551 2483 4590 esse
2508 4551 2600 4604 per
2620 4508 2731 4586 ihoc
2749 4532 3094 4602 syllogizans,
3119 4527 3398 4598 syllogizat
3418 4522 3612 4577 dialec-

324 4614 383 4622 --.
435 4599 662 4622 A..:.....---
688 4600 818 4622 -2----
858 4601 1052 4622 Ali---___
1087 4614 1158 4622 Δ..
1191 4614 1232 4622 ,.
1300 4604 1335 4622 ,9
1363 4621 1368 4622 ,
1473 4621 1548 4622 κερ
1613 4621 1620 4622 ,
1774 4620 1787 4622 -
1807 4621 1816 4622 κ
3001 4621 3004 4622 ,

323 4599 664 4669 syllogismus
687 4600 824 4655 sicut
854 4601 1056 4656 dictum
1079 4614 1163 4659 est
1182 4614 1235 4658 et
1260 4604 1426 4672 prius,
1461 4621 1631 4675 quare
1661 4622 1686 4657 c
1709 4622 1741 4658 a
1766 4620 1909 4660 sem-

322 4704 418 4758 per
444 4690 547 4744 erit
570 4690 726 4755 falsa,
755 4691 869 4747 haec
897 4694 1039 4747 enim
1070 4705 1154 4750 est
1184 4710 1463 4752 conversa.
1522 4697 1782 4754 Similiter
1813 4714 1908 4753 au-

321 4792 426 4838 tem
455 4794 537 4838 est
558 4794 614 4839 et
638 4785 683 4839 si
713 4801 776 4839 ex
797 4787 900 4840 alia
927 4786 1262 4844 ordinatione
1307 4791 1605 4860 accipiatur
1645 4792 1905 4857 medium,

319 4876 458 4931 sicut
485 4878 684 4931 dictum
708 4886 792 4932 est
827 4886 881 4932 et
910 4878 962 4932 in
992 4881 1250 4948 privativa
1281 4882 1632 4952 deceptione,
1678 4899 1904 4941 necesse

315 4970 458 5020 enim
491 4978 712 5038 estquae
735 4971 949 5038 quidem
980 4982 1063 5026 est
1091 4973 1125 5025 ά
1171 4973 1198 5026 b
1228 4990 1446 5030 manere
1475 5017 1490 5041 ,
1516 4992 1635 5046 quae
1669 4992 1798 5034 vero
1816 4985 1902 5032 est

317 5073 350 5108 a
377 5058 411 5108 ἀ
438 5061 703 5125 converti,
728 5071 782 5117 et
812 5061 926 5118 haec
950 5064 1194 5134 deceptio
1220 5068 1408 5123 eadem
1435 5078 1516 5124 est
1545 5071 1731 5138 priori.
1769 5073 1901 5128 Cum

317 5163 446 5202 vero
491 5151 566 5204 sic
593 5168 696 5206 non
722 5169 817 5221 per
847 5158 1150 5225 proprium,
1214 5159 1258 5212 si
1287 5162 1501 5229 quidem
1545 5162 1613 5218 sit
1644 5163 1677 5214 d
1721 5165 1821 5219 sub
1846 5183 1899 5231 a,

317 5242 432 5296 haec
459 5243 672 5310 quidem
703 5247 808 5300 erit
833 5262 982 5312 vera,
1006 5249 1178 5304 altera
1205 5265 1332 5305 vero
1357 5251 1511 5319 falsa,
1547 5263 1724 5322 potest
1754 5261 1899 5311 enim

312 5352 343 5387 a
376 5335 426 5388 in
460 5336 701 5404 pluribus
733 5353 874 5403 esse,
915 5356 1032 5410 qua:
1055 5358 1159 5396 non
1189 5353 1312 5396 sunt
1336 5344 1434 5397 sub
1465 5359 1524 5399 se
1549 5345 1801 5402 invicem.
1838 5348 1896 5403 Si

313 5442 444 5481 vero
475 5441 581 5481 non
608 5429 678 5483 sit
705 5430 739 5482 ά
783 5431 883 5485 sub
925 5449 987 5499 η,
1040 5434 1155 5490 haec
1179 5435 1393 5504 quidem
1422 5450 1636 5506 semper
1667 5441 1893 5496 manife-

310 5527 450 5573 stum
481 5529 562 5575 est
589 5523 839 5592 quoniam
867 5535 950 5580 est
1003 5525 1164 5592 falsa,
1213 5526 1526 5582 afllrmativa
1560 5530 1702 5584 enim
1747 5533 1894 5586 acci-
1943 5539 1950 5552 '

311 5610 507 5679 piatur.
558 5614 687 5680 Qua:
724 5632 850 5671 vero
879 5625 960 5672 est
987 5617 1020 5668 d
1045 5617 1105 5683 b,
1154 5621 1413 5690 contingit
1456 5631 1508 5674 et
1538 5637 1718 5676 veram
1751 5639 1890 5690 esse,

310 5713 361 5757 et
392 5704 580 5758 falsam
601 5748 614 5772 ,
657 5707 791 5762 nihil
821 5710 963 5763 enim
1001 5710 1246 5778 prohibet
1290 5727 1321 5762 α
1347 5711 1563 5780 quidem
1609 5714 1661 5767 in
1693 5715 1838 5769 nullo
1861 5719 1894 5769 ιι

307 5809 448 5860 esse.
468 5800 502 5852 ά
529 5810 704 5858 autem
739 5804 789 5859 in
812 5805 954 5863 omni
978 5806 1028 5871 b,
1054 5814 1111 5862 ut
1141 5805 1337 5864 animal
1365 5807 1416 5864 in
1448 5809 1694 5874 scientia,
1716 5811 1891 5872 scien-

2020 4629 2150 4683 tice.
2197 4628 2275 4683 Ad
2309 4627 2586 4682 veritatem
2619 4635 2795 4678 autem
2820 4661 2836 4687 ,
2868 4637 2932 4675 ex
2977 4621 3042 4674 iis
3073 4635 3192 4688 qu;c
3242 4629 3364 4671 sunt
3396 4623 3608 4684 oportet

2019 4719 2300 4774 intendere
2323 4761 2339 4785 ,
2389 4719 2548 4772 habet
2589 4726 2764 4770 autem
2798 4730 2856 4769 se
2888 4716 2984 4767 sic.
3033 4713 3294 4779 Quoniam
3323 4719 3500 4764 autem
3533 4715 3611 4766 est

2019 4811 2163 4881 quod
2208 4814 2381 4881 ipsum
2429 4809 2644 4879 quidem
2675 4809 2742 4862 de
2766 4809 2867 4861 alia
2901 4806 3252 4876 praedicatur,
3288 4817 3390 4856 non
3418 4815 3612 4854 secun-

2018 4902 2148 4956 dum
2185 4902 2457 4956 accidens.
2508 4901 2636 4956 Dico
2683 4908 2860 4954 autem
2893 4898 3185 4952 secundum
3223 4895 3506 4959 accidens,
3559 4901 3610 4953 ut

2017 4994 2201 5048 album
2249 4992 2535 5062 aliquando
2567 4993 2795 5046 dicimus
2828 4990 2957 5044 illud
2988 5006 3106 5044 esse
3157 4989 3424 5042 hominem
3451 5026 3465 5049 ,
3507 4999 3610 5043 non

2019 5084 2269 5140 similiter
2293 5085 2532 5139 dicentes
2555 5094 2607 5138 et
2631 5083 2900 5137 hominem
2934 5083 3137 5145 album,
3170 5095 3290 5133 cum
3333 5077 3474 5133 enim
3506 5092 3610 5132 non

2021 5176 2089 5232 sit
2117 5175 2376 5241 alterum,
2409 5175 2625 5244 aliquod
2681 5176 2859 5229 album
2912 5183 3032 5241 est,
3086 5172 3262 5226 album
3309 5181 3488 5225 autem
3533 5180 3609 5230 est

2023 5267 2219 5332 homo,
2264 5269 2515 5337 quoniam
2547 5267 2744 5321 accidit
2798 5264 3003 5319 homini
3055 5278 3173 5319 esse
3221 5262 3438 5325 album.
3489 5270 3609 5317 sunt

2019 5359 2181 5428 igitur
2202 5358 2444 5428 quaedam
2477 5358 2813 5426 huiusmodi,
2847 5369 3179 5425 quaecunque
3223 5353 3516 5408 secundum
3549 5367 3609 5408 se

2023 5451 2398 5520 praedicantur.
2431 5452 2486 5505 Si
2521 5452 2684 5520 igitur
2714 5467 2739 5503 c
2767 5446 3071 5517 huiusmodi
3111 5446 3253 5515 quod
3287 5447 3458 5514 ipsum
3486 5444 3609 5514 qui-

2020 5542 2140 5598 dem
2165 5559 2268 5597 non
2290 5544 2343 5596 in
2369 5543 2476 5596 alio
2507 5544 2596 5609 sit,
2633 5544 2682 5596 in
2715 5542 2814 5594 hoc
2844 5547 3022 5592 autem
3045 5537 3072 5589 b
3099 5536 3169 5589 sit
3196 5536 3389 5606 primo.
3419 5544 3473 5590 et
3502 5546 3609 5593 non

2022 5653 2115 5704 per
2145 5638 2287 5692 aliud
2333 5638 2588 5699 medium,
2623 5639 2814 5690 iterum
2844 5651 2871 5687 e
2893 5633 2959 5686 de
3001 5632 3035 5684 ά
3077 5631 3165 5694 sit,
3193 5640 3246 5683 et
3270 5629 3517 5687 simili'er
3539 5641 3609 5720 Oet

2021 5733 2120 5782 hoc
2165 5732 2213 5784 iu
2250 5732 2296 5793 b,
2329 5732 2563 5800 nunquid
2612 5731 2772 5796 igitur
2815 5729 2914 5781 hoc
2957 5740 3176 5780 necesse
3207 5733 3290 5780 est
3329 5734 3490 5778 stare.
3521 5731 3589 5766 all

2019 5821 2280 5879 comirzit
2310 5823 2359 5875 in
2395 5822 2656 5876 inlinitum
2686 5819 2803 5872 ire?
2840 5818 2901 5873 Et
2929 5817 3120 5874 iterum
3151 5814 3198 5874 si
3227 5813 3296 5872 de
3325 5830 3357 5867 a
3381 5813 3596 5888 quidem
