4056 6330
499 277 593 337 731

1718 277 1829 336 AN.
1870 277 2074 333 MANL.
2118 276 2270 334 δην.
2304 275 2537 334 ΒΟΕἸΊΙ

3668 280 3772 335 75?.

476 388 628 467 μὶιιῑι
653 386 969 459 pradicant
998 400 1096 459 per
1120 400 1202 455 se,
1224 401 1262 442 I
1285 394 1461 443 autem
1492 385 1546 442 in
1572 388 1700 458 {est
1729 390 1918 455 primo,
1955 402 2069 440 me-
2107 396 2151 450 Α
2182 392 2320 455 qum]
2350 390 2521 455 ipsum
2548 391 2765 459 quidem
2794 393 2850 445 in
2870 392 2975 445 alio
3006 394 3151 447 nullo
3175 404 3277 461 est,
3310 395 3404 449 sed
3432 397 3481 449 in
3509 396 3600 449 illo
3623 398 3770 451 aliud

498 485 644 541 dum
682 495 859 539 autem
890 483 941 536 in
971 480 1117 536 nullo
1137 479 1335 550 priori,
1378 488 1433 535 ει
1458 480 1487 551 Τ
1514 479 1565 533 in
1599 496 1651 543 a,
1685 487 1739 533 et
1770 479 1871 535 hoc
1916 482 1965 532 in
2005 479 2034 530 b
2056 520 2073 546 ,

498 580 733 647 nunquid
763 580 938 635 ethoc
966 589 1107 634 stare
1147 592 1369 634 necesse
1398 577 1514 631 est?
1534 592 1600 631 an
1628 587 1682 632 et
1713 575 1798 630 liic
1821 576 2081 643 contingit

498 670 548 727 in
583 674 841 727 infinitum
870 673 1056 727 abire?
1080 666 1283 727 ‘Diﬂert
1303 680 1479 725 autem
1498 670 1606 726 hoc
1634 685 1663 723 a
1696 669 1863 739 priori
1906 670 2080 722 inlan-

496 772 628 827 lum,
663 765 913 830 quoniam
941 762 1039 816 hoc
1064 763 1277 832 quidem
1298 770 1391 817 est
1414 759 1674 826 nunquid,
1710 758 1972 828 contingit
2002 760 2081 811 in-

496 864 771 921 capturum
797 855 863 907 ad
887 854 1189 920 huiusmodi
1212 853 1350 922 quod
1380 854 1433 906 in
1458 852 1608 906 nullo
1640 860 1725 906 est
1754 850 1948 915 altero,
1980 848 2076 903 sed

496 946 636 998 aliud
680 946 732 999 in
772 944 887 1008 illo,
919 945 969 997 in
994 958 1213 998 sursum
1252 943 1311 996 in
1336 942 1603 996 inﬁnitum
1648 940 1819 1005 abire,
1851 940 2078 993 alterum

497 1043 674 1090 autem
698 1036 1053 1104 incmpturuin
1076 1035 1143 1088 ab
1167 1032 1471 1102 liujusmodi
1502 1029 1643 1100 quod
1669 1031 1841 1100 ipsum
1860 1029 2079 1099 quidem

496 1126 564 1181 de
589 1128 717 1194 alio,
750 1128 816 1182 de
863 1128 955 1181 illo
996 1137 1175 1182 autem
1200 1126 1334 1183 nihil
1379 1124 1719 1196 pradicatur,
1754 1126 1803 1176 in
1833 1125 2080 1177 deorsum

497 1217 891 1285 inludentem,
928 1221 981 1277 si
1022 1220 1295 1290 contingit
1318 1220 1376 1274 in
1406 1217 1672 1274 inﬁnitum
1706 1219 1804 1273 ire.
1834 1215 2082 1284 Amplius

498 1311 669 1365 media
717 1311 957 1382 nunquid
1002 1310 1272 1380 contingit
1316 1308 1522 1366 inﬁnita
1569 1322 1689 1363 esse
1715 1307 2085 1361 determinatil

496 1405 769 1457 terminis?
798 1404 927 1458 Dico
955 1411 1136 1459 autem
1166 1412 1223 1458 ut
1246 1402 1297 1458 si
1322 1418 1354 1457 a
1380 1401 1436 1458 in
1463 1416 1493 1456 ι
1512 1404 1610 1466 sit,
1658 1399 1891 1455 mediani
1935 1400 2080 1467 ipso-

496 1507 615 1547 rum
638 1494 709 1549 sit
734 1497 785 1559 ό,
816 1494 885 1548 ab
900 1494 1024 1562 ipso
1042 1506 1228 1549 autem
1257 1495 1310 1559 Ι),
1328 1503 1391 1548 ει
1408 1494 1483 1547 .ab
1508 1508 1541 1546 α
1557 1493 1747 1558 altera,
1768 1490 1867 1547 sed
1895 1490 2082 1547 borum

498 1586 888 1653 ιιιια,ειιιιηιιιιιιι
918 1596 971 1642 ει
1001 1586 1116 1642 haec
1139 1588 1190 1642 in
1211 1586 1478 1642 inﬁnitum
1507 1584 1772 1654 contingit
1796 1583 1986 1639 abire?
2015 1598 2080 1638 on

496 1676 830 1745 impossibile
877 1680 995 1732 est?
1034 1685 1122 1733 est
1169 1688 1351 1733 autem
1380 1677 1495 1744 ,hoc
1538 1676 1754 1746 quidam
1801 1674 2082 1732 inteiidere

2183 489 2238 530 ut
2265 482 2316 546 c)
2346 494 2520 549 neque
2566 496 2592 531 ιι
2636 484 2813 550 primo
2846 486 2895 537 in
2939 486 3209 541 ultimam.
3260 488 3385 541 Dico
3435 501 3614 542 autem
3660 493 3768 555 pri-

2182 586 2325 624 mum
2373 572 2513 641 quod
2546 574 2719 642 ipsum
2750 575 2960 643 quidem
2984 578 3051 631 de
3082 579 3208 641 alio,
3234 581 3327 633 sed
3351 580 3417 634 de
3442 581 3531 633 illo
3558 583 3766 635 nullum

2191 661 2335 716 aliud
2369 664 2602 718 dicitur:
2634 667 2677 719 si
2708 667 2864 734 igitur
2889 672 2999 721 haec
3028 679 3217 735 erunt,
3248 671 3591 725 manifestum
3623 671 3765 739 quod

2180 764 2235 808 et
2258 756 2307 807 ili
2343 758 2623 826 negatione
2653 759 2900 812 stabitur.
2928 761 3236 829 'l'riplicitcr
3263 775 3443 816 autem
3489 774 3761 816 monstra-

2183 855 2266 898 tur
2304 862 2408 900 non
2439 863 2580 911 esse,
2615 859 2704 901 attt
2735 850 2873 902 enim
2907 852 2958 903 iii
2989 868 3094 922 quo
3121 851 3337 921 quidem
3365 863 3449 907 est
3476 870 3523 915 ι’,
3556 855 3584 903 b
3631 855 3769 908 ineat

2182 940 2363 1008 omni,
2396 940 2489 993 sed
2535 942 2584 993 in
2628 956 2731 1009 quo
2759 952 2841 1011 est
2867 942 2893 993 b
2926 944 3097 1006 nulli,
3148 945 3283 996 inest
3313 961 3364 1009 α,
3398 945 3577 1011 ipsum
3611 945 3770 1010 igitur

2183 1029 2212 1082 ὸ
2247 1046 2304 1094 c,
2340 1040 2393 1084 ει
2422 1045 2633 1100 semper
2684 1034 2907 1086 alterum
2957 1037 3184 1102 spatium
3231 1050 3451 1088 necesse
3489 1045 3575 1089 est
3605 1036 3686 1088 ire
3718 1036 3768 1089 in

2184 1121 2513 1188 it-nediata,
2540 1124 2943 1191 praedicativum
2970 1127 3113 1178 enim
3146 1137 3228 1179 est
3253 1127 3353 1179 boc
3377 1128 3634 1193 spatium.
3661 1126 3768 1180 Sed

2184 1213 2409 1267 alterum
2442 1215 2779 1269 manifestum
2806 1227 2907 1277 est,
2925 1220 3061 1284 quid
3080 1218 3123 1272 si
3149 1220 3197 1271 in
3222 1218 3330 1271 alio
3352 1235 3455 1271 non
3475 1232 3561 1273 est
3577 1221 3765 1288 priori,

2186 1317 2240 1357 ut
2274 1305 2325 1358 in
2352 1306 2407 1372 ά,
2448 1307 2547 1361 Ιιυε
2588 1308 2845 1376 indigebit
2873 1310 3091 1362 inomni
3129 1311 3157 1361 b
3189 1325 3329 1373 esse,
3359 1320 3413 1364 et
3440 1311 3484 1363 si
3518 1312 3712 1364 iterum
3738 1329 3769 1364 ιι

2178 1396 2239 1477 in
2268 1396 2374 1450 alio
2422 1396 2601 1466 priore
2647 1414 2801 1469 quam
2831 1400 2864 1451 ά
2892 1417 2995 1453 non
3046 1402 3231 1465 fuerit,
3265 1401 3391 1457 illud
3424 1403 3642 1472 indigeb
3668 1413 3688 1456 t
3714 1403 3768 1460 in

2186 1486 2330 1540 omni
2360 1487 2395 1539 d
2423 1502 2543 1541 esse
2574 1504 2589 1543 ε
2624 1504 2787 1557 quare
2802 1490 3063 1559 quoniam
3096 1495 3142 1544 in
3167 1492 3417 1547 deorsum
3442 1503 3552 1548 stat
3580 1498 3686 1559 via,
3715 1504 3768 1548 et

2186 1593 2303 1649 qum
2333 1579 2385 1633 in
2416 1595 2623 1633 sursum
2652 1581 2841 1649 stabit,
2894 1593 2948 1636 et
2993 1583 3096 1637 erit
3140 1584 3338 1653 aliquid
3370 1586 3422 1638 in
3456 1601 3565 1654 quo
3596 1586 3766 1653 primo

2187 1688 2291 1727 noo
2322 1674 2425 1727 erit
2452 1690 2503 1726 a.
2539 1675 2665 1728 Item
2713 1675 2757 1728 si
2798 1676 2827 1728 ὁ
2866 1676 3082 1745 quidem
3114 1678 3163 1730 in
3193 1679 3337 1732 omni
3362 1696 3414 1744 α,
3449 1680 3499 1731 in
3529 1694 3560 1732 ο
3584 1689 3766 1733 autem
3864 1742 3869 1747 _

498 1767 640 1821 idem
670 1776 723 1821 θι
748 1768 1305 1847 “demonstrationes
1324 1770 1384 1825 in
1409 1769 1674 1825 inﬁnitum
1700 1769 1938 1833 veniunt,
1953 1777 2008 1821 et
2032 1767 2080 1823 si
2110 1758 2161 1821 Β
2192 1765 2359 1829 nullo,
2392 1782 2421 1816 a
2446 1766 2496 1818 in
2530 1784 2556 1817 ε
2590 1766 2734 1819 nullo
2765 1768 2885 1821 erit.
2922 1767 3115 1821 lterum
3142 1768 3243 1822 hoc
3270 1768 3320 1821 si
3346 1778 3569 1838 oportet
3611 1784 3765 1824 mon-

498 1868 583 1913 cst
625 1858 1008 1915 demonstratio
1034 1861 1209 1916 omnis
1232 1860 1312 1916 rei
1333 1901 1347 1925 ,
1376 1875 1445 1915 an
1491 1860 1560 1915 ad
1600 1859 1842 1916 invicem
1866 1858 2083 1915 conclu-

498 1948 711 2004 dantur.
742 1949 997 2005 biiniliter
1037 1962 1215 2007 autem
1258 1952 1386 2007 dico
1427 1952 1563 2009 etin
1613 1952 1890 2020 privativis
1918 1952 2083 2019 syllo-

494 2040 763 2108 gisuiiset
790 2041 1286 2110 propositionibus,
1319 2051 1376 2098 ιιι
1400 2043 1451 2098 ιι
1482 2059 1522 2096 να
1546 2057 1660 2097 non
1702 2040 1849 2097 inest
1880 2042 1907 2094 b
1953 2040 2082 2095 nulli

494 2144 594 2189 aut
641 2133 845 2202 primo,
874 2143 966 2189 aut
1003 2143 1087 2188 est
1106 2134 1316 2202 aliquid
1366 2134 1623 2198 modium,
1653 2133 1740 2189 cui
1760 2134 1929 2201 priori
1974 2147 2082 2187 non

490 2223 643 2279 inest
667 2241 721 2290 ε,
746 2231 815 2281 ιιι
846 2224 895 2281 si
924 2224 992 2279 sit
1020 2242 1054 2296 9
1074 2225 1216 2294 quod
1240 2224 1393 2279 οισιιὶ
1421 2223 1612 2279 biuest
1636 2263 1651 2289 ,
1672 2231 1737 2277 ,ει
1752 2225 1953 2279 iturum
1980 2225 2086 2281 hoc

492 2313 795 2369 militiam
816 2313 908 2368 alii
932 2313 1124 2382 priori,
1158 2321 1217 2367 ut
1240 2316 1287 2368 si
1318 2312 1461 2371 [test
1482 2314 1629 2382 quod
1660 2315 1730 2368 sit
1774 2314 1827 2368 in
1856 2314 2005 2369 omni
2032 2313 2082 2379 ὁ,

496 2411 557 2457 et
584 2404 885 2473 namquein
912 2403 1001 2459 bis
1022 2413 1119 2461 aut
1144 2404 1355 2461 inﬁnita
1382 2413 1542 2471 sunt,
1577 2406 1629 2461 in
1656 2404 1856 2473 quibus
1880 2414 2084 2459 nonest

496 2493 557 2549 in
590 2488 895 2563 prioribus.
935 2505 1028 2551 aut
1053 2505 1246 2551 statur.
1289 2496 1393 2552 Sed
1423 2496 1927 2551 inconvertibdibus
1974 2511 2081 2551 non

496 2584 748 2643 similiter
764 2599 836 2641 se
852 2585 1044 2653 «habet.
1072 2601 1185 2647 non
1210 2587 1355 2643 enim
1380 2594 1463 2643 est
1489 2587 1545 2642 in
1576 2602 1731 2656 aeque
1763 2586 2086 2657 priedicabi-

496 2673 641 2733 libtts
678 2675 884 2747 dequo
928 2676 1103 2747 primo
1154 2676 1630 2747 praedicatur,aut
1658 2677 1867 2742 ultimo,
1909 2677 2085 2730 omnia

502 2768 643 2824 enim
672 2768 740 2823 ad
766 2768 943 2823 omnia
965 2770 1042 2824 sic
1061 2769 1307 2823 similiter
1324 2784 1384 2824 se
1412 2770 1633 2836 habent,
1661 2770 1774 2825 sive
1801 2783 1922 2824 sunt
1950 2769 2086 2823 inti-

504 2862 615 2915 nita
660 2860 728 2917 de
770 2860 889 2931 ipso
920 2861 1240 2931 praedicata,
1279 2863 1395 2917 sive
1426 2871 1652 2931 utraque
1696 2874 1818 2916 sunt
1847 2862 2088 2916 dubitata

504 2950 731 3017 ininita,
775 2952 880 3007 nisi
927 2951 1174 3006 similiter
1210 2952 1451 3006 converti
1490 2954 1790 3022 contingat,
1843 2952 1938 3007 sed
1990 2952 2091 3007 hoc

505 3045 721 3113 quidem
772 3043 911 3100 sicut
953 3044 1242 3111 accidens,
1294 3043 1428 3099 illud
1474 3058 1604 3099 vero
1650 3044 1789 3099 sicut
1831 3044 2092 3115 praedica-

508 3142 646 3196 tum.

1096 3224 1326 3283 CAPUT
1362 3225 1506 3282 XVI.

614 3317 985 3375 Determina’tis
1016 3320 1275 3383 curantis,
1310 3335 1509 3373 summa
1542 3318 1771 3389 imoque,
1814 3319 1989 3373 media

1062 3406 1308 3446 metu
1336 3391 1561 3457 niani“.

582 3523 845 3593 Quoniam
891 3521 1051 3595 igitur
1090 3521 1265 3578 media
1294 3537 1398 3576 non
1426 3520 1689 3590 contingit
1718 3523 1923 3577 inllnita
1940 3520 2091 3587 esse,

508 3618 553 3672 si
574 3618 625 3671 in
648 3630 860 3670 sursum
887 3624 939 3672 et
961 3615 1210 3669 deorsum
1237 3621 1382 3667 stent
1412 3613 1717 3681 praedicata,
1754 3615 2089 3667 manifestum

510 3719 611 3765 est.
648 3709 777 3763 Dico
830 3720 1008 3764 autem
1066 3724 1277 3763 sursum
1310 3709 1557 3778 quidem,
1607 3708 1745 3777 quod
1796 3707 2092 3762 universile

509 3802 677 3873 magis
705 3811 823 3864 est,
855 3801 1106 3854 deorsum
1155 3808 1350 3862 autem,
1382 3801 1521 3871 quod
1554 3799 1871 3868 particulire
1900 3807 2003 3853 est.
2032 3799 2089 3853 Si

508 3895 653 3949 enim
681 3911 710 3945 a
726 3885 1055 3962 praedicante
1078 3885 1145 3947 de
1166 3910 1212 3958 c,
1238 3894 1443 3947 inlinita
1467 3903 1589 3946 sunt
1613 3892 1808 3957 media,
1828 3892 1881 3946 in
1905 3892 2092 3960 quibus

510 3995 591 4040 est
619 3985 670 4051 b,
703 3984 1044 4040 manifestum
1071 3994 1151 4038 est
1182 3984 1324 4053 quod
1353 3985 1627 4053 continget
1657 3986 1866 4053 utrique
1891 4023 1905 4045 ,
1937 3992 1993 4035 ut
2023 3981 2091 4035 ab

510 4097 540 4131 ιι
572 4079 621 4133 in
668 4079 915 4133 deorsum
942 4078 1170 4133 alterum
1212 4078 1278 4133 de
1324 4078 1494 4132 altero
1515 4077 1778 4146 contingit
1812 4075 2087 4144 prazdicari

513 4174 561 4227 iu
588 4173 1177 4255 inlinitum,antequam
1208 4175 1348 4230 enim
1382 4175 1432 4229 iu
1457 4192 1483 4228 c
1507 4176 1701 4239 veniat,
1739 4176 1944 4229 inlinita
1967 4183 2089 4228 sunt

514 4264 704 4326 media.
735 4274 789 4319 et
817 4264 883 4318 ab
915 4282 940 4318 c
972 4266 1023 4319 in
1057 4282 1266 4320 sur-um
1298 4265 1523 4330 infinita,
1545 4276 1833 4337 antequam
1858 4268 1907 4321 in
1949 4284 1977 4317 a
2000 4281 2090 4319 ve-

514 4358 641 4411 niat.
674 4358 848 4421 Quare
870 4359 914 4411 si
949 4357 1060 4411 haec
1091 4358 1443 4428 impossibilia
1474 4366 1599 4411 sunt
1618 4399 1634 4424 ,
1658 4371 1710 4412 et
1734 4359 1900 4426 ipsius
1929 4374 1960 4410 α
1981 4366 2033 4411 ει
2061 4374 2089 4410 c

514 4447 845 4517 impossibile
873 4457 958 4503 est
995 4448 1196 4503 infinita
1245 4464 1365 4504 esse
1407 4451 1601 4504 media.
1651 4451 1834 4519 Neque
1858 4450 1998 4504 enim
2042 4451 2087 4504 si

514 4538 703 4609 aliquis
723 4537 862 4592 dicat
885 4539 1023 4608 quod
1050 4539 1162 4594 haec
1183 4539 1397 4611 quidem
1426 4554 1545 4609 quae
1571 4556 1603 4592 a
1629 4539 1655 4592 b
1678 4556 1703 4592 c
1731 4539 2090 4609 Contingentia

514 4631 720 4684 suntad
753 4632 1011 4695 invicem,
1045 4640 1103 4685 ut
1125 4642 1178 4686 et
1208 4648 1311 4686 non
1342 4632 1675 4696 sintmedia,
1709 4631 1792 4683 illa
1827 4646 1953 4683 vero
1978 4645 2082 4685 non

516 4737 634 4776 esse
655 4722 917 4790 accipere,
950 4723 1082 4775 nihil
1114 4722 1313 4776 dill'ert.
1338 4721 1701 4788 Quodcunque
1724 4720 1865 4774 enim
1890 4722 2095 4787 accipio

515 4829 699 4867 eorum
732 4828 849 4882 qum
886 4822 1011 4867 sunt
1040 4813 1091 4881 b,
1120 4818 1357 4867 eruutab
1386 4831 1445 4881 ιι,
1476 4823 1564 4866 aut
1606 4828 1633 4866 ε
1664 4813 1867 4865 inliuita
1902 4813 2093 4868 media.

517 4911 593 4963 Au
646 4925 751 4963 non
797 4925 826 4963 a
872 4925 977 4978 quo
1002 4909 1111 4980 jam
1145 4910 1313 4979 prima
1341 4909 1443 4963 sint
1475 4908 1684 4962 infinita
1732 4911 1847 4964 sive
1880 4910 2058 4963 statim
2080 4952 2095 4976 ,

2184 1869 2394 1925 stuare,
2449 1859 2789 1915 manifestum
2840 1871 2943 1925 est,
2993 1860 3133 1930 quod
3179 1873 3269 1915 aut
3312 1877 3404 1931 per
3432 1863 3767 1930 superiorem

2186 1950 2400 2004 modum
2453 1966 2663 2006 sursum
2724 1952 3143 2019 monstrabitur,
3190 1961 3281 2005 aut
3328 1968 3417 2020 per
3469 1951 3649 2016 hunc,
3680 1962 3768 2007 aut

2187 2041 2423 2096 tertium.
2460 2041 2667 2096 Primus
2686 2042 2906 2110 quidem
2957 2042 3117 2113 igitur
3158 2042 3329 2096 dictus
3351 2053 3465 2108 est,
3502 2044 3768 2099 secundus

2187 2143 2367 2187 autem
2398 2132 2872 2188 demoustrabitur.
2909 2133 2999 2189 Sic
3024 2142 3207 2188 autem
3234 2136 3414 2204 utique
3442 2135 3767 2188 monstrabi-

2190 2231 2294 2289 tur,
2320 2232 2377 2276 ut
2408 2222 2548 2292 quod
2573 2223 2606 2275 ά
2631 2225 2680 2274 in
2711 2222 2739 2275 ὁ
2761 2224 2902 2276 omni
2926 2234 3039 2289 est,
3071 2226 3120 2277 in
3148 2239 3174 2276 c
3202 2235 3376 2278 autem
3408 2223 3582 2288 nullo,
3608 2225 3653 2277 si
3679 2241 3771 2277 ne-

2190 2328 2342 2367 cesse
2366 2322 2448 2366 est
2479 2312 2682 2382 aliquid
2713 2327 2832 2366 esse
2865 2316 2913 2366 in
2946 2315 2993 2378 ὁ,
3027 2324 3081 2366 et
3108 2313 3301 2367 iterum
3334 2317 3376 2366 si
3412 2313 3513 2367 hoc
3538 2315 3592 2367 in
3617 2330 3643 2366 ι
3666 2329 3771 2369 non

2189 2418 2310 2467 cru,
2335 2403 2476 2457 aliud
2502 2419 2628 2457 vero
2655 2404 2707 2457 iu
2732 2404 2766 2456 d
2788 2414 2869 2458 est
2901 2406 3039 2474 quod
3065 2405 3115 2457 in
3145 2421 3171 2457 c
3196 2419 3300 2459 non
3329 2414 3431 2471 est,
3459 2406 3620 2475 igitur
3642 2420 3772 2474 quo-

2191 2498 2333 2552 niam
2367 2512 2486 2550 esse
2509 2510 2726 2565 semper
2752 2498 3014 2565 superiori
3046 2507 3149 2551 stat
3175 2537 3191 2563 ,
3222 2497 3384 2551 stabit
3409 2505 3465 2551 et
3494 2513 3599 2551 non
3629 2512 3771 2551 esse.

2190 2587 2399 2643 Tertius
2428 2598 2603 2641 autem
2637 2588 2826 2642 modus
2855 2596 2973 2652 est,
3006 2589 3049 2640 si
3076 2604 3109 2640 a
3140 2587 3168 2640 ὁ
3194 2592 3336 2642 omo;
3370 2589 3536 2654 insit,
3592 2603 3620 2639 ε
3645 2603 3773 2641 vero

2193 2680 2247 2735 in
2276 2680 2422 2734 nullo
2462 2682 2490 2733 b
2532 2681 2621 2744 sit,
2657 2694 2761 2733 non
2810 2681 2862 2734 iu
2904 2680 3049 2735 omni
3090 2697 3139 2745 c,
3173 2682 3224 2734 in
3253 2697 3355 2751 quo
3385 2693 3466 2735 est
3493 2700 3544 2735 α.
3582 2682 3774 2736 lterum

2192 2780 2369 2825 autem
2419 2771 2519 2824 hoc
2551 2786 2640 2835 per
2671 2770 2916 2839 superius
2967 2771 3110 2824 dicta
3140 2782 3232 2825 aut
3271 2772 3519 2826 similiter
3546 2774 3772 2826 demon-

2193 2861 2469 2919 strabitur.
2503 2860 2613 2914 lll.s
2667 2862 2828 2930 igitur
2879 2861 3049 2916 modis
3080 2869 3272 2917 statur.
3305 2863 3363 2918 Si
3390 2878 3519 2918 vero
3548 2864 3627 2916 sic
3651 2873 3771 2927 est,

2194 2952 2386 3007 iterum
2420 2954 2709 3022 accipietur
2730 2955 2757 3005 ὑ
2789 2954 2843 3005 in
2868 2969 2894 3005 e
2916 2968 3056 3019 esse,
3083 2955 3134 3008 in
3161 2970 3267 3025 quo
3289 2972 3316 3009 c
3336 2971 3443 3009 non
3474 2957 3527 3009 in
3553 2956 3700 3009 omni
3728 2972 3773 3021 ε,

2195 3042 2377 3097 ειἸιοε
2416 3043 2604 3096 iterum
2628 3041 2896 3097 similiter.
2921 3042 3181 3108 Quoniam
3222 3055 3399 3100 autem
3433 3044 3774 3115 suppositum

2119 3138 2167 3204 Ε
2201 3150 2282 3192 est
2308 3146 2450 3190 stare
2477 3146 2528 3190 et
2574 3137 2625 3189 in
2654 3135 2904 3190 deorsum
2923 3175 2939 3202 ,
2969 3140 3304 3193 manilestum
3327 3149 3411 3194 est
3440 3144 3583 3209 quod
3614 3144 3775 3196 stabit

2205 3237 2259 3281 et
2283 3226 2424 3295 quod
2457 3228 2506 3279 in
2540 3242 2565 3277 c
2591 3241 2693 3279 non
2719 3236 2820 3281 est.
2844 3228 3180 3283 Manifestum
3217 3242 3395 3286 autem
3423 3242 3507 3285 est
3527 3236 3775 3303 quoniam

2195 3321 2294 3376 etsi
2321 3337 2425 3375 non
2455 3336 2557 3375 una
2584 3322 2669 3376 via
2698 3332 3057 3388 monstretur,
3088 3325 3180 3379 sed
3196 3326 3468 3392 omnibus,
3492 3330 3776 3398 aliquando

2193 3415 2409 3484 quidem
2440 3431 2504 3470 ex
2528 3415 2700 3485 prima
2728 3414 2920 3485 ﬁgura,
2951 3419 3236 3487 aliquando
3266 3435 3396 3474 vero
3421 3437 3486 3475 ex
3519 3425 3773 3487 secunda,

2193 3515 2284 3558 aut
2325 3521 2387 3559 ex
2420 3505 2594 3568 tertia,
2625 3505 2874 3571 quoniam
2907 3517 2961 3560 et
3006 3508 3085 3561 sic
3132 3509 3387 3573 stabitur,
3427 3510 3591 3565 [initae
3637 3516 3776 3567 enim

2192 3606 2319 3652 sunt
2344 3597 2462 3651 viai.
2496 3595 2665 3650 Finita
2694 3607 2871 3651 autem
2904 3598 3051 3653 linite
3072 3609 3281 3667 sumpta
3309 3599 3532 3669 pluries,
3562 3618 3778 3660 necesse

2193 3699 2273 3742 est
2299 3688 2435 3741 liuiri
2460 3687 2658 3741 omnia.
2698 3687 2851 3753 Quod
2877 3688 3087 3754 quidem
3129 3690 3294 3757 igitur
3324 3691 3379 3744 in
3411 3692 3707 3759 privatione
3733 3694 3778 3749 si

2193 3779 2403 3848 quidem
2427 3788 2480 3835 et
2511 3780 2686 3834 inesse
2708 3780 2915 3844 statim,
2941 3779 3281 3835 manifestum
3310 3790 3414 3836 est.

2762 3910 2986 3967 CAPUT
3026 3910 3210 3969 XVIII.

2268 4001 2981 4143 Propasitionisoﬁirmativ;
3007 4008 3261 4086 mediana,
3292 4007 3460 4063 media
3472 4024 3585 4063 non
3602 4026 3711 4065 em

2880 4091 2932 4128 ιιι
2979 4086 3108 4130 uita.

2262 4206 2367 4261 Sed
2391 4207 2514 4276 quid
2554 4211 2602 4261 Tn
2632 4208 2736 4261 illis
2766 4208 2854 4275 qui
2880 4208 3088 4276 quidem
3120 4210 3288 4279 logico
3308 4212 3680 4278 speculantur,
3702 4215 3777 4267 sic

2194 4301 2533 4355 manifestum
2568 4298 2644 4355 ﬁt.
2676 4299 2732 4353 In
2779 4300 2846 4353 iis
2886 4302 3102 4369 quidem
3137 4287 3299 4371 igiiur
3325 4319 3445 4369 qum
3467 4304 3687 4372 quidem
3730 4306 3778 4359 il

2192 4407 2258 4446 eo
2276 4393 2423 4461 ειμιυά
2447 4391 2571 4460 quid
2593 4401 2676 4445 est
2700 4390 3078 4459 praedicantur,
3114 4391 3456 4445 manifestum
3484 4403 3604 4455 est;
3626 4393 3677 4446 si
3705 4401 3781 4447 est

2117 4510 2170 4572 Β
2194 4483 2605 4546 enimdeliuire,
2630 4492 2721 4536 aut
2743 4485 2787 4536 si
2820 4491 3005 4535 notum
3036 4494 3117 4535 est
3149 4483 3287 4548 quod
3311 4483 3436 4548 quid
3462 4492 3583 4537 erat
3622 4498 3741 4536 esse
3758 4522 3777 4545 ,

2196 4576 2405 4629 inﬁnita
2450 4582 2627 4629 autem
2664 4590 2769 4627 non
2796 4583 2881 4628 est
2909 4575 3171 4638 transire,
3202 4590 3424 4628 necesse
3446 4586 3532 4628 est
3556 4576 3699 4627 liniri
3732 4576 3782 4630 in

2196 4682 2269 4720 eo
2298 4666 2438 4733 quod
2470 4664 2595 4734 quid
2631 4675 2711 4719 est
2741 4666 3046 4733 praedicata.
3080 4665 3469 4721 Universaliter
3500 4676 3683 4719 autem
3706 4666 3783 4721 si:

2202 4756 2448 4820 dicimus,
2480 4765 2561 4810 est
2606 4756 2750 4811 enim
2799 4771 2922 4811 vere
2950 4757 3131 4811 dicere
3160 4756 3349 4812 album
3403 4758 3703 4821 ambulare,
3734 4766 3783 4812 et

2205 4861 2451 4916 magnum
2478 4845 2603 4899 illud
2629 4845 2823 4914 lignum
2845 4860 2985 4909 esse,
3006 4860 3062 4900 et
3088 4846 3281 4901 iterum
3308 4847 3511 4915 lignum
3534 4862 3783 4915 magnum

2204 4953 2350 5001 esse,
2378 4947 2433 4991 et
2473 4936 2741 4993 hominem
2784 4937 3081 5002 ambulare,
3108 4928 3201 4993 sed
3224 4937 3451 4992 alterum
3478 4949 3564 4992 est
3600 4941 3682 4992 sic
3700 4939 3783 4990 di-

516 5008 624 5056 .-i\e
673 5018 779 5096 non
833 5004 1013 5058 statim
1041 5044 1056 5069 ,
1090 5003 1222 5058 nihil
1264 5001 1473 5057 dill'ert?
1504 5018 1624 5073 qua:
1656 5005 1799 5058 enim
1831 5013 1955 5058 sunt
1981 5015 2100 5074 post
2200 5043 2360 5093 cere,
2397 5038 2487 5083 θυι
2515 5029 2607 5084 mo
2646 5030 2809 5085 modo
2832 5071 2848 5095 ν
2892 5043 3013 5084 cum
3041 5001 3183 5083 em",
3210 5028 3389 5082 album
3419 5028 3637 5096 quidem
3670 5041 3785 5083 ας.

515 5100 648 5159 nec,
676 5095 881 5151 inﬁnita
902 5106 1047 5151 sunt.

1082 5207 1305 5264 CAPUT
1355 5207 1518 5265 XVII.

554 5298 929 5373 Propositiouis
956 5302 1200 5372 negativae
1230 5303 1467 5358 mediam:
1491 5305 1678 5367 media,
1707 5278 1890 5373 quibus
1919 5320 2061 5359 revo-

734 5383 872 5429 cetur
894 5377 962 5429 ad
984 5374 1358 5440 immediatum,
1392 5392 1493 5428 non
1522 5392 1628 5430 esse
1652 5375 1880 5433 inﬁnita.

586 5484 929 5545 Manifestum
976 5495 1159 5542 autem
1205 5496 1259 5541 et
1310 5487 1363 5541 in
1402 5487 1607 5555 privata
1637 5485 2097 5543 demonstratione
2144 5512 2149 5519 ι

517 5582 775 5650 quoniam
812 5591 1015 5649 statur,
1047 5582 1091 5634 iii
1137 5580 1351 5648 quidem
1381 5579 1432 5634 iii
1467 5580 1804 5650 prmdicat‘va
1848 5590 2017 5635 statur
2042 5578 2097 5635 in

521 5674 787 5742 uti-isque.
814 5673 899 5731 Sit
926 5676 1070 5729 enim
1104 5689 1208 5727 non
1236 5673 1556 5740 contingens
1601 5687 1774 5742 neque
1805 5674 1856 5726 in
1885 5686 2096 5727 sursum

508 5766 586 5825 ali
610 5766 888 5824 ultiman
911 5763 1173 5824 inﬁnitum
1204 5764 1285 5820 ire
1314 5763 1459 5837 (dico
1487 5772 1663 5839 autem
1694 5765 1744 5820 in
1769 5778 1874 5835 quo
1897 5771 2090 5833 statur,

2203 5121 2326 5176 dico
2366 5120 2510 5190 quod
2556 5122 2642 5177 cui
2671 5121 2864 5177 accidit
2906 5122 3083 5177 album
3118 5122 3259 5185 esse,
3306 5120 3505 5191 lignum
3536 5130 3623 5174 est
3648 5161 3663 5183 ,
3692 5119 3783 5175 sed

2200 5228 2307 5269 ιιοιι
2353 5214 2494 5283 quod
2548 5212 2846 5284 subjectum
2892 5218 3068 5282 signo,
3098 5213 3282 5268 album
3331 5212 3431 5275 sit,
3470 5222 3527 5266 et
3556 5225 3785 5279 namque

2202 5318 2376 5374 ιιείιιιε
2428 5305 2571 5375 quod
2620 5306 2798 5360 album
2846 5313 2948 5370 est,
2984 5305 3323 5373 nequequod
3352 5302 3571 5372 quidem
3601 5304 3783 5357 alb;.m
3868 5350 3877 5367 ,

2204 5394 2421 5465 aliquod
2449 5405 2550 5460 est,
2579 5395 2775 5450 factum
2807 5396 3006 5465 lignum
3029 5404 3130 5462 est,
3158 5411 3327 5465 quare
3358 5412 3464 5451 non
3504 5405 3587 5450 est
3628 5394 3783 5448 aliter

2207 5502 2365 5556 quam
2395 5488 2691 5545 secundum
2716 5488 2986 5545 accidens.
3014 5490 3146 5543 Cum
3173 5497 3352 5541 autem
3380 5489 3579 5557 lignum
3604 5486 3785 5539 album

2206 5594 2327 5635 esse
2353 5581 2504 5647 dico,
2536 5597 2641 5637 non
2685 5583 2824 5651 quod
2860 5582 3074 5650 aliquod
3103 5581 3331 5637 alterum
3362 5580 3433 5634 sit
3460 5581 3641 5635 album
3662 5619 3682 5645 ,
3711 5579 3785 5637 illi

2202 5681 2381 5725 autem
2408 5673 2602 5727 accidit
2640 5673 2841 5742 lignum
2868 5687 3023 5738 esse,
3066 5682 3127 5727 ut
3168 5688 3287 5727 cum
3312 5673 3577 5727 musicum
3602 5670 3784 5727 album

2207 5776 2329 5823 esse
2354 5763 2475 5824 dico
2494 5804 2513 5836 ,
2554 5775 2688 5827 tunc
2713 5766 2855 5831 enim
2885 5766 3135 5841 quoniam
3164 5768 3329 5825 homo
3352 5771 3436 5823 est
3476 5766 3627 5829 albus
3648 5802 3669 5835 ,
3700 5762 3785 5824 cui
