  <div class='ocr_page' id='page_1' title='image "/cluster/home/n/w/nwhite01/storage/ocr_20150623/64/hvd.32044024222309/374.png"; bbox 0 0 4112 6332; ppageno 0'>
   <div class='ocr_carea' id='block_1_1' title="bbox 329 287 431 341">
    <p class='ocr_par' dir='ltr' id='par_1_1' title="bbox 329 287 431 341">
     <span class='ocr_line' id='line_1_1' title="bbox 329 287 431 341; baseline 0 0"><span class='ocrx_word' id='word_1_1' title='bbox 329 287 431 341; x_wconf 79' lang='lat'><strong>755</strong></span> 
     </span>
    </p>
   </div>
   <div class='ocr_carea' id='block_1_2' title="bbox 874 277 3025 345">
    <p class='ocr_par' dir='ltr' id='par_1_2' title="bbox 874 277 3025 345">
     <span class='ocr_line' id='line_1_2' title="bbox 874 277 3025 345; baseline 0 -5"><span class='ocrx_word' id='word_1_2' title='bbox 874 282 1353 341; x_wconf 79' lang='lat' dir='ltr'><strong>POSTERIORUM</strong></span> <span class='ocrx_word' id='word_1_3' title='bbox 1393 280 1925 345; x_wconf 71' lang='lat' dir='ltr'><strong>ANAI.YT|CURUM</strong></span> <span class='ocrx_word' id='word_1_4' title='bbox 1965 277 2418 339; x_wconf 75' lang='lat' dir='ltr'><strong>ORISTOTELIS</strong></span> <span class='ocrx_word' id='word_1_5' title='bbox 2458 280 3025 341; x_wconf 80' lang='lat' dir='ltr'><strong>INTERPRETATIO.</strong></span> 
     </span>
    </p>
   </div>
   <div class='ocr_carea' id='block_1_3' title="bbox 3478 277 3584 339">
    <p class='ocr_par' dir='ltr' id='par_1_3' title="bbox 3478 277 3584 339">
     <span class='ocr_line' id='line_1_3' title="bbox 3478 277 3584 339; baseline -0.009 0"><span class='ocrx_word' id='word_1_6' title='bbox 3478 277 3584 339; x_wconf 67' lang='grc' dir='ltr'><strong>πει</strong></span> 
     </span>
    </p>
   </div>
   <div class='ocr_carea' id='block_1_4' title="bbox 327 393 3587 470">
    <p class='ocr_par' dir='ltr' id='par_1_4' title="bbox 327 393 3587 470">
     <span class='ocr_line' id='line_1_4' title="bbox 327 393 3587 470; baseline -0.001 -14"><span class='ocrx_word' id='word_1_7' title='bbox 327 400 523 456; x_wconf 83' lang='lat' dir='ltr'><strong>accidit</strong></span> <span class='ocrx_word' id='word_1_8' title='bbox 543 412 662 459; x_wconf 86' lang='lat' dir='ltr'><strong>esse</strong></span> <span class='ocrx_word' id='word_1_9' title='bbox 681 397 959 462; x_wconf 88' lang='lat' dir='ltr'><strong>musicum,</strong></span> <span class='ocrx_word' id='word_1_10' title='bbox 984 397 1229 463; x_wconf 89' lang='lat' dir='ltr'><strong>dico,sed</strong></span> <span class='ocrx_word' id='word_1_11' title='bbox 1257 397 1454 467; x_wconf 80' lang='lat' dir='ltr'><strong>lignum</strong></span> <span class='ocrx_word' id='word_1_12' title='bbox 1479 408 1562 451; x_wconf 88' lang='lat' dir='ltr'><strong>est</strong></span> <span class='ocrx_word' id='word_1_13' title='bbox 1582 397 1900 466; x_wconf 76' lang='lat' dir='ltr'><strong>subjectum,</strong></span> <span class='ocrx_word' id='word_1_14' title='bbox 1929 394 1983 456; x_wconf 71' lang='grc' dir='ltr'>Α</span> <span class='ocrx_word' id='word_1_15' title='bbox 2009 393 2133 450; x_wconf 78' lang='lat' dir='ltr'><strong>Haec</strong></span> <span class='ocrx_word' id='word_1_16' title='bbox 2159 404 2333 451; x_wconf 89' lang='lat' dir='ltr'><strong>autem</strong></span> <span class='ocrx_word' id='word_1_17' title='bbox 2358 402 2535 452; x_wconf 80' lang='lat' dir='ltr'><strong>omnia</strong></span> <span class='ocrx_word' id='word_1_18' title='bbox 2566 398 2634 453; x_wconf 81' lang='lat' dir='ltr'><strong>de</strong></span> <span class='ocrx_word' id='word_1_19' title='bbox 2667 399 2911 470; x_wconf 84' lang='lat' dir='ltr'><strong>subjecto</strong></span> <span class='ocrx_word' id='word_1_20' title='bbox 2940 394 3173 469; x_wconf 85' lang='lat' dir='ltr'><strong>quodam</strong></span> <span class='ocrx_word' id='word_1_21' title='bbox 3201 396 3474 466; x_wconf 61' lang='lat' dir='ltr'><strong>pratdicari</strong></span> <span class='ocrx_word' id='word_1_22' title='bbox 3502 399 3587 453; x_wconf 78' lang='lat' dir='ltr'><strong>di-</strong></span> 
     </span>
    </p>
   </div>
   <div class='ocr_carea' id='block_1_5' title="bbox 326 487 1926 562">
    <p class='ocr_par' dir='ltr' id='par_1_5' title="bbox 326 487 1926 562">
     <span class='ocr_line' id='line_1_5' title="bbox 326 487 1926 562; baseline -0.004 -15"><span class='ocrx_word' id='word_1_23' title='bbox 326 491 469 562; x_wconf 86' lang='lat' dir='ltr'><strong>quod</strong></span> <span class='ocrx_word' id='word_1_24' title='bbox 493 489 708 562; x_wconf 80' lang='lat' dir='ltr'><strong>quidem</strong></span> <span class='ocrx_word' id='word_1_25' title='bbox 733 498 790 545; x_wconf 90' lang='lat' dir='ltr'><strong>et</strong></span> <span class='ocrx_word' id='word_1_26' title='bbox 814 488 1010 543; x_wconf 70' lang='lat' dir='ltr'><strong>factum</strong></span> <span class='ocrx_word' id='word_1_27' title='bbox 1032 498 1138 552; x_wconf 81' lang='lat' dir='ltr'><strong>est,</strong></span> <span class='ocrx_word' id='word_1_28' title='bbox 1171 504 1275 542; x_wconf 90' lang='lat' dir='ltr'><strong>non</strong></span> <span class='ocrx_word' id='word_1_29' title='bbox 1304 504 1422 543; x_wconf 90' lang='lat' dir='ltr'><strong>cum</strong></span> <span class='ocrx_word' id='word_1_30' title='bbox 1453 489 1679 543; x_wconf 81' lang='lat' dir='ltr'><strong>alterum</strong></span> <span class='ocrx_word' id='word_1_31' title='bbox 1708 487 1926 557; x_wconf 59' lang='lat' dir='ltr'><strong>aliquid;</strong></span> 
     </span>
    </p>
   </div>
   <div class='ocr_carea' id='block_1_6' title="bbox 327 579 1903 650">
    <p class='ocr_par' dir='ltr' id='par_1_6' title="bbox 327 579 1903 650">
     <span class='ocr_line' id='line_1_6' title="bbox 327 579 1903 650; baseline -0.002 -15"><span class='ocrx_word' id='word_1_32' title='bbox 327 583 398 635; x_wconf 85' lang='lat' dir='ltr'><strong>sit</strong></span> <span class='ocrx_word' id='word_1_33' title='bbox 441 594 601 648; x_wconf 75' lang='lat' dir='ltr'><strong>quam</strong></span> <span class='ocrx_word' id='word_1_34' title='bbox 650 580 791 650; x_wconf 91' lang='lat' dir='ltr'><strong>quod</strong></span> <span class='ocrx_word' id='word_1_35' title='bbox 820 579 1035 649; x_wconf 82' lang='lat' dir='ltr'><strong>quidem</strong></span> <span class='ocrx_word' id='word_1_36' title='bbox 1068 580 1269 649; x_wconf 91' lang='lat' dir='ltr'><strong>lignum</strong></span> <span class='ocrx_word' id='word_1_37' title='bbox 1301 589 1417 643; x_wconf 89' lang='lat' dir='ltr'><strong>est,</strong></span> <span class='ocrx_word' id='word_1_38' title='bbox 1459 589 1547 633; x_wconf 88' lang='lat' dir='ltr'><strong>aut</strong></span> <span class='ocrx_word' id='word_1_39' title='bbox 1572 579 1773 649; x_wconf 86' lang='lat' dir='ltr'><strong>lignum</strong></span> <span class='ocrx_word' id='word_1_40' title='bbox 1802 579 1903 632; x_wconf 91' lang='lat' dir='ltr'><strong>ali-</strong></span> 
     </span>
    </p>
   </div>
   <div class='ocr_carea' id='block_1_7' title="bbox 328 669 1910 742">
    <p class='ocr_par' dir='ltr' id='par_1_7' title="bbox 328 669 1910 742">
     <span class='ocr_line' id='line_1_7' title="bbox 328 669 1910 742; baseline -0.003 -15"><span class='ocrx_word' id='word_1_41' title='bbox 328 673 494 742; x_wconf 86' lang='lat' dir='ltr'><strong>quod.</strong></span> <span class='ocrx_word' id='word_1_42' title='bbox 519 672 577 728; x_wconf 83' lang='lat' dir='ltr'><strong>Si</strong></span> <span class='ocrx_word' id='word_1_43' title='bbox 608 673 1004 742; x_wconf 65' lang='lat' dir='ltr'><strong>igitur-Oportet</strong></span> <span class='ocrx_word' id='word_1_44' title='bbox 1033 671 1246 725; x_wconf 86' lang='lat' dir='ltr'><strong>nomina</strong></span> <span class='ocrx_word' id='word_1_45' title='bbox 1279 685 1501 742; x_wconf 88' lang='lat' dir='ltr'><strong>ponere,</strong></span> <span class='ocrx_word' id='word_1_46' title='bbox 1525 670 1594 724; x_wconf 90' lang='lat' dir='ltr'><strong>sit</strong></span> <span class='ocrx_word' id='word_1_47' title='bbox 1623 671 1701 724; x_wconf 88' lang='lat' dir='ltr'><strong>sic</strong></span> <span class='ocrx_word' id='word_1_48' title='bbox 1729 669 1910 724; x_wconf 84' lang='lat' dir='ltr'><strong>dicere</strong></span> 
     </span>
    </p>
   </div>
   <div class='ocr_carea' id='block_1_8' title="bbox 330 759 1907 835">
    <p class='ocr_par' dir='ltr' id='par_1_8' title="bbox 330 759 1907 835">
     <span class='ocr_line' id='line_1_8' title="bbox 330 759 1907 835; baseline -0.005 -14"><span class='ocrx_word' id='word_1_49' title='bbox 330 765 610 835; x_wconf 55' lang='lat' dir='ltr'><strong>tradituri</strong></span> <span class='ocrx_word' id='word_1_50' title='bbox 630 803 647 829; x_wconf 92' lang='lat'><strong>,</strong></span> <span class='ocrx_word' id='word_1_51' title='bbox 686 764 781 820; x_wconf 87' lang='lat' dir='ltr'><strong>sed</strong></span> <span class='ocrx_word' id='word_1_52' title='bbox 800 764 895 819; x_wconf 88' lang='lat' dir='ltr'><strong>illo</strong></span> <span class='ocrx_word' id='word_1_53' title='bbox 920 763 1110 828; x_wconf 84' lang='lat' dir='ltr'><strong>modo,</strong></span> <span class='ocrx_word' id='word_1_54' title='bbox 1143 773 1234 817; x_wconf 86' lang='lat' dir='ltr'><strong>aut</strong></span> <span class='ocrx_word' id='word_1_55' title='bbox 1252 764 1402 817; x_wconf 91' lang='lat' dir='ltr'><strong>nullo</strong></span> <span class='ocrx_word' id='word_1_56' title='bbox 1426 763 1584 817; x_wconf 92' lang='lat' dir='ltr'><strong>modo</strong></span> <span class='ocrx_word' id='word_1_57' title='bbox 1609 759 1907 831; x_wconf 66' lang='lat' dir='ltr'><strong>praedicari,</strong></span> 
     </span>
    </p>
   </div>
   <div class='ocr_carea' id='block_1_9' title="bbox 330 851 1910 927">
    <p class='ocr_par' dir='ltr' id='par_1_9' title="bbox 330 851 1910 927">
     <span class='ocr_line' id='line_1_9' title="bbox 330 851 1910 927; baseline -0.004 -15"><span class='ocrx_word' id='word_1_58' title='bbox 330 866 423 912; x_wconf 76' lang='lat' dir='ltr'><strong>aut</strong></span> <span class='ocrx_word' id='word_1_59' title='bbox 448 855 726 927; x_wconf 66' lang='lat' dir='ltr'><strong>{indicari</strong></span> <span class='ocrx_word' id='word_1_60' title='bbox 748 856 961 926; x_wconf 83' lang='lat' dir='ltr'><strong>quidem</strong></span> <span class='ocrx_word' id='word_1_61' title='bbox 983 869 1088 910; x_wconf 91' lang='lat' dir='ltr'><strong>non</strong></span> <span class='ocrx_word' id='word_1_62' title='bbox 1116 853 1464 923; x_wconf 88' lang='lat' dir='ltr'><strong>simpliciter,</strong></span> <span class='ocrx_word' id='word_1_63' title='bbox 1496 853 1589 907; x_wconf 90' lang='lat' dir='ltr'><strong>sed</strong></span> <span class='ocrx_word' id='word_1_64' title='bbox 1615 851 1910 907; x_wconf 84' lang='lat' dir='ltr'><strong>secundum</strong></span> 
     </span>
    </p>
   </div>
   <div class='ocr_carea' id='block_1_10' title="bbox 330 941 1911 1017">
    <p class='ocr_par' dir='ltr' id='par_1_10' title="bbox 330 941 1911 1017">
     <span class='ocr_line' id='line_1_10' title="bbox 330 941 1911 1017; baseline -0.004 -13"><span class='ocrx_word' id='word_1_65' title='bbox 330 950 584 1004; x_wconf 77' lang='lat' dir='ltr'><strong>accidens</strong></span> <span class='ocrx_word' id='word_1_66' title='bbox 609 948 945 1017; x_wconf 59' lang='lat' dir='ltr'><strong>praedicatur,</strong></span> <span class='ocrx_word' id='word_1_67' title='bbox 980 955 1067 1002; x_wconf 86' lang='lat' dir='ltr'><strong>est</strong></span> <span class='ocrx_word' id='word_1_68' title='bbox 1091 955 1267 1000; x_wconf 82' lang='lat' dir='ltr'><strong>autem</strong></span> <span class='ocrx_word' id='word_1_69' title='bbox 1300 956 1549 1014; x_wconf 90' lang='lat' dir='ltr'><strong>tanquam</strong></span> <span class='ocrx_word' id='word_1_70' title='bbox 1573 943 1753 999; x_wconf 86' lang='lat' dir='ltr'><strong>album</strong></span> <span class='ocrx_word' id='word_1_71' title='bbox 1794 941 1911 1013; x_wconf 88' lang='lat' dir='ltr'><strong>qui-</strong></span> 
     </span>
    </p>
   </div>
   <div class='ocr_carea' id='block_1_11' title="bbox 330 1033 1913 1109">
    <p class='ocr_par' dir='ltr' id='par_1_11' title="bbox 330 1033 1913 1109">
     <span class='ocr_line' id='line_1_11' title="bbox 330 1033 1913 1109; baseline -0.004 -15"><span class='ocrx_word' id='word_1_72' title='bbox 330 1038 623 1109; x_wconf 77' lang='lat' dir='ltr'><strong>derrqood</strong></span> <span class='ocrx_word' id='word_1_73' title='bbox 646 1040 972 1108; x_wconf 63' lang='lat' dir='ltr'><strong>praedicatur</strong></span> <span class='ocrx_word' id='word_1_74' title='bbox 992 1078 1010 1100; x_wconf 87' lang='lat'><strong>,</strong></span> <span class='ocrx_word' id='word_1_75' title='bbox 1043 1036 1137 1092; x_wconf 88' lang='lat' dir='ltr'><strong>sed</strong></span> <span class='ocrx_word' id='word_1_76' title='bbox 1184 1038 1321 1091; x_wconf 94' lang='lat' dir='ltr'><strong>sicut</strong></span> <span class='ocrx_word' id='word_1_77' title='bbox 1348 1036 1547 1106; x_wconf 90' lang='lat' dir='ltr'><strong>lignum</strong></span> <span class='ocrx_word' id='word_1_78' title='bbox 1579 1043 1665 1091; x_wconf 84' lang='lat' dir='ltr'><strong>est</strong></span> <span class='ocrx_word' id='word_1_79' title='bbox 1704 1033 1774 1091; x_wconf 83' lang='lat' dir='ltr'><strong>de</strong></span> <span class='ocrx_word' id='word_1_80' title='bbox 1806 1049 1913 1101; x_wconf 89' lang='lat' dir='ltr'><strong>quo</strong></span> 
     </span>
    </p>
   </div>
   <div class='ocr_carea' id='block_1_12' title="bbox 330 1120 1911 1199">
    <p class='ocr_par' dir='ltr' id='par_1_12' title="bbox 330 1120 1911 1199">
     <span class='ocr_line' id='line_1_12' title="bbox 330 1120 1911 1199; baseline -0.003 -15"><span class='ocrx_word' id='word_1_81' title='bbox 330 1120 1042 1199; x_wconf 48' lang='lat' dir='ltr'><strong>pradieato‘rﬁupponstnr</strong></span> <span class='ocrx_word' id='word_1_82' title='bbox 1064 1142 1194 1199; x_wconf 85' lang='lat' dir='ltr'><strong>ergo</strong></span> <span class='ocrx_word' id='word_1_83' title='bbox 1232 1128 1580 1197; x_wconf 72' lang='lat' dir='ltr'><strong>praedicatum</strong></span> <span class='ocrx_word' id='word_1_84' title='bbox 1635 1125 1911 1195; x_wconf 59' lang='lat' dir='ltr'><strong>praedicari</strong></span> 
     </span>
    </p>
   </div>
   <div class='ocr_carea' id='block_1_13' title="bbox 326 1220 1915 1293">
    <p class='ocr_par' dir='ltr' id='par_1_13' title="bbox 326 1220 1915 1293">
     <span class='ocr_line' id='line_1_13' title="bbox 326 1220 1915 1293; baseline -0.003 -16"><span class='ocrx_word' id='word_1_85' title='bbox 326 1222 630 1293; x_wconf 76' lang='lat' dir='ltr'><strong>semperde</strong></span> <span class='ocrx_word' id='word_1_86' title='bbox 648 1236 758 1293; x_wconf 86' lang='lat' dir='ltr'><strong>quo</strong></span> <span class='ocrx_word' id='word_1_87' title='bbox 771 1221 1113 1292; x_wconf 62' lang='lat' dir='ltr'><strong>praedicatur,</strong></span> <span class='ocrx_word' id='word_1_88' title='bbox 1142 1220 1476 1290; x_wconf 85' lang='lat' dir='ltr'><strong>simpliciter,</strong></span> <span class='ocrx_word' id='word_1_89' title='bbox 1496 1220 1590 1275; x_wconf 89' lang='lat' dir='ltr'><strong>sed</strong></span> <span class='ocrx_word' id='word_1_90' title='bbox 1607 1235 1711 1274; x_wconf 92' lang='lat' dir='ltr'><strong>non</strong></span> <span class='ocrx_word' id='word_1_91' title='bbox 1723 1234 1915 1275; x_wconf 87' lang='lat' dir='ltr'><strong>secun-</strong></span> 
     </span>
    </p>
   </div>
   <div class='ocr_carea' id='block_1_14' title="bbox 333 1310 1914 1370">
    <p class='ocr_par' dir='ltr' id='par_1_14' title="bbox 333 1310 1914 1370">
     <span class='ocr_line' id='line_1_14' title="bbox 333 1310 1914 1370; baseline -0.002 -4"><span class='ocrx_word' id='word_1_92' title='bbox 333 1314 460 1367; x_wconf 83' lang='lat' dir='ltr'><strong>dum</strong></span> <span class='ocrx_word' id='word_1_93' title='bbox 498 1312 773 1368; x_wconf 73' lang='lat' dir='ltr'><strong>accidens.</strong></span> <span class='ocrx_word' id='word_1_94' title='bbox 816 1312 909 1370; x_wconf 86' lang='lat' dir='ltr'><strong>Sic</strong></span> <span class='ocrx_word' id='word_1_95' title='bbox 955 1314 1102 1367; x_wconf 66' lang='lat' dir='ltr'><strong>enTm</strong></span> <span class='ocrx_word' id='word_1_96' title='bbox 1145 1310 1634 1367; x_wconf 75' lang='lat' dir='ltr'><strong>demonstrationes</strong></span> <span class='ocrx_word' id='word_1_97' title='bbox 1686 1311 1914 1365; x_wconf 87' lang='lat' dir='ltr'><strong>demon-</strong></span> 
     </span>
    </p>
   </div>
   <div class='ocr_carea' id='block_1_15' title="bbox 334 1403 1914 1473">
    <p class='ocr_par' dir='ltr' id='par_1_15' title="bbox 334 1403 1914 1473">
     <span class='ocr_line' id='line_1_15' title="bbox 334 1403 1914 1473; baseline 0 -16"><span class='ocrx_word' id='word_1_98' title='bbox 334 1414 528 1460; x_wconf 83' lang='lat' dir='ltr'><strong>strsnt.</strong></span> <span class='ocrx_word' id='word_1_99' title='bbox 573 1404 753 1470; x_wconf 80' lang='lat' dir='ltr'><strong>Quare</strong></span> <span class='ocrx_word' id='word_1_100' title='bbox 792 1404 854 1459; x_wconf 65' lang='lat' dir='ltr'><strong>‘in</strong></span> <span class='ocrx_word' id='word_1_101' title='bbox 888 1417 960 1460; x_wconf 88' lang='lat' dir='ltr'><strong>eo</strong></span> <span class='ocrx_word' id='word_1_102' title='bbox 998 1403 1146 1473; x_wconf 80' lang='lat' dir='ltr'><strong>quod</strong></span> <span class='ocrx_word' id='word_1_103' title='bbox 1203 1403 1329 1472; x_wconf 83' lang='lat' dir='ltr'><strong>quid</strong></span> <span class='ocrx_word' id='word_1_104' title='bbox 1380 1413 1482 1465; x_wconf 83' lang='lat' dir='ltr'><strong>est,</strong></span> <span class='ocrx_word' id='word_1_105' title='bbox 1533 1413 1623 1457; x_wconf 91' lang='lat' dir='ltr'><strong>aut</strong></span> <span class='ocrx_word' id='word_1_106' title='bbox 1664 1404 1914 1473; x_wconf 90' lang='lat' dir='ltr'><strong>quoniam</strong></span> 
     </span>
    </p>
   </div>
   <div class='ocr_carea' id='block_1_16' title="bbox 334 1496 1917 1569">
    <p class='ocr_par' dir='ltr' id='par_1_16' title="bbox 334 1496 1917 1569">
     <span class='ocr_line' id='line_1_16' title="bbox 334 1496 1917 1569; baseline -0.001 -18"><span class='ocrx_word' id='word_1_107' title='bbox 334 1498 513 1567; x_wconf 81' lang='lat' dir='ltr'><strong>quale,</strong></span> <span class='ocrx_word' id='word_1_108' title='bbox 547 1507 636 1553; x_wconf 79' lang='lat' dir='ltr'><strong>aut</strong></span> <span class='ocrx_word' id='word_1_109' title='bbox 658 1508 944 1569; x_wconf 83' lang='lat' dir='ltr'><strong>quantum,</strong></span> <span class='ocrx_word' id='word_1_110' title='bbox 973 1506 1065 1552; x_wconf 87' lang='lat' dir='ltr'><strong>aut</strong></span> <span class='ocrx_word' id='word_1_111' title='bbox 1095 1497 1160 1551; x_wconf 87' lang='lat' dir='ltr'><strong>ad</strong></span> <span class='ocrx_word' id='word_1_112' title='bbox 1190 1496 1409 1567; x_wconf 89' lang='lat' dir='ltr'><strong>aliquid,</strong></span> <span class='ocrx_word' id='word_1_113' title='bbox 1450 1506 1542 1550; x_wconf 86' lang='lat' dir='ltr'><strong>aut</strong></span> <span class='ocrx_word' id='word_1_114' title='bbox 1574 1496 1792 1561; x_wconf 81' lang='lat' dir='ltr'><strong>faciens,</strong></span> <span class='ocrx_word' id='word_1_115' title='bbox 1826 1503 1917 1549; x_wconf 89' lang='lat' dir='ltr'><strong>ant</strong></span> 
     </span>
    </p>
   </div>
   <div class='ocr_carea' id='block_1_17' title="bbox 336 1587 1917 1659">
    <p class='ocr_par' dir='ltr' id='par_1_17' title="bbox 336 1587 1917 1659">
     <span class='ocr_line' id='line_1_17' title="bbox 336 1587 1917 1659; baseline -0.003 -14"><span class='ocrx_word' id='word_1_116' title='bbox 336 1592 567 1658; x_wconf 52' lang='lat' dir='ltr'><strong>patiens,</strong></span> <span class='ocrx_word' id='word_1_117' title='bbox 609 1600 702 1645; x_wconf 80' lang='lat' dir='ltr'><strong>aut</strong></span> <span class='ocrx_word' id='word_1_118' title='bbox 746 1590 858 1654; x_wconf 82' lang='lat' dir='ltr'><strong>ubi,</strong></span> <span class='ocrx_word' id='word_1_119' title='bbox 912 1597 1004 1644; x_wconf 83' lang='lat' dir='ltr'><strong>aut</strong></span> <span class='ocrx_word' id='word_1_120' title='bbox 1050 1588 1284 1659; x_wconf 82' lang='lat' dir='ltr'><strong>quando,</strong></span> <span class='ocrx_word' id='word_1_121' title='bbox 1329 1604 1449 1643; x_wconf 87' lang='lat' dir='ltr'><strong>cum</strong></span> <span class='ocrx_word' id='word_1_122' title='bbox 1481 1602 1646 1642; x_wconf 87' lang='lat' dir='ltr'><strong>unum</strong></span> <span class='ocrx_word' id='word_1_123' title='bbox 1691 1587 1759 1643; x_wconf 86' lang='lat' dir='ltr'><strong>de</strong></span> <span class='ocrx_word' id='word_1_124' title='bbox 1805 1603 1917 1642; x_wconf 91' lang='lat' dir='ltr'><strong>uno</strong></span> 
     </span>
    </p>
   </div>
   <div class='ocr_carea' id='block_1_18' title="bbox 338 1679 1917 1750">
    <p class='ocr_par' dir='ltr' id='par_1_18' title="bbox 338 1679 1917 1750">
     <span class='ocr_line' id='line_1_18' title="bbox 338 1679 1917 1750; baseline -0.001 -17"><span class='ocrx_word' id='word_1_125' title='bbox 338 1681 732 1749; x_wconf 54' lang='lat' dir='ltr'><strong>prtcdicabitur.</strong></span> <span class='ocrx_word' id='word_1_126' title='bbox 764 1680 1025 1750; x_wconf 82' lang='lat' dir='ltr'><strong>Amplius,</strong></span> <span class='ocrx_word' id='word_1_127' title='bbox 1068 1680 1420 1735; x_wconf 72' lang='lat' dir='ltr'><strong>substantiam</strong></span> <span class='ocrx_word' id='word_1_128' title='bbox 1465 1679 1679 1748; x_wconf 86' lang='lat' dir='ltr'><strong>quidem</strong></span> <span class='ocrx_word' id='word_1_129' title='bbox 1709 1680 1917 1749; x_wconf 83' lang='lat' dir='ltr'><strong>signiti-</strong></span> 
     </span>
    </p>
   </div>
   <div class='ocr_carea' id='block_1_19' title="bbox 2014 485 3583 559">
    <p class='ocr_par' dir='ltr' id='par_1_19' title="bbox 2014 485 3583 559">
     <span class='ocr_line' id='line_1_19' title="bbox 2014 485 3583 559; baseline 0.001 -18"><span class='ocrx_word' id='word_1_130' title='bbox 2014 489 2208 555; x_wconf 89' lang='lat' dir='ltr'><strong>cimus,</strong></span> <span class='ocrx_word' id='word_1_131' title='bbox 2237 489 2485 543; x_wconf 86' lang='lat' dir='ltr'><strong>accidens</strong></span> <span class='ocrx_word' id='word_1_132' title='bbox 2524 502 2697 544; x_wconf 89' lang='lat' dir='ltr'><strong>autem</strong></span> <span class='ocrx_word' id='word_1_133' title='bbox 2728 505 2829 545; x_wconf 91' lang='lat' dir='ltr'><strong>non</strong></span> <span class='ocrx_word' id='word_1_134' title='bbox 2862 505 2979 544; x_wconf 79' lang='lat' dir='ltr'><strong>esse</strong></span> <span class='ocrx_word' id='word_1_135' title='bbox 3009 488 3305 557; x_wconf 74' lang='lat' dir='ltr'><strong>subjectum</strong></span> <span class='ocrx_word' id='word_1_136' title='bbox 3338 485 3583 559; x_wconf 77' lang='lat' dir='ltr'><strong>aliquod,</strong></span> 
     </span>
    </p>
   </div>
   <div class='ocr_carea' id='block_1_20' title="bbox 2014 579 3587 650">
    <p class='ocr_par' dir='ltr' id='par_1_20' title="bbox 2014 579 3587 650">
     <span class='ocr_line' id='line_1_20' title="bbox 2014 579 3587 650; baseline 0.004 -19"><span class='ocrx_word' id='word_1_137' title='bbox 2014 579 2144 631; x_wconf 86' lang='lat' dir='ltr'><strong>nihil</strong></span> <span class='ocrx_word' id='word_1_138' title='bbox 2177 580 2319 633; x_wconf 81' lang='lat' dir='ltr'><strong>enim</strong></span> <span class='ocrx_word' id='word_1_139' title='bbox 2353 581 2535 635; x_wconf 91' lang='lat' dir='ltr'><strong>talium</strong></span> <span class='ocrx_word' id='word_1_140' title='bbox 2583 582 2829 649; x_wconf 83' lang='lat' dir='ltr'><strong>ponimus</strong></span> <span class='ocrx_word' id='word_1_141' title='bbox 2868 596 3010 643; x_wconf 86' lang='lat' dir='ltr'><strong>esse.</strong></span> <span class='ocrx_word' id='word_1_142' title='bbox 3049 597 3153 634; x_wconf 89' lang='lat' dir='ltr'><strong>non</strong></span> <span class='ocrx_word' id='word_1_143' title='bbox 3189 580 3327 650; x_wconf 90' lang='lat' dir='ltr'><strong>quod</strong></span> <span class='ocrx_word' id='word_1_144' title='bbox 3354 579 3587 637; x_wconf 79' lang='lat' dir='ltr'><strong>alterum</strong></span> 
     </span>
    </p>
   </div>
   <div class='ocr_carea' id='block_1_21' title="bbox 2013 669 3590 741">
    <p class='ocr_par' dir='ltr' id='par_1_21' title="bbox 2013 669 3590 741">
     <span class='ocr_line' id='line_1_21' title="bbox 2013 669 3590 741; baseline 0.004 -21"><span class='ocrx_word' id='word_1_145' title='bbox 2013 669 2228 737; x_wconf 81' lang='lat' dir='ltr'><strong>aliquod</strong></span> <span class='ocrx_word' id='word_1_146' title='bbox 2259 684 2379 724; x_wconf 59' lang='lat' dir='ltr'><strong>esse</strong></span> <span class='ocrx_word' id='word_1_147' title='bbox 2407 670 2622 735; x_wconf 86' lang='lat' dir='ltr'><strong>dicitur,</strong></span> <span class='ocrx_word' id='word_1_148' title='bbox 2655 672 2750 726; x_wconf 91' lang='lat' dir='ltr'><strong>scd</strong></span> <span class='ocrx_word' id='word_1_149' title='bbox 2787 673 2957 741; x_wconf 89' lang='lat' dir='ltr'><strong>ipsum</strong></span> <span class='ocrx_word' id='word_1_150' title='bbox 2989 673 3056 726; x_wconf 89' lang='lat' dir='ltr'><strong>de</strong></span> <span class='ocrx_word' id='word_1_151' title='bbox 3082 672 3221 730; x_wconf 87' lang='lat' dir='ltr'><strong>aliis.</strong></span> <span class='ocrx_word' id='word_1_152' title='bbox 3250 681 3305 726; x_wconf 90' lang='lat' dir='ltr'><strong>et</strong></span> <span class='ocrx_word' id='word_1_153' title='bbox 3342 671 3442 725; x_wconf 86' lang='lat' dir='ltr'><strong>alia</strong></span> <span class='ocrx_word' id='word_1_154' title='bbox 3473 669 3590 739; x_wconf 83' lang='lat' dir='ltr'><strong>qui-</strong></span> 
     </span>
    </p>
   </div>
   <div class='ocr_carea' id='block_1_22' title="bbox 2014 761 3590 835">
    <p class='ocr_par' dir='ltr' id='par_1_22' title="bbox 2014 761 3590 835">
     <span class='ocr_line' id='line_1_22' title="bbox 2014 761 3590 835; baseline 0.005 -22"><span class='ocrx_word' id='word_1_155' title='bbox 2014 761 2138 815; x_wconf 90' lang='lat' dir='ltr'><strong>dem</strong></span> <span class='ocrx_word' id='word_1_156' title='bbox 2171 762 2237 816; x_wconf 91' lang='lat' dir='ltr'><strong>de</strong></span> <span class='ocrx_word' id='word_1_157' title='bbox 2267 762 2397 830; x_wconf 90' lang='lat' dir='ltr'><strong>alio,</strong></span> <span class='ocrx_word' id='word_1_158' title='bbox 2442 779 2615 834; x_wconf 87' lang='lat' dir='ltr'><strong>neque</strong></span> <span class='ocrx_word' id='word_1_159' title='bbox 2645 765 2697 819; x_wconf 88' lang='lat' dir='ltr'><strong>in</strong></span> <span class='ocrx_word' id='word_1_160' title='bbox 2737 781 2973 830; x_wconf 82' lang='lat' dir='ltr'><strong>sursum,</strong></span> <span class='ocrx_word' id='word_1_161' title='bbox 3017 780 3145 835; x_wconf 81' lang='lat' dir='ltr'><strong>ergo</strong></span> <span class='ocrx_word' id='word_1_162' title='bbox 3174 782 3333 819; x_wconf 87' lang='lat' dir='ltr'><strong>unum</strong></span> <span class='ocrx_word' id='word_1_163' title='bbox 3360 768 3429 820; x_wconf 88' lang='lat' dir='ltr'><strong>de</strong></span> <span class='ocrx_word' id='word_1_164' title='bbox 3461 780 3590 833; x_wconf 79' lang='lat' dir='ltr'><strong>uno.</strong></span> 
     </span>
    </p>
   </div>
   <div class='ocr_carea' id='block_1_23' title="bbox 2016 853 3591 924">
    <p class='ocr_par' dir='ltr' id='par_1_23' title="bbox 2016 853 3591 924">
     <span class='ocr_line' id='line_1_23' title="bbox 2016 853 3591 924; baseline 0.003 -20"><span class='ocrx_word' id='word_1_165' title='bbox 2016 866 2187 922; x_wconf 90' lang='lat' dir='ltr'><strong>neque</strong></span> <span class='ocrx_word' id='word_1_166' title='bbox 2218 853 2269 905; x_wconf 91' lang='lat' dir='ltr'><strong>in</strong></span> <span class='ocrx_word' id='word_1_167' title='bbox 2310 853 2562 909; x_wconf 83' lang='lat' dir='ltr'><strong>deorsum</strong></span> <span class='ocrx_word' id='word_1_168' title='bbox 2594 870 2715 909; x_wconf 88' lang='lat' dir='ltr'><strong>esse</strong></span> <span class='ocrx_word' id='word_1_169' title='bbox 2755 854 2982 919; x_wconf 76' lang='lat' dir='ltr'><strong>dicetur,</strong></span> <span class='ocrx_word' id='word_1_170' title='bbox 3018 856 3087 910; x_wconf 89' lang='lat' dir='ltr'><strong>de</strong></span> <span class='ocrx_word' id='word_1_171' title='bbox 3120 856 3312 924; x_wconf 78' lang='lat' dir='ltr'><strong>quibus</strong></span> <span class='ocrx_word' id='word_1_172' title='bbox 3339 856 3480 909; x_wconf 90' lang='lat' dir='ltr'><strong>enim</strong></span> <span class='ocrx_word' id='word_1_173' title='bbox 3511 854 3591 909; x_wconf 77' lang='lat' dir='ltr'><strong>di-</strong></span> 
     </span>
    </p>
   </div>
   <div class='ocr_carea' id='block_1_24' title="bbox 2017 944 3592 1014">
    <p class='ocr_par' dir='ltr' id='par_1_24' title="bbox 2017 944 3592 1014">
     <span class='ocr_line' id='line_1_24' title="bbox 2017 944 3592 1014; baseline 0.001 -18"><span class='ocrx_word' id='word_1_174' title='bbox 2017 954 2209 997; x_wconf 89' lang='lat' dir='ltr'><strong>cuntur</strong></span> <span class='ocrx_word' id='word_1_175' title='bbox 2236 944 2554 1007; x_wconf 86' lang='lat' dir='ltr'><strong>accidentia,</strong></span> <span class='ocrx_word' id='word_1_176' title='bbox 2583 959 2914 1014; x_wconf 75' lang='lat' dir='ltr'><strong>qumcunque</strong></span> <span class='ocrx_word' id='word_1_177' title='bbox 2941 946 2994 998; x_wconf 90' lang='lat' dir='ltr'><strong>in</strong></span> <span class='ocrx_word' id='word_1_178' title='bbox 3016 946 3313 998; x_wconf 82' lang='lat' dir='ltr'><strong>substantia</strong></span> <span class='ocrx_word' id='word_1_179' title='bbox 3342 944 3592 998; x_wconf 83' lang='lat' dir='ltr'><strong>uniuscu-</strong></span> 
     </span>
    </p>
   </div>
   <div class='ocr_carea' id='block_1_25' title="bbox 2010 1033 3593 1103">
    <p class='ocr_par' dir='ltr' id='par_1_25' title="bbox 2010 1033 3593 1103">
     <span class='ocr_line' id='line_1_25' title="bbox 2010 1033 3593 1103; baseline -0.001 -15"><span class='ocrx_word' id='word_1_180' title='bbox 2010 1035 2204 1103; x_wconf 85' lang='lat' dir='ltr'><strong>jusque</strong></span> <span class='ocrx_word' id='word_1_181' title='bbox 2234 1045 2376 1101; x_wconf 89' lang='lat' dir='ltr'><strong>sunt,</strong></span> <span class='ocrx_word' id='word_1_182' title='bbox 2410 1035 2525 1089; x_wconf 67' lang='lat' dir='ltr'><strong>hazc</strong></span> <span class='ocrx_word' id='word_1_183' title='bbox 2574 1046 2749 1088; x_wconf 84' lang='lat' dir='ltr'><strong>autem</strong></span> <span class='ocrx_word' id='word_1_184' title='bbox 2784 1051 2889 1087; x_wconf 91' lang='lat' dir='ltr'><strong>non</strong></span> <span class='ocrx_word' id='word_1_185' title='bbox 2920 1042 3043 1088; x_wconf 81' lang='lat' dir='ltr'><strong>sunt</strong></span> <span class='ocrx_word' id='word_1_186' title='bbox 3088 1035 3314 1099; x_wconf 89' lang='lat' dir='ltr'><strong>inlinita,</strong></span> <span class='ocrx_word' id='word_1_187' title='bbox 3356 1033 3448 1087; x_wconf 89' lang='lat' dir='ltr'><strong>sed</strong></span> <span class='ocrx_word' id='word_1_188' title='bbox 3476 1048 3593 1101; x_wconf 79' lang='lat' dir='ltr'><strong>sur-</strong></span> 
     </span>
    </p>
   </div>
   <div class='ocr_carea' id='block_1_26' title="bbox 2015 1124 3593 1196">
    <p class='ocr_par' dir='ltr' id='par_1_26' title="bbox 2015 1124 3593 1196">
     <span class='ocr_line' id='line_1_26' title="bbox 2015 1124 3593 1196; baseline 0 -17"><span class='ocrx_word' id='word_1_189' title='bbox 2015 1140 2133 1179; x_wconf 88' lang='lat' dir='ltr'><strong>sum</strong></span> <span class='ocrx_word' id='word_1_190' title='bbox 2166 1127 2277 1195; x_wconf 89' lang='lat' dir='ltr'><strong>ipsa</strong></span> <span class='ocrx_word' id='word_1_191' title='bbox 2310 1142 2523 1196; x_wconf 88' lang='lat' dir='ltr'><strong>quoque</strong></span> <span class='ocrx_word' id='word_1_192' title='bbox 2552 1135 2605 1180; x_wconf 89' lang='lat' dir='ltr'><strong>et</strong></span> <span class='ocrx_word' id='word_1_193' title='bbox 2633 1126 2927 1181; x_wconf 69' lang='lat' dir='ltr'><strong>accidentia</strong></span> <span class='ocrx_word' id='word_1_194' title='bbox 2972 1135 3195 1195; x_wconf 86' lang='lat' dir='ltr'><strong>utraque</strong></span> <span class='ocrx_word' id='word_1_195' title='bbox 3241 1142 3345 1178; x_wconf 91' lang='lat' dir='ltr'><strong>non</strong></span> <span class='ocrx_word' id='word_1_196' title='bbox 3386 1124 3593 1179; x_wconf 75' lang='lat' dir='ltr'><strong>inﬁnita</strong></span> 
     </span>
    </p>
   </div>
   <div class='ocr_carea' id='block_1_27' title="bbox 2017 1214 3591 1285">
    <p class='ocr_par' dir='ltr' id='par_1_27' title="bbox 2017 1214 3591 1285">
     <span class='ocr_line' id='line_1_27' title="bbox 2017 1214 3591 1285; baseline 0 -18"><span class='ocrx_word' id='word_1_197' title='bbox 2017 1226 2161 1269; x_wconf 88' lang='lat' dir='ltr'><strong>sunt.</strong></span> <span class='ocrx_word' id='word_1_198' title='bbox 2191 1215 2422 1271; x_wconf 82' lang='lat' dir='ltr'><strong>Necesse</strong></span> <span class='ocrx_word' id='word_1_199' title='bbox 2453 1226 2533 1269; x_wconf 85' lang='lat' dir='ltr'><strong>est</strong></span> <span class='ocrx_word' id='word_1_200' title='bbox 2562 1231 2690 1284; x_wconf 85' lang='lat' dir='ltr'><strong>ergo</strong></span> <span class='ocrx_word' id='word_1_201' title='bbox 2722 1231 2840 1270; x_wconf 85' lang='lat' dir='ltr'><strong>esse</strong></span> <span class='ocrx_word' id='word_1_202' title='bbox 2876 1215 3092 1284; x_wconf 85' lang='lat' dir='ltr'><strong>aliquid,</strong></span> <span class='ocrx_word' id='word_1_203' title='bbox 3129 1214 3196 1269; x_wconf 91' lang='lat' dir='ltr'><strong>de</strong></span> <span class='ocrx_word' id='word_1_204' title='bbox 3225 1230 3330 1285; x_wconf 90' lang='lat' dir='ltr'><strong>quo</strong></span> <span class='ocrx_word' id='word_1_205' title='bbox 3363 1218 3591 1281; x_wconf 85' lang='lat' dir='ltr'><strong>primum</strong></span> 
     </span>
    </p>
   </div>
   <div class='ocr_carea' id='block_1_28' title="bbox 2017 1304 3594 1376">
    <p class='ocr_par' dir='ltr' id='par_1_28' title="bbox 2017 1304 3594 1376">
     <span class='ocr_line' id='line_1_28' title="bbox 2017 1304 3594 1376; baseline -0.002 -16"><span class='ocrx_word' id='word_1_206' title='bbox 2017 1308 2363 1376; x_wconf 68' lang='lat' dir='ltr'><strong>prtedicetur,</strong></span> <span class='ocrx_word' id='word_1_207' title='bbox 2390 1318 2444 1361; x_wconf 90' lang='lat' dir='ltr'><strong>et</strong></span> <span class='ocrx_word' id='word_1_208' title='bbox 2470 1308 2536 1361; x_wconf 90' lang='lat' dir='ltr'><strong>de</strong></span> <span class='ocrx_word' id='word_1_209' title='bbox 2568 1308 2669 1361; x_wconf 85' lang='lat' dir='ltr'><strong>hoc</strong></span> <span class='ocrx_word' id='word_1_210' title='bbox 2695 1307 2856 1371; x_wconf 78' lang='lat' dir='ltr'><strong>aliud,</strong></span> <span class='ocrx_word' id='word_1_211' title='bbox 2887 1316 2939 1360; x_wconf 90' lang='grc' dir='ltr'><strong>ει</strong></span> <span class='ocrx_word' id='word_1_212' title='bbox 2963 1306 3062 1359; x_wconf 82' lang='lat' dir='ltr'><strong>hoc</strong></span> <span class='ocrx_word' id='word_1_213' title='bbox 3078 1315 3243 1370; x_wconf 84' lang='lat' dir='ltr'><strong>stare,</strong></span> <span class='ocrx_word' id='word_1_214' title='bbox 3270 1318 3321 1359; x_wconf 89' lang='lat' dir='ltr'><strong>et</strong></span> <span class='ocrx_word' id='word_1_215' title='bbox 3351 1320 3471 1360; x_wconf 81' lang='lat' dir='ltr'><strong>esse</strong></span> <span class='ocrx_word' id='word_1_216' title='bbox 3497 1304 3594 1363; x_wconf 86' lang='lat' dir='ltr'><strong>ali-</strong></span> 
     </span>
    </p>
   </div>
   <div class='ocr_carea' id='block_1_29' title="bbox 2017 1395 3594 1470">
    <p class='ocr_par' dir='ltr' id='par_1_29' title="bbox 2017 1395 3594 1470">
     <span class='ocr_line' id='line_1_29' title="bbox 2017 1395 3594 1470; baseline -0.001 -19"><span class='ocrx_word' id='word_1_217' title='bbox 2017 1400 2141 1469; x_wconf 87' lang='lat' dir='ltr'><strong>quid</strong></span> <span class='ocrx_word' id='word_1_218' title='bbox 2171 1402 2309 1468; x_wconf 91' lang='lat' dir='ltr'><strong>quod</strong></span> <span class='ocrx_word' id='word_1_219' title='bbox 2343 1416 2448 1452; x_wconf 71' lang='lat' dir='ltr'><strong>non</strong></span> <span class='ocrx_word' id='word_1_220' title='bbox 2473 1398 2728 1467; x_wconf 80' lang='lat' dir='ltr'><strong>amplius,</strong></span> <span class='ocrx_word' id='word_1_221' title='bbox 2750 1399 2940 1470; x_wconf 66' lang='lat' dir='ltr'><strong>ineque</strong></span> <span class='ocrx_word' id='word_1_222' title='bbox 2966 1397 3031 1451; x_wconf 88' lang='lat' dir='ltr'><strong>de</strong></span> <span class='ocrx_word' id='word_1_223' title='bbox 3062 1395 3169 1449; x_wconf 85' lang='lat' dir='ltr'><strong>alio</strong></span> <span class='ocrx_word' id='word_1_224' title='bbox 3201 1396 3385 1462; x_wconf 78' lang='lat' dir='ltr'><strong>priori,</strong></span> <span class='ocrx_word' id='word_1_225' title='bbox 3420 1407 3594 1463; x_wconf 86' lang='lat' dir='ltr'><strong>neque</strong></span> 
     </span>
    </p>
   </div>
   <div class='ocr_carea' id='block_1_30' title="bbox 2019 1472 3596 1559">
    <p class='ocr_par' dir='ltr' id='par_1_30' title="bbox 2019 1472 3596 1559">
     <span class='ocr_line' id='line_1_30' title="bbox 2019 1472 3596 1559; baseline -0.003 -16"><span class='ocrx_word' id='word_1_226' title='bbox 2019 1472 2204 1545; x_wconf 27' lang='lat' dir='ltr'><strong>deli-llo</strong></span> <span class='ocrx_word' id='word_1_227' title='bbox 2235 1490 2373 1543; x_wconf 83' lang='lat' dir='ltr'><strong>aliud</strong></span> <span class='ocrx_word' id='word_1_228' title='bbox 2409 1493 2558 1559; x_wconf 87' lang='lat' dir='ltr'><strong>prius</strong></span> <span class='ocrx_word' id='word_1_229' title='bbox 2604 1489 2945 1556; x_wconf 69' lang='lat' dir='ltr'><strong>praedicetur.</strong></span> <span class='ocrx_word' id='word_1_230' title='bbox 2997 1487 3142 1542; x_wconf 84' lang='lat' dir='ltr'><strong>Unus</strong></span> <span class='ocrx_word' id='word_1_231' title='bbox 3173 1486 3385 1553; x_wconf 78' lang='lat' dir='ltr'><strong>quidem</strong></span> <span class='ocrx_word' id='word_1_232' title='bbox 3435 1485 3596 1554; x_wconf 91' lang='lat' dir='ltr'><strong>igitur</strong></span> 
     </span>
    </p>
   </div>
   <div class='ocr_carea' id='block_1_31' title="bbox 2022 1579 3593 1649">
    <p class='ocr_par' dir='ltr' id='par_1_31' title="bbox 2022 1579 3593 1649">
     <span class='ocr_line' id='line_1_31' title="bbox 2022 1579 3593 1649; baseline -0.006 -10"><span class='ocrx_word' id='word_1_233' title='bbox 2022 1583 2211 1639; x_wconf 73' lang='lat' dir='ltr'><strong>modus</strong></span> <span class='ocrx_word' id='word_1_234' title='bbox 2240 1583 2737 1649; x_wconf 65' lang='lat' dir='ltr'><strong>deomnstratinnis,</strong></span> <span class='ocrx_word' id='word_1_235' title='bbox 2786 1581 2984 1635; x_wconf 86' lang='lat' dir='ltr'><strong>dicitur</strong></span> <span class='ocrx_word' id='word_1_236' title='bbox 3030 1581 3139 1633; x_wconf 82' lang='lat' dir='ltr'><strong>hic.</strong></span> <span class='ocrx_word' id='word_1_237' title='bbox 3192 1579 3380 1631; x_wconf 70' lang='lat' dir='ltr'><strong>Adhuc</strong></span> <span class='ocrx_word' id='word_1_238' title='bbox 3416 1586 3593 1633; x_wconf 87' lang='lat' dir='ltr'><strong>autem</strong></span> 
     </span>
    </p>
   </div>
   <div class='ocr_carea' id='block_1_32' title="bbox 2021 1670 3598 1745">
    <p class='ocr_par' dir='ltr' id='par_1_32' title="bbox 2021 1670 3598 1745">
     <span class='ocr_line' id='line_1_32' title="bbox 2021 1670 3598 1745; baseline -0.003 -17"><span class='ocrx_word' id='word_1_239' title='bbox 2021 1676 2179 1741; x_wconf 89' lang='lat' dir='ltr'><strong>alius,</strong></span> <span class='ocrx_word' id='word_1_240' title='bbox 2209 1677 2253 1729; x_wconf 87' lang='lat' dir='ltr'><strong>si</strong></span> <span class='ocrx_word' id='word_1_241' title='bbox 2285 1676 2350 1730; x_wconf 91' lang='lat' dir='ltr'><strong>de</strong></span> <span class='ocrx_word' id='word_1_242' title='bbox 2381 1678 2576 1745; x_wconf 80' lang='lat' dir='ltr'><strong>quibus</strong></span> <span class='ocrx_word' id='word_1_243' title='bbox 2616 1676 2790 1742; x_wconf 86' lang='lat' dir='ltr'><strong>priora</strong></span> <span class='ocrx_word' id='word_1_244' title='bbox 2821 1673 3063 1743; x_wconf 75' lang='lat' dir='ltr'><strong>quaedam</strong></span> <span class='ocrx_word' id='word_1_245' title='bbox 3110 1670 3484 1741; x_wconf 76' lang='lat' dir='ltr'><strong>prazdicantur,</strong></span> <span class='ocrx_word' id='word_1_246' title='bbox 3516 1675 3598 1724; x_wconf 85' lang='lat' dir='ltr'><strong>est</strong></span> 
     </span>
    </p>
   </div>
   <div class='ocr_carea' id='block_1_33' title="bbox 338 1763 3597 1844">
    <p class='ocr_par' dir='ltr' id='par_1_33' title="bbox 338 1763 3597 1844">
     <span class='ocr_line' id='line_1_33' title="bbox 338 1763 3597 1844; baseline -0.003 -19"><span class='ocrx_word' id='word_1_247' title='bbox 338 1774 535 1839; x_wconf 89' lang='lat' dir='ltr'><strong>cantia,</strong></span> <span class='ocrx_word' id='word_1_248' title='bbox 566 1773 709 1844; x_wconf 88' lang='lat' dir='ltr'><strong>quod</strong></span> <span class='ocrx_word' id='word_1_249' title='bbox 738 1772 954 1843; x_wconf 83' lang='lat' dir='ltr'><strong>quidem</strong></span> <span class='ocrx_word' id='word_1_250' title='bbox 988 1770 1117 1827; x_wconf 82' lang='lat' dir='ltr'><strong>illud</strong></span> <span class='ocrx_word' id='word_1_251' title='bbox 1148 1780 1253 1836; x_wconf 74' lang='lat' dir='ltr'><strong>est,</strong></span> <span class='ocrx_word' id='word_1_252' title='bbox 1278 1780 1374 1827; x_wconf 80' lang='lat' dir='ltr'><strong>aut</strong></span> <span class='ocrx_word' id='word_1_253' title='bbox 1394 1771 1607 1841; x_wconf 90' lang='lat' dir='ltr'><strong>aliquod</strong></span> <span class='ocrx_word' id='word_1_254' title='bbox 1641 1770 1769 1824; x_wconf 91' lang='lat' dir='ltr'><strong>illud</strong></span> <span class='ocrx_word' id='word_1_255' title='bbox 1796 1771 1914 1840; x_wconf 55' lang='lat' dir='ltr'><strong>qui.</strong></span> <span class='ocrx_word' id='word_1_256' title='bbox 1949 1775 1995 1837; x_wconf 76' lang='grc' dir='ltr'><strong>Β</strong></span> <span class='ocrx_word' id='word_1_257' title='bbox 2024 1769 2212 1823; x_wconf 77' lang='lat' dir='ltr'><strong>lterum</strong></span> <span class='ocrx_word' id='word_1_258' title='bbox 2241 1772 2647 1833; x_wconf 67' lang='lat' dir='ltr'><strong>demonstratio,</strong></span> <span class='ocrx_word' id='word_1_259' title='bbox 2679 1783 2907 1837; x_wconf 88' lang='lat' dir='ltr'><strong>quorum</strong></span> <span class='ocrx_word' id='word_1_260' title='bbox 2939 1777 3117 1820; x_wconf 86' lang='lat' dir='ltr'><strong>autem</strong></span> <span class='ocrx_word' id='word_1_261' title='bbox 3142 1774 3230 1818; x_wconf 86' lang='lat' dir='ltr'><strong>est</strong></span> <span class='ocrx_word' id='word_1_262' title='bbox 3263 1763 3597 1818; x_wconf 80' lang='lat' dir='ltr'><strong>demonstra-</strong></span> 
     </span>
    </p>
   </div>
   <div class='ocr_carea' id='block_1_34' title="bbox 339 1862 1919 1936">
    <p class='ocr_par' dir='ltr' id='par_1_34' title="bbox 339 1862 1919 1936">
     <span class='ocr_line' id='line_1_34' title="bbox 339 1862 1919 1936; baseline -0.002 -18"><span class='ocrx_word' id='word_1_263' title='bbox 339 1867 459 1920; x_wconf 88' lang='lat' dir='ltr'><strong>dem</strong></span> <span class='ocrx_word' id='word_1_264' title='bbox 483 1866 784 1936; x_wconf 89' lang='lat' dir='ltr'><strong>signiﬁcant</strong></span> <span class='ocrx_word' id='word_1_265' title='bbox 804 1864 873 1919; x_wconf 93' lang='lat' dir='ltr'><strong>de</strong></span> <span class='ocrx_word' id='word_1_266' title='bbox 894 1879 999 1935; x_wconf 88' lang='lat' dir='ltr'><strong>quo</strong></span> <span class='ocrx_word' id='word_1_267' title='bbox 1014 1863 1405 1934; x_wconf 74' lang='lat' dir='ltr'><strong>praedicantur.</strong></span> <span class='ocrx_word' id='word_1_268' title='bbox 1428 1862 1772 1931; x_wconf 64' lang='lat' dir='ltr'><strong>Quaecunque</strong></span> <span class='ocrx_word' id='word_1_269' title='bbox 1790 1876 1919 1916; x_wconf 80' lang='lat' dir='ltr'><strong>vero</strong></span> 
     </span>
    </p>
   </div>
   <div class='ocr_carea' id='block_1_35' title="bbox 339 1956 1920 2027">
    <p class='ocr_par' dir='ltr' id='par_1_35' title="bbox 339 1956 1920 2027">
     <span class='ocr_line' id='line_1_35' title="bbox 339 1956 1920 2027; baseline 0 -17"><span class='ocrx_word' id='word_1_270' title='bbox 339 1973 443 2011; x_wconf 91' lang='lat' dir='ltr'><strong>non</strong></span> <span class='ocrx_word' id='word_1_271' title='bbox 475 1957 827 2013; x_wconf 83' lang='lat' dir='ltr'><strong>substantiam</strong></span> <span class='ocrx_word' id='word_1_272' title='bbox 867 1956 1190 2027; x_wconf 83' lang='lat' dir='ltr'><strong>signiﬁcant,</strong></span> <span class='ocrx_word' id='word_1_273' title='bbox 1234 1956 1331 2012; x_wconf 81' lang='lat' dir='ltr'><strong>sed</strong></span> <span class='ocrx_word' id='word_1_274' title='bbox 1361 1956 1430 2013; x_wconf 90' lang='lat' dir='ltr'><strong>de</strong></span> <span class='ocrx_word' id='word_1_275' title='bbox 1458 1958 1637 2024; x_wconf 74' lang='lat' dir='ltr'><strong>aliquo</strong></span> <span class='ocrx_word' id='word_1_276' title='bbox 1666 1956 1920 2026; x_wconf 78' lang='lat' dir='ltr'><strong>subjecto</strong></span> 
     </span>
    </p>
   </div>
   <div class='ocr_carea' id='block_1_36' title="bbox 339 2044 1920 2118">
    <p class='ocr_par' dir='ltr' id='par_1_36' title="bbox 339 2044 1920 2118">
     <span class='ocr_line' id='line_1_36' title="bbox 339 2044 1920 2118; baseline 0.001 -16"><span class='ocrx_word' id='word_1_277' title='bbox 339 2046 609 2113; x_wconf 89' lang='lat' dir='ltr'><strong>dicuntur,</strong></span> <span class='ocrx_word' id='word_1_278' title='bbox 638 2048 780 2116; x_wconf 91' lang='lat' dir='ltr'><strong>quod</strong></span> <span class='ocrx_word' id='word_1_279' title='bbox 812 2063 919 2103; x_wconf 92' lang='lat' dir='ltr'><strong>non</strong></span> <span class='ocrx_word' id='word_1_280' title='bbox 946 2044 1049 2114; x_wconf 87' lang='lat' dir='ltr'><strong>est,</strong></span> <span class='ocrx_word' id='word_1_281' title='bbox 1076 2064 1247 2116; x_wconf 89' lang='lat' dir='ltr'><strong>neque</strong></span> <span class='ocrx_word' id='word_1_282' title='bbox 1274 2048 1416 2118; x_wconf 91' lang='lat' dir='ltr'><strong>quod</strong></span> <span class='ocrx_word' id='word_1_283' title='bbox 1450 2048 1580 2103; x_wconf 88' lang='lat' dir='ltr'><strong>illud</strong></span> <span class='ocrx_word' id='word_1_284' title='bbox 1611 2059 1713 2114; x_wconf 86' lang='lat' dir='ltr'><strong>est,</strong></span> <span class='ocrx_word' id='word_1_285' title='bbox 1746 2063 1920 2117; x_wconf 91' lang='lat' dir='ltr'><strong>neque</strong></span> 
     </span>
    </p>
   </div>
   <div class='ocr_carea' id='block_1_37' title="bbox 339 2138 1921 2209">
    <p class='ocr_par' dir='ltr' id='par_1_37' title="bbox 339 2138 1921 2209">
     <span class='ocr_line' id='line_1_37' title="bbox 339 2138 1921 2209; baseline 0.001 -17"><span class='ocrx_word' id='word_1_286' title='bbox 339 2140 480 2209; x_wconf 87' lang='lat' dir='ltr'><strong>quod</strong></span> <span class='ocrx_word' id='word_1_287' title='bbox 510 2138 727 2209; x_wconf 84' lang='lat' dir='ltr'><strong>quidem</strong></span> <span class='ocrx_word' id='word_1_288' title='bbox 758 2138 887 2194; x_wconf 92' lang='lat' dir='ltr'><strong>illud</strong></span> <span class='ocrx_word' id='word_1_289' title='bbox 912 2139 1109 2209; x_wconf 88' lang='lat' dir='ltr'><strong>aliquid</strong></span> <span class='ocrx_word' id='word_1_290' title='bbox 1140 2148 1242 2205; x_wconf 88' lang='lat' dir='ltr'><strong>est,</strong></span> <span class='ocrx_word' id='word_1_291' title='bbox 1264 2139 1559 2195; x_wconf 82' lang='lat' dir='ltr'><strong>accidentia</strong></span> <span class='ocrx_word' id='word_1_292' title='bbox 1590 2149 1737 2207; x_wconf 82' lang='lat' dir='ltr'><strong>sunt,</strong></span> <span class='ocrx_word' id='word_1_293' title='bbox 1771 2147 1828 2193; x_wconf 93' lang='lat' dir='ltr'><strong>ut</strong></span> <span class='ocrx_word' id='word_1_294' title='bbox 1854 2139 1921 2194; x_wconf 88' lang='lat' dir='ltr'><strong>de</strong></span> 
     </span>
    </p>
   </div>
   <div class='ocr_carea' id='block_1_38' title="bbox 328 2230 1920 2303">
    <p class='ocr_par' dir='ltr' id='par_1_38' title="bbox 328 2230 1920 2303">
     <span class='ocr_line' id='line_1_38' title="bbox 328 2230 1920 2303; baseline 0.002 -19"><span class='ocrx_word' id='word_1_295' title='bbox 328 2230 559 2286; x_wconf 78' lang='lat' dir='ltr'><strong>homine</strong></span> <span class='ocrx_word' id='word_1_296' title='bbox 592 2231 798 2285; x_wconf 84' lang='lat' dir='ltr'><strong>album.</strong></span> <span class='ocrx_word' id='word_1_297' title='bbox 831 2231 1015 2302; x_wconf 84' lang='lat' dir='ltr'><strong>Neque</strong></span> <span class='ocrx_word' id='word_1_298' title='bbox 1051 2232 1194 2286; x_wconf 91' lang='lat' dir='ltr'><strong>enim</strong></span> <span class='ocrx_word' id='word_1_299' title='bbox 1230 2241 1312 2288; x_wconf 90' lang='lat' dir='ltr'><strong>est</strong></span> <span class='ocrx_word' id='word_1_300' title='bbox 1334 2230 1527 2301; x_wconf 82' lang='lat' dir='ltr'><strong>homo,</strong></span> <span class='ocrx_word' id='word_1_301' title='bbox 1574 2248 1749 2303; x_wconf 86' lang='lat' dir='ltr'><strong>neque</strong></span> <span class='ocrx_word' id='word_1_302' title='bbox 1777 2232 1920 2303; x_wconf 90' lang='lat' dir='ltr'><strong>quod</strong></span> 
     </span>
    </p>
   </div>
   <div class='ocr_carea' id='block_1_39' title="bbox 328 2324 1925 2396">
    <p class='ocr_par' dir='ltr' id='par_1_39' title="bbox 328 2324 1925 2396">
     <span class='ocr_line' id='line_1_39' title="bbox 328 2324 1925 2396; baseline 0.001 -18"><span class='ocrx_word' id='word_1_303' title='bbox 328 2326 555 2394; x_wconf 75' lang='lat' dir='ltr'><strong>quidem</strong></span> <span class='ocrx_word' id='word_1_304' title='bbox 580 2324 774 2379; x_wconf 87' lang='lat' dir='ltr'><strong>album</strong></span> <span class='ocrx_word' id='word_1_305' title='bbox 810 2334 916 2392; x_wconf 90' lang='lat' dir='ltr'><strong>est,</strong></span> <span class='ocrx_word' id='word_1_306' title='bbox 964 2340 1138 2389; x_wconf 88' lang='lat' dir='ltr'><strong>neque</strong></span> <span class='ocrx_word' id='word_1_307' title='bbox 1168 2324 1310 2395; x_wconf 89' lang='lat' dir='ltr'><strong>quod</strong></span> <span class='ocrx_word' id='word_1_308' title='bbox 1361 2325 1576 2396; x_wconf 83' lang='lat' dir='ltr'><strong>quidem</strong></span> <span class='ocrx_word' id='word_1_309' title='bbox 1621 2326 1800 2380; x_wconf 90' lang='lat' dir='ltr'><strong>album</strong></span> <span class='ocrx_word' id='word_1_310' title='bbox 1840 2332 1925 2380; x_wconf 88' lang='lat' dir='ltr'><strong>est</strong></span> 
     </span>
    </p>
   </div>
   <div class='ocr_carea' id='block_1_40' title="bbox 328 2415 1923 2488">
    <p class='ocr_par' dir='ltr' id='par_1_40' title="bbox 328 2415 1923 2488">
     <span class='ocr_line' id='line_1_40' title="bbox 328 2415 1923 2488; baseline 0 -17"><span class='ocrx_word' id='word_1_311' title='bbox 328 2415 566 2487; x_wconf 54' lang='lat' dir='ltr'><strong>aliquid,</strong></span> <span class='ocrx_word' id='word_1_312' title='bbox 596 2418 692 2472; x_wconf 90' lang='lat' dir='ltr'><strong>sed</strong></span> <span class='ocrx_word' id='word_1_313' title='bbox 722 2415 921 2471; x_wconf 84' lang='lat' dir='ltr'><strong>animal</strong></span> <span class='ocrx_word' id='word_1_314' title='bbox 951 2417 1152 2483; x_wconf 81' lang='lat' dir='ltr'><strong>forsan,</strong></span> <span class='ocrx_word' id='word_1_315' title='bbox 1198 2418 1336 2487; x_wconf 90' lang='lat' dir='ltr'><strong>quod</strong></span> <span class='ocrx_word' id='word_1_316' title='bbox 1370 2416 1585 2488; x_wconf 86' lang='lat' dir='ltr'><strong>quidem</strong></span> <span class='ocrx_word' id='word_1_317' title='bbox 1619 2418 1761 2473; x_wconf 90' lang='lat' dir='ltr'><strong>enim</strong></span> <span class='ocrx_word' id='word_1_318' title='bbox 1808 2420 1923 2471; x_wconf 87' lang='lat' dir='ltr'><strong>ani-</strong></span> 
     </span>
    </p>
   </div>
   <div class='ocr_carea' id='block_1_41' title="bbox 341 2508 1920 2581">
    <p class='ocr_par' dir='ltr' id='par_1_41' title="bbox 341 2508 1920 2581">
     <span class='ocr_line' id='line_1_41' title="bbox 341 2508 1920 2581; baseline 0.001 -18"><span class='ocrx_word' id='word_1_319' title='bbox 341 2509 448 2563; x_wconf 79' lang='lat' dir='ltr'><strong>mal</strong></span> <span class='ocrx_word' id='word_1_320' title='bbox 478 2518 582 2574; x_wconf 86' lang='lat' dir='ltr'><strong>est,</strong></span> <span class='ocrx_word' id='word_1_321' title='bbox 626 2508 793 2565; x_wconf 74' lang='lat' dir='ltr'><strong>homo</strong></span> <span class='ocrx_word' id='word_1_322' title='bbox 837 2518 939 2565; x_wconf 86' lang='lat' dir='ltr'><strong>est.</strong></span> <span class='ocrx_word' id='word_1_323' title='bbox 984 2510 1323 2581; x_wconf 67' lang='lat' dir='ltr'><strong>Quaecunque</strong></span> <span class='ocrx_word' id='word_1_324' title='bbox 1353 2526 1487 2566; x_wconf 86' lang='lat' dir='ltr'><strong>vero</strong></span> <span class='ocrx_word' id='word_1_325' title='bbox 1531 2526 1639 2565; x_wconf 92' lang='lat' dir='ltr'><strong>non</strong></span> <span class='ocrx_word' id='word_1_326' title='bbox 1671 2509 1920 2565; x_wconf 83' lang='lat' dir='ltr'><strong>substan-</strong></span> 
     </span>
    </p>
   </div>
   <div class='ocr_carea' id='block_1_42' title="bbox 341 2598 1925 2670">
    <p class='ocr_par' dir='ltr' id='par_1_42' title="bbox 341 2598 1925 2670">
     <span class='ocr_line' id='line_1_42' title="bbox 341 2598 1925 2670; baseline 0 -18"><span class='ocrx_word' id='word_1_327' title='bbox 341 2599 471 2653; x_wconf 83' lang='lat' dir='ltr'><strong>tiam</strong></span> <span class='ocrx_word' id='word_1_328' title='bbox 516 2598 842 2669; x_wconf 82' lang='lat' dir='ltr'><strong>signilicant,</strong></span> <span class='ocrx_word' id='word_1_329' title='bbox 889 2607 1102 2669; x_wconf 85' lang='lat' dir='ltr'><strong>oportet</strong></span> <span class='ocrx_word' id='word_1_330' title='bbox 1129 2600 1196 2654; x_wconf 86' lang='lat' dir='ltr'><strong>de</strong></span> <span class='ocrx_word' id='word_1_331' title='bbox 1236 2599 1417 2670; x_wconf 88' lang='lat' dir='ltr'><strong>aliquo</strong></span> <span class='ocrx_word' id='word_1_332' title='bbox 1448 2600 1692 2667; x_wconf 82' lang='lat' dir='ltr'><strong>subjecto</strong></span> <span class='ocrx_word' id='word_1_333' title='bbox 1724 2599 1925 2670; x_wconf 84' lang='lat' dir='ltr'><strong>praedi-</strong></span> 
     </span>
    </p>
   </div>
   <div class='ocr_carea' id='block_1_43' title="bbox 342 2688 1922 2760">
    <p class='ocr_par' dir='ltr' id='par_1_43' title="bbox 342 2688 1922 2760">
     <span class='ocr_line' id='line_1_43' title="bbox 342 2688 1922 2760; baseline -0.001 -17"><span class='ocrx_word' id='word_1_334' title='bbox 342 2689 481 2754; x_wconf 70' lang='lat' dir='ltr'><strong>cari,</strong></span> <span class='ocrx_word' id='word_1_335' title='bbox 500 2697 557 2744; x_wconf 89' lang='lat' dir='ltr'><strong>et</strong></span> <span class='ocrx_word' id='word_1_336' title='bbox 584 2702 690 2743; x_wconf 90' lang='lat' dir='ltr'><strong>non</strong></span> <span class='ocrx_word' id='word_1_337' title='bbox 722 2704 842 2744; x_wconf 89' lang='lat' dir='ltr'><strong>esse</strong></span> <span class='ocrx_word' id='word_1_338' title='bbox 871 2688 996 2760; x_wconf 84' lang='lat' dir='ltr'><strong>quid</strong></span> <span class='ocrx_word' id='word_1_339' title='bbox 1022 2688 1223 2753; x_wconf 85' lang='lat' dir='ltr'><strong>album,</strong></span> <span class='ocrx_word' id='word_1_340' title='bbox 1247 2689 1387 2759; x_wconf 82' lang='lat' dir='ltr'><strong>quod</strong></span> <span class='ocrx_word' id='word_1_341' title='bbox 1416 2703 1519 2743; x_wconf 92' lang='lat' dir='ltr'><strong>non</strong></span> <span class='ocrx_word' id='word_1_342' title='bbox 1545 2704 1663 2744; x_wconf 91' lang='lat' dir='ltr'><strong>cum</strong></span> <span class='ocrx_word' id='word_1_343' title='bbox 1695 2690 1922 2742; x_wconf 89' lang='lat' dir='ltr'><strong>alterum</strong></span> 
     </span>
    </p>
   </div>
   <div class='ocr_carea' id='block_1_44' title="bbox 236 2778 1925 2849">
    <p class='ocr_par' dir='ltr' id='par_1_44' title="bbox 236 2778 1925 2849">
     <span class='ocr_line' id='line_1_44' title="bbox 236 2778 1925 2849; baseline 0.002 -20"><span class='ocrx_word' id='word_1_344' title='bbox 236 2812 251 2829; x_wconf 91' lang='lat'><strong>.</strong></span> <span class='ocrx_word' id='word_1_345' title='bbox 338 2778 565 2849; x_wconf 70' lang='lat' dir='ltr'><strong>aliquod</strong></span> <span class='ocrx_word' id='word_1_346' title='bbox 594 2780 683 2844; x_wconf 84' lang='lat' dir='ltr'><strong>sit,</strong></span> <span class='ocrx_word' id='word_1_347' title='bbox 718 2780 896 2834; x_wconf 88' lang='lat' dir='ltr'><strong>album</strong></span> <span class='ocrx_word' id='word_1_348' title='bbox 922 2788 1023 2836; x_wconf 79' lang='lat' dir='ltr'><strong>est.</strong></span> <span class='ocrx_word' id='word_1_349' title='bbox 1058 2779 1281 2847; x_wconf 87' lang='lat' dir='ltr'><strong>Species</strong></span> <span class='ocrx_word' id='word_1_350' title='bbox 1318 2780 1457 2834; x_wconf 88' lang='lat' dir='ltr'><strong>enim</strong></span> <span class='ocrx_word' id='word_1_351' title='bbox 1485 2779 1718 2842; x_wconf 83' lang='lat' dir='ltr'><strong>valeant,</strong></span> <span class='ocrx_word' id='word_1_352' title='bbox 1747 2788 1801 2831; x_wconf 93' lang='lat' dir='ltr'><strong>et</strong></span> <span class='ocrx_word' id='word_1_353' title='bbox 1835 2794 1925 2848; x_wconf 81' lang='lat' dir='ltr'><strong>ge-</strong></span> 
     </span>
    </p>
   </div>
   <div class='ocr_carea' id='block_1_45' title="bbox 332 2872 1924 2938">
    <p class='ocr_par' dir='ltr' id='par_1_45' title="bbox 332 2872 1924 2938">
     <span class='ocr_line' id='line_1_45' title="bbox 332 2872 1924 2938; baseline -0.001 -11"><span class='ocrx_word' id='word_1_354' title='bbox 332 2885 495 2935; x_wconf 81' lang='lat' dir='ltr'><strong>nera.</strong></span> <span class='ocrx_word' id='word_1_355' title='bbox 518 2881 756 2927; x_wconf 81' lang='lat' dir='ltr'><strong>monstra</strong></span> <span class='ocrx_word' id='word_1_356' title='bbox 782 2873 926 2928; x_wconf 88' lang='lat' dir='ltr'><strong>enim</strong></span> <span class='ocrx_word' id='word_1_357' title='bbox 956 2882 1169 2936; x_wconf 86' lang='lat' dir='ltr'><strong>sunt,et</strong></span> <span class='ocrx_word' id='word_1_358' title='bbox 1190 2873 1234 2927; x_wconf 90' lang='lat' dir='ltr'><strong>si</strong></span> <span class='ocrx_word' id='word_1_359' title='bbox 1259 2874 1389 2938; x_wconf 89' lang='lat' dir='ltr'><strong>sint,</strong></span> <span class='ocrx_word' id='word_1_360' title='bbox 1419 2872 1549 2926; x_wconf 88' lang='lat' dir='ltr'><strong>nihil</strong></span> <span class='ocrx_word' id='word_1_361' title='bbox 1573 2873 1638 2926; x_wconf 87' lang='lat' dir='ltr'><strong>ad</strong></span> <span class='ocrx_word' id='word_1_362' title='bbox 1663 2875 1924 2926; x_wconf 83' lang='lat' dir='ltr'><strong>rationem</strong></span> 
     </span>
    </p>
   </div>
   <div class='ocr_carea' id='block_1_46' title="bbox 348 2961 1925 3033">
    <p class='ocr_par' dir='ltr' id='par_1_46' title="bbox 348 2961 1925 3033">
     <span class='ocr_line' id='line_1_46' title="bbox 348 2961 1925 3033; baseline 0 -19"><span class='ocrx_word' id='word_1_363' title='bbox 348 2970 495 3026; x_wconf 90' lang='lat' dir='ltr'><strong>sunt,</strong></span> <span class='ocrx_word' id='word_1_364' title='bbox 520 2961 1008 3017; x_wconf 66' lang='lat' dir='ltr'><strong>demonstrationes</strong></span> <span class='ocrx_word' id='word_1_365' title='bbox 1024 2962 1166 3017; x_wconf 87' lang='lat' dir='ltr'><strong>enim</strong></span> <span class='ocrx_word' id='word_1_366' title='bbox 1198 2962 1265 3017; x_wconf 90' lang='lat' dir='ltr'><strong>de</strong></span> <span class='ocrx_word' id='word_1_367' title='bbox 1289 2962 1591 3033; x_wconf 89' lang='lat' dir='ltr'><strong>hujusmodi</strong></span> <span class='ocrx_word' id='word_1_368' title='bbox 1620 2971 1762 3016; x_wconf 91' lang='lat' dir='ltr'><strong>sunt.</strong></span> <span class='ocrx_word' id='word_1_369' title='bbox 1798 2962 1925 3015; x_wconf 85' lang='lat' dir='ltr'><strong>Am—</strong></span> 
     </span>
    </p>
   </div>
   <div class='ocr_carea' id='block_1_47' title="bbox 338 3053 1916 3124">
    <p class='ocr_par' dir='ltr' id='par_1_47' title="bbox 338 3053 1916 3124">
     <span class='ocr_line' id='line_1_47' title="bbox 338 3053 1916 3124; baseline 0.001 -17"><span class='ocrx_word' id='word_1_370' title='bbox 338 3054 510 3121; x_wconf 73' lang='lat' dir='ltr'><strong>piias,</strong></span> <span class='ocrx_word' id='word_1_371' title='bbox 545 3054 723 3109; x_wconf 80' lang='lat' dir='ltr'><strong>sinon</strong></span> <span class='ocrx_word' id='word_1_372' title='bbox 752 3063 836 3109; x_wconf 88' lang='lat' dir='ltr'><strong>est</strong></span> <span class='ocrx_word' id='word_1_373' title='bbox 870 3055 971 3110; x_wconf 90' lang='lat' dir='ltr'><strong>hoc</strong></span> <span class='ocrx_word' id='word_1_374' title='bbox 1000 3054 1157 3124; x_wconf 78' lang='lat' dir='ltr'><strong>huius</strong></span> <span class='ocrx_word' id='word_1_375' title='bbox 1187 3055 1435 3123; x_wconf 81' lang='lat' dir='ltr'><strong>qualitas,</strong></span> <span class='ocrx_word' id='word_1_376' title='bbox 1487 3063 1539 3110; x_wconf 92' lang='lat' dir='ltr'><strong>et</strong></span> <span class='ocrx_word' id='word_1_377' title='bbox 1568 3053 1704 3109; x_wconf 85' lang='lat' dir='ltr'><strong>illud</strong></span> <span class='ocrx_word' id='word_1_378' title='bbox 1738 3054 1916 3124; x_wconf 87' lang='lat' dir='ltr'><strong>hujus,</strong></span> 
     </span>
    </p>
   </div>
   <div class='ocr_carea' id='block_1_48' title="bbox 2018 1857 3597 1931">
    <p class='ocr_par' dir='ltr' id='par_1_48' title="bbox 2018 1857 3597 1931">
     <span class='ocr_line' id='line_1_48' title="bbox 2018 1857 3597 1931; baseline -0.004 -16"><span class='ocrx_word' id='word_1_379' title='bbox 2018 1862 2120 1924; x_wconf 81' lang='lat' dir='ltr'><strong>tio,</strong></span> <span class='ocrx_word' id='word_1_380' title='bbox 2154 1876 2326 1931; x_wconf 85' lang='lat' dir='ltr'><strong>neque</strong></span> <span class='ocrx_word' id='word_1_381' title='bbox 2357 1862 2532 1931; x_wconf 83' lang='lat' dir='ltr'><strong>potius</strong></span> <span class='ocrx_word' id='word_1_382' title='bbox 2554 1863 2751 1915; x_wconf 77' lang='lat' dir='ltr'><strong>habere</strong></span> <span class='ocrx_word' id='word_1_383' title='bbox 2779 1860 3034 1929; x_wconf 81' lang='lat' dir='ltr'><strong>possibile</strong></span> <span class='ocrx_word' id='word_1_384' title='bbox 3060 1868 3144 1914; x_wconf 85' lang='lat' dir='ltr'><strong>est</strong></span> <span class='ocrx_word' id='word_1_385' title='bbox 3174 1858 3239 1912; x_wconf 83' lang='lat' dir='ltr'><strong>ad</strong></span> <span class='ocrx_word' id='word_1_386' title='bbox 3270 1857 3405 1926; x_wconf 83' lang='lat' dir='ltr'><strong>ipsa,</strong></span> <span class='ocrx_word' id='word_1_387' title='bbox 3436 1870 3597 1925; x_wconf 84' lang='lat' dir='ltr'><strong>quam</strong></span> 
     </span>
    </p>
   </div>
   <div class='ocr_carea' id='block_1_49' title="bbox 2023 1951 3599 2024">
    <p class='ocr_par' dir='ltr' id='par_1_49' title="bbox 2023 1951 3599 2024">
     <span class='ocr_line' id='line_1_49' title="bbox 2023 1951 3599 2024; baseline -0.004 -15"><span class='ocrx_word' id='word_1_388' title='bbox 2023 1956 2185 2021; x_wconf 86' lang='lat' dir='ltr'><strong>scire,</strong></span> <span class='ocrx_word' id='word_1_389' title='bbox 2215 1970 2387 2024; x_wconf 89' lang='lat' dir='ltr'><strong>neque</strong></span> <span class='ocrx_word' id='word_1_390' title='bbox 2414 1955 2557 2009; x_wconf 85' lang='lat' dir='ltr'><strong>scire</strong></span> <span class='ocrx_word' id='word_1_391' title='bbox 2584 1965 2666 2009; x_wconf 87' lang='lat' dir='ltr'><strong>est</strong></span> <span class='ocrx_word' id='word_1_392' title='bbox 2694 1956 2813 2008; x_wconf 83' lang='lat' dir='ltr'><strong>sine</strong></span> <span class='ocrx_word' id='word_1_393' title='bbox 2842 1952 3320 2019; x_wconf 78' lang='lat' dir='ltr'><strong>demonstratione,</strong></span> <span class='ocrx_word' id='word_1_394' title='bbox 3349 1951 3395 2005; x_wconf 89' lang='lat' dir='ltr'><strong>si</strong></span> <span class='ocrx_word' id='word_1_395' title='bbox 3420 1962 3599 2004; x_wconf 81' lang='lat' dir='ltr'><strong>autem</strong></span> 
     </span>
    </p>
   </div>
   <div class='ocr_carea' id='block_1_50' title="bbox 2024 2043 3601 2113">
    <p class='ocr_par' dir='ltr' id='par_1_50' title="bbox 2024 2043 3601 2113">
     <span class='ocr_line' id='line_1_50' title="bbox 2024 2043 3601 2113; baseline -0.003 -12"><span class='ocrx_word' id='word_1_396' title='bbox 2024 2047 2147 2112; x_wconf 76' lang='lat' dir='ltr'><strong>hoc,</strong></span> <span class='ocrx_word' id='word_1_397' title='bbox 2174 2062 2276 2113; x_wconf 77' lang='lat' dir='ltr'><strong>per</strong></span> <span class='ocrx_word' id='word_1_398' title='bbox 2306 2049 2421 2100; x_wconf 72' lang='lat' dir='ltr'><strong>tunc</strong></span> <span class='ocrx_word' id='word_1_399' title='bbox 2440 2047 2513 2100; x_wconf 81' lang='lat' dir='ltr'><strong>sit</strong></span> <span class='ocrx_word' id='word_1_400' title='bbox 2548 2057 2753 2100; x_wconf 86' lang='lat' dir='ltr'><strong>nutum.</strong></span> <span class='ocrx_word' id='word_1_401' title='bbox 2788 2046 2913 2099; x_wconf 70' lang='lat' dir='ltr'><strong>Haec</strong></span> <span class='ocrx_word' id='word_1_402' title='bbox 2952 2055 3128 2099; x_wconf 83' lang='lat' dir='ltr'><strong>autem</strong></span> <span class='ocrx_word' id='word_1_403' title='bbox 3170 2043 3463 2108; x_wconf 83' lang='lat' dir='ltr'><strong>nescimus,</strong></span> <span class='ocrx_word' id='word_1_404' title='bbox 3506 2050 3601 2097; x_wconf 79' lang='lat' dir='ltr'><strong>ne-</strong></span> 
     </span>
    </p>
   </div>
   <div class='ocr_carea' id='block_1_51' title="bbox 2012 2135 3603 2207">
    <p class='ocr_par' dir='ltr' id='par_1_51' title="bbox 2012 2135 3603 2207">
     <span class='ocr_line' id='line_1_51' title="bbox 2012 2135 3603 2207; baseline -0.003 -14"><span class='ocrx_word' id='word_1_405' title='bbox 2012 2153 2127 2207; x_wconf 79' lang='lat' dir='ltr'><strong>que</strong></span> <span class='ocrx_word' id='word_1_406' title='bbox 2160 2139 2349 2193; x_wconf 82' lang='lat' dir='ltr'><strong>melius</strong></span> <span class='ocrx_word' id='word_1_407' title='bbox 2379 2138 2637 2192; x_wconf 60' lang='lat' dir='ltr'><strong>habemus</strong></span> <span class='ocrx_word' id='word_1_408' title='bbox 2663 2138 2728 2191; x_wconf 84' lang='lat' dir='ltr'><strong>ad</strong></span> <span class='ocrx_word' id='word_1_409' title='bbox 2770 2137 2885 2205; x_wconf 85' lang='lat' dir='ltr'><strong>ipsa</strong></span> <span class='ocrx_word' id='word_1_410' title='bbox 2912 2151 3071 2205; x_wconf 88' lang='lat' dir='ltr'><strong>quam</strong></span> <span class='ocrx_word' id='word_1_411' title='bbox 3113 2135 3273 2198; x_wconf 79' lang='lat' dir='ltr'><strong>scire,</strong></span> <span class='ocrx_word' id='word_1_412' title='bbox 3307 2149 3480 2200; x_wconf 81' lang='lat' dir='ltr'><strong>neque</strong></span> <span class='ocrx_word' id='word_1_413' title='bbox 3508 2147 3603 2201; x_wconf 78' lang='lat' dir='ltr'><strong>per</strong></span> 
     </span>
    </p>
   </div>
   <div class='ocr_carea' id='block_1_52' title="bbox 2012 2225 3605 2298">
    <p class='ocr_par' dir='ltr' id='par_1_52' title="bbox 2012 2225 3605 2298">
     <span class='ocr_line' id='line_1_52' title="bbox 2012 2225 3605 2298; baseline -0.004 -13"><span class='ocrx_word' id='word_1_414' title='bbox 2012 2231 2139 2285; x_wconf 65' lang='lat' dir='ltr'><strong>hac</strong></span> <span class='ocrx_word' id='word_1_415' title='bbox 2174 2240 2365 2285; x_wconf 81' lang='lat' dir='ltr'><strong>uotum</strong></span> <span class='ocrx_word' id='word_1_416' title='bbox 2411 2232 2667 2285; x_wconf 76' lang='lat' dir='ltr'><strong>sciemus.</strong></span> <span class='ocrx_word' id='word_1_417' title='bbox 2704 2229 2766 2283; x_wconf 84' lang='lat' dir='ltr'><strong>Si</strong></span> <span class='ocrx_word' id='word_1_418' title='bbox 2800 2228 2961 2298; x_wconf 83' lang='lat' dir='ltr'><strong>igitur</strong></span> <span class='ocrx_word' id='word_1_419' title='bbox 2985 2236 3068 2284; x_wconf 79' lang='lat' dir='ltr'><strong>est</strong></span> <span class='ocrx_word' id='word_1_420' title='bbox 3098 2226 3297 2295; x_wconf 86' lang='lat' dir='ltr'><strong>aliquid</strong></span> <span class='ocrx_word' id='word_1_421' title='bbox 3343 2225 3482 2280; x_wconf 86' lang='lat' dir='ltr'><strong>scire</strong></span> <span class='ocrx_word' id='word_1_422' title='bbox 3512 2238 3605 2291; x_wconf 84' lang='lat' dir='ltr'><strong>per</strong></span> 
     </span>
    </p>
   </div>
   <div class='ocr_carea' id='block_1_53' title="bbox 2012 2317 3596 2388">
    <p class='ocr_par' dir='ltr' id='par_1_53' title="bbox 2012 2317 3596 2388">
     <span class='ocr_line' id='line_1_53' title="bbox 2012 2317 3596 2388; baseline -0.005 -9"><span class='ocrx_word' id='word_1_423' title='bbox 2012 2324 2534 2379; x_wconf 79' lang='lat' dir='ltr'><strong>demonstrationem</strong></span> <span class='ocrx_word' id='word_1_424' title='bbox 2583 2321 2922 2388; x_wconf 75' lang='lat' dir='ltr'><strong>simpliciter,</strong></span> <span class='ocrx_word' id='word_1_425' title='bbox 2960 2331 3020 2375; x_wconf 68' lang='lat' dir='ltr'><strong>:et</strong></span> <span class='ocrx_word' id='word_1_426' title='bbox 3064 2334 3170 2374; x_wconf 81' lang='lat' dir='ltr'><strong>non</strong></span> <span class='ocrx_word' id='word_1_427' title='bbox 3204 2335 3274 2374; x_wconf 80' lang='lat' dir='ltr'><strong>es</strong></span> <span class='ocrx_word' id='word_1_428' title='bbox 3307 2317 3596 2388; x_wconf 73' lang='lat' dir='ltr'><strong>aliquibus,</strong></span> 
     </span>
    </p>
   </div>
   <div class='ocr_carea' id='block_1_54' title="bbox 2016 2410 3602 2485">
    <p class='ocr_par' dir='ltr' id='par_1_54' title="bbox 2016 2410 3602 2485">
     <span class='ocr_line' id='line_1_54' title="bbox 2016 2410 3602 2485; baseline -0.008 -12"><span class='ocrx_word' id='word_1_429' title='bbox 2016 2431 2201 2485; x_wconf 71' lang='lat' dir='ltr'><strong>neque</strong></span> <span class='ocrx_word' id='word_1_430' title='bbox 2221 2432 2289 2472; x_wconf 73' lang='lat' dir='ltr'><strong>es</strong></span> <span class='ocrx_word' id='word_1_431' title='bbox 2314 2415 2702 2484; x_wconf 81' lang='lat' dir='ltr'><strong>suppositione,</strong></span> <span class='ocrx_word' id='word_1_432' title='bbox 2730 2413 3095 2469; x_wconf 71' lang='lat' dir='ltr'><strong>necessarium</strong></span> <span class='ocrx_word' id='word_1_433' title='bbox 3128 2421 3212 2465; x_wconf 88' lang='lat' dir='ltr'><strong>est</strong></span> <span class='ocrx_word' id='word_1_434' title='bbox 3238 2421 3381 2465; x_wconf 82' lang='lat' dir='ltr'><strong>atare</strong></span> <span class='ocrx_word' id='word_1_435' title='bbox 3404 2410 3602 2477; x_wconf 76' lang='lat' dir='ltr'><strong>praedi-</strong></span> 
     </span>
    </p>
   </div>
   <div class='ocr_carea' id='block_1_55' title="bbox 2012 2501 3606 2572">
    <p class='ocr_par' dir='ltr' id='par_1_55' title="bbox 2012 2501 3606 2572">
     <span class='ocr_line' id='line_1_55' title="bbox 2012 2501 3606 2572; baseline -0.005 -7"><span class='ocrx_word' id='word_1_436' title='bbox 2012 2509 2265 2567; x_wconf 75' lang='lat' dir='ltr'><strong>cationes</strong></span> <span class='ocrx_word' id='word_1_437' title='bbox 2304 2508 2625 2572; x_wconf 79' lang='lat' dir='ltr'><strong>mediorum,</strong></span> <span class='ocrx_word' id='word_1_438' title='bbox 2669 2508 2712 2559; x_wconf 86' lang='lat' dir='ltr'><strong>si</strong></span> <span class='ocrx_word' id='word_1_439' title='bbox 2760 2507 2903 2559; x_wconf 88' lang='lat' dir='ltr'><strong>enim</strong></span> <span class='ocrx_word' id='word_1_440' title='bbox 2939 2520 3044 2559; x_wconf 89' lang='lat' dir='ltr'><strong>non</strong></span> <span class='ocrx_word' id='word_1_441' title='bbox 3074 2504 3345 2567; x_wconf 81' lang='lat' dir='ltr'><strong>steterint,</strong></span> <span class='ocrx_word' id='word_1_442' title='bbox 3377 2501 3471 2556; x_wconf 88' lang='lat' dir='ltr'><strong>sed</strong></span> <span class='ocrx_word' id='word_1_443' title='bbox 3518 2509 3606 2557; x_wconf 77' lang='lat' dir='ltr'><strong>est</strong></span> 
     </span>
    </p>
   </div>
   <div class='ocr_carea' id='block_1_56' title="bbox 2016 2597 3602 2672">
    <p class='ocr_par' dir='ltr' id='par_1_56' title="bbox 2016 2597 3602 2672">
     <span class='ocr_line' id='line_1_56' title="bbox 2016 2597 3602 2672; baseline -0.004 -15"><span class='ocrx_word' id='word_1_444' title='bbox 2016 2617 2241 2672; x_wconf 8' lang='lat' dir='ltr'><strong>aucupor</strong></span> <span class='ocrx_word' id='word_1_445' title='bbox 2256 2602 2507 2670; x_wconf 63' lang='lat' dir='ltr'><strong>acceptis</strong></span> <span class='ocrx_word' id='word_1_446' title='bbox 2544 2601 2607 2654; x_wconf 70' lang='lat' dir='ltr'><strong>sin</strong></span> <span class='ocrx_word' id='word_1_447' title='bbox 2656 2600 2930 2667; x_wconf 69' lang='lat' dir='ltr'><strong>superius,</strong></span> <span class='ocrx_word' id='word_1_448' title='bbox 2954 2599 3203 2652; x_wconf 76' lang='lat' dir='ltr'><strong>omnium</strong></span> <span class='ocrx_word' id='word_1_449' title='bbox 3230 2599 3345 2652; x_wconf 71' lang='grc' dir='ltr'>σει-ιι</span> <span class='ocrx_word' id='word_1_450' title='bbox 3376 2597 3602 2651; x_wconf 78' lang='lat' dir='ltr'><strong>demon-</strong></span> 
     </span>
    </p>
   </div>
   <div class='ocr_carea' id='block_1_57' title="bbox 2024 2690 3598 2764">
    <p class='ocr_par' dir='ltr' id='par_1_57' title="bbox 2024 2690 3598 2764">
     <span class='ocr_line' id='line_1_57' title="bbox 2024 2690 3598 2764; baseline -0.005 -17"><span class='ocrx_word' id='word_1_451' title='bbox 2024 2695 2236 2757; x_wconf 71' lang='lat' dir='ltr'><strong>stratio,</strong></span> <span class='ocrx_word' id='word_1_452' title='bbox 2280 2709 2451 2764; x_wconf 66' lang='lat' dir='ltr'><strong>quae</strong></span> <span class='ocrx_word' id='word_1_453' title='bbox 2474 2694 2524 2746; x_wconf 80' lang='lat' dir='ltr'><strong>si</strong></span> <span class='ocrx_word' id='word_1_454' title='bbox 2556 2692 2765 2747; x_wconf 68' lang='lat' dir='ltr'><strong>inlinit:</strong></span> <span class='ocrx_word' id='word_1_455' title='bbox 2790 2704 2899 2745; x_wconf 84' lang='lat' dir='ltr'><strong>non</strong></span> <span class='ocrx_word' id='word_1_456' title='bbox 2924 2690 3186 2759; x_wconf 64' lang='lat' dir='ltr'><strong>possibile</strong></span> <span class='ocrx_word' id='word_1_457' title='bbox 3216 2700 3297 2743; x_wconf 80' lang='lat' dir='ltr'><strong>est</strong></span> <span class='ocrx_word' id='word_1_458' title='bbox 3325 2696 3598 2755; x_wconf 86' lang='lat' dir='ltr'><strong>pertrans-</strong></span> 
     </span>
    </p>
   </div>
   <div class='ocr_carea' id='block_1_58' title="bbox 2026 2782 3607 2857">
    <p class='ocr_par' dir='ltr' id='par_1_58' title="bbox 2026 2782 3607 2857">
     <span class='ocr_line' id='line_1_58' title="bbox 2026 2782 3607 2857; baseline -0.006 -18"><span class='ocrx_word' id='word_1_459' title='bbox 2026 2789 2127 2853; x_wconf 85' lang='lat' dir='ltr'><strong>ire,</strong></span> <span class='ocrx_word' id='word_1_460' title='bbox 2156 2800 2394 2857; x_wconf 79' lang='lat' dir='ltr'><strong>quorum</strong></span> <span class='ocrx_word' id='word_1_461' title='bbox 2430 2796 2519 2839; x_wconf 79' lang='lat' dir='ltr'><strong>est</strong></span> <span class='ocrx_word' id='word_1_462' title='bbox 2548 2782 2959 2847; x_wconf 78' lang='lat' dir='ltr'><strong>demonstratio,</strong></span> <span class='ocrx_word' id='word_1_463' title='bbox 2976 2782 3101 2836; x_wconf 62' lang='lat' dir='ltr'><strong>hac</strong></span> <span class='ocrx_word' id='word_1_464' title='bbox 3114 2796 3227 2835; x_wconf 72' lang='lat' dir='ltr'><strong>non</strong></span> <span class='ocrx_word' id='word_1_465' title='bbox 3258 2782 3488 2834; x_wconf 81' lang='lat' dir='ltr'><strong>sciemus</strong></span> <span class='ocrx_word' id='word_1_466' title='bbox 3513 2793 3607 2847; x_wconf 77' lang='lat' dir='ltr'><strong>per</strong></span> 
     </span>
    </p>
   </div>
   <div class='ocr_carea' id='block_1_59' title="bbox 2024 2871 3610 2945">
    <p class='ocr_par' dir='ltr' id='par_1_59' title="bbox 2024 2871 3610 2945">
     <span class='ocr_line' id='line_1_59' title="bbox 2024 2871 3610 2945; baseline -0.005 -13"><span class='ocrx_word' id='word_1_467' title='bbox 2024 2878 2559 2932; x_wconf 60' lang='lat' dir='ltr'><strong>demonstrationem.</strong></span> <span class='ocrx_word' id='word_1_468' title='bbox 2606 2876 2673 2930; x_wconf 73' lang='lat' dir='ltr'><strong>Si</strong></span> <span class='ocrx_word' id='word_1_469' title='bbox 2712 2875 2879 2945; x_wconf 76' lang='lat' dir='ltr'><strong>igitur</strong></span> <span class='ocrx_word' id='word_1_470' title='bbox 2904 2888 3079 2943; x_wconf 81' lang='lat' dir='ltr'><strong>neque</strong></span> <span class='ocrx_word' id='word_1_471' title='bbox 3128 2873 3318 2926; x_wconf 82' lang='lat' dir='ltr'><strong>melius</strong></span> <span class='ocrx_word' id='word_1_472' title='bbox 3352 2871 3610 2924; x_wconf 81' lang='lat' dir='ltr'><strong>habemus</strong></span> 
     </span>
    </p>
   </div>
   <div class='ocr_carea' id='block_1_60' title="bbox 2022 2964 3611 3038">
    <p class='ocr_par' dir='ltr' id='par_1_60' title="bbox 2022 2964 3611 3038">
     <span class='ocr_line' id='line_1_60' title="bbox 2022 2964 3611 3038; baseline -0.004 -15"><span class='ocrx_word' id='word_1_473' title='bbox 2022 2970 2092 3023; x_wconf 79' lang='lat' dir='ltr'><strong>ad</strong></span> <span class='ocrx_word' id='word_1_474' title='bbox 2122 2969 2234 3038; x_wconf 81' lang='lat' dir='ltr'><strong>ipsa</strong></span> <span class='ocrx_word' id='word_1_475' title='bbox 2262 2984 2426 3038; x_wconf 66' lang='grc' dir='ltr'>φησι</span> <span class='ocrx_word' id='word_1_476' title='bbox 2462 2970 2635 3032; x_wconf 61' lang='lat' dir='ltr'><strong>iscire,</strong></span> <span class='ocrx_word' id='word_1_477' title='bbox 2680 2982 2783 3020; x_wconf 81' lang='lat' dir='ltr'><strong>non</strong></span> <span class='ocrx_word' id='word_1_478' title='bbox 2822 2966 2933 3020; x_wconf 80' lang='lat' dir='ltr'><strong>erit</strong></span> <span class='ocrx_word' id='word_1_479' title='bbox 2958 2968 3103 3019; x_wconf 83' lang='lat' dir='ltr'><strong>scire</strong></span> <span class='ocrx_word' id='word_1_480' title='bbox 3134 2980 3238 3033; x_wconf 74' lang='lat' dir='ltr'><strong>per</strong></span> <span class='ocrx_word' id='word_1_481' title='bbox 3278 2964 3611 3017; x_wconf 51' lang='lat' dir='ltr'><strong>demonstra-</strong></span> 
     </span>
    </p>
   </div>
   <div class='ocr_carea' id='block_1_61' title="bbox 2024 3055 3610 3131">
    <p class='ocr_par' dir='ltr' id='par_1_61' title="bbox 2024 3055 3610 3131">
     <span class='ocr_line' id='line_1_61' title="bbox 2024 3055 3610 3131; baseline -0.005 -14"><span class='ocrx_word' id='word_1_482' title='bbox 2024 3064 2229 3118; x_wconf 71' lang='lat' dir='ltr'><strong>tionem</strong></span> <span class='ocrx_word' id='word_1_483' title='bbox 2290 3062 2653 3131; x_wconf 70' lang='lat' dir='ltr'><strong>simpliciter,</strong></span> <span class='ocrx_word' id='word_1_484' title='bbox 2692 3060 2796 3115; x_wconf 68' lang='lat' dir='ltr'><strong>rsod</strong></span> <span class='ocrx_word' id='word_1_485' title='bbox 2849 3074 2913 3113; x_wconf 79' lang='lat' dir='ltr'><strong>es</strong></span> <span class='ocrx_word' id='word_1_486' title='bbox 2962 3058 3356 3129; x_wconf 71' lang='lat' dir='ltr'><strong>suppositione.</strong></span> <span class='ocrx_word' id='word_1_487' title='bbox 3418 3055 3610 3124; x_wconf 79' lang='lat' dir='ltr'><strong>Logice</strong></span> 
     </span>
    </p>
   </div>
   <div class='ocr_carea' id='block_1_62' title="bbox 332 3144 3613 3224">
    <p class='ocr_par' dir='ltr' id='par_1_62' title="bbox 332 3144 3613 3224">
     <span class='ocr_line' id='line_1_62' title="bbox 332 3144 3613 3224; baseline -0 -21"><span class='ocrx_word' id='word_1_488' title='bbox 332 3161 519 3219; x_wconf 68' lang='lat' dir='ltr'><strong>neque</strong></span> <span class='ocrx_word' id='word_1_489' title='bbox 547 3148 821 3219; x_wconf 81' lang='lat' dir='ltr'><strong>qualitatis</strong></span> <span class='ocrx_word' id='word_1_490' title='bbox 860 3150 1113 3219; x_wconf 86' lang='lat' dir='ltr'><strong>qualitas,</strong></span> <span class='ocrx_word' id='word_1_491' title='bbox 1141 3148 1471 3217; x_wconf 80' lang='lat' dir='ltr'><strong>impossibile</strong></span> <span class='ocrx_word' id='word_1_492' title='bbox 1500 3159 1583 3203; x_wconf 86' lang='lat' dir='ltr'><strong>est</strong></span> <span class='ocrx_word' id='word_1_493' title='bbox 1612 3163 1765 3220; x_wconf 69' lang='lat' dir='ltr'><strong>teque</strong></span> <span class='ocrx_word' id='word_1_494' title='bbox 1792 3164 1928 3218; x_wconf 71' lang='grc' dir='ltr'>ιιι-ω·</span> <span class='ocrx_word' id='word_1_495' title='bbox 1956 3144 2001 3209; x_wconf 89' lang='lat' dir='ltr'>C</span> <span class='ocrx_word' id='word_1_496' title='bbox 2030 3155 2246 3224; x_wconf 71' lang='lat' dir='ltr'><strong>quidem</strong></span> <span class='ocrx_word' id='word_1_497' title='bbox 2286 3155 2458 3223; x_wconf 71' lang='lat' dir='ltr'><strong>igitur</strong></span> <span class='ocrx_word' id='word_1_498' title='bbox 2494 3169 2564 3207; x_wconf 71' lang='lat' dir='ltr'><strong>ex</strong></span> <span class='ocrx_word' id='word_1_499' title='bbox 2605 3152 2691 3207; x_wconf 74' lang='lat' dir='ltr'><strong>bis</strong></span> <span class='ocrx_word' id='word_1_500' title='bbox 2733 3153 2917 3222; x_wconf 81' lang='lat' dir='ltr'><strong>utique</strong></span> <span class='ocrx_word' id='word_1_501' title='bbox 2960 3151 3155 3221; x_wconf 80' lang='lat' dir='ltr'><strong>aliquis</strong></span> <span class='ocrx_word' id='word_1_502' title='bbox 3192 3151 3397 3214; x_wconf 74' lang='lat' dir='ltr'><strong>credat,</strong></span> <span class='ocrx_word' id='word_1_503' title='bbox 3436 3149 3507 3203; x_wconf 84' lang='lat' dir='ltr'><strong>de</strong></span> <span class='ocrx_word' id='word_1_504' title='bbox 3547 3163 3613 3203; x_wconf 91' lang='lat' dir='ltr'><strong>eo</strong></span> 
     </span>
    </p>
   </div>
   <div class='ocr_carea' id='block_1_63' title="bbox 334 3240 1928 3311">
    <p class='ocr_par' dir='ltr' id='par_1_63' title="bbox 334 3240 1928 3311">
     <span class='ocr_line' id='line_1_63' title="bbox 334 3240 1928 3311; baseline 0.002 -18"><span class='ocrx_word' id='word_1_505' title='bbox 334 3240 517 3295; x_wconf 72' lang='lat' dir='ltr'><strong>dicari</strong></span> <span class='ocrx_word' id='word_1_506' title='bbox 558 3240 626 3295; x_wconf 85' lang='lat' dir='ltr'><strong>ad</strong></span> <span class='ocrx_word' id='word_1_507' title='bbox 658 3242 885 3298; x_wconf 69' lang='lat' dir='ltr'><strong>invicem</strong></span> <span class='ocrx_word' id='word_1_508' title='bbox 919 3242 1015 3303; x_wconf 85' lang='lat' dir='ltr'><strong>sic,</strong></span> <span class='ocrx_word' id='word_1_509' title='bbox 1060 3243 1153 3297; x_wconf 89' lang='lat' dir='ltr'><strong>sed</strong></span> <span class='ocrx_word' id='word_1_510' title='bbox 1184 3258 1363 3296; x_wconf 83' lang='lat' dir='ltr'><strong>verum</strong></span> <span class='ocrx_word' id='word_1_511' title='bbox 1407 3242 1622 3311; x_wconf 89' lang='lat' dir='ltr'><strong>quidem</strong></span> <span class='ocrx_word' id='word_1_512' title='bbox 1666 3244 1928 3311; x_wconf 83' lang='lat' dir='ltr'><strong>contingit</strong></span> 
     </span>
    </p>
   </div>
   <div class='ocr_carea' id='block_1_64' title="bbox 347 3331 1925 3404">
    <p class='ocr_par' dir='ltr' id='par_1_64' title="bbox 347 3331 1925 3404">
     <span class='ocr_line' id='line_1_64' title="bbox 347 3331 1925 3404; baseline 0 -17"><span class='ocrx_word' id='word_1_513' title='bbox 347 3331 526 3387; x_wconf 83' lang='lat' dir='ltr'><strong>dicere</strong></span> <span class='ocrx_word' id='word_1_514' title='bbox 563 3333 665 3398; x_wconf 87' lang='lat' dir='ltr'><strong>sic,</strong></span> <span class='ocrx_word' id='word_1_515' title='bbox 698 3349 850 3404; x_wconf 75' lang='lat' dir='ltr'><strong>teque</strong></span> <span class='ocrx_word' id='word_1_516' title='bbox 884 3345 1061 3389; x_wconf 89' lang='lat' dir='ltr'><strong>autem</strong></span> <span class='ocrx_word' id='word_1_517' title='bbox 1095 3350 1221 3390; x_wconf 80' lang='lat' dir='ltr'><strong>vere</strong></span> <span class='ocrx_word' id='word_1_518' title='bbox 1253 3334 1531 3404; x_wconf 78' lang='lat' dir='ltr'><strong>praedicari</strong></span> <span class='ocrx_word' id='word_1_519' title='bbox 1569 3349 1673 3387; x_wconf 90' lang='lat' dir='ltr'><strong>non</strong></span> <span class='ocrx_word' id='word_1_520' title='bbox 1716 3337 1925 3390; x_wconf 67' lang='lat' dir='ltr'><strong>contin~</strong></span> 
     </span>
    </p>
   </div>
   <div class='ocr_carea' id='block_1_65' title="bbox 348 3425 1928 3496">
    <p class='ocr_par' dir='ltr' id='par_1_65' title="bbox 348 3425 1928 3496">
     <span class='ocr_line' id='line_1_65' title="bbox 348 3425 1928 3496; baseline 0.001 -18"><span class='ocrx_word' id='word_1_521' title='bbox 348 3425 446 3494; x_wconf 82' lang='lat' dir='ltr'><strong>git.</strong></span> <span class='ocrx_word' id='word_1_522' title='bbox 477 3425 560 3480; x_wconf 77' lang='lat' dir='ltr'><strong>An</strong></span> <span class='ocrx_word' id='word_1_523' title='bbox 608 3425 752 3481; x_wconf 89' lang='lat' dir='ltr'><strong>enim</strong></span> <span class='ocrx_word' id='word_1_524' title='bbox 782 3426 922 3481; x_wconf 84' lang='lat' dir='ltr'><strong>sicut</strong></span> <span class='ocrx_word' id='word_1_525' title='bbox 966 3426 1266 3482; x_wconf 85' lang='lat' dir='ltr'><strong>substantia</strong></span> <span class='ocrx_word' id='word_1_526' title='bbox 1312 3425 1707 3496; x_wconf 72' lang='lat' dir='ltr'><strong>prmdicabitur,</strong></span> <span class='ocrx_word' id='word_1_527' title='bbox 1752 3436 1837 3483; x_wconf 73' lang='lat' dir='ltr'><strong>aut</strong></span> <span class='ocrx_word' id='word_1_528' title='bbox 1870 3435 1928 3480; x_wconf 88' lang='lat' dir='ltr'><strong>ut</strong></span> 
     </span>
    </p>
   </div>
   <div class='ocr_carea' id='block_1_66' title="bbox 340 3516 1925 3587">
    <p class='ocr_par' dir='ltr' id='par_1_66' title="bbox 340 3516 1925 3587">
     <span class='ocr_line' id='line_1_66' title="bbox 340 3516 1925 3587; baseline 0.001 -18"><span class='ocrx_word' id='word_1_529' title='bbox 340 3529 543 3583; x_wconf 74' lang='lat' dir='ltr'><strong>genus,</strong></span> <span class='ocrx_word' id='word_1_530' title='bbox 596 3526 690 3570; x_wconf 87' lang='lat' dir='ltr'><strong>aut</strong></span> <span class='ocrx_word' id='word_1_531' title='bbox 736 3525 800 3571; x_wconf 86' lang='lat' dir='ltr'><strong>ut</strong></span> <span class='ocrx_word' id='word_1_532' title='bbox 849 3516 1146 3574; x_wconf 82' lang='lat' dir='ltr'><strong>dillerentia</strong></span> <span class='ocrx_word' id='word_1_533' title='bbox 1201 3516 1521 3587; x_wconf 83' lang='lat' dir='ltr'><strong>praedicari?</strong></span> <span class='ocrx_word' id='word_1_534' title='bbox 1581 3518 1693 3571; x_wconf 86' lang='lat' dir='ltr'><strong>haec</strong></span> <span class='ocrx_word' id='word_1_535' title='bbox 1748 3523 1925 3570; x_wconf 84' lang='lat' dir='ltr'><strong>autem</strong></span> 
     </span>
    </p>
   </div>
   <div class='ocr_carea' id='block_1_67' title="bbox 346 3604 1927 3678">
    <p class='ocr_par' dir='ltr' id='par_1_67' title="bbox 346 3604 1927 3678">
     <span class='ocr_line' id='line_1_67' title="bbox 346 3604 1927 3678; baseline -0.001 -17"><span class='ocrx_word' id='word_1_536' title='bbox 346 3615 564 3661; x_wconf 84' lang='lat' dir='ltr'><strong>ostensa</strong></span> <span class='ocrx_word' id='word_1_537' title='bbox 603 3618 747 3669; x_wconf 83' lang='lat' dir='ltr'><strong>sunt.</strong></span> <span class='ocrx_word' id='word_1_538' title='bbox 778 3609 1028 3678; x_wconf 90' lang='lat' dir='ltr'><strong>quoniam</strong></span> <span class='ocrx_word' id='word_1_539' title='bbox 1075 3625 1180 3662; x_wconf 92' lang='lat' dir='ltr'><strong>non</strong></span> <span class='ocrx_word' id='word_1_540' title='bbox 1210 3620 1361 3664; x_wconf 88' lang='lat' dir='ltr'><strong>erunt</strong></span> <span class='ocrx_word' id='word_1_541' title='bbox 1393 3606 1619 3675; x_wconf 89' lang='lat' dir='ltr'><strong>inlinita,</strong></span> <span class='ocrx_word' id='word_1_542' title='bbox 1665 3620 1838 3673; x_wconf 72' lang='lat' dir='ltr'><strong>neque</strong></span> <span class='ocrx_word' id='word_1_543' title='bbox 1870 3604 1927 3659; x_wconf 90' lang='lat' dir='ltr'><strong>in</strong></span> 
     </span>
    </p>
   </div>
   <div class='ocr_carea' id='block_1_68' title="bbox 340 3700 1930 3772">
    <p class='ocr_par' dir='ltr' id='par_1_68' title="bbox 340 3700 1930 3772">
     <span class='ocr_line' id='line_1_68' title="bbox 340 3700 1930 3772; baseline -0.001 -18"><span class='ocrx_word' id='word_1_544' title='bbox 340 3713 586 3764; x_wconf 84' lang='lat' dir='ltr'><strong>sursum,</strong></span> <span class='ocrx_word' id='word_1_545' title='bbox 614 3714 789 3772; x_wconf 88' lang='lat' dir='ltr'><strong>neque</strong></span> <span class='ocrx_word' id='word_1_546' title='bbox 815 3702 868 3756; x_wconf 92' lang='lat' dir='ltr'><strong>in</strong></span> <span class='ocrx_word' id='word_1_547' title='bbox 900 3701 1173 3765; x_wconf 86' lang='lat' dir='ltr'><strong>deorsum,</strong></span> <span class='ocrx_word' id='word_1_548' title='bbox 1201 3710 1259 3756; x_wconf 91' lang='lat' dir='ltr'><strong>ut</strong></span> <span class='ocrx_word' id='word_1_549' title='bbox 1284 3700 1452 3755; x_wconf 65' lang='lat' dir='ltr'><strong>homo</strong></span> <span class='ocrx_word' id='word_1_550' title='bbox 1484 3701 1654 3770; x_wconf 89' lang='lat' dir='ltr'><strong>bipes,</strong></span> <span class='ocrx_word' id='word_1_551' title='bbox 1689 3700 1789 3756; x_wconf 88' lang='lat' dir='ltr'><strong>hoc</strong></span> <span class='ocrx_word' id='word_1_552' title='bbox 1815 3700 1930 3754; x_wconf 84' lang='lat' dir='ltr'><strong>ani-</strong></span> 
     </span>
    </p>
   </div>
   <div class='ocr_carea' id='block_1_69' title="bbox 348 3792 1929 3862">
    <p class='ocr_par' dir='ltr' id='par_1_69' title="bbox 348 3792 1929 3862">
     <span class='ocr_line' id='line_1_69' title="bbox 348 3792 1929 3862; baseline -0.002 -15"><span class='ocrx_word' id='word_1_553' title='bbox 348 3793 477 3861; x_wconf 84' lang='lat' dir='ltr'><strong>mal,</strong></span> <span class='ocrx_word' id='word_1_554' title='bbox 509 3793 613 3850; x_wconf 84' lang='lat' dir='ltr'><strong>hoc</strong></span> <span class='ocrx_word' id='word_1_555' title='bbox 648 3802 830 3850; x_wconf 85' lang='lat' dir='ltr'><strong>autem</strong></span> <span class='ocrx_word' id='word_1_556' title='bbox 856 3795 1084 3850; x_wconf 89' lang='lat' dir='ltr'><strong>alterum</strong></span> <span class='ocrx_word' id='word_1_557' title='bbox 1136 3804 1238 3859; x_wconf 87' lang='lat' dir='ltr'><strong>est,</strong></span> <span class='ocrx_word' id='word_1_558' title='bbox 1271 3810 1443 3862; x_wconf 91' lang='lat' dir='ltr'><strong>neque</strong></span> <span class='ocrx_word' id='word_1_559' title='bbox 1490 3793 1685 3848; x_wconf 81' lang='lat' dir='ltr'><strong>animal</strong></span> <span class='ocrx_word' id='word_1_560' title='bbox 1728 3793 1795 3848; x_wconf 90' lang='lat' dir='ltr'><strong>de</strong></span> <span class='ocrx_word' id='word_1_561' title='bbox 1834 3792 1929 3846; x_wconf 87' lang='lat' dir='ltr'><strong>ho-</strong></span> 
     </span>
    </p>
   </div>
   <div class='ocr_carea' id='block_1_70' title="bbox 346 3885 1930 3952">
    <p class='ocr_par' dir='ltr' id='par_1_70' title="bbox 346 3885 1930 3952">
     <span class='ocr_line' id='line_1_70' title="bbox 346 3885 1930 3952; baseline -0.001 -13"><span class='ocrx_word' id='word_1_562' title='bbox 346 3886 515 3952; x_wconf 89' lang='lat' dir='ltr'><strong>mine,</strong></span> <span class='ocrx_word' id='word_1_563' title='bbox 550 3886 654 3941; x_wconf 89' lang='lat' dir='ltr'><strong>hoc</strong></span> <span class='ocrx_word' id='word_1_564' title='bbox 681 3895 858 3941; x_wconf 87' lang='lat' dir='ltr'><strong>autem</strong></span> <span class='ocrx_word' id='word_1_565' title='bbox 886 3886 953 3942; x_wconf 91' lang='lat' dir='ltr'><strong>de</strong></span> <span class='ocrx_word' id='word_1_566' title='bbox 978 3885 1165 3951; x_wconf 84' lang='lat' dir='ltr'><strong>Callia,</strong></span> <span class='ocrx_word' id='word_1_567' title='bbox 1198 3887 1300 3941; x_wconf 93' lang='lat' dir='ltr'><strong>hoc</strong></span> <span class='ocrx_word' id='word_1_568' title='bbox 1328 3898 1504 3941; x_wconf 88' lang='lat' dir='ltr'><strong>autem</strong></span> <span class='ocrx_word' id='word_1_569' title='bbox 1546 3886 1614 3941; x_wconf 91' lang='lat' dir='ltr'><strong>de</strong></span> <span class='ocrx_word' id='word_1_570' title='bbox 1643 3886 1749 3939; x_wconf 88' lang='lat' dir='ltr'><strong>alio</strong></span> <span class='ocrx_word' id='word_1_571' title='bbox 1781 3887 1832 3939; x_wconf 91' lang='lat' dir='ltr'><strong>in</strong></span> <span class='ocrx_word' id='word_1_572' title='bbox 1864 3899 1930 3940; x_wconf 91' lang='lat' dir='ltr'><strong>eo</strong></span> 
     </span>
    </p>
   </div>
   <div class='ocr_carea' id='block_1_71' title="bbox 344 3975 1930 4047">
    <p class='ocr_par' dir='ltr' id='par_1_71' title="bbox 344 3975 1930 4047">
     <span class='ocr_line' id='line_1_71' title="bbox 344 3975 1930 4047; baseline 0.001 -17"><span class='ocrx_word' id='word_1_573' title='bbox 344 3976 487 4047; x_wconf 85' lang='lat' dir='ltr'><strong>quod</strong></span> <span class='ocrx_word' id='word_1_574' title='bbox 519 3977 646 4045; x_wconf 86' lang='lat' dir='ltr'><strong>quid</strong></span> <span class='ocrx_word' id='word_1_575' title='bbox 672 3987 777 4043; x_wconf 88' lang='lat' dir='ltr'><strong>est,</strong></span> <span class='ocrx_word' id='word_1_576' title='bbox 804 3979 1154 4033; x_wconf 87' lang='lat' dir='ltr'><strong>substantiam</strong></span> <span class='ocrx_word' id='word_1_577' title='bbox 1184 3980 1328 4033; x_wconf 86' lang='lat' dir='ltr'><strong>enim</strong></span> <span class='ocrx_word' id='word_1_578' title='bbox 1356 3993 1569 4045; x_wconf 78' lang='lat' dir='ltr'><strong>omnem</strong></span> <span class='ocrx_word' id='word_1_579' title='bbox 1600 3987 1680 4032; x_wconf 89' lang='lat' dir='ltr'><strong>est</strong></span> <span class='ocrx_word' id='word_1_580' title='bbox 1707 3975 1930 4031; x_wconf 84' lang='lat' dir='ltr'><strong>deﬁnire</strong></span> 
     </span>
    </p>
   </div>
   <div class='ocr_carea' id='block_1_72' title="bbox 350 4065 1929 4139">
    <p class='ocr_par' dir='ltr' id='par_1_72' title="bbox 350 4065 1929 4139">
     <span class='ocr_line' id='line_1_72' title="bbox 350 4065 1929 4139; baseline 0 -18"><span class='ocrx_word' id='word_1_581' title='bbox 350 4065 682 4137; x_wconf 73' lang='lat' dir='ltr'><strong>huiusmodi,</strong></span> <span class='ocrx_word' id='word_1_582' title='bbox 712 4068 918 4123; x_wconf 69' lang='lat' dir='ltr'><strong>in‘ﬁnita</strong></span> <span class='ocrx_word' id='word_1_583' title='bbox 940 4079 1119 4124; x_wconf 89' lang='lat' dir='ltr'><strong>autem</strong></span> <span class='ocrx_word' id='word_1_584' title='bbox 1144 4084 1248 4124; x_wconf 91' lang='lat' dir='ltr'><strong>non</strong></span> <span class='ocrx_word' id='word_1_585' title='bbox 1276 4079 1360 4125; x_wconf 90' lang='lat' dir='ltr'><strong>est</strong></span> <span class='ocrx_word' id='word_1_586' title='bbox 1382 4071 1607 4124; x_wconf 88' lang='lat' dir='ltr'><strong>transire</strong></span> <span class='ocrx_word' id='word_1_587' title='bbox 1632 4069 1929 4139; x_wconf 86' lang='lat' dir='ltr'><strong>intelligen-</strong></span> 
     </span>
    </p>
   </div>
   <div class='ocr_carea' id='block_1_73' title="bbox 348 4159 1931 4232">
    <p class='ocr_par' dir='ltr' id='par_1_73' title="bbox 348 4159 1931 4232">
     <span class='ocr_line' id='line_1_73' title="bbox 348 4159 1931 4232; baseline -0.001 -19"><span class='ocrx_word' id='word_1_588' title='bbox 348 4167 489 4225; x_wconf 89' lang='lat' dir='ltr'><strong>tem,</strong></span> <span class='ocrx_word' id='word_1_589' title='bbox 520 4175 685 4229; x_wconf 88' lang='lat' dir='ltr'><strong>quare</strong></span> <span class='ocrx_word' id='word_1_590' title='bbox 711 4176 886 4231; x_wconf 90' lang='lat' dir='ltr'><strong>neque</strong></span> <span class='ocrx_word' id='word_1_591' title='bbox 914 4160 967 4215; x_wconf 93' lang='lat' dir='ltr'><strong>in</strong></span> <span class='ocrx_word' id='word_1_592' title='bbox 989 4177 1224 4229; x_wconf 71' lang='lat' dir='ltr'><strong>sursum,</strong></span> <span class='ocrx_word' id='word_1_593' title='bbox 1257 4177 1431 4232; x_wconf 89' lang='lat' dir='ltr'><strong>neque</strong></span> <span class='ocrx_word' id='word_1_594' title='bbox 1456 4161 1507 4215; x_wconf 92' lang='lat' dir='ltr'><strong>in</strong></span> <span class='ocrx_word' id='word_1_595' title='bbox 1534 4162 1783 4215; x_wconf 87' lang='lat' dir='ltr'><strong>deorsum</strong></span> <span class='ocrx_word' id='word_1_596' title='bbox 1814 4159 1931 4213; x_wconf 81' lang='lat' dir='ltr'><strong>iuli-</strong></span> 
     </span>
    </p>
   </div>
   <div class='ocr_carea' id='block_1_74' title="bbox 346 4250 1932 4323">
    <p class='ocr_par' dir='ltr' id='par_1_74' title="bbox 346 4250 1932 4323">
     <span class='ocr_line' id='line_1_74' title="bbox 346 4250 1932 4323; baseline 0.001 -18"><span class='ocrx_word' id='word_1_597' title='bbox 346 4250 457 4305; x_wconf 85' lang='lat' dir='ltr'><strong>nita</strong></span> <span class='ocrx_word' id='word_1_598' title='bbox 487 4261 635 4319; x_wconf 90' lang='lat' dir='ltr'><strong>sunt,</strong></span> <span class='ocrx_word' id='word_1_599' title='bbox 669 4250 811 4307; x_wconf 80' lang='lat' dir='ltr'><strong>illam</strong></span> <span class='ocrx_word' id='word_1_600' title='bbox 859 4255 1001 4309; x_wconf 89' lang='lat' dir='ltr'><strong>enim</strong></span> <span class='ocrx_word' id='word_1_601' title='bbox 1035 4269 1138 4309; x_wconf 93' lang='lat' dir='ltr'><strong>nou</strong></span> <span class='ocrx_word' id='word_1_602' title='bbox 1171 4263 1254 4309; x_wconf 92' lang='lat' dir='ltr'><strong>est</strong></span> <span class='ocrx_word' id='word_1_603' title='bbox 1292 4254 1535 4320; x_wconf 82' lang='lat' dir='ltr'><strong>delinire,</strong></span> <span class='ocrx_word' id='word_1_604' title='bbox 1570 4254 1635 4308; x_wconf 89' lang='lat' dir='ltr'><strong>de</strong></span> <span class='ocrx_word' id='word_1_605' title='bbox 1666 4270 1767 4323; x_wconf 89' lang='lat' dir='ltr'><strong>qua</strong></span> <span class='ocrx_word' id='word_1_606' title='bbox 1804 4255 1932 4308; x_wconf 76' lang='lat' dir='ltr'><strong>iuli-</strong></span> 
     </span>
    </p>
   </div>
   <div class='ocr_carea' id='block_1_75' title="bbox 350 4344 1930 4421">
    <p class='ocr_par' dir='ltr' id='par_1_75' title="bbox 350 4344 1930 4421">
     <span class='ocr_line' id='line_1_75' title="bbox 350 4344 1930 4421; baseline 0.001 -24"><span class='ocrx_word' id='word_1_607' title='bbox 350 4344 459 4397; x_wconf 87' lang='lat' dir='ltr'><strong>uita</strong></span> <span class='ocrx_word' id='word_1_608' title='bbox 474 4344 863 4413; x_wconf 61' lang='lat' dir='ltr'><strong>praedicantur.</strong></span> <span class='ocrx_word' id='word_1_609' title='bbox 897 4345 986 4400; x_wconf 91' lang='lat' dir='ltr'><strong>Sic</strong></span> <span class='ocrx_word' id='word_1_610' title='bbox 1016 4346 1174 4416; x_wconf 87' lang='lat' dir='ltr'><strong>igitur</strong></span> <span class='ocrx_word' id='word_1_611' title='bbox 1213 4361 1407 4416; x_wconf 86' lang='lat' dir='ltr'><strong>genera</strong></span> <span class='ocrx_word' id='word_1_612' title='bbox 1440 4346 1503 4399; x_wconf 90' lang='lat' dir='ltr'><strong>ad</strong></span> <span class='ocrx_word' id='word_1_613' title='bbox 1536 4345 1785 4408; x_wconf 84' lang='lat' dir='ltr'><strong>invicem,</strong></span> <span class='ocrx_word' id='word_1_614' title='bbox 1825 4361 1930 4421; x_wconf 85' lang='lat' dir='ltr'><strong>non</strong></span> 
     </span>
    </p>
   </div>
   <div class='ocr_carea' id='block_1_76' title="bbox 348 4437 1930 4511">
    <p class='ocr_par' dir='ltr' id='par_1_76' title="bbox 348 4437 1930 4511">
     <span class='ocr_line' id='line_1_76' title="bbox 348 4437 1930 4511; baseline 0.002 -22"><span class='ocrx_word' id='word_1_615' title='bbox 348 4437 627 4505; x_wconf 71' lang='lat' dir='ltr'><strong>aequaliter</strong></span> <span class='ocrx_word' id='word_1_616' title='bbox 670 4438 1052 4511; x_wconf 71' lang='lat' dir='ltr'><strong>praedicantur,</strong></span> <span class='ocrx_word' id='word_1_617' title='bbox 1095 4440 1197 4495; x_wconf 91' lang='lat' dir='ltr'><strong>erit</strong></span> <span class='ocrx_word' id='word_1_618' title='bbox 1224 4438 1367 4495; x_wconf 91' lang='lat' dir='ltr'><strong>enim</strong></span> <span class='ocrx_word' id='word_1_619' title='bbox 1397 4439 1596 4507; x_wconf 86' lang='lat' dir='ltr'><strong>ipsum,</strong></span> <span class='ocrx_word' id='word_1_620' title='bbox 1640 4437 1779 4507; x_wconf 92' lang='lat' dir='ltr'><strong>quod</strong></span> <span class='ocrx_word' id='word_1_621' title='bbox 1812 4437 1930 4508; x_wconf 90' lang='lat' dir='ltr'><strong>qui-</strong></span> 
     </span>
    </p>
   </div>
   <div class='ocr_carea' id='block_1_77' title="bbox 348 4513 2008 4599">
    <p class='ocr_par' dir='ltr' id='par_1_77' title="bbox 348 4513 2008 4599">
     <span class='ocr_line' id='line_1_77' title="bbox 348 4513 2008 4599; baseline 0.001 -18"><span class='ocrx_word' id='word_1_622' title='bbox 348 4525 471 4581; x_wconf 85' lang='lat' dir='ltr'><strong>dem</strong></span> <span class='ocrx_word' id='word_1_623' title='bbox 514 4528 694 4597; x_wconf 85' lang='lat' dir='ltr'><strong>lpsum</strong></span> <span class='ocrx_word' id='word_1_624' title='bbox 726 4529 926 4599; x_wconf 90' lang='lat' dir='ltr'><strong>aliquid</strong></span> <span class='ocrx_word' id='word_1_625' title='bbox 976 4540 1081 4598; x_wconf 90' lang='lat' dir='ltr'><strong>est,</strong></span> <span class='ocrx_word' id='word_1_626' title='bbox 1123 4545 1294 4599; x_wconf 86' lang='lat' dir='ltr'><strong>neque</strong></span> <span class='ocrx_word' id='word_1_627' title='bbox 1333 4539 1508 4584; x_wconf 88' lang='lat' dir='ltr'><strong>tamen</strong></span> <span class='ocrx_word' id='word_1_628' title='bbox 1550 4529 1617 4584; x_wconf 91' lang='lat' dir='ltr'><strong>de</strong></span> <span class='ocrx_word' id='word_1_629' title='bbox 1644 4528 1923 4597; x_wconf 87' lang='lat' dir='ltr'><strong>qualitate,</strong></span> <span class='ocrx_word' id='word_1_630' title='bbox 1955 4513 2008 4573; x_wconf 78' lang='grc' dir='ltr'><strong>Ῑ)</strong></span> 
     </span>
    </p>
   </div>
   <div class='ocr_carea' id='block_1_78' title="bbox 348 4617 1927 4686">
    <p class='ocr_par' dir='ltr' id='par_1_78' title="bbox 348 4617 1927 4686">
     <span class='ocr_line' id='line_1_78' title="bbox 348 4617 1927 4686; baseline 0.001 -14"><span class='ocrx_word' id='word_1_631' title='bbox 348 4627 439 4673; x_wconf 77' lang='lat' dir='ltr'><strong>aut</strong></span> <span class='ocrx_word' id='word_1_632' title='bbox 465 4617 691 4674; x_wconf 86' lang='lat' dir='ltr'><strong>aliorum</strong></span> <span class='ocrx_word' id='word_1_633' title='bbox 720 4621 884 4686; x_wconf 85' lang='lat' dir='ltr'><strong>nullo,</strong></span> <span class='ocrx_word' id='word_1_634' title='bbox 923 4621 1027 4675; x_wconf 91' lang='lat' dir='ltr'><strong>nisi</strong></span> <span class='ocrx_word' id='word_1_635' title='bbox 1069 4620 1363 4676; x_wconf 84' lang='lat' dir='ltr'><strong>secundum</strong></span> <span class='ocrx_word' id='word_1_636' title='bbox 1396 4620 1647 4674; x_wconf 85' lang='lat' dir='ltr'><strong>accidens</strong></span> <span class='ocrx_word' id='word_1_637' title='bbox 1674 4619 1927 4685; x_wconf 76' lang='lat' dir='ltr'><strong>przedica-</strong></span> 
     </span>
    </p>
   </div>
   <div class='ocr_carea' id='block_1_79' title="bbox 349 4708 1930 4779">
    <p class='ocr_par' dir='ltr' id='par_1_79' title="bbox 349 4708 1930 4779">
     <span class='ocr_line' id='line_1_79' title="bbox 349 4708 1930 4779; baseline 0.001 -16"><span class='ocrx_word' id='word_1_638' title='bbox 349 4708 511 4777; x_wconf 86' lang='lat' dir='ltr'><strong>bitur,</strong></span> <span class='ocrx_word' id='word_1_639' title='bbox 555 4711 734 4766; x_wconf 85' lang='lat' dir='ltr'><strong>omnia</strong></span> <span class='ocrx_word' id='word_1_640' title='bbox 783 4711 926 4766; x_wconf 90' lang='lat' dir='ltr'><strong>enim</strong></span> <span class='ocrx_word' id='word_1_641' title='bbox 959 4712 1074 4767; x_wconf 72' lang='lat' dir='ltr'><strong>harc</strong></span> <span class='ocrx_word' id='word_1_642' title='bbox 1104 4713 1373 4779; x_wconf 88' lang='lat' dir='ltr'><strong>accidunt,</strong></span> <span class='ocrx_word' id='word_1_643' title='bbox 1422 4722 1476 4766; x_wconf 90' lang='lat' dir='ltr'><strong>et</strong></span> <span class='ocrx_word' id='word_1_644' title='bbox 1518 4711 1586 4767; x_wconf 93' lang='lat' dir='ltr'><strong>de</strong></span> <span class='ocrx_word' id='word_1_645' title='bbox 1616 4712 1930 4766; x_wconf 83' lang='lat' dir='ltr'><strong>substantiis</strong></span> 
     </span>
    </p>
   </div>
   <div class='ocr_carea' id='block_1_80' title="bbox 349 4798 1927 4874">
    <p class='ocr_par' dir='ltr' id='par_1_80' title="bbox 349 4798 1927 4874">
     <span class='ocr_line' id='line_1_80' title="bbox 349 4798 1927 4874; baseline 0.002 -21"><span class='ocrx_word' id='word_1_646' title='bbox 349 4798 729 4871; x_wconf 67' lang='lat' dir='ltr'><strong>praedicantur,</strong></span> <span class='ocrx_word' id='word_1_647' title='bbox 759 4803 853 4858; x_wconf 91' lang='lat' dir='ltr'><strong>sed</strong></span> <span class='ocrx_word' id='word_1_648' title='bbox 881 4805 1132 4874; x_wconf 90' lang='lat' dir='ltr'><strong>quoniam</strong></span> <span class='ocrx_word' id='word_1_649' title='bbox 1164 4819 1335 4869; x_wconf 86' lang='lat' dir='ltr'><strong>neque</strong></span> <span class='ocrx_word' id='word_1_650' title='bbox 1365 4804 1418 4858; x_wconf 90' lang='lat' dir='ltr'><strong>in</strong></span> <span class='ocrx_word' id='word_1_651' title='bbox 1461 4819 1693 4868; x_wconf 84' lang='lat' dir='ltr'><strong>sursum,</strong></span> <span class='ocrx_word' id='word_1_652' title='bbox 1725 4803 1927 4858; x_wconf 75' lang='lat' dir='ltr'><strong>infinita</strong></span> 
     </span>
    </p>
   </div>
   <div class='ocr_carea' id='block_1_81' title="bbox 348 4893 1932 4967">
    <p class='ocr_par' dir='ltr' id='par_1_81' title="bbox 348 4893 1932 4967">
     <span class='ocr_line' id='line_1_81' title="bbox 348 4893 1932 4967; baseline 0.001 -22"><span class='ocrx_word' id='word_1_653' title='bbox 348 4902 493 4948; x_wconf 86' lang='lat' dir='ltr'><strong>sunt.</strong></span> <span class='ocrx_word' id='word_1_654' title='bbox 522 4893 600 4949; x_wconf 86' lang='lat' dir='ltr'><strong>De</strong></span> <span class='ocrx_word' id='word_1_655' title='bbox 636 4894 962 4966; x_wconf 86' lang='lat' dir='ltr'><strong>unoquoque</strong></span> <span class='ocrx_word' id='word_1_656' title='bbox 1012 4898 1155 4951; x_wconf 91' lang='lat' dir='ltr'><strong>enim</strong></span> <span class='ocrx_word' id='word_1_657' title='bbox 1197 4897 1519 4967; x_wconf 61' lang='lat' dir='ltr'><strong>praedicatur</strong></span> <span class='ocrx_word' id='word_1_658' title='bbox 1563 4897 1702 4966; x_wconf 86' lang='lat' dir='ltr'><strong>quod</strong></span> <span class='ocrx_word' id='word_1_659' title='bbox 1733 4895 1932 4965; x_wconf 86' lang='lat' dir='ltr'><strong>signiﬁ-</strong></span> 
     </span>
    </p>
   </div>
   <div class='ocr_carea' id='block_1_82' title="bbox 349 4989 1930 5062">
    <p class='ocr_par' dir='ltr' id='par_1_82' title="bbox 349 4989 1930 5062">
     <span class='ocr_line' id='line_1_82' title="bbox 349 4989 1930 5062; baseline 0.001 -20"><span class='ocrx_word' id='word_1_660' title='bbox 349 4996 436 5043; x_wconf 86' lang='lat' dir='ltr'><strong>cat</strong></span> <span class='ocrx_word' id='word_1_661' title='bbox 461 4996 553 5045; x_wconf 82' lang='lat' dir='ltr'><strong>aut</strong></span> <span class='ocrx_word' id='word_1_662' title='bbox 580 4999 836 5061; x_wconf 88' lang='lat' dir='ltr'><strong>quantum</strong></span> <span class='ocrx_word' id='word_1_663' title='bbox 868 4990 1095 5062; x_wconf 88' lang='lat' dir='ltr'><strong>aliquid,</strong></span> <span class='ocrx_word' id='word_1_664' title='bbox 1124 5000 1214 5046; x_wconf 87' lang='lat' dir='ltr'><strong>aut</strong></span> <span class='ocrx_word' id='word_1_665' title='bbox 1244 4990 1398 5060; x_wconf 89' lang='lat' dir='ltr'><strong>quale</strong></span> <span class='ocrx_word' id='word_1_666' title='bbox 1423 4990 1648 5060; x_wconf 90' lang='lat' dir='ltr'><strong>aliquid,</strong></span> <span class='ocrx_word' id='word_1_667' title='bbox 1696 4999 1788 5043; x_wconf 89' lang='lat' dir='ltr'><strong>aut</strong></span> <span class='ocrx_word' id='word_1_668' title='bbox 1830 4989 1930 5043; x_wconf 85' lang='lat' dir='ltr'><strong>ltu-</strong></span> 
     </span>
    </p>
   </div>
   <div class='ocr_carea' id='block_1_83' title="bbox 349 5080 1933 5152">
    <p class='ocr_par' dir='ltr' id='par_1_83' title="bbox 349 5080 1933 5152">
     <span class='ocr_line' id='line_1_83' title="bbox 349 5080 1933 5152; baseline -0.001 -18"><span class='ocrx_word' id='word_1_669' title='bbox 349 5080 588 5149; x_wconf 87' lang='lat' dir='ltr'><strong>jusmodi</strong></span> <span class='ocrx_word' id='word_1_670' title='bbox 625 5097 744 5152; x_wconf 65' lang='lat' dir='ltr'><strong>quae</strong></span> <span class='ocrx_word' id='word_1_671' title='bbox 784 5084 989 5138; x_wconf 90' lang='lat' dir='ltr'><strong>suntin</strong></span> <span class='ocrx_word' id='word_1_672' title='bbox 1035 5083 1358 5146; x_wconf 87' lang='lat' dir='ltr'><strong>substantia,</strong></span> <span class='ocrx_word' id='word_1_673' title='bbox 1403 5082 1514 5136; x_wconf 78' lang='lat' dir='ltr'><strong>lucc</strong></span> <span class='ocrx_word' id='word_1_674' title='bbox 1566 5091 1745 5136; x_wconf 87' lang='lat' dir='ltr'><strong>autem</strong></span> <span class='ocrx_word' id='word_1_675' title='bbox 1788 5081 1933 5134; x_wconf 80' lang='lat' dir='ltr'><strong>ﬁnita</strong></span> 
     </span>
    </p>
   </div>
   <div class='ocr_carea' id='block_1_84' title="bbox 354 5174 1935 5247">
    <p class='ocr_par' dir='ltr' id='par_1_84' title="bbox 354 5174 1935 5247">
     <span class='ocr_line' id='line_1_84' title="bbox 354 5174 1935 5247; baseline 0 -22"><span class='ocrx_word' id='word_1_676' title='bbox 354 5183 502 5239; x_wconf 88' lang='lat' dir='ltr'><strong>sunt,</strong></span> <span class='ocrx_word' id='word_1_677' title='bbox 540 5184 595 5229; x_wconf 89' lang='lat' dir='ltr'><strong>et</strong></span> <span class='ocrx_word' id='word_1_678' title='bbox 624 5190 824 5246; x_wconf 87' lang='lat' dir='ltr'><strong>genera</strong></span> <span class='ocrx_word' id='word_1_679' title='bbox 870 5174 1410 5247; x_wconf 66' lang='lat' dir='ltr'><strong>praedicamentorum</strong></span> <span class='ocrx_word' id='word_1_680' title='bbox 1446 5174 1611 5237; x_wconf 91' lang='lat' dir='ltr'><strong>ﬁnita,</strong></span> <span class='ocrx_word' id='word_1_681' title='bbox 1655 5182 1747 5225; x_wconf 87' lang='lat' dir='ltr'><strong>aut</strong></span> <span class='ocrx_word' id='word_1_682' title='bbox 1792 5174 1935 5227; x_wconf 85' lang='lat' dir='ltr'><strong>enim</strong></span> 
     </span>
    </p>
   </div>
   <div class='ocr_carea' id='block_1_85' title="bbox 351 5260 1953 5337">
    <p class='ocr_par' dir='ltr' id='par_1_85' title="bbox 351 5260 1953 5337">
     <span class='ocr_line' id='line_1_85' title="bbox 351 5260 1953 5337; baseline 0.001 -19"><span class='ocrx_word' id='word_1_683' title='bbox 351 5265 532 5333; x_wconf 88' lang='lat' dir='ltr'><strong>quale,</strong></span> <span class='ocrx_word' id='word_1_684' title='bbox 559 5278 651 5320; x_wconf 87' lang='lat' dir='ltr'><strong>aut</strong></span> <span class='ocrx_word' id='word_1_685' title='bbox 680 5278 961 5337; x_wconf 86' lang='lat' dir='ltr'><strong>quantum,</strong></span> <span class='ocrx_word' id='word_1_686' title='bbox 995 5275 1088 5321; x_wconf 86' lang='lat' dir='ltr'><strong>aut</strong></span> <span class='ocrx_word' id='word_1_687' title='bbox 1119 5265 1186 5320; x_wconf 90' lang='lat' dir='ltr'><strong>ad</strong></span> <span class='ocrx_word' id='word_1_688' title='bbox 1226 5267 1449 5334; x_wconf 82' lang='lat' dir='ltr'><strong>aliquid,</strong></span> <span class='ocrx_word' id='word_1_689' title='bbox 1490 5276 1580 5319; x_wconf 90' lang='lat' dir='ltr'><strong>aut</strong></span> <span class='ocrx_word' id='word_1_690' title='bbox 1607 5264 1807 5331; x_wconf 76' lang='lat' dir='ltr'><strong>lacere,</strong></span> <span class='ocrx_word' id='word_1_691' title='bbox 1849 5260 1953 5319; x_wconf 84' lang='lat' dir='ltr'><strong>aut</strong></span> 
     </span>
    </p>
   </div>
   <div class='ocr_carea' id='block_1_86' title="bbox 351 5366 1931 5437">
    <p class='ocr_par' dir='ltr' id='par_1_86' title="bbox 351 5366 1931 5437">
     <span class='ocr_line' id='line_1_86' title="bbox 351 5366 1931 5437; baseline 0.001 -19"><span class='ocrx_word' id='word_1_692' title='bbox 351 5366 484 5435; x_wconf 86' lang='lat' dir='ltr'><strong>pati,</strong></span> <span class='ocrx_word' id='word_1_693' title='bbox 523 5375 615 5422; x_wconf 86' lang='lat' dir='ltr'><strong>aut</strong></span> <span class='ocrx_word' id='word_1_694' title='bbox 658 5366 772 5433; x_wconf 84' lang='lat' dir='ltr'><strong>ubi,</strong></span> <span class='ocrx_word' id='word_1_695' title='bbox 819 5377 911 5423; x_wconf 89' lang='lat' dir='ltr'><strong>aut</strong></span> <span class='ocrx_word' id='word_1_696' title='bbox 950 5368 1183 5437; x_wconf 85' lang='lat' dir='ltr'><strong>quando.</strong></span> <span class='ocrx_word' id='word_1_697' title='bbox 1235 5368 1578 5436; x_wconf 88' lang='lat' dir='ltr'><strong>Suppositutn</strong></span> <span class='ocrx_word' id='word_1_698' title='bbox 1629 5375 1808 5420; x_wconf 87' lang='lat' dir='ltr'><strong>autem</strong></span> <span class='ocrx_word' id='word_1_699' title='bbox 1849 5375 1931 5420; x_wconf 86' lang='lat' dir='ltr'><strong>est</strong></span> 
     </span>
    </p>
   </div>
   <div class='ocr_carea' id='block_1_87' title="bbox 350 5469 1933 5539">
    <p class='ocr_par' dir='ltr' id='par_1_87' title="bbox 350 5469 1933 5539">
     <span class='ocr_line' id='line_1_87' title="bbox 350 5469 1933 5539; baseline 0.002 -18"><span class='ocrx_word' id='word_1_700' title='bbox 350 5482 514 5523; x_wconf 87' lang='lat' dir='ltr'><strong>unum</strong></span> <span class='ocrx_word' id='word_1_701' title='bbox 546 5469 614 5525; x_wconf 87' lang='lat' dir='ltr'><strong>de</strong></span> <span class='ocrx_word' id='word_1_702' title='bbox 661 5486 765 5525; x_wconf 92' lang='lat' dir='ltr'><strong>uno</strong></span> <span class='ocrx_word' id='word_1_703' title='bbox 809 5470 1110 5539; x_wconf 67' lang='lat' dir='ltr'><strong>prmdicari,</strong></span> <span class='ocrx_word' id='word_1_704' title='bbox 1159 5471 1269 5539; x_wconf 83' lang='lat' dir='ltr'><strong>ipsa</strong></span> <span class='ocrx_word' id='word_1_705' title='bbox 1312 5472 1488 5524; x_wconf 82' lang='lat' dir='ltr'><strong>autem</strong></span> <span class='ocrx_word' id='word_1_706' title='bbox 1537 5469 1606 5524; x_wconf 87' lang='lat' dir='ltr'><strong>de</strong></span> <span class='ocrx_word' id='word_1_707' title='bbox 1634 5470 1761 5539; x_wconf 80' lang='lat' dir='ltr'><strong>ipsis</strong></span> <span class='ocrx_word' id='word_1_708' title='bbox 1786 5484 1933 5537; x_wconf 65' lang='lat' dir='ltr'><strong>quaa-</strong></span> 
     </span>
    </p>
   </div>
   <div class='ocr_carea' id='block_1_88' title="bbox 351 5570 1928 5642">
    <p class='ocr_par' dir='ltr' id='par_1_88' title="bbox 351 5570 1928 5642">
     <span class='ocr_line' id='line_1_88' title="bbox 351 5570 1928 5642; baseline 0 -17"><span class='ocrx_word' id='word_1_709' title='bbox 351 5584 562 5640; x_wconf 90' lang='lat' dir='ltr'><strong>cunqne</strong></span> <span class='ocrx_word' id='word_1_710' title='bbox 584 5588 690 5629; x_wconf 87' lang='lat' dir='ltr'><strong>non</strong></span> <span class='ocrx_word' id='word_1_711' title='bbox 714 5574 786 5627; x_wconf 82' lang='lat' dir='ltr'><strong>ad</strong></span> <span class='ocrx_word' id='word_1_712' title='bbox 812 5572 1011 5642; x_wconf 83' lang='lat' dir='ltr'><strong>aliquid</strong></span> <span class='ocrx_word' id='word_1_713' title='bbox 1038 5580 1193 5637; x_wconf 77' lang='lat' dir='ltr'><strong>suntr</strong></span> <span class='ocrx_word' id='word_1_714' title='bbox 1214 5571 1519 5639; x_wconf 69' lang='lat' dir='ltr'><strong>praedicari,</strong></span> <span class='ocrx_word' id='word_1_715' title='bbox 1548 5584 1653 5624; x_wconf 90' lang='lat' dir='ltr'><strong>non</strong></span> <span class='ocrx_word' id='word_1_716' title='bbox 1680 5570 1928 5636; x_wconf 80' lang='lat' dir='ltr'><strong>dicimus,</strong></span> 
     </span>
    </p>
   </div>
   <div class='ocr_carea' id='block_1_89' title="bbox 353 5671 1931 5742">
    <p class='ocr_par' dir='ltr' id='par_1_89' title="bbox 353 5671 1931 5742">
     <span class='ocr_line' id='line_1_89' title="bbox 353 5671 1931 5742; baseline 0.003 -18"><span class='ocrx_word' id='word_1_717' title='bbox 353 5672 653 5728; x_wconf 69' lang='lat' dir='ltr'><strong>accidentia</strong></span> <span class='ocrx_word' id='word_1_718' title='bbox 681 5673 823 5729; x_wconf 86' lang='lat' dir='ltr'><strong>enim</strong></span> <span class='ocrx_word' id='word_1_719' title='bbox 846 5684 976 5729; x_wconf 75' lang='lat' dir='ltr'><strong>sunt</strong></span> <span class='ocrx_word' id='word_1_720' title='bbox 1001 5673 1204 5738; x_wconf 87' lang='lat' dir='ltr'><strong>omnia,</strong></span> <span class='ocrx_word' id='word_1_721' title='bbox 1232 5671 1326 5727; x_wconf 87' lang='lat' dir='ltr'><strong>sed</strong></span> <span class='ocrx_word' id='word_1_722' title='bbox 1357 5672 1711 5742; x_wconf 75' lang='lat' dir='ltr'><strong>hancqutucm</strong></span> <span class='ocrx_word' id='word_1_723' title='bbox 1737 5684 1931 5729; x_wconf 73' lang='lat' dir='ltr'><strong>eccun-</strong></span> 
     </span>
    </p>
   </div>
   <div class='ocr_carea' id='block_1_90' title="bbox 354 5754 1930 5846">
    <p class='ocr_par' dir='ltr' id='par_1_90' title="bbox 354 5754 1930 5846">
     <span class='ocr_line' id='line_1_90' title="bbox 354 5754 1930 5846; baseline 0.001 -16"><span class='ocrx_word' id='word_1_724' title='bbox 354 5770 487 5831; x_wconf 70' lang='grc' dir='ltr'>(ιω</span> <span class='ocrx_word' id='word_1_725' title='bbox 520 5789 727 5846; x_wconf 76' lang='lat' dir='ltr'><strong>setpsa,</strong></span> <span class='ocrx_word' id='word_1_726' title='bbox 766 5781 875 5831; x_wconf 72' lang='lat' dir='ltr'><strong>alia</strong></span> <span class='ocrx_word' id='word_1_727' title='bbox 903 5754 1032 5831; x_wconf 77' lang='lat' dir='ltr'><strong>vero</strong></span> <span class='ocrx_word' id='word_1_728' title='bbox 1076 5774 1375 5834; x_wconf 72' lang='lat' dir='ltr'><strong>secundum</strong></span> <span class='ocrx_word' id='word_1_729' title='bbox 1398 5762 1652 5831; x_wconf 52' lang='lat' dir='ltr'><strong>&#39;altertln</strong></span> <span class='ocrx_word' id='word_1_730' title='bbox 1691 5778 1930 5832; x_wconf 87' lang='lat' dir='ltr'><strong>modum.</strong></span> 
     </span>
    </p>
   </div>
   <div class='ocr_carea' id='block_1_91' title="bbox 2028 3243 3613 3319">
    <p class='ocr_par' dir='ltr' id='par_1_91' title="bbox 2028 3243 3613 3319">
     <span class='ocr_line' id='line_1_91' title="bbox 2028 3243 3613 3319; baseline -0.004 -15"><span class='ocrx_word' id='word_1_731' title='bbox 2028 3248 2171 3319; x_wconf 78' lang='lat' dir='ltr'><strong>quod</strong></span> <span class='ocrx_word' id='word_1_732' title='bbox 2194 3248 2405 3304; x_wconf 75' lang='lat' dir='ltr'><strong>:diolutn</strong></span> <span class='ocrx_word' id='word_1_733' title='bbox 2455 3256 2561 3301; x_wconf 71' lang='lat' dir='ltr'><strong>est.</strong></span> <span class='ocrx_word' id='word_1_734' title='bbox 2607 3247 2888 3315; x_wconf 70' lang='lat' dir='ltr'><strong>Analytice</strong></span> <span class='ocrx_word' id='word_1_735' title='bbox 2914 3253 3103 3298; x_wconf 65' lang='lat' dir='ltr'><strong>autem</strong></span> <span class='ocrx_word' id='word_1_736' title='bbox 3146 3243 3488 3296; x_wconf 74' lang='lat' dir='ltr'><strong>manifestum</strong></span> <span class='ocrx_word' id='word_1_737' title='bbox 3529 3247 3613 3297; x_wconf 63' lang='lat' dir='ltr'><strong>est</strong></span> 
     </span>
    </p>
   </div>
   <div class='ocr_carea' id='block_1_92' title="bbox 2031 3333 3613 3415">
    <p class='ocr_par' dir='ltr' id='par_1_92' title="bbox 2031 3333 3613 3415">
     <span class='ocr_line' id='line_1_92' title="bbox 2031 3333 3613 3415; baseline -0.008 -18"><span class='ocrx_word' id='word_1_738' title='bbox 2031 3360 2125 3415; x_wconf 71' lang='lat' dir='ltr'><strong>per</strong></span> <span class='ocrx_word' id='word_1_739' title='bbox 2146 3344 2268 3399; x_wconf 63' lang='lat' dir='ltr'><strong>hac</strong></span> <span class='ocrx_word' id='word_1_740' title='bbox 2295 3342 2554 3405; x_wconf 76' lang='lat' dir='ltr'><strong>velocius,</strong></span> <span class='ocrx_word' id='word_1_741' title='bbox 2578 3354 2761 3409; x_wconf 70' lang='lat' dir='ltr'><strong>neque</strong></span> <span class='ocrx_word' id='word_1_742' title='bbox 2787 3338 2839 3391; x_wconf 87' lang='lat' dir='ltr'><strong>in</strong></span> <span class='ocrx_word' id='word_1_743' title='bbox 2873 3352 3109 3401; x_wconf 87' lang='lat' dir='ltr'><strong>sursum,</strong></span> <span class='ocrx_word' id='word_1_744' title='bbox 3154 3350 3326 3405; x_wconf 86' lang='lat' dir='ltr'><strong>neque</strong></span> <span class='ocrx_word' id='word_1_745' title='bbox 3370 3334 3422 3388; x_wconf 87' lang='lat' dir='ltr'><strong>in</strong></span> <span class='ocrx_word' id='word_1_746' title='bbox 3453 3333 3613 3387; x_wconf 90' lang='lat' dir='ltr'><strong>deor-</strong></span> 
     </span>
    </p>
   </div>
   <div class='ocr_carea' id='block_1_93' title="bbox 2029 3427 3633 3501">
    <p class='ocr_par' dir='ltr' id='par_1_93' title="bbox 2029 3427 3633 3501">
     <span class='ocr_line' id='line_1_93' title="bbox 2029 3427 3633 3501; baseline -0.009 -10"><span class='ocrx_word' id='word_1_747' title='bbox 2029 3451 2149 3492; x_wconf 86' lang='lat' dir='ltr'><strong>sum</strong></span> <span class='ocrx_word' id='word_1_748' title='bbox 2184 3434 2393 3489; x_wconf 77' lang='lat' dir='ltr'><strong>iuﬁnila</strong></span> <span class='ocrx_word' id='word_1_749' title='bbox 2432 3432 2725 3501; x_wconf 59' lang='lat' dir='ltr'><strong>pradicata</strong></span> <span class='ocrx_word' id='word_1_750' title='bbox 2746 3429 3018 3497; x_wconf 73' lang='lat' dir='ltr'><strong>conﬁngit</strong></span> <span class='ocrx_word' id='word_1_751' title='bbox 3040 3443 3164 3482; x_wconf 77' lang='lat' dir='ltr'><strong>esse</strong></span> <span class='ocrx_word' id='word_1_752' title='bbox 3198 3431 3247 3481; x_wconf 79' lang='lat' dir='ltr'><strong>in</strong></span> <span class='ocrx_word' id='word_1_753' title='bbox 3278 3427 3633 3480; x_wconf 56' lang='lat' dir='ltr'><strong>demonstrar</strong></span> 
     </span>
    </p>
   </div>
   <div class='ocr_carea' id='block_1_94' title="bbox 2032 3518 3613 3591">
    <p class='ocr_par' dir='ltr' id='par_1_94' title="bbox 2032 3518 3613 3591">
     <span class='ocr_line' id='line_1_94' title="bbox 2032 3518 3613 3591; baseline -0.007 -11"><span class='ocrx_word' id='word_1_754' title='bbox 2032 3527 2122 3581; x_wconf 83' lang='lat' dir='ltr'><strong>tivi</strong></span> <span class='ocrx_word' id='word_1_755' title='bbox 2160 3524 2423 3589; x_wconf 76' lang='lat' dir='ltr'><strong>scientiis,</strong></span> <span class='ocrx_word' id='word_1_756' title='bbox 2471 3524 2539 3577; x_wconf 84' lang='lat' dir='ltr'><strong>de</strong></span> <span class='ocrx_word' id='word_1_757' title='bbox 2562 3522 2759 3591; x_wconf 83' lang='lat' dir='ltr'><strong>quibus</strong></span> <span class='ocrx_word' id='word_1_758' title='bbox 2796 3521 3032 3574; x_wconf 79' lang='lat' dir='ltr'><strong>intentio</strong></span> <span class='ocrx_word' id='word_1_759' title='bbox 3062 3527 3144 3573; x_wconf 89' lang='lat' dir='ltr'><strong>est</strong></span> <span class='ocrx_word' id='word_1_760' title='bbox 3179 3535 3192 3581; x_wconf 92' lang='lat'><strong>;</strong></span> <span class='ocrx_word' id='word_1_761' title='bbox 3222 3518 3613 3571; x_wconf 85' lang='lat' dir='ltr'><strong>demonstratio</strong></span> 
     </span>
    </p>
   </div>
   <div class='ocr_carea' id='block_1_95' title="bbox 2032 3613 3614 3682">
    <p class='ocr_par' dir='ltr' id='par_1_95' title="bbox 2032 3613 3614 3682">
     <span class='ocr_line' id='line_1_95' title="bbox 2032 3613 3614 3682; baseline -0.005 -8"><span class='ocrx_word' id='word_1_762' title='bbox 2032 3620 2177 3675; x_wconf 77' lang='lat' dir='ltr'><strong>enim</strong></span> <span class='ocrx_word' id='word_1_763' title='bbox 2207 3629 2290 3673; x_wconf 86' lang='lat' dir='ltr'><strong>est</strong></span> <span class='ocrx_word' id='word_1_764' title='bbox 2324 3633 2393 3672; x_wconf 76' lang='lat' dir='ltr'><strong>ex</strong></span> <span class='ocrx_word' id='word_1_765' title='bbox 2420 3616 2514 3669; x_wconf 74' lang='lat' dir='ltr'><strong>his</strong></span> <span class='ocrx_word' id='word_1_766' title='bbox 2542 3629 2879 3682; x_wconf 65' lang='lat' dir='ltr'><strong>quantumque</strong></span> <span class='ocrx_word' id='word_1_767' title='bbox 2924 3615 3042 3682; x_wconf 84' lang='lat' dir='ltr'><strong>ipsa</strong></span> <span class='ocrx_word' id='word_1_768' title='bbox 3062 3613 3285 3680; x_wconf 82' lang='lat' dir='ltr'><strong>quidem</strong></span> <span class='ocrx_word' id='word_1_769' title='bbox 3318 3613 3495 3665; x_wconf 60' lang='grc' dir='ltr'>ἱιικιιιιι</span> <span class='ocrx_word' id='word_1_770' title='bbox 3523 3627 3614 3666; x_wconf 85' lang='lat' dir='ltr'><strong>se-</strong></span> 
     </span>
    </p>
   </div>
   <div class='ocr_carea' id='block_1_96' title="bbox 2029 3702 3615 3775">
    <p class='ocr_par' dir='ltr' id='par_1_96' title="bbox 2029 3702 3615 3775">
     <span class='ocr_line' id='line_1_96' title="bbox 2029 3702 3615 3775; baseline -0.006 -11"><span class='ocrx_word' id='word_1_771' title='bbox 2029 3712 2261 3765; x_wconf 76' lang='lat' dir='ltr'><strong>cundum</strong></span> <span class='ocrx_word' id='word_1_772' title='bbox 2313 3708 2490 3775; x_wconf 73' lang='lat' dir='ltr'><strong>seipse</strong></span> <span class='ocrx_word' id='word_1_773' title='bbox 2520 3708 2703 3772; x_wconf 64' lang='lat' dir='ltr'><strong>uenus,</strong></span> <span class='ocrx_word' id='word_1_774' title='bbox 2725 3706 3020 3760; x_wconf 72' lang='lat' dir='ltr'><strong>secundum</strong></span> <span class='ocrx_word' id='word_1_775' title='bbox 3052 3704 3230 3772; x_wconf 78' lang='lat' dir='ltr'><strong>seipse</strong></span> <span class='ocrx_word' id='word_1_776' title='bbox 3262 3717 3390 3757; x_wconf 75' lang='lat' dir='ltr'><strong>vero</strong></span> <span class='ocrx_word' id='word_1_777' title='bbox 3436 3702 3615 3771; x_wconf 57' lang='lat' dir='ltr'><strong>dupli.</strong></span> 
     </span>
    </p>
   </div>
   <div class='ocr_carea' id='block_1_97' title="bbox 2030 3792 3614 3870">
    <p class='ocr_par' dir='ltr' id='par_1_97' title="bbox 2030 3792 3614 3870">
     <span class='ocr_line' id='line_1_97' title="bbox 2030 3792 3614 3870; baseline -0.006 -14"><span class='ocrx_word' id='word_1_778' title='bbox 2030 3802 2195 3864; x_wconf 83' lang='lat' dir='ltr'><strong>citer;</strong></span> <span class='ocrx_word' id='word_1_779' title='bbox 2212 3812 2545 3870; x_wconf 66' lang='lat' dir='ltr'><strong>quaecunque</strong></span> <span class='ocrx_word' id='word_1_780' title='bbox 2567 3797 2715 3852; x_wconf 87' lang='lat' dir='ltr'><strong>enim</strong></span> <span class='ocrx_word' id='word_1_781' title='bbox 2748 3798 2800 3850; x_wconf 88' lang='lat' dir='ltr'><strong>in</strong></span> <span class='ocrx_word' id='word_1_782' title='bbox 2822 3796 2930 3850; x_wconf 77' lang='lat' dir='ltr'><strong>illis</strong></span> <span class='ocrx_word' id='word_1_783' title='bbox 2952 3795 3134 3849; x_wconf 83' lang='lat' dir='ltr'><strong>insunt</strong></span> <span class='ocrx_word' id='word_1_784' title='bbox 3154 3795 3208 3849; x_wconf 89' lang='lat' dir='ltr'><strong>in</strong></span> <span class='ocrx_word' id='word_1_785' title='bbox 3238 3808 3306 3848; x_wconf 86' lang='lat' dir='ltr'><strong>eo</strong></span> <span class='ocrx_word' id='word_1_786' title='bbox 3325 3793 3463 3862; x_wconf 85' lang='lat' dir='ltr'><strong>quod</strong></span> <span class='ocrx_word' id='word_1_787' title='bbox 3488 3792 3614 3861; x_wconf 86' lang='lat' dir='ltr'><strong>quid</strong></span> 
     </span>
    </p>
   </div>
   <div class='ocr_carea' id='block_1_98' title="bbox 2030 3884 3617 3959">
    <p class='ocr_par' dir='ltr' id='par_1_98' title="bbox 2030 3884 3617 3959">
     <span class='ocr_line' id='line_1_98' title="bbox 2030 3884 3617 3959; baseline -0.007 -11"><span class='ocrx_word' id='word_1_788' title='bbox 2030 3903 2133 3958; x_wconf 83' lang='lat' dir='ltr'><strong>est,</strong></span> <span class='ocrx_word' id='word_1_789' title='bbox 2166 3901 2221 3947; x_wconf 90' lang='lat' dir='ltr'><strong>et</strong></span> <span class='ocrx_word' id='word_1_790' title='bbox 2271 3896 2323 3944; x_wconf 85' lang='lat' dir='ltr'><strong>in</strong></span> <span class='ocrx_word' id='word_1_791' title='bbox 2370 3890 2568 3959; x_wconf 77' lang='lat' dir='ltr'><strong>quibus</strong></span> <span class='ocrx_word' id='word_1_792' title='bbox 2610 3888 2726 3957; x_wconf 79' lang='lat' dir='ltr'><strong>ipsa</strong></span> <span class='ocrx_word' id='word_1_793' title='bbox 2769 3888 2821 3941; x_wconf 73' lang='lat' dir='ltr'><strong>in</strong></span> <span class='ocrx_word' id='word_1_794' title='bbox 2874 3900 2939 3941; x_wconf 87' lang='lat' dir='ltr'><strong>eo</strong></span> <span class='ocrx_word' id='word_1_795' title='bbox 2967 3884 3265 3955; x_wconf 85' lang='lat' dir='ltr'><strong>quodquid</strong></span> <span class='ocrx_word' id='word_1_796' title='bbox 3312 3893 3397 3937; x_wconf 75' lang='lat' dir='ltr'><strong>est</strong></span> <span class='ocrx_word' id='word_1_797' title='bbox 3434 3884 3617 3937; x_wconf 81' lang='lat' dir='ltr'><strong>instutt</strong></span> 
     </span>
    </p>
   </div>
   <div class='ocr_carea' id='block_1_99' title="bbox 2032 3978 3615 4055">
    <p class='ocr_par' dir='ltr' id='par_1_99' title="bbox 2032 3978 3615 4055">
     <span class='ocr_line' id='line_1_99' title="bbox 2032 3978 3615 4055; baseline -0.008 -14"><span class='ocrx_word' id='word_1_798' title='bbox 2032 3986 2184 4055; x_wconf 85' lang='lat' dir='ltr'><strong>ipsis,</strong></span> <span class='ocrx_word' id='word_1_799' title='bbox 2209 3986 2277 4038; x_wconf 86' lang='grc' dir='ltr'><strong>ἰιι</strong></span> <span class='ocrx_word' id='word_1_800' title='bbox 2304 3984 2359 4039; x_wconf 85' lang='lat' dir='ltr'><strong>in</strong></span> <span class='ocrx_word' id='word_1_801' title='bbox 2402 3998 2631 4037; x_wconf 79' lang='lat' dir='ltr'><strong>numero</strong></span> <span class='ocrx_word' id='word_1_802' title='bbox 2671 3982 2864 4050; x_wconf 74' lang='lat' dir='ltr'><strong>impar,</strong></span> <span class='ocrx_word' id='word_1_803' title='bbox 2897 3979 3037 4048; x_wconf 90' lang='lat' dir='ltr'><strong>quod</strong></span> <span class='ocrx_word' id='word_1_804' title='bbox 3078 3979 3224 4032; x_wconf 79' lang='lat' dir='ltr'><strong>ineat</strong></span> <span class='ocrx_word' id='word_1_805' title='bbox 3250 3978 3467 4047; x_wconf 81' lang='lat' dir='ltr'><strong>quidem</strong></span> <span class='ocrx_word' id='word_1_806' title='bbox 3504 3990 3615 4030; x_wconf 79' lang='lat' dir='ltr'><strong>nn-</strong></span> 
     </span>
    </p>
   </div>
   <div class='ocr_carea' id='block_1_100' title="bbox 2032 4070 3617 4144">
    <p class='ocr_par' dir='ltr' id='par_1_100' title="bbox 2032 4070 3617 4144">
     <span class='ocr_line' id='line_1_100' title="bbox 2032 4070 3617 4144; baseline -0.006 -12"><span class='ocrx_word' id='word_1_807' title='bbox 2032 4091 2203 4141; x_wconf 86' lang='lat' dir='ltr'><strong>mero,</strong></span> <span class='ocrx_word' id='word_1_808' title='bbox 2237 4085 2319 4131; x_wconf 83' lang='lat' dir='ltr'><strong>est</strong></span> <span class='ocrx_word' id='word_1_809' title='bbox 2346 4075 2963 4144; x_wconf 32' lang='lat' dir='ltr'><strong>autem-.ipse&#39;ttumetus</strong></span> <span class='ocrx_word' id='word_1_810' title='bbox 3004 4072 3060 4126; x_wconf 84' lang='lat' dir='ltr'><strong>in</strong></span> <span class='ocrx_word' id='word_1_811' title='bbox 3092 4070 3300 4124; x_wconf 79' lang='lat' dir='ltr'><strong>ratione</strong></span> <span class='ocrx_word' id='word_1_812' title='bbox 3326 4070 3513 4139; x_wconf 84' lang='lat' dir='ltr'><strong>ipsius,</strong></span> <span class='ocrx_word' id='word_1_813' title='bbox 3550 4075 3617 4123; x_wconf 82' lang='lat' dir='ltr'><strong>et</strong></span> 
     </span>
    </p>
   </div>
   <div class='ocr_carea' id='block_1_101' title="bbox 2033 4161 3614 4233">
    <p class='ocr_par' dir='ltr' id='par_1_101' title="bbox 2033 4161 3614 4233">
     <span class='ocr_line' id='line_1_101' title="bbox 2033 4161 3614 4233; baseline -0.006 -10"><span class='ocrx_word' id='word_1_814' title='bbox 2033 4168 2227 4224; x_wconf 76' lang='lat' dir='ltr'><strong>iterum</strong></span> <span class='ocrx_word' id='word_1_815' title='bbox 2262 4166 2570 4233; x_wconf 88' lang='lat' dir='ltr'><strong>multitudo,</strong></span> <span class='ocrx_word' id='word_1_816' title='bbox 2601 4173 2696 4221; x_wconf 79' lang='lat' dir='ltr'><strong>aut</strong></span> <span class='ocrx_word' id='word_1_817' title='bbox 2736 4164 3025 4226; x_wconf 69' lang='lat' dir='ltr'><strong>ditisibile,</strong></span> <span class='ocrx_word' id='word_1_818' title='bbox 3067 4163 3117 4215; x_wconf 92' lang='lat' dir='ltr'><strong>in</strong></span> <span class='ocrx_word' id='word_1_819' title='bbox 3144 4161 3354 4216; x_wconf 85' lang='lat' dir='ltr'><strong>ratione</strong></span> <span class='ocrx_word' id='word_1_820' title='bbox 3380 4161 3614 4225; x_wconf 82' lang='lat' dir='ltr'><strong>numeri,</strong></span> 
     </span>
    </p>
   </div>
   <div class='ocr_carea' id='block_1_102' title="bbox 2035 4252 3618 4323">
    <p class='ocr_par' dir='ltr' id='par_1_102' title="bbox 2035 4252 3618 4323">
     <span class='ocr_line' id='line_1_102' title="bbox 2035 4252 3618 4323; baseline -0.005 -10"><span class='ocrx_word' id='word_1_821' title='bbox 2035 4260 2229 4315; x_wconf 71' lang='lat' dir='ltr'><strong>bolum</strong></span> <span class='ocrx_word' id='word_1_822' title='bbox 2271 4267 2449 4313; x_wconf 86' lang='lat' dir='ltr'><strong>autem</strong></span> <span class='ocrx_word' id='word_1_823' title='bbox 2494 4267 2682 4311; x_wconf 82' lang='lat' dir='ltr'><strong>neutra</strong></span> <span class='ocrx_word' id='word_1_824' title='bbox 2712 4255 2984 4323; x_wconf 83' lang='lat' dir='ltr'><strong>contingit</strong></span> <span class='ocrx_word' id='word_1_825' title='bbox 3012 4252 3222 4307; x_wconf 86' lang='lat' dir='ltr'><strong>inﬁnita</strong></span> <span class='ocrx_word' id='word_1_826' title='bbox 3264 4265 3408 4317; x_wconf 84' lang='lat' dir='ltr'><strong>esse,</strong></span> <span class='ocrx_word' id='word_1_827' title='bbox 3444 4265 3618 4318; x_wconf 87' lang='lat' dir='ltr'><strong>neque</strong></span> 
     </span>
    </p>
   </div>
   <div class='ocr_carea' id='block_1_103' title="bbox 2035 4343 3617 4418">
    <p class='ocr_par' dir='ltr' id='par_1_103' title="bbox 2035 4343 3617 4418">
     <span class='ocr_line' id='line_1_103' title="bbox 2035 4343 3617 4418; baseline -0.005 -14"><span class='ocrx_word' id='word_1_828' title='bbox 2035 4361 2092 4404; x_wconf 91' lang='lat' dir='ltr'><strong>ut</strong></span> <span class='ocrx_word' id='word_1_829' title='bbox 2124 4351 2294 4418; x_wconf 84' lang='lat' dir='ltr'><strong>impar</strong></span> <span class='ocrx_word' id='word_1_830' title='bbox 2324 4346 2555 4403; x_wconf 82' lang='lat' dir='ltr'><strong>numeri.</strong></span> <span class='ocrx_word' id='word_1_831' title='bbox 2586 4346 2781 4401; x_wconf 87' lang='lat' dir='ltr'><strong>lterum</strong></span> <span class='ocrx_word' id='word_1_832' title='bbox 2834 4346 2977 4400; x_wconf 88' lang='lat' dir='ltr'><strong>enim</strong></span> <span class='ocrx_word' id='word_1_833' title='bbox 3012 4344 3067 4397; x_wconf 81' lang='lat' dir='ltr'><strong>si</strong></span> <span class='ocrx_word' id='word_1_834' title='bbox 3100 4344 3270 4411; x_wconf 85' lang='lat' dir='ltr'><strong>impar</strong></span> <span class='ocrx_word' id='word_1_835' title='bbox 3294 4343 3438 4397; x_wconf 85' lang='lat' dir='ltr'><strong>aliud</strong></span> <span class='ocrx_word' id='word_1_836' title='bbox 3464 4343 3617 4408; x_wconf 88' lang='lat' dir='ltr'><strong>insit,</strong></span> 
     </span>
    </p>
   </div>
   <div class='ocr_carea' id='block_1_104' title="bbox 2036 4435 3622 4503">
    <p class='ocr_par' dir='ltr' id='par_1_104' title="bbox 2036 4435 3622 4503">
     <span class='ocr_line' id='line_1_104' title="bbox 2036 4435 3622 4503; baseline -0.004 -9"><span class='ocrx_word' id='word_1_837' title='bbox 2036 4441 2122 4494; x_wconf 88' lang='lat' dir='ltr'><strong>cui</strong></span> <span class='ocrx_word' id='word_1_838' title='bbox 2150 4439 2322 4494; x_wconf 86' lang='lat' dir='ltr'><strong>iuerat</strong></span> <span class='ocrx_word' id='word_1_839' title='bbox 2351 4436 2608 4494; x_wconf 76' lang='lat' dir='ltr'><strong>existenti</strong></span> <span class='ocrx_word' id='word_1_840' title='bbox 2635 4437 2758 4501; x_wconf 77' lang='lat' dir='ltr'><strong>hoc,</strong></span> <span class='ocrx_word' id='word_1_841' title='bbox 2780 4437 2824 4489; x_wconf 87' lang='lat' dir='ltr'><strong>si</strong></span> <span class='ocrx_word' id='word_1_842' title='bbox 2847 4446 2931 4490; x_wconf 82' lang='lat' dir='ltr'><strong>est</strong></span> <span class='ocrx_word' id='word_1_843' title='bbox 2959 4436 3187 4503; x_wconf 88' lang='lat' dir='ltr'><strong>primum</strong></span> <span class='ocrx_word' id='word_1_844' title='bbox 3213 4450 3492 4498; x_wconf 80' lang='lat' dir='ltr'><strong>numerus,</strong></span> <span class='ocrx_word' id='word_1_845' title='bbox 3517 4435 3622 4488; x_wconf 82' lang='lat' dir='ltr'><strong>erit</strong></span> 
     </span>
    </p>
   </div>
   <div class='ocr_carea' id='block_1_105' title="bbox 2039 4525 3619 4601">
    <p class='ocr_par' dir='ltr' id='par_1_105' title="bbox 2039 4525 3619 4601">
     <span class='ocr_line' id='line_1_105' title="bbox 2039 4525 3619 4601; baseline -0.003 -16"><span class='ocrx_word' id='word_1_846' title='bbox 2039 4533 2104 4585; x_wconf 89' lang='lat' dir='ltr'><strong>iis</strong></span> <span class='ocrx_word' id='word_1_847' title='bbox 2132 4547 2251 4601; x_wconf 69' lang='lat' dir='ltr'><strong>quae</strong></span> <span class='ocrx_word' id='word_1_848' title='bbox 2297 4531 2478 4584; x_wconf 90' lang='lat' dir='ltr'><strong>insunt</strong></span> <span class='ocrx_word' id='word_1_849' title='bbox 2508 4528 2635 4598; x_wconf 83' lang='lat' dir='ltr'><strong>ipsi.</strong></span> <span class='ocrx_word' id='word_1_850' title='bbox 2683 4527 2743 4584; x_wconf 85' lang='lat' dir='ltr'><strong>Si</strong></span> <span class='ocrx_word' id='word_1_851' title='bbox 2771 4528 2930 4597; x_wconf 85' lang='lat' dir='ltr'><strong>igitur</strong></span> <span class='ocrx_word' id='word_1_852' title='bbox 2976 4542 3081 4581; x_wconf 86' lang='lat' dir='ltr'><strong>non</strong></span> <span class='ocrx_word' id='word_1_853' title='bbox 3108 4528 3377 4595; x_wconf 68' lang='lat' dir='ltr'><strong>contingit</strong></span> <span class='ocrx_word' id='word_1_854' title='bbox 3403 4525 3619 4589; x_wconf 79' lang='lat' dir='ltr'><strong>inﬁnita</strong></span> 
     </span>
    </p>
   </div>
   <div class='ocr_carea' id='block_1_106' title="bbox 2038 4617 3623 4694">
    <p class='ocr_par' dir='ltr' id='par_1_106' title="bbox 2038 4617 3623 4694">
     <span class='ocr_line' id='line_1_106' title="bbox 2038 4617 3623 4694; baseline -0.004 -16"><span class='ocrx_word' id='word_1_855' title='bbox 2038 4625 2342 4694; x_wconf 75' lang='lat' dir='ltr'><strong>huiusmodi</strong></span> <span class='ocrx_word' id='word_1_856' title='bbox 2370 4638 2496 4680; x_wconf 77' lang='lat' dir='ltr'><strong>esse</strong></span> <span class='ocrx_word' id='word_1_857' title='bbox 2523 4625 2576 4678; x_wconf 89' lang='lat' dir='ltr'><strong>in</strong></span> <span class='ocrx_word' id='word_1_858' title='bbox 2614 4638 2743 4687; x_wconf 89' lang='lat' dir='ltr'><strong>uno,</strong></span> <span class='ocrx_word' id='word_1_859' title='bbox 2770 4636 2949 4691; x_wconf 83' lang='lat' dir='ltr'><strong>neque</strong></span> <span class='ocrx_word' id='word_1_860' title='bbox 2979 4623 3029 4675; x_wconf 92' lang='lat' dir='ltr'><strong>in</strong></span> <span class='ocrx_word' id='word_1_861' title='bbox 3063 4635 3278 4674; x_wconf 78' lang='lat' dir='ltr'><strong>sursum</strong></span> <span class='ocrx_word' id='word_1_862' title='bbox 3310 4630 3469 4674; x_wconf 89' lang='lat' dir='ltr'><strong>et-unt</strong></span> <span class='ocrx_word' id='word_1_863' title='bbox 3498 4617 3623 4673; x_wconf 76' lang='lat' dir='ltr'><strong>iuli-</strong></span> 
     </span>
    </p>
   </div>
   <div class='ocr_carea' id='block_1_107' title="bbox 2040 4714 3622 4785">
    <p class='ocr_par' dir='ltr' id='par_1_107' title="bbox 2040 4714 3622 4785">
     <span class='ocr_line' id='line_1_107' title="bbox 2040 4714 3622 4785; baseline -0.003 -13"><span class='ocrx_word' id='word_1_864' title='bbox 2040 4716 2174 4785; x_wconf 83' lang='lat' dir='ltr'><strong>nita,</strong></span> <span class='ocrx_word' id='word_1_865' title='bbox 2203 4725 2259 4772; x_wconf 89' lang='lat' dir='ltr'><strong>at</strong></span> <span class='ocrx_word' id='word_1_866' title='bbox 2288 4731 2419 4773; x_wconf 83' lang='lat' dir='ltr'><strong>vero</strong></span> <span class='ocrx_word' id='word_1_867' title='bbox 2447 4729 2670 4771; x_wconf 82' lang='lat' dir='ltr'><strong>necesse</strong></span> <span class='ocrx_word' id='word_1_868' title='bbox 2693 4723 2780 4771; x_wconf 90' lang='lat' dir='ltr'><strong>est</strong></span> <span class='ocrx_word' id='word_1_869' title='bbox 2807 4716 2984 4769; x_wconf 82' lang='lat' dir='ltr'><strong>omnia</strong></span> <span class='ocrx_word' id='word_1_870' title='bbox 3013 4714 3193 4770; x_wconf 84' lang='lat' dir='ltr'><strong>inesse</strong></span> <span class='ocrx_word' id='word_1_871' title='bbox 3216 4716 3408 4783; x_wconf 77' lang='lat' dir='ltr'><strong>primo,</strong></span> <span class='ocrx_word' id='word_1_872' title='bbox 3432 4722 3495 4767; x_wconf 85' lang='lat' dir='ltr'><strong>ut</strong></span> <span class='ocrx_word' id='word_1_873' title='bbox 3514 4727 3622 4767; x_wconf 66' lang='lat' dir='ltr'><strong>uno</strong></span> 
     </span>
    </p>
   </div>
   <div class='ocr_carea' id='block_1_108' title="bbox 2040 4807 3618 4877">
    <p class='ocr_par' dir='ltr' id='par_1_108' title="bbox 2040 4807 3618 4877">
     <span class='ocr_line' id='line_1_108' title="bbox 2040 4807 3618 4877; baseline -0.005 -13"><span class='ocrx_word' id='word_1_874' title='bbox 2040 4823 2211 4873; x_wconf 86' lang='lat' dir='ltr'><strong>mero,</strong></span> <span class='ocrx_word' id='word_1_875' title='bbox 2230 4819 2285 4865; x_wconf 92' lang='lat' dir='ltr'><strong>et</strong></span> <span class='ocrx_word' id='word_1_876' title='bbox 2312 4809 2364 4864; x_wconf 87' lang='lat' dir='ltr'><strong>in</strong></span> <span class='ocrx_word' id='word_1_877' title='bbox 2396 4808 2505 4863; x_wconf 88' lang='lat' dir='ltr'><strong>illis</strong></span> <span class='ocrx_word' id='word_1_878' title='bbox 2520 4821 3022 4877; x_wconf 81' lang='lat' dir='ltr'><strong>numerum,quare</strong></span> <span class='ocrx_word' id='word_1_879' title='bbox 3040 4807 3418 4862; x_wconf 71' lang='lat' dir='ltr'><strong>convertibilis</strong></span> <span class='ocrx_word' id='word_1_880' title='bbox 3434 4816 3618 4872; x_wconf 75' lang='lat' dir='ltr'><strong>erunt,</strong></span> 
     </span>
    </p>
   </div>
   <div class='ocr_carea' id='block_1_109' title="bbox 2041 4898 3619 4968">
    <p class='ocr_par' dir='ltr' id='par_1_109' title="bbox 2041 4898 3619 4968">
     <span class='ocr_line' id='line_1_109' title="bbox 2041 4898 3619 4968; baseline -0.003 -15"><span class='ocrx_word' id='word_1_881' title='bbox 2041 4899 2134 4954; x_wconf 89' lang='lat' dir='ltr'><strong>sed</strong></span> <span class='ocrx_word' id='word_1_882' title='bbox 2179 4913 2284 4953; x_wconf 89' lang='lat' dir='ltr'><strong>non</strong></span> <span class='ocrx_word' id='word_1_883' title='bbox 2317 4898 2653 4955; x_wconf 76' lang='lat' dir='ltr'><strong>escedentia.</strong></span> <span class='ocrx_word' id='word_1_884' title='bbox 2689 4899 2871 4968; x_wconf 55' lang='lat' dir='ltr'><strong>neque</strong></span> <span class='ocrx_word' id='word_1_885' title='bbox 2920 4907 3459 4966; x_wconf 75' lang='lat' dir='ltr'><strong>tsmenquaectntque</strong></span> <span class='ocrx_word' id='word_1_886' title='bbox 3502 4908 3619 4953; x_wconf 87' lang='lat' dir='ltr'><strong>sunt</strong></span> 
     </span>
    </p>
   </div>
   <div class='ocr_carea' id='block_1_110' title="bbox 2044 4989 3625 5061">
    <p class='ocr_par' dir='ltr' id='par_1_110' title="bbox 2044 4989 3625 5061">
     <span class='ocr_line' id='line_1_110' title="bbox 2044 4989 3625 5061; baseline 0.001 -17"><span class='ocrx_word' id='word_1_887' title='bbox 2044 4992 2094 5044; x_wconf 87' lang='lat' dir='ltr'><strong>in</strong></span> <span class='ocrx_word' id='word_1_888' title='bbox 2125 5005 2190 5045; x_wconf 89' lang='lat' dir='ltr'><strong>eo</strong></span> <span class='ocrx_word' id='word_1_889' title='bbox 2216 4989 2357 5060; x_wconf 88' lang='lat' dir='ltr'><strong>quod</strong></span> <span class='ocrx_word' id='word_1_890' title='bbox 2383 4989 2510 5061; x_wconf 89' lang='lat' dir='ltr'><strong>quid</strong></span> <span class='ocrx_word' id='word_1_891' title='bbox 2539 4998 2645 5057; x_wconf 83' lang='lat' dir='ltr'><strong>est,</strong></span> <span class='ocrx_word' id='word_1_892' title='bbox 2678 5004 2854 5060; x_wconf 79' lang='lat' dir='ltr'><strong>neque</strong></span> <span class='ocrx_word' id='word_1_893' title='bbox 2886 4989 3008 5044; x_wconf 64' lang='lat' dir='ltr'><strong>that:</strong></span> <span class='ocrx_word' id='word_1_894' title='bbox 3036 4989 3242 5044; x_wconf 81' lang='lat' dir='ltr'><strong>inﬁnita</strong></span> <span class='ocrx_word' id='word_1_895' title='bbox 3261 5000 3417 5056; x_wconf 75' lang='lat' dir='ltr'><strong>sunt,</strong></span> <span class='ocrx_word' id='word_1_896' title='bbox 3450 5004 3625 5059; x_wconf 80' lang='lat' dir='ltr'><strong>neque</strong></span> 
     </span>
    </p>
   </div>
   <div class='ocr_carea' id='block_1_111' title="bbox 2040 5080 3628 5151">
    <p class='ocr_par' dir='ltr' id='par_1_111' title="bbox 2040 5080 3628 5151">
     <span class='ocr_line' id='line_1_111' title="bbox 2040 5080 3628 5151; baseline 0.001 -15"><span class='ocrx_word' id='word_1_897' title='bbox 2040 5090 2185 5136; x_wconf 89' lang='lat' dir='ltr'><strong>esset</strong></span> <span class='ocrx_word' id='word_1_898' title='bbox 2205 5080 2431 5137; x_wconf 81' lang='lat' dir='ltr'><strong>deﬁnire</strong></span> <span class='ocrx_word' id='word_1_899' title='bbox 2452 5100 2466 5136; x_wconf 88' lang='lat'><strong>:</strong></span> <span class='ocrx_word' id='word_1_900' title='bbox 2489 5096 2655 5151; x_wconf 81' lang='lat' dir='ltr'><strong>quare</strong></span> <span class='ocrx_word' id='word_1_901' title='bbox 2673 5083 2722 5137; x_wconf 85' lang='lat' dir='ltr'><strong>si</strong></span> <span class='ocrx_word' id='word_1_902' title='bbox 2740 5082 3037 5151; x_wconf 66' lang='lat' dir='ltr'><strong>praedicata</strong></span> <span class='ocrx_word' id='word_1_903' title='bbox 3058 5098 3164 5151; x_wconf 67' lang='lat' dir='ltr'><strong>eper</strong></span> <span class='ocrx_word' id='word_1_904' title='bbox 3174 5097 3243 5137; x_wconf 84' lang='lat' dir='ltr'><strong>se</strong></span> <span class='ocrx_word' id='word_1_905' title='bbox 3263 5082 3477 5151; x_wconf 83' lang='lat' dir='ltr'><strong>quidem</strong></span> <span class='ocrx_word' id='word_1_906' title='bbox 3502 5086 3628 5137; x_wconf 52' lang='lat' dir='ltr'><strong>etne</strong></span> 
     </span>
    </p>
   </div>
   <div class='ocr_carea' id='block_1_112' title="bbox 2043 5173 3626 5240">
    <p class='ocr_par' dir='ltr' id='par_1_112' title="bbox 2043 5173 3626 5240">
     <span class='ocr_line' id='line_1_112' title="bbox 2043 5173 3626 5240; baseline 0.004 -15"><span class='ocrx_word' id='word_1_907' title='bbox 2043 5174 2127 5227; x_wconf 85' lang='lat' dir='ltr'><strong>nia</strong></span> <span class='ocrx_word' id='word_1_908' title='bbox 2161 5173 2431 5240; x_wconf 88' lang='lat' dir='ltr'><strong>dicuntur,</strong></span> <span class='ocrx_word' id='word_1_909' title='bbox 2464 5174 2577 5230; x_wconf 75' lang='lat' dir='ltr'><strong>haec</strong></span> <span class='ocrx_word' id='word_1_910' title='bbox 2604 5185 2797 5231; x_wconf 71' lang='lat' dir='ltr'><strong>autem</strong></span> <span class='ocrx_word' id='word_1_911' title='bbox 2845 5191 2955 5230; x_wconf 88' lang='lat' dir='ltr'><strong>non</strong></span> <span class='ocrx_word' id='word_1_912' title='bbox 2986 5176 3193 5230; x_wconf 86' lang='lat' dir='ltr'><strong>inﬁnita</strong></span> <span class='ocrx_word' id='word_1_913' title='bbox 3224 5186 3370 5237; x_wconf 83' lang='lat' dir='ltr'><strong>sunt,</strong></span> <span class='ocrx_word' id='word_1_914' title='bbox 3400 5176 3626 5231; x_wconf 78' lang='lat' dir='ltr'><strong>stabunt</strong></span> 
     </span>
    </p>
   </div>
   <div class='ocr_carea' id='block_1_113' title="bbox 2042 5266 3620 5338">
    <p class='ocr_par' dir='ltr' id='par_1_113' title="bbox 2042 5266 3620 5338">
     <span class='ocr_line' id='line_1_113' title="bbox 2042 5266 3620 5338; baseline 0.003 -21"><span class='ocrx_word' id='word_1_915' title='bbox 2042 5266 2226 5335; x_wconf 85' lang='lat' dir='ltr'><strong>utique</strong></span> <span class='ocrx_word' id='word_1_916' title='bbox 2266 5267 2329 5321; x_wconf 86' lang='lat' dir='ltr'><strong>in</strong></span> <span class='ocrx_word' id='word_1_917' title='bbox 2372 5282 2606 5331; x_wconf 83' lang='lat' dir='ltr'><strong>sursum,</strong></span> <span class='ocrx_word' id='word_1_918' title='bbox 2666 5283 2834 5338; x_wconf 81' lang='lat' dir='ltr'><strong>quare</strong></span> <span class='ocrx_word' id='word_1_919' title='bbox 2862 5280 2923 5324; x_wconf 80' lang='lat' dir='ltr'><strong>et</strong></span> <span class='ocrx_word' id='word_1_920' title='bbox 2956 5269 3017 5323; x_wconf 73' lang='lat' dir='ltr'><strong>in</strong></span> <span class='ocrx_word' id='word_1_921' title='bbox 3044 5269 3321 5331; x_wconf 68' lang='lat' dir='ltr'><strong>decu-sum.</strong></span> <span class='ocrx_word' id='word_1_922' title='bbox 3367 5269 3411 5321; x_wconf 79' lang='lat' dir='ltr'><strong>si</strong></span> <span class='ocrx_word' id='word_1_923' title='bbox 3443 5278 3620 5321; x_wconf 79' lang='lat' dir='ltr'><strong>autem</strong></span> 
     </span>
    </p>
   </div>
   <div class='ocr_carea' id='block_1_114' title="bbox 2046 5366 3617 5431">
    <p class='ocr_par' dir='ltr' id='par_1_114' title="bbox 2046 5366 3617 5431">
     <span class='ocr_line' id='line_1_114' title="bbox 2046 5366 3617 5431; baseline 0.001 -11"><span class='ocrx_word' id='word_1_924' title='bbox 2046 5366 2125 5421; x_wconf 90' lang='lat' dir='ltr'><strong>sic</strong></span> <span class='ocrx_word' id='word_1_925' title='bbox 2154 5376 2258 5431; x_wconf 75' lang='lat' dir='ltr'><strong>est.</strong></span> <span class='ocrx_word' id='word_1_926' title='bbox 2303 5377 2357 5423; x_wconf 86' lang='lat' dir='ltr'><strong>et</strong></span> <span class='ocrx_word' id='word_1_927' title='bbox 2382 5383 2501 5431; x_wconf 67' lang='lat' dir='ltr'><strong>qua</strong></span> <span class='ocrx_word' id='word_1_928' title='bbox 2528 5380 2656 5424; x_wconf 86' lang='lat' dir='ltr'><strong>sunt</strong></span> <span class='ocrx_word' id='word_1_929' title='bbox 2702 5371 2757 5423; x_wconf 90' lang='lat' dir='ltr'><strong>in</strong></span> <span class='ocrx_word' id='word_1_930' title='bbox 2798 5370 2977 5425; x_wconf 76' lang='lat' dir='ltr'><strong>medio</strong></span> <span class='ocrx_word' id='word_1_931' title='bbox 3009 5369 3232 5424; x_wconf 89' lang='lat' dir='ltr'><strong>duorum</strong></span> <span class='ocrx_word' id='word_1_932' title='bbox 3268 5368 3617 5423; x_wconf 84' lang='lat' dir='ltr'><strong>terminorutn</strong></span> 
     </span>
    </p>
   </div>
   <div class='ocr_carea' id='block_1_115' title="bbox 2049 5469 3618 5539">
    <p class='ocr_par' dir='ltr' id='par_1_115' title="bbox 2049 5469 3618 5539">
     <span class='ocr_line' id='line_1_115' title="bbox 2049 5469 3618 5539; baseline -0.001 -14"><span class='ocrx_word' id='word_1_933' title='bbox 2049 5484 2263 5539; x_wconf 83' lang='lat' dir='ltr'><strong>semper</strong></span> <span class='ocrx_word' id='word_1_934' title='bbox 2310 5478 2433 5525; x_wconf 88' lang='lat' dir='ltr'><strong>sunt</strong></span> <span class='ocrx_word' id='word_1_935' title='bbox 2486 5471 2655 5537; x_wconf 80' lang='lat' dir='ltr'><strong>ﬁnita.</strong></span> <span class='ocrx_word' id='word_1_936' title='bbox 2708 5471 2763 5528; x_wconf 90' lang='lat' dir='ltr'><strong>Si</strong></span> <span class='ocrx_word' id='word_1_937' title='bbox 2804 5487 2932 5527; x_wconf 81' lang='lat' dir='ltr'><strong>vero</strong></span> <span class='ocrx_word' id='word_1_938' title='bbox 2972 5469 3077 5525; x_wconf 74' lang='lat' dir='ltr'><strong>hoc</strong></span> <span class='ocrx_word' id='word_1_939' title='bbox 3125 5480 3225 5535; x_wconf 85' lang='lat' dir='ltr'><strong>est,</strong></span> <span class='ocrx_word' id='word_1_940' title='bbox 3278 5470 3618 5525; x_wconf 74' lang='lat' dir='ltr'><strong>manifestum</strong></span> 
     </span>
    </p>
   </div>
   <div class='ocr_carea' id='block_1_116' title="bbox 2047 5568 3629 5643">
    <p class='ocr_par' dir='ltr' id='par_1_116' title="bbox 2047 5568 3629 5643">
     <span class='ocr_line' id='line_1_116' title="bbox 2047 5568 3629 5643; baseline 0.001 -18"><span class='ocrx_word' id='word_1_941' title='bbox 2047 5572 2154 5641; x_wconf 75' lang='lat' dir='ltr'><strong>iam</strong></span> <span class='ocrx_word' id='word_1_942' title='bbox 2186 5581 2290 5638; x_wconf 85' lang='lat' dir='ltr'><strong>est,</strong></span> <span class='ocrx_word' id='word_1_943' title='bbox 2320 5587 2371 5627; x_wconf 87' lang='lat' dir='ltr'><strong>et</strong></span> <span class='ocrx_word' id='word_1_944' title='bbox 2402 5572 2787 5628; x_wconf 89' lang='lat' dir='ltr'><strong>demonstratio</strong></span> <span class='ocrx_word' id='word_1_945' title='bbox 2817 5587 2921 5627; x_wconf 93' lang='lat' dir='ltr'><strong>non</strong></span> <span class='ocrx_word' id='word_1_946' title='bbox 2949 5572 3087 5643; x_wconf 92' lang='lat' dir='ltr'><strong>quod</strong></span> <span class='ocrx_word' id='word_1_947' title='bbox 3108 5568 3343 5626; x_wconf 78' lang='lat' dir='ltr'><strong>&#39;neccsse</strong></span> <span class='ocrx_word' id='word_1_948' title='bbox 3373 5584 3449 5627; x_wconf 74' lang='lat' dir='ltr'><strong>est</strong></span> <span class='ocrx_word' id='word_1_949' title='bbox 3476 5573 3629 5638; x_wconf 85' lang='lat' dir='ltr'><strong>priu-</strong></span> 
     </span>
    </p>
   </div>
   <div class='ocr_carea' id='block_1_117' title="bbox 2050 5674 3622 5742">
    <p class='ocr_par' dir='ltr' id='par_1_117' title="bbox 2050 5674 3622 5742">
     <span class='ocr_line' id='line_1_117' title="bbox 2050 5674 3622 5742; baseline 0.001 -15"><span class='ocrx_word' id='word_1_950' title='bbox 2050 5674 2185 5740; x_wconf 87' lang='lat' dir='ltr'><strong>cipia</strong></span> <span class='ocrx_word' id='word_1_951' title='bbox 2230 5689 2369 5737; x_wconf 88' lang='lat' dir='ltr'><strong>esse,</strong></span> <span class='ocrx_word' id='word_1_952' title='bbox 2413 5686 2465 5730; x_wconf 92' lang='lat' dir='ltr'><strong>et</strong></span> <span class='ocrx_word' id='word_1_953' title='bbox 2496 5692 2600 5729; x_wconf 84' lang='lat' dir='ltr'><strong>nou</strong></span> <span class='ocrx_word' id='word_1_954' title='bbox 2652 5679 2889 5730; x_wconf 83' lang='lat' dir='ltr'><strong>omnium</strong></span> <span class='ocrx_word' id='word_1_955' title='bbox 2937 5691 3055 5729; x_wconf 81' lang='lat' dir='ltr'><strong>esse</strong></span> <span class='ocrx_word' id='word_1_956' title='bbox 3082 5679 3622 5742; x_wconf 79' lang='lat' dir='ltr'><strong>demonstrationem,</strong></span> 
     </span>
    </p>
   </div>
   <div class='ocr_carea' id='block_1_118' title="bbox 2052 5770 3643 5853">
    <p class='ocr_par' dir='ltr' id='par_1_118' title="bbox 2052 5770 3643 5853">
     <span class='ocr_line' id='line_1_118' title="bbox 2052 5770 3643 5853; baseline 0.006 -25"><span class='ocrx_word' id='word_1_957' title='bbox 2052 5783 2192 5848; x_wconf 85' lang='lat' dir='ltr'><strong>quod</strong></span> <span class='ocrx_word' id='word_1_958' title='bbox 2220 5770 2431 5848; x_wconf 78' lang='lat' dir='ltr'><strong>quidem</strong></span> <span class='ocrx_word' id='word_1_959' title='bbox 2462 5778 2692 5835; x_wconf 74' lang='lat' dir='ltr'><strong>disintus</strong></span> <span class='ocrx_word' id='word_1_960' title='bbox 2721 5787 2977 5849; x_wconf 83' lang='lat' dir='ltr'><strong>quosdam</strong></span> <span class='ocrx_word' id='word_1_961' title='bbox 3010 5779 3191 5835; x_wconf 84' lang='lat' dir='ltr'><strong>dicere</strong></span> <span class='ocrx_word' id='word_1_962' title='bbox 3230 5778 3384 5851; x_wconf 75' lang='lat' dir='ltr'><strong>iusta</strong></span> <span class='ocrx_word' id='word_1_963' title='bbox 3416 5780 3643 5853; x_wconf 44' lang='lat' dir='ltr'><strong>prlttciy</strong></span> 
     </span>
    </p>
   </div>
  </div>
