4056 6330
495 284 601 341 755

1699 274 1807 329 AN.
1849 272 2057 331 MANL.
2098 271 2250 331 SEV.
2297 270 2520 330 ΒΟΕΤΠ

3674 268 3785 328 736

498 399 667 469 pium,
701 398 744 451 si
788 411 927 451 enim
961 392 1220 465 principia
1266 399 1405 447 sunt.
1443 388 1558 445 Non
1605 390 1785 445 omnia
1832 388 2156 452 suntde—A
2184 397 2268 444 est
2313 388 2364 443 in
2416 388 2729 459 syllogismo
2782 403 2964 455 unum,
3012 391 3305 459 propositio
3343 391 3678 457 immediata,
3727 394 3785 448 in

502 487 889 551 monstrabilis,
937 499 1108 554 neque
1138 484 1189 538 in
1235 483 1495 539 inﬁnitum
1536 481 1789 551 possibile
1818 482 1917 547 ire,
1951 494 2071 535 esse

499 580 642 635 enim
688 579 875 633 horum
909 575 1210 647 quodlibet,
1260 575 1395 630 nihil
1437 584 1522 632 est
1568 575 1715 629 aliud
1758 588 1916 644 quam
1958 587 2079 628 esse

503 672 707 726 nullum
738 670 966 739 spatium
1008 669 1125 723 sine
1156 668 1357 735 medio,
1386 678 1441 723 et
1468 666 1811 733 indivisibile,
1849 664 1943 721 sed
1973 678 2081 719 om-

502 763 586 816 nia
616 759 920 815 divisihilia.
951 759 1094 815 Intus
1116 759 1258 816 enim
1279 760 1617 815 immittendo
1641 760 1950 825 terminum,
1983 756 2093 814 sed

503 870 608 909 non
651 853 975 909 assumenda
1023 853 1423 910 demonstratur
1470 853 1613 923 quod
1658 852 2077 921 demonstratur,

506 962 672 1016 quare
702 946 747 1002 si
770 946 871 1002 hoc
898 948 949 1001 in
983 947 1245 1001 infinitum
1269 946 1529 1017 contingit
1560 946 1661 1011 ire,
1690 943 1953 1014 contingit
1980 942 2084 997 uti-

502 1056 606 1110 que
635 1041 860 1095 duorum
901 1040 1253 1095 termiuorum
1303 1040 1509 1094 inﬁnita
1555 1053 1676 1095 esse
1704 1038 1928 1092 interius
1969 1050 2085 1091 me-

504 1132 613 1199 dia,
644 1132 737 1188 sed
770 1132 872 1187 hoc
906 1131 1234 1203 impossibile
1263 1141 1366 1197 est,
1397 1131 1443 1185 si
1479 1128 1890 1201 praedicationes
1917 1136 2085 1183 stete-

504 1223 614 1278 riut
649 1223 700 1277 in
749 1223 1018 1293 superius,
1052 1231 1107 1278 et
1146 1222 1201 1277 in
1227 1220 1491 1277 inferius:
1522 1220 1663 1292 quod
1692 1229 1871 1274 autem
1914 1225 2082 1286 stent,

506 1323 860 1371 monstratum
890 1325 972 1371 est
1001 1314 1365 1386 logice‘prius,
1394 1312 1662 1385 analytice
1688 1327 1818 1367 vero
1846 1325 2008 1366 nunc.

1085 1449 1309 1507 CAPUT
1359 1448 1506 1507 XIX.

550 1543 817 1600 Ekmenta
847 1543 1300 1599 monstrandarum
1338 1542 1681 1597 mediatorum
1709 1555 1814 1594 non
1844 1538 2050 1608 inﬁnita

1230 1630 1355 1668 8888.

584 1726 894 1783 Monstratis
935 1736 1113 1783 autem
1161 1726 1263 1792 his,
1298 1724 1638 1782 manifestum
1666 1734 1751 1782 est
1794 1724 1841 1781 si
1884 1722 2084 1795 aliquid

514 1820 655 1876 idem
686 1820 814 1875 insit
836 1820 1066 1886 duobus,
1097 1829 1205 1874 uta
1231 1829 1285 1874 et
1315 1819 1367 1873 in
1398 1835 1446 1887 ε,
1475 1826 1533 1873 et
1568 1819 1621 1872 in
1652 1818 1710 1885 d,
1753 1832 1858 1872 non
1886 1816 2084 1887 praedi-

513 1924 670 1971 cante
698 1914 871 1969 altero
898 1913 965 1968 de
1007 1913 1199 1977 altero,
1228 1922 1320 1967 aut
1359 1912 1510 1966 nullo
1540 1911 1722 1976 modo,
1767 1920 1860 1965 aut
1889 1924 1994 1964 non
2021 1908 2092 1964 de

514 1999 685 2071 omni,
716 2006 856 2075 quod
881 2020 986 2059 non
1008 2018 1223 2072 semper
1250 2003 1544 2059 secundum
1576 2016 1863 2057 commune
1892 2000 2092 2071 aliquid

516 2097 701 2163 inrrit,
736 2105 795 2151 ut
819 2095 1057 2164 isosceli,
1082 2104 1135 2150 et
1160 2095 1398 2160 scalenu,
1430 2095 1664 2164 aequales
1689 2093 1899 2148 duobus
1931 2092 2093 2148 rectis

514 2189 735 2254 habere,
778 2188 1073 2243 secundum
1123 2202 1410 2242 commune
1456 2185 1660 2256 aliquid
1689 2186 1850 2251 inest,
1899 2198 2095 2240 secun-

514 2282 642 2337 dum
674 2281 818 2337 enim
844 2279 988 2349 quod
1020 2279 1189 2350 ﬁgura
1213 2278 1459 2349 quredam
1489 2287 1637 2345 sunt,
1660 2287 1716 2333 et
1745 2292 1854 2332 non
1898 2290 2093 2332 secun-

514 2374 640 2428 dum
669 2374 918 2428 alterum.
952 2371 1065 2427 Hoc
1096 2380 1284 2437 autem
1323 2386 1429 2425 non
1459 2384 1675 2438 semper
1711 2369 1789 2423 sic
1818 2383 1879 2424 se
1911 2368 2090 2422 habet.

515 2465 595 2519 Sit
621 2466 766 2520 enim
799 2466 827 2518 b
854 2464 1149 2520 secundum
1178 2462 1321 2533 quod
1351 2480 1407 2529 α,
1443 2463 1497 2516 in
1519 2478 1548 2516 ο
1572 2469 1629 2516 et
1657 2462 1711 2524 ά,
1738 2461 1841 2516 erit
1870 2457 2097 2514 manife-

514 2567 658 2614 stum
690 2557 849 2628 igitur
878 2558 1020 2628 quod
1062 2557 1091 2611 b
1120 2558 1174 2612 in
1211 2573 1238 2610 ε
1264 2557 1299 2611 d
1326 2554 1618 2611 secundum
1641 2554 1783 2609 aliud
1809 2566 2095 2609 commune

516 2663 625 2720 est,
653 2664 709 2710 et
739 2653 871 2709 illud
911 2652 1206 2709 secundum
1249 2651 1505 2718 alterum,
1532 2665 1700 2717 quare
1725 2648 1954 2704 duorum
1987 2658 2098 2703 ter-

517 2745 785 2800 minorum
834 2742 999 2798 medii
1046 2741 1242 2798 inﬁniti
1282 2741 1463 2812 utique
1506 2740 1809 2796 inciderunt
1856 2738 2092 2803 termini,

516 2837 614 2893 sed
667 2836 770 2892 hoc
814 2843 909 2899 est
949 2833 1300 2905 impossibile,
1343 2831 1636 2889 secundum
1688 2832 1849 2903 igitur
1897 2828 2128 2901 aliquid.

514 2942 801 3005 commune
844 2929 1041 2994 inesse,
1070 2941 1175 2981 non
1203 2938 1424 2981 necesse
1449 2934 1531 2979 est
1558 2937 1775 2993 semper
1803 2922 1945 2978 idem
1977 2924 2099 2992 plu-

514 3019 683 3084 ribus,
718 3022 967 3088 quoniam
1008 3018 1227 3087 quidem
1274 3025 1434 3073 erunt
1474 3014 1783 3071 immediata
1812 3016 2005 3085 spatia.
2038 3015 2093 3070 In

516 3110 707 3165 eodem
752 3117 930 3164 tamen
973 3122 1193 3178 genere,
1234 3116 1291 3163 et
1329 3124 1394 3164 ex
1422 3107 1628 3164 eisdem
1653 3110 1848 3164 atomis
1874 3121 2097 3164 necesse

516 3209 603 3256 est
629 3200 888 3255 terminos
917 3214 1060 3269 esse,
1109 3197 1378 3267 siquidem
1427 3199 1498 3255 iis
1531 3215 1652 3270 quae
1678 3215 1774 3271 per
1812 3209 1960 3269 sunt,
1995 3200 2099 3256 erit

519 3306 825 3362 commune,
854 3307 959 3348 non
987 3292 1128 3349 enim
1156 3303 1273 3348 erat
1299 3307 1366 3349 ex
1390 3292 1497 3348 alio
1520 3309 1720 3364 genere
1748 3295 1801 3350 in
1835 3295 1979 3351 aliud
2004 3311 2096 3367 ge-

521 3401 623 3443 nus
649 3388 978 3444 descendere
1003 3403 1123 3458 quae
1150 3386 1611 3443 demonstrantur.
1646 3388 1984 3444 Manifestum
2012 3399 2099 3446 est

520 3490 699 3537 autem
729 3482 982 3551 quoniam
1027 3490 1082 3536 et
1107 3496 1228 3537 cum
1258 3497 1291 3534 a
1319 3479 1374 3535 in
1417 3481 1447 3535 ὁ
1477 3480 1568 3549 sit,
1597 3481 1859 3552 siquidem
1889 3492 1975 3538 est
2003 3483 2098 3538 ali-

520 3573 645 3645 quid
692 3574 946 3641 medium,
991 3582 1076 3629 est
1102 3574 1475 3629 demonstrare
1504 3573 1647 3642 quod
1690 3590 1723 3628 a
1770 3574 1825 3628 in
1856 3572 1885 3626 ὸ
1924 3572 2017 3641 sit,
2045 3580 2103 3628 et

520 3669 788 3725 elementa
813 3667 971 3737 hujus
996 3675 1120 3722 sunt
1146 3666 1262 3722 haec
1287 3675 1341 3722 et
1365 3674 1441 3722 tot
1466 3673 1598 3737 quot
1626 3665 1799 3721 media
1829 3676 1973 3734 sunt,
2000 3665 2100 3720 im-

521 3761 768 3817 mediate
796 3760 938 3815 enim
969 3761 1362 3829 propositiones
1387 3768 1514 3814 sunt
1537 3760 1826 3823 elementa,
1855 3768 1950 3814 aut
1988 3773 2100 3813 om-

523 3867 643 3919 nes,
674 3861 765 3906 aut
794 3851 1166 3915 universales;
1201 3851 1245 3905 si
1287 3866 1414 3905 vero
1442 3865 1546 3906 non
1576 3859 1662 3905 est
1700 3849 1959 3916 medium,
1994 3864 2099 3904 non

525 3942 753 4013 amplius
795 3943 896 3997 erit
926 3942 1343 4008 demonstratio,
1376 3942 1470 3997 sed
1524 3944 1576 3996 in
1605 3940 1868 4011 principia
1897 3942 1981 3995 via
2020 3949 2105 3996 est

526 4035 665 4090 haec.
691 4032 952 4090 Similiter
978 4042 1158 4088 autem
1182 4032 1287 4088 erit
1314 4040 1372 4089 et
1398 4032 1445 4087 si
1473 4049 1505 4085 a
1533 4034 1586 4087 in
1613 4034 1642 4086 b
1668 4048 1770 4087 non
1814 4032 1903 4099 sit,
1934 4032 2105 4102 siqui-

526 4126 648 4182 dem
680 4125 942 4181 enimaut
968 4124 1202 4179 medium
1233 4131 1335 4191 est,
1365 4132 1459 4178 aut
1485 4123 1633 4194 prius
1671 4126 1755 4178 cui
1787 4139 1895 4179 non
1940 4125 2100 4188 inest,

527 4222 629 4277 erit
655 4199 1064 4276 demonstratio.
1105 4218 1162 4274 Si
1193 4231 1323 4272 vero
1350 4232 1455 4272 non
1497 4218 1568 4272 sit
1596 4216 1854 4282 medium,
1887 4231 1993 4271 non
2023 4223 2106 4270 est

528 4316 936 4378 demonstratio,
979 4312 1072 4368 sed
1126 4311 1410 4382 principia,
1463 4320 1518 4365 et
1560 4312 1998 4385 elementa'sunt
2028 4319 2104 4364 tot

527 4417 655 4476 quot
684 4415 810 4462 sunt
837 4405 1068 4468 termini,
1103 4404 1294 4458 horum
1342 4402 1485 4458 enim
1518 4403 1913 4472 propositiones
1950 4403 2103 4471 priu-

526 4499 667 4569 cipia
697 4495 1169 4552 demonstrationis
1195 4491 1340 4563 sunt,
1383 4506 1437 4549 et
1468 4495 1602 4549 sicut
1633 4493 1875 4562 quaedam
1907 4494 2107 4562 princi-

527 4590 613 4659 pia
639 4597 763 4643 sunt
790 4588 1284 4645 indemonstrabilla
1315 4587 1455 4658 quod
1477 4588 1547 4642 sit
1573 4588 1673 4643 hoc
1694 4586 1845 4654 illud,
1881 4595 1937 4642 et
1964 4587 2106 4657 quod

525 4678 597 4736 sit
625 4679 728 4735 hoc
768 4678 822 4734 in
869 4678 981 4745 illo,
1021 4680 1100 4735 sic
1144 4678 1286 4749 quod
1332 4693 1438 4734 non
1480 4679 1581 4734 erit
1609 4678 1709 4733 hoc
1748 4678 1898 4745 illud,
1932 4694 2105 4748 neque

522 4772 667 4845 quod
698 4771 770 4829 sit
797 4774 898 4829 hoc
924 4773 976 4828 in
1006 4773 1118 4829 illo.
1145 4773 1324 4841 Quare
1349 4772 1463 4827 haec
1482 4772 1697 4843 quidem
1727 4786 1850 4827 esse
1876 4770 2100 4842 aliquid,

524 4864 626 4937 alia
654 4878 762 4920 non
792 4878 916 4920 esse
941 4865 1167 4937 aliquid,
1199 4875 1357 4920 erunt
1382 4864 1665 4933 principia.
1697 4862 1829 4919 Cum
1863 4879 1991 4933 ergo
2025 4866 2108 4919 in-

527 4959 707 5028 digeat
744 4968 1052 5015 monstrare
1098 4958 1320 5029 aliquid,
1370 4958 1739 5027 accipiendum
1776 4957 1920 5028 quod
1965 4958 2033 5014 de
2077 4958 2107 5011 b

525 5050 754 5120 primum
805 5051 1142 5121 praedicetur.
1186 5051 1275 5119 Sit
1294 5065 1345 5115 ε,
1381 5057 1435 5105 et
1461 5049 1528 5105 de
1559 5050 1663 5105 hoc
1695 5050 1946 5104 similiter
1969 5066 2021 5116 a,
2055 5057 2111 5106 et

526 5144 607 5201 sic
649 5160 869 5216 semper
912 5145 1058 5201 eunti
1105 5159 1377 5214 nunquam
1417 5152 1590 5209 extra,
1641 5144 1745 5198 erit
1784 5142 2106 5211 propositio,

526 5252 702 5308 neque
747 5237 793 5292 si
838 5251 960 5293 esse
991 5238 1158 5307 ipsius
1185 5253 1218 5291 a
1262 5237 1554 5307 accipiatur
1580 5247 1636 5291 ut
1682 5236 2105 5303 demonstretur,

527 5329 621 5384 sed
657 5344 876 5399 semper
903 5330 1142 5385 medium
1176 5328 1431 5384 densetur
1459 5342 1736 5398 quousque
1767 5325 2110 5381 indivisibilia

528 5420 681 5489 ﬂant,
711 5432 764 5477 et
804 5436 992 5488 unum,
1028 5428 1112 5475 est
1137 5430 1316 5476 autem
1353 5436 1544 5487 unum,
1571 5434 1692 5475 cum
1739 5419 2106 5475 immediatum

528 5510 641 5578 ﬁat,
679 5522 733 5568 et
785 5529 888 5571 una
935 5512 1233 5585 propositio
1283 5512 1512 5581 simplex
1554 5522 1635 5566 est
1675 5510 2010 5576 immediate,
2057 5518 2114 5565 et

529 5606 977 5676 quemadmodum
1012 5608 1065 5662 in
1094 5607 1216 5662 aliis
1256 5614 1335 5661 est
1365 5605 1685 5675 principium
1716 5605 1970 5673 simplex.
2004 5602 2118 5659 Hoc

531 5714 708 5757 autem
741 5719 844 5757 non
870 5703 1009 5759 idem
1044 5703 1238 5772 ubique
1264 5709 1366 5769 est,
1397 5699 1489 5753 sed
1515 5702 1566 5753 in
1592 5700 1744 5769 gravi
1778 5698 1992 5768 quidem
2018 5713 2087 5752 un

534 5790 636 5859 cia,
667 5792 720 5851 in
750 5793 978 5853 melodis
1002 5803 1178 5850 autem
1207 5791 1391 5861 dicsis,
1422 5789 1565 5847 aliud
1594 5799 1772 5850 autem
1803 5788 1856 5848 in
1884 5789 2008 5859 alio,
2037 5787 2105 5845 sit

2130 490 2135 495 ‘
2181 478 2639 534 demonstratione
2683 489 2882 545 autem,
2933 489 2987 536 et
3035 482 3281 547 scientia,
3334 483 3668 539 intellectus.
3720 484 3782 539 In

2181 571 2467 626 ostensivis
2498 572 2653 642 igitur
2682 572 3005 643 syllogismis
3047 574 3163 644 ejus
3194 576 3335 646 quod
3366 586 3475 642 est,
3510 578 3647 632 nihil
3682 592 3787 632 ca-

2182 662 2263 717 dit
2294 671 2469 718 extra.
2497 661 2604 718 Sed
2630 665 2680 718 in
2707 665 3003 733 privativis,
3028 666 3118 720 ubi
3140 667 3353 736 quidem
3382 670 3525 738 quod
3554 678 3786 738 oportet

2184 768 2325 819 esse,
2372 754 2502 809 nihil
2533 755 2673 811 cadit
2717 765 2867 812 extra
2918 757 3041 825 hoc,
3086 760 3219 815 utsi
3259 760 3373 815 ain
3401 761 3431 814 b
3476 777 3575 830 per
3609 779 3637 814 c
3666 779 3784 819 non

2185 847 2346 914 inest,
2378 849 2425 902 si
2466 848 2610 904 enim
2641 848 2693 904 in
2723 849 2752 902 b
2780 849 2996 919 quidem
3039 853 3185 906 omni
3231 868 3279 917 c,
3319 862 3406 908 est
3447 864 3632 909 autem
3658 872 3691 908 α
3720 857 3785 911 in

2186 939 2336 994 nullo
2379 954 2427 993 ο.
2458 940 2653 995 lterum
2700 941 2745 995 si
2778 941 3013 1011 indigeat
3050 942 3194 1012 quod
3238 943 3295 997 in
3319 960 3366 1010 c,
3412 961 3445 998 ι
3492 946 3646 999 nullo
3680 948 3780 1015 sit,

2186 1030 2421 1087 medium
2467 1032 2843 1101 accipiendum
2889 1042 2974 1089 est
3003 1035 3171 1104 ipsius
3199 1051 3231 1089 a
3274 1046 3329 1091 et
3358 1052 3409 1100 ε,
3438 1045 3497 1092 et
3523 1038 3607 1091 sic
3633 1050 3782 1092 sem-

2186 1136 2283 1192 per
2313 1122 2587 1190 procedet.
2619 1124 2676 1179 Si
2709 1138 2837 1180 vero
2870 1124 3107 1195 indigeat
3139 1135 3445 1183 monstrare
3468 1128 3615 1197 quod
3657 1129 3692 1181 Δ
3725 1130 3781 1183 in

2188 1229 2216 1267 ο
2244 1227 2350 1269 non
2382 1213 2475 1282 sit,
2512 1230 2579 1270 eo
2608 1216 2749 1286 quod
2780 1226 2863 1270 est
2887 1232 2915 1270 ε
2945 1217 2997 1270 in
3027 1216 3062 1269 ά
3081 1218 3299 1288 quidem
3329 1219 3505 1285 omni,
3535 1221 3589 1273 in
3617 1236 3647 1274 ε
3681 1234 3782 1272 au-

2188 1312 2299 1361 tem
2327 1306 2497 1372 nullo,
2526 1315 2619 1361 aut
2645 1321 2751 1362 non
2783 1306 2837 1361 in
2864 1306 3033 1373 omni,
3063 1324 3093 1362 ε
3124 1324 3395 1378 nunquam
3423 1319 3577 1363 extra
3607 1309 3777 1373 cadit,

2189 1395 2292 1452 hoc
2318 1405 2495 1453 autem
2532 1409 2633 1463 est,
2674 1397 2761 1453 cui
2801 1412 2908 1453 non
2935 1408 3149 1468 oportet
3181 1400 3382 1457 inesse.
3406 1399 3463 1453 ln
3492 1406 3653 1455 tertio
3679 1413 3781 1453 au-

2193 1504 2299 1551 tem
2332 1495 2516 1565 modo,
2545 1509 2720 1566 neque
2747 1511 2777 1550 a
2799 1511 2906 1566 quo
2933 1507 3167 1567 oportet,
3198 1512 3371 1570 neque
3395 1497 3539 1569 quod
3562 1504 3782 1568 oportet

2190 1587 2412 1659 privari,
2445 1602 2778 1659 nequaquam
2807 1597 2959 1644 extra
2989 1588 3107 1645 ibit.

2786 1726 3011 1785 CAPUT
3069 1727 3187 1783 XX.

2296 1815 2450 1886 Quod
2493 1816 2859 1874 demonstratio
2915 1820 3213 1876 animantis
3268 1823 3596 1893 prcstantior
3614 1822 3679 1876 sit

2808 1893 3127 1973 particulari.

2263 2024 2396 2081 Cum
2434 2034 2609 2083 autem
2638 2027 2709 2082 sit
2736 2028 2913 2085 omnis
2947 2027 3355 2096 demonstratio,
3411 2029 3516 2083 alia
3561 2030 3778 2097 quidem

2194 2115 2535 2183 universalis,
2580 2117 2684 2173 alia
2715 2133 2842 2174 vero
2898 2120 3257 2191 particularis,
3305 2128 3359 2175 et
3397 2119 3517 2175 hac
3563 2121 3779 2191 quidem

2194 2211 2549 2279 catliegorica,
2596 2210 2686 2267 illa
2737 2226 2866 2268 vero
2911 2214 3193 2283 privativa,
3240 2212 3576 2269 dubitabitur
3614 2216 3783 2285 qualis

2195 2304 2372 2372 potior
2396 2304 2485 2367 sit,
2515 2304 2764 2361 similiter
2784 2313 2960 2363 autem
2975 2318 3030 2364 et
3056 2308 3124 2364 de
3148 2324 3233 2374 ea,
3263 2324 3384 2377 quae
3412 2309 3785 2367 demonstrare

2195 2392 2407 2458 dicitur,
2435 2404 2490 2450 et
2532 2395 2820 2452 deducenti
2846 2398 2912 2453 ad
2952 2397 3281 2467 impossibile
3303 2398 3783 2457 demonstratione.

2198 2484 2435 2540 Primum
2463 2487 2678 2557 quidem
2721 2488 2884 2560 igitur
2913 2489 3255 2546 intendamus
3304 2490 3372 2546 de
3415 2492 3705 2546 universali
3734 2501 3788 2547 et

2197 2580 2532 2650 particulari.
2588 2581 2948 2639 Ostendentes
2994 2594 3175 2639 autem
3220 2583 3344 2650 hoc,
3390 2593 3445 2640 et
3473 2584 3544 2639 de
3576 2599 3645 2640 ea
3671 2600 3788 2655 qua

2200 2671 2578 2729 demonstrare
2608 2675 2823 2739 dicitur,
2853 2683 2909 2729 et
2934 2691 3055 2745 quae
3083 2684 3167 2731 est
3214 2674 3281 2729 ad
3328 2676 3683 2746 impossibile,
3711 2676 3789 2731 di-
3888 2656 3889 2659 η

2202 2779 2410 2820 cemus.
2457 2764 2739 2821 Videbitur
2770 2766 2929 2837 igitur
2966 2766 3207 2822 fortassis
3258 2767 3442 2836 utique
3467 2766 3788 2837 quibusdam

2199 2856 2720 2939 sicintendemibus,
2772 2858 2916 2928 quod
2962 2858 3303 2930 particularis
3343 2867 3428 2914 est
3483 2860 3689 2929 potior,
3743 2858 3790 2914 si

2201 2930 2341 3001 enim
2366 2946 2660 3002 secundum
2700 2962 2859 3018 quam
2909 2950 3079 3020 magis
3130 2949 3332 3006 scimus
3376 2950 3791 3006 demonstratio-

2202 3052 2349 3105 nem,
2384 3039 2561 3108 potior
2586 3039 2975 3096 demonstratio
3002 3054 3103 3110 est,
3149 3042 3265 3098 hac
3292 3042 3436 3097 enim
3477 3041 3651 3096 virtus
3703 3040 3792 3097 de-

2125 3162 2172 3225 ο
2204 3130 2619 3225 monstratiouis.
2672 3130 2837 3203 Magis
2884 3140 3061 3186 autem
3108 3132 3306 3188 scimus
3374 3131 3794 3203 unumquodque

2204 3235 2326 3276 cum
2357 3221 2532 3290 ipsum
2557 3223 2939 3291 cdgnoscimus
2961 3222 3254 3278 secundum
3287 3223 3485 3293 ipsum,
3514 3238 3681 3294 quam
3710 3237 3793 3278 se-

2202 3312 2436 3368 cundum
2464 3312 2627 3381 aliud,
2658 3323 2717 3369 ut
2737 3314 2998 3371 musicum
3025 3314 3325 3379 Coriscum,
3355 3315 3573 3384 quando
3589 3330 3791 3385 cogno-

2202 3418 2413 3460 scemus
2440 3405 2582 3475 quod
2611 3404 2863 3462 Coriscus
2894 3408 3128 3463 musicus
3147 3416 3253 3472 est,
3278 3420 3437 3476 quam
3462 3406 3607 3477 quod
3633 3406 3792 3462 homo

2204 3495 2437 3553 musicus
2463 3498 2552 3552 sit.
2583 3483 2843 3555 Similiter
2870 3506 3049 3553 autem
3080 3505 3137 3553 et
3160 3497 3217 3553 in
3240 3496 3385 3552 aliis.
3426 3496 3531 3553 Sed
3575 3496 3791 3553 univer-

2203 3588 2331 3643 salis
2361 3589 2610 3660 quoniam
2634 3590 2801 3655 aliud,
2831 3605 2938 3646 non
2964 3589 3215 3660 quoniam
3244 3590 3417 3659 ipsum
3448 3587 3681 3644 fortasse
3705 3589 3793 3644 de-

2205 3690 2491 3747 monstrat,
2526 3690 2583 3736 ut
2614 3681 2865 3752 quoniam
2917 3680 3173 3737 isosceles
3218 3679 3383 3736 habet
3427 3690 3537 3734 tres
3573 3680 3793 3750 angulos

2205 3774 2447 3842 aequales
2476 3773 2685 3829 duobus
2707 3775 2889 3839 rectis,
2922 3789 3029 3829 non
3068 3771 3320 3842 quoniam
3370 3773 3652 3838 isosceles,
3702 3770 3791 3826 sed

2209 3865 2459 3935 quoniam
2492 3864 2806 3934 triangulus,
2846 3864 2938 3920 sed
2969 3864 3309 3935 particularis
3337 3864 3591 3932 quoniam
3620 3863 3793 3931 ipsum

2206 3965 2321 4021 est;
2363 3956 2407 4009 si
2461 3955 2619 4025 igitur
2640 3955 2817 4025 potior
2861 3964 2944 4009 est
2990 3969 3109 4023 qua:
3141 3962 3225 4009 est
3265 3951 3565 4008 secundum
3596 3952 3792 4021 ipsum,

2208 4043 2512 4114 liujusmodi
2536 4053 2712 4099 autem
2737 4052 2819 4099 est
2838 4042 3191 4111 particularis,
3214 4051 3268 4098 et
3288 4042 3579 4096 universali
3604 4042 3794 4112 magis,

2206 4142 2258 4189 et
2279 4135 2455 4203 potior
2478 4134 2659 4204 utique
2692 4132 2984 4189 secundum
3010 4141 3214 4201 partem
3248 4131 3640 4187 demonstratio
3672 4131 3794 4186 erit.

2279 4224 2541 4292 Amplius,
2569 4224 2614 4278 si
2637 4222 2937 4278 universale
2957 4221 3170 4292 quidem
3197 4237 3300 4277 non
3320 4230 3404 4278 est
3429 4220 3630 4292 aliquid
3660 4236 3795 4291 prae-

2209 4321 2291 4368 ter
2318 4313 2627 4382 singularia,
2661 4311 3051 4368 demonstratio
3100 4320 3279 4368 autem
3318 4313 3629 4383 opinionem
3670 4328 3799 4369 con-

2213 4405 2461 4460 licitesse
2491 4405 2688 4474 aliquid
2739 4406 2840 4461 hoc
2885 4404 2952 4460 de
2980 4420 3086 4474 quo
3135 4405 3495 4473 demonstrat,
3524 4415 3582 4461 et
3608 4421 3798 4475 quam-

2214 4499 2335 4554 dam
2363 4509 2610 4554 naturam
2639 4514 2761 4554 esse
2786 4499 2921 4553 hanc
2946 4499 3002 4553 in
3050 4497 3115 4554 iis
3139 4512 3262 4568 quae
3284 4507 3409 4554 sunt
3438 4498 3518 4569 (ut
3550 4499 3801 4569 trianguli

2217 4602 2414 4664 praeter
2439 4591 2718 4662 quosdam,
2768 4588 2821 4647 ei
2850 4590 3031 4662 ﬁgurae
3062 4600 3258 4661 praeter
3284 4591 3566 4662 quasdam,
3614 4602 3671 4647 et
3699 4608 3800 4648 nu-

2217 4684 2349 4740 meri
2396 4692 2589 4754 praeter
2611 4682 2868 4753 quosdam
2916 4683 3245 4752 numeros),
3276 4681 3451 4752 potior
3498 4691 3683 4737 autem
3724 4690 3803 4737 est

2216 4793 2333 4849 qua:
2379 4776 2564 4832 estde
2618 4791 2738 4832 esse
2779 4791 2937 4848 quam
2985 4776 3051 4832 de
3104 4792 3212 4831 non
3266 4790 3417 4846 esse,
3473 4783 3525 4830 et
3585 4786 3803 4846 propter

2216 4884 2372 4940 quam
2404 4883 2508 4924 non
2551 4867 2846 4933 errabitur,
2912 4883 3068 4937 quam
3099 4875 3329 4938 ‘propter
3386 4881 3544 4937 quam
3598 4866 3803 4921 errabi-

2217 4968 2343 5025 tur;
2393 4968 2479 5016 est
2527 4969 2706 5015 autem
2749 4959 3062 5015 universalis
3132 4956 3437 5029 bujusmodi
3483 4956 3802 5028 (procedew

2215 5063 2295 5110 tes
2328 5055 2502 5126 [enim
2564 5054 2937 5111 demonstrant
2993 5052 3293 5109 universale
3348 5052 3800 5123 quemadmodum

2220 5149 2287 5205 de
2314 5166 2378 5207 eo
2406 5152 2546 5221 quod
2572 5159 2653 5205 est
2682 5148 3081 5220 proportionale
3122 5155 3177 5201 ut
3226 5144 3367 5216 quod
3416 5144 3489 5201 sit
3542 5145 3672 5211 tale,
3702 5146 3800 5200 erit

2218 5246 2620 5315 proportionale
2661 5243 2800 5315 quod
2852 5256 3025 5311 neque
3070 5240 3234 5307 linea,
3288 5252 3463 5308 neque
3518 5252 3794 5299 numerus,

2222 5351 2393 5405 neque
2439 5335 2693 5401 solidum,
2727 5348 2898 5404 neque
2929 5334 3148 5403 planum
3181 5340 3283 5398 est,
3314 5330 3407 5385 sed
3437 5338 3636 5399 praeter
3683 5330 3791 5383 hac

2227 5423 2477 5493 aliquid),
2514 5424 2559 5477 si
2589 5423 2747 5493 igitur
2774 5422 3091 5478 universalis
3120 5419 3290 5490 magis
3311 5419 3424 5474 haec
3444 5428 3544 5482 est,
3565 5427 3622 5474 et
3643 5417 3709 5473 de
3736 5431 3796 5472 eo

2221 5515 2437 5584 quidem
2480 5514 2622 5583 quod
2666 5522 2749 5569 est
2778 5514 2983 5581 minus,
3025 5512 3346 5569 universalis
3374 5527 3532 5583 quam
3563 5512 3794 5583 particu-

2223 5607 2369 5673 laris,
2403 5614 2460 5660 et
2491 5605 2617 5661 fecit
2645 5607 2951 5677 opinionem
2977 5606 3186 5672 falsam,
3208 5604 3472 5674 indignior
3496 5604 3677 5671 utique
3702 5602 3795 5657 erit

2222 5697 2542 5753 universalis
2568 5697 2901 5768 particulari.
2932 5696 2999 5752 Et
3020 5678 3253 5766 primum
3283 5694 3501 5766 quidem
3529 5695 3661 5749 nihil
3689 5709 3795 5747 mh

2226 5789 2307 5861 gis
2339 5789 2395 5850 in
2430 5789 2722 5851 universali
2752 5803 2913 5865 quam
2929 5790 2984 5851 in
3013 5786 3323 5863 particulari
3348 5788 3515 5869 altera
3540 5786 3678 5848 ratio
3697 5794 3793 5859 est.
