4056 6330
253 366 354 420 137

815 352 1298 415 POSTBRIORUM
1337 353 1880 449 ANALYTlCORUM
1919 354 2372 417 ARISTOTELIS
2430 361 3003 422 INTERPRETATIO.

2441 241 2630 286 οδε.

3438 370 3544 429 738

252 480 299 535 si
329 477 472 533 enim
503 473 644 545 quod
673 471 883 528 duobus
910 471 1072 526 rectis
1101 470 1256 534 inest,
1302 483 1407 523 non
1439 477 1522 523 est
1551 467 1846 523 secundum
1876 471 1931 534 Α
1953 476 2036 523 εει
2068 468 2477 537 demonstratio,
2511 475 2672 529 simul
2703 477 2842 530 enim
2870 476 3037 545 magis
3067 475 3130 531 ad
3161 478 3359 549 aliquid
3387 493 3536 550 sunt,

259 567 403 639 quod
461 576 542 621 est
597 565 874 627 isosceles,
908 562 1002 616 sed
1057 559 1351 616 secundum
1385 559 1524 629 quod
1558 558 1850 630 triangulus

256 673 359 726 est.
386 673 720 725 cognoscens
758 656 1009 727 quoniam
1038 656 1292 709 isosceles
1308 655 1466 709 habet
1487 664 1596 734 tres
1624 654 1850 723 iuquan-

256 765 366 811 tum
397 754 570 820 ipsum
619 762 721 816 εει,
759 749 933 804 minus
973 749 1223 819 cognovit
1250 765 1410 819 quam
1449 763 1843 820 cognoscensa,

257 849 511 917 quoniam
545 845 843 914 triangulus
881 854 985 908 est,
1035 851 1088 897 ει
1130 845 1350 900 omnino
1388 843 1432 899 si
1493 859 1600 898 non
1633 844 1848 913 quidem

255 939 556 996 secundum
587 939 726 1008 quod
752 939 823 991 sit
857 934 1173 1003 triangulus,
1226 945 1280 991 et
1324 943 1508 1006 postea
1562 947 1847 1002 monstrat,

257 1046 366 1088 non
396 1031 497 1085 erit
524 1033 707 1098 utique
736 1027 1154 1092 demonstratio;
1188 1028 1231 1082 si
1259 1042 1387 1083 vero
1415 1028 1484 1082 sit
1512 1042 1850 1098 cognoscens

257 1121 680 1192 unumquodque
734 1121 1039 1176 secundum
1089 1121 1229 1191 quod
1276 1120 1697 1191 unumquodque
1746 1130 1849 1186 est,

258 1213 426 1283 magis
451 1213 722 1282 cognovit,
778 1213 822 1267 si
866 1213 1026 1282 igitur
1069 1213 1364 1284 triangulus
1397 1213 1450 1267 in
1495 1213 1612 1284 plus
1643 1224 1748 1279 est,
1800 1225 1853 1269 ct

257 1304 446 1360 eadem
477 1304 636 1369 ratio,
665 1312 720 1358 et
746 1285 851 1358 non
896 1305 1192 1359 secundum
1242 1305 1722 1375 tequivocationem
1757 1308 1854 1361 tri-

256 1396 484 1466 angulus
512 1404 614 1460 est,
643 1403 699 1450 et
727 1395 866 1451 inest
885 1395 1034 1450 omni
1065 1395 1336 1465 triangulo
1367 1396 1510 1466 quod
1533 1404 1616 1450 est
1640 1396 1852 1451 duobus

257 1488 422 1542 rectis
454 1485 689 1556 aequales
727 1486 956 1555 habens,
984 1503 1089 1542 non
1123 1490 1307 1558 utique
1337 1498 1419 1543 est
1451 1489 1742 1560 triangulus
1775 1491 1854 1544 in-

256 1586 517 1644 quantum
568 1576 844 1640 isosceles,
891 1578 988 1632 sed
1045 1578 1300 1633 isosceles
1358 1579 1657 1634 secundum
1709 1581 1852 1650 quod

258 1665 562 1730 triangulus
585 1667 889 1736 hujusmodi
924 1668 1085 1723 habet
1116 1679 1223 1724 tres
1255 1672 1498 1741 angulos.
1522 1672 1700 1738 Quare
1736 1673 1854 1726 uni-

255 1757 537 1813 versaliter
556 1759 725 1815 sciens
749 1762 916 1831 magis
946 1762 1193 1829 cognovit
1229 1763 1527 1818 secundum
1559 1765 1700 1833 quod
1734 1775 1846 1831 est,

1955 563 2166 633 dignior
2207 564 2366 633 igitur
2417 568 2734 622 universalis
2791 579 2891 635 est,
2937 571 3186 640 quoniam
3241 573 3456 643 quidem
3488 585 3544 632 et

1956 655 2127 723 magis
2171 655 2556 713 demonstratio
2587 669 2687 714 est.

2029 750 2297 818 Amplius,
2341 753 2383 805 si
2428 756 2596 824 magis
2655 754 2897 827 eligenda
2928 769 3008 814 ost
3038 765 3328 820 secundum
3363 770 3543 836 quam

1957 840 2061 895 hoc
2091 850 2146 896 et
2174 841 2338 906 aliud,
2370 859 2527 912 quam
2577 850 2873 904 secundum
2906 869 3063 920 quam
3113 857 3214 912 hoc
3253 859 3424 912 solum
3454 876 3545 914 co-

1959 934 2164 1001 gnovit,
2191 935 2493 991 universale
2541 949 2719 994 autem
2751 941 2972 1009 habens,
3024 949 3273 1017 cognovit
3312 954 3546 1020 particu-

1960 1025 2090 1091 lare,
2120 1026 2220 1082 hoc
2252 1038 2453 1096 autem,
2487 1031 2794 1088 universale
2825 1051 2930 1090 non
2960 1039 3134 1107 scivit,
3183 1059 3345 1111 quare
3387 1056 3442 1100 et
3467 1048 3545 1103 sic

1958 1117 2142 1188 utique
2175 1120 2346 1191 magis
2373 1120 2618 1192 eligenda
2647 1127 2751 1180 erit
2799 1129 3138 1185 universalis.
3164 1133 3410 1206 Amplius
3451 1155 3545 1194 au-

1957 1217 2066 1265 tem
2096 1221 2149 1266 et
2176 1213 2272 1268 sic.
2305 1215 2618 1272 Universale
2645 1219 2786 1274 enim
2819 1224 2987 1292 magis
3018 1227 3156 1282 scire
3184 1239 3267 1284 cst
3305 1247 3368 1285 eo
3398 1234 3542 1303 quod

1957 1313 2039 1358 est
2067 1319 2163 1373 per
2191 1307 2425 1362 medium
2457 1309 2853 1379 demonstrare,
2898 1330 3017 1370 cum
3051 1318 3269 1389 propius
3297 1325 3361 1378 sit
3395 1328 3544 1393 prin-

1955 1394 2119 1464 cipio,
2154 1399 2399 1473 proxime
2444 1411 2622 1456 autem
2675 1403 3048 1463 immediatum
3095 1421 3196 1477 est,
3227 1413 3328 1470 hoc
3365 1428 3542 1474 autem

1957 1493 2041 1540 est
2069 1488 2411 1558 principium.
2439 1491 2492 1548 Si
2531 1493 2693 1562 igitur
2714 1510 2834 1566 quae
2855 1513 2920 1552 ex
2947 1501 3213 1570 principio
3238 1516 3317 1560 est
3340 1523 3402 1562 ea
3429 1525 3545 1579 quai

1958 1594 2064 1632 non
2103 1595 2168 1634 ex
2209 1583 2495 1654 principio,
2527 1584 2648 1656 qua:
2676 1589 2845 1659 magis
2889 1606 2956 1646 ex
3009 1594 3270 1666 principio
3309 1615 3370 1654 ea
3427 1617 3546 1672 quas

1957 1672 2133 1726 minus
2161 1684 2264 1740 est,
2289 1678 2488 1732 certior
2509 1687 2594 1733 est
2616 1679 3026 1753 demonsuatio,
3051 1696 3132 1742 est
3156 1699 3333 1746 autem
3360 1693 3544 1762 hujus-

1956 1763 2098 1817 modi
2132 1766 2449 1823 universalis
2483 1771 2674 1841 magis,
2717 1772 2928 1842 dignior
2957 1779 3142 1847 utique
3180 1781 3283 1837 erit
3322 1787 3544 1841 univer-

254 1867 416 1922 quam
455 1853 871 1922 particulariter,
893 1856 1066 1926 potior
1087 1866 1169 1911 est
1195 1873 1324 1928 ergo
1347 1858 1665 1913 universalis
1686 1873 1843 1928 quam
1879 1866 1927 1926 Β
1955 1857 2112 1930 salis,
2146 1869 2204 1912 ut
2233 1861 2276 1916 si
2302 1871 2516 1931 oportet
2549 1876 2853 1923 monstrare
2875 1886 2907 1924 a
2937 1871 3004 1927 de
3033 1874 3089 1937 ά,
3139 1877 3311 1930 media
3361 1887 3544 1936 autem

255 1945 618 2015 particularis.
681 1948 947 2016 Amplius,
1004 1949 1266 2019 siquidem
1296 1951 1366 2004 sit
1413 1950 1658 2020 quaedam
1711 1954 1846 2005 ratio

254 2052 382 2102 una,
414 2049 468 2093 et
497 2054 604 2093 non
648 2040 1024 2111 :equivocatio,
1056 2043 1359 2098 universale
1402 2044 1508 2098 erit
1558 2045 1741 2113 utique
1774 2043 1846 2097 nil

255 2132 436 2186 minus
461 2132 756 2186 secundum
791 2142 995 2202 partem
1024 2135 1366 2202 quibusdam,
1424 2136 1517 2190 sed
1569 2135 1738 2206 magis
1769 2145 1850 2190 est

256 2222 957 2294 quantoincorruptibiliora
973 2226 1239 2291 su’ntillis,
1267 2236 1528 2298 quazgvero
1551 2228 1848 2283 secundum

257 2324 465 2386 partem
488 2327 612 2371 sunt
639 2319 1008 2388 corruptibilia
1053 2321 1243 2390 magis.
1290 2321 1556 2390 Amplius,
1592 2331 1691 2377 nec
1743 2338 1848 2375 una

258 2415 556 2465 necessitas
581 2420 665 2465 est
693 2413 901 2480 opinari
935 2412 1129 2482 aliquid
1159 2427 1281 2467 esse
1324 2413 1427 2468 hoc
1477 2426 1672 2484 praeter
1704 2414 1847 2482 haec,

261 2504 513 2572 quoniam
545 2503 841 2559 ostendunt
873 2521 1036 2558 unum
1071 2505 1202 2558 nihil
1234 2506 1407 2575 magis
1436 2522 1590 2570 quam
1637 2507 1691 2560 in
1731 2507 1853 2561 aliis

260 2609 596 2665 quaecunque
648 2610 752 2650 non
802 2595 1001 2665 aliquid
1049 2597 1376 2666 signiﬁcant,
1403 2598 1494 2651 sed
1534 2606 1627 2651 aut
1670 2599 1850 2666 quale,

259 2686 350 2741 aut
376 2689 442 2742 ad
473 2688 698 2758 aliquid,
731 2697 823 2742 aut
852 2703 1086 2757 augere;
1111 2688 1156 2742 si
1185 2704 1333 2758 ergo,
1373 2705 1475 2743 non
1519 2689 1855 2743 demonstra-

262 2781 339 2835 tio
371 2794 534 2834 eausa
560 2791 662 2850 est,
696 2780 789 2835 sed
817 2781 1061 2836 audiens.
1096 2783 1363 2851 Amplius,
1421 2783 1467 2838 si
1516 2783 1855 2838 demonstra-

266 2868 342 2923 tio
365 2878 447 2923 est
465 2870 811 2941 syllogismus
838 2871 1296 2928 demonstrativus
1345 2875 1433 2944 qui
1489 2874 1545 2927 ﬁt
1577 2890 1754 2929 causa:
1801 2882 1858 2930 et

263 2972 485 3032 propter
511 2963 677 3032 quod,
714 2964 1015 3020 universale
1040 2966 1206 3036 magis
1230 2981 1414 3034 causa;
1445 2969 1528 3022 cui
1576 2969 1716 3023 enim
1762 2985 1856 3038 per

263 3067 321 3107 se
352 3054 496 3108 ioest
523 3055 744 3125 aliquid,
771 3055 874 3111 hoc
904 3057 1046 3112 idem
1085 3058 1186 3128 ipsi
1208 3073 1365 3114 causa
1398 3071 1512 3116 est:
1547 3061 1855 3117 universale

262 3159 443 3203 autem
470 3148 719 3218 primum,
753 3165 912 3205 causa
943 3167 1073 3221 ergo
1119 3154 1426 3210 universale
1461 3164 1562 3222 est,
1609 3171 1772 3226 quare
1802 3165 1856 3211 et

1955 1948 2062 2004 sint
2087 1950 2140 2005 in
2173 1952 2366 2019 quibus
2392 1965 2475 2010 est
2496 1956 2524 2009 ὁ
2547 1973 2592 2020 c,
2623 1961 2790 2030 magis
2811 1971 2988 2019 autem
3017 1982 3228 2023 sursum
3246 1971 3314 2026 sit
3335 1972 3363 2024 ὁ
3387 1988 3546 2043 quam

1953 2057 2001 2110 c,
2033 2057 2200 2112 quare
2230 2044 2274 2099 si
2327 2062 2422 2115 per
2453 2049 2482 2101 ὁ
2523 2052 2690 2119 magis
2722 2063 2805 2109 est
2840 2057 3191 2128 universalis,
3235 2063 3330 2118 sed
3360 2080 3546 2123 eorum

1954 2150 2074 2202 qua:
2113 2136 2254 2191 dicta
2277 2149 2404 2193 sunt
2434 2143 2680 2210 quaedam
2714 2145 2883 2214 logica
2913 2159 3059 2207 sunt.
3102 2153 3337 2212 Maxime
3364 2169 3546 2216 autem

1955 2227 2302 2283 manifestum
2358 2242 2440 2284 est
2493 2235 2634 2304 quod
2696 2238 3020 2296 universalis
3058 2247 3226 2315 magis
3275 2251 3547 2320 prwcipua

1955 2319 2045 2386 sit,
2095 2321 2345 2389 quoniam
2394 2327 2817 2394 propositionum
2869 2334 3082 2402 quidem
3121 2337 3257 2395 hanc
3309 2319 3548 2411 priorem

1959 2411 2241 2482 habentes,
2273 2417 2472 2471 scimus
2518 2421 2915 2488 quodammodo
2940 2467 2954 2492 ,
3006 2437 3060 2482 et
3109 2435 3456 2499 posteriorem
3494 2447 3550 2496 et

1959 2508 2221 2563 habemus
2266 2511 2505 2578 potentia
2534 2557 2548 2580 ,
2605 2522 2663 2568 ut
2707 2518 2751 2570 si
2801 2520 2993 2590 aliquis
3039 2529 3351 2594 cognoverit
3404 2531 3547 2600 quod

1958 2600 2135 2653 omnis
2181 2601 2480 2671 triangulus
2512 2604 2706 2662 habeat
2735 2618 2842 2664 tres
2871 2613 3079 2670 duobus
3108 2619 3269 2672 rectis
3290 2623 3546 2692 aequales,

1959 2693 2116 2747 scivit
2144 2696 2374 2764 quodam
2410 2698 2570 2753 modo
2602 2709 2655 2755 et
2685 2704 2828 2772 quod
2864 2706 3124 2764 isosceles
3149 2712 3357 2770 duobus
3388 2719 3549 2776 rectis

1962 2785 2193 2851 potentia
2223 2788 2316 2854 sit,
2349 2796 2405 2844 et
2427 2791 2470 2844 si
2496 2806 2600 2846 non
2626 2800 2880 2863 cognovit
2903 2798 3184 2858 isoscelem
3213 2807 3353 2875 quod
3384 2809 3548 2865 trian-

1959 2876 2113 2944 gulus
2139 2877 2228 2941 sit,
2267 2879 2406 2934 hanc
2454 2893 2632 2938 autem
2672 2886 2877 2945 habens
2909 2895 3362 2965 prapositionem,
3401 2903 3548 2958 nullo

1961 2969 2122 3022 modo
2159 2971 2462 3029 universale
2514 2981 2787 3048 cognovit,
2849 2997 3022 3053 neque
3060 2991 3318 3057 potentia,
3376 3008 3549 3064 neque

1959 3071 2107 3116 actu.
2163 3062 2229 3117 Et
2283 3066 2606 3124 universalis
2660 3073 2872 3140 quidem
2922 3076 3269 3149 intelligibilis
3316 3094 3419 3152 est,
3451 3062 3547 3143 sed

1962 3156 2305 3224 particularis
2334 3159 2386 3212 in
2411 3175 2573 3216 sensu
2603 3164 2897 3232 perﬁcitur.
2936 3169 3089 3236 Quod
3130 3173 3290 3243 igitur
3329 3177 3548 3234 univer-

263 3240 653 3300 demonstratio
677 3244 890 3316 dignior
915 3257 1018 3312 est,
1051 3251 1219 3320 magis
1239 3251 1380 3306 enim
1413 3266 1590 3308 causre
1629 3263 1714 3309 est
1735 3255 1854 3310 uni-

1961 3249 2089 3304 salis
2121 3248 2332 3319 dignior
2360 3251 2430 3306 sit
2451 3253 2784 3325 particulari,
2820 3267 2898 3315 tot
2934 3261 3086 3320 nobis
3113 3240 3253 3321 dicta
3275 3266 3402 3324 sint.

263 3335 492 3402 versale,
553 3348 607 3391 et
654 3338 772 3408 ejus
802 3341 947 3410 quod
994 3353 1213 3412 propter
1261 3344 1386 3414 quid
1439 3354 1543 3401 est.
1583 3347 1850 3417 Amplius,

263 3441 433 3498 usque
451 3429 518 3485 ad
545 3429 649 3486 hoc
677 3433 973 3503 quierimus
1011 3448 1229 3506 propter
1280 3439 1430 3508 quid,
1483 3441 1681 3494 etenim
1729 3450 1855 3497 tunc

264 3522 552 3591 opinamur
582 3525 741 3600 scire,
776 3540 898 3581 cum
933 3541 1038 3582 non
1063 3531 1134 3583 sit
1157 3529 1357 3599 aliquid
1380 3529 1522 3586 aliud
1552 3547 1710 3602 quam
1746 3533 1854 3590 hoc

263 3624 356 3669 aut
382 3614 523 3685 quod
552 3616 665 3684 ﬁat,
697 3626 786 3671 aut
816 3619 959 3688 quod
1008 3618 1097 3687 sit,
1133 3622 1254 3675 ﬁnis
1307 3623 1450 3677 enim
1498 3633 1553 3679 et
1595 3626 1856 3682 terminus

263 3707 482 3763 ultimus
507 3708 618 3778 jam
641 3708 721 3765 sic
749 3720 853 3778 est,
883 3719 944 3765 ut
969 3711 1120 3782 cujus
1143 3728 1304 3768 causa
1330 3715 1520 3770 venit?
1547 3724 1605 3770 ut
1630 3717 1857 3786 accipiat

262 3810 561 3871 argentum.
597 3803 709 3858 Hoc
726 3814 905 3860 autem
929 3812 1014 3859 est
1036 3815 1299 3873 quatenus
1323 3807 1515 3862 reddat
1539 3808 1624 3863 cui
1649 3809 1852 3864 debuit.

265 3897 377 3951 lloc
405 3907 580 3952 autem
613 3907 671 3952 ut
696 3898 1014 3970 noninjuste
1034 3913 1176 3970 agat,
1202 3913 1254 3956 et
1269 3902 1349 3956 sic
1362 3903 1714 3969 procedentes
1733 3919 1855 3960 cum

263 4004 369 4043 non
401 3991 470 4043 sit
497 3991 728 4060 amplius
742 4002 958 4062 propter
982 3993 1244 4064 quid,nec
1269 3997 1496 4052 alterius
1522 4011 1702 4062 causa,
1735 4013 1856 4067 pro-

265 4091 384 4150 pter
415 4082 514 4134 hoc
545 4085 685 4135 sicut
709 4094 927 4154 prapter
954 4085 1112 4140 ﬁnem
1140 4086 1372 4144 dicimus
1390 4089 1598 4154 venire,
1630 4098 1684 4143 et
1709 4104 1851 4156 esse,

263 4180 316 4225 et
347 4171 484 4235 ﬁeri,
527 4179 583 4224 et
610 4181 732 4226 tunc
753 4181 835 4227 est
855 4175 993 4229 scire
1023 4178 1253 4232 maxime
1284 4186 1500 4246 propter
1523 4179 1650 4248 quid
1675 4181 1814 4234 venit
1839 4198 1850 4246 ;

262 4263 307 4316 si
346 4261 506 4331 igitur
527 4278 586 4317 se
617 4265 779 4319 liabet
809 4266 1076 4333 similiter,
1109 4279 1162 4324 et
1189 4271 1240 4323 in
1273 4271 1524 4342 omnibus
1554 4273 1755 4340 causis,
1804 4285 1856 4328 et

263 4370 380 4423 quae
408 4366 532 4410 sunt
561 4367 780 4426 propter
802 4359 951 4428 quid,
995 4360 1046 4413 in
1078 4360 1144 4414 iis
1186 4370 1361 4416 autem
1394 4379 1726 4434 quwcunque
1780 4366 1858 4420 sic

264 4459 606 4513 suntcausze,
636 4449 911 4519 sicutquie
933 4461 1016 4504 est
1045 4454 1196 4520 cujus
1227 4467 1388 4508 causa
1412 4455 1490 4510 sic
1525 4457 1724 4511 scimus
1745 4472 1860 4511 ma-

263 4539 426 4603 xime,
460 4549 514 4594 et
537 4542 589 4592 in
621 4540 914 4610 aliisigitur
943 4553 1066 4597 tunc
1101 4545 1335 4600 maxime
1365 4549 1586 4612 scimus,
1613 4563 1733 4603 com
1750 4567 1855 4605 non

263 4632 492 4699 amplius
521 4631 589 4685 sit
622 4630 724 4687 hoc
752 4635 1002 4702 quoniam
1022 4635 1163 4690 aliud
1193 4647 1310 4693 est:
1337 4652 1457 4692 cum
1481 4640 1642 4711 igitur
1659 4655 1856 4711 coguo-
1885 4657 1938 4716 D

263 4727 465 4779 scimus
484 4726 699 4795 quidem
724 4727 865 4796 quod
892 4738 1119 4795 quatuor
1147 4731 1236 4800 qui
1262 4741 1410 4787 extra
1450 4745 1575 4790 sunt
1625 4740 1856 4807 aequales

264 4830 408 4881 sunt,
427 4818 678 4886 quoniam
695 4819 951 4894 isosceles
973 4863 987 4887 ,
1019 4823 1194 4879 adhuc
1210 4825 1361 4881 deest
1380 4831 1736 4900 prOpterquid
1753 4835 1858 4886 iso-

264 4910 468 4962 sceles?
499 4911 618 4980 quia
653 4914 971 4981 triangulus,
999 4925 1052 4968 et
1083 4917 1204 4981 hoc,
1233 4919 1354 4987 quia
1375 4929 1460 4974 est
1502 4921 1668 4990 figura
1699 4925 1857 4979 rectis

265 5001 426 5056 lineis
456 5014 729 5060 contenta.
783 5008 839 5061 Si
869 5020 1050 5064 autem
1091 5013 1194 5065 hoc
1232 5027 1338 5066 non
1370 5014 1604 5083 amplius
1638 5027 1857 5087 propter

265 5095 410 5164 quod
439 5097 601 5165 aliud,
632 5109 756 5153 tunc
789 5102 1026 5176 maxime
1052 5104 1271 5168 scimus,
1306 5107 1612 5162 universale
1650 5119 1730 5163 est
1764 5125 1858 5162 au-

266 5196 378 5242 tem
405 5197 557 5254 tunc,
590 5194 916 5248 universalis
944 5195 1101 5266 igitur
1123 5201 1316 5267 potior.
1347 5200 1591 5269 Amplius
1624 5213 1855 5270 quanto-

266 5295 482 5350 cunque
514 5284 695 5352 utique
735 5286 910 5354 magis
934 5290 1230 5344 secundum
1277 5303 1456 5360 partes
1490 5304 1594 5359 εει,
1646 5294 1697 5348 in
1730 5295 1856 5350 inﬁ-

267 5375 382 5428 nita
407 5374 570 5441 cadit,
591 5376 895 5434 universale
924 5390 1105 5437 autem
1137 5383 1190 5437 in
1221 5385 1474 5454 simplex,
1503 5397 1554 5442 et
1583 5386 1638 5440 in
1667 5388 1850 5454 ﬁnem,

268 5490 392 5532 sunt
415 5486 594 5532 autem
619 5481 915 5536 secundum
945 5483 1087 5554 quod
1122 5485 1325 5541 inﬁnita
1360 5472 1723 5556 non'scibilia,
1760 5491 1854 5546 sed

271 5580 565 5635 secundum
593 5583 736 5652 quod
767 5584 916 5639 ﬁnita
945 5587 1149 5642 scihilia
1172 5599 1315 5652 sunt,
1350 5591 1642 5646 secundum
1672 5595 1857 5664 utique

271 5683 413 5751 quod
459 5683 804 5751 universalia,
861 5689 1031 5760 magis
1075 5689 1282 5744 scihilia
1338 5700 1494 5753 sunt,
1528 5708 1686 5762 quam
1735 5708 1855 5764 quae

271 5790 399 5836 sunt
427 5783 723 5839 secundum
753 5796 957 5856 partem
1011 5789 1469 5874 demonstrabilia,
1513 5807 1643 5863 ergo
1683 5796 1857 5865 magis

272 5886 616 5944 universalia.
646 5888 720 5947 De
739 5894 910 5959 magis
939 5895 1447 5956 demonstrabilibus
1486 5907 1662 5956 autem
1677 5901 1857 5971 magis

2533 3390 2760 3448 CAPUT
2801 3393 2938 3449 XXI.

2033 3477 2184 3544 Quod
2213 3481 2580 3538 demonstratio
2611 3485 2914 3567 aﬂirmotiva
2948 3493 3275 3558 prmtantior
3299 3496 3477 3554 evadat

2637 3568 2889 3627 negatwa.

2031 3685 2184 3753 Quod
2207 3695 2383 3743 autem
2419 3691 2772 3746 monstrativa
2805 3694 3100 3766 sitdignior
3121 3698 3408 3772 privativa,
3428 3705 3549 3764 hinc

1961 3776 2306 3833 manifestum
2337 3789 2442 3845 est,
2485 3782 2554 3836 sit
2584 3784 2726 3837 enim
2761 3785 2877 3842 haec
2919 3787 3307 3849 demonstratio
3344 3795 3550 3867 dignior

1959 3869 2102 3938 (aliis
2128 3870 2332 3926 eisdem
2361 3872 2746 3946 existentibus)
2769 3887 2862 3932 aut
2888 3893 2948 3933 ex
2975 3881 3270 3939 minoribus
3293 3890 3548 3956 quaestio-

1962 3961 2144 4031 nibus,
2175 3973 2266 4019 aut
2290 3966 2769 4036 suppositionibus,
2827 3979 2919 4026 aut
2962 3977 3440 4044 propositionibus.
3495 3983 3549 4040 Si

1961 4056 2103 4110 enim
2157 4066 2296 4111 nota:
2342 4067 2467 4112 sunt
2514 4060 2764 4116 similiter
2802 4063 3041 4120 velocius
3089 4081 3420 4137 cognoscere
3458 4090 3550 4144 per

1962 4146 2076 4202 haec
2105 4148 2227 4214 erit,
2274 4148 2373 4203 hoc
2405 4160 2582 4205 autem
2613 4153 2957 4222 appetibilius
3004 4169 3106 4212 est.
3166 4160 3321 4215 Ratio
3372 4175 3550 4220 autem

1961 4241 2350 4310 propositionis
2367 4244 2506 4311 quod
2537 4245 2730 4299 melior
2759 4249 2828 4301 sit
2870 4263 2938 4302 ex
2978 4248 3302 4321 minoribus,
3335 4257 3551 4313 univer-

1962 4331 2150 4386 saliter
2178 4341 2262 4386 est
2281 4333 2439 4400 sic,si
2469 4335 2610 4389 enim
2634 4339 2893 4408 contingit
2923 4341 3172 4400 similiter
3197 4348 3408 4415 cognita
3431 4365 3552 4407 esse

1963 4423 2177 4490 medim,
2209 4423 2384 4492 priora
2429 4436 2608 4481 autem
2663 4432 2872 4486 notiora
2932 4445 3074 4489 sunt.
3127 4438 3181 4492 Si
3228 4451 3404 4496 autem
3460 4459 3553 4512 per

1964 4517 2141 4571 media
2167 4517 2555 4574 demonstratio
2591 4537 2802 4590 eorum,
2833 4542 2954 4594 quae
2980 4538 3106 4583 sunt
3136 4530 3164 4583 b
3191 4547 3217 4583 c
3237 4534 3426 4604 dquod
3448 4554 3478 4589 α
3503 4539 3552 4592 in

1968 4627 1995 4664 e
2025 4612 2116 4676 sit,
2149 4611 2314 4667 altera
2345 4624 2526 4670 autem
2555 4615 2948 4675 demonstratio
2972 4623 3111 4691 quod
3141 4641 3172 4676 a
3207 4626 3260 4680 in
3306 4629 3340 4680 d
3365 4631 3434 4684 sit
3461 4648 3553 4700 per

1967 4702 1995 4754 b
2022 4702 2318 4759 csimiliter
2341 4703 2504 4775 igitur
2546 4723 2606 4762 se
2636 4707 2794 4764 habet
2819 4710 2919 4766 hoc
2958 4714 3096 4781 quod
3138 4733 3170 4769 a
3214 4717 3266 4772 in
3299 4721 3333 4773 ά
3361 4724 3450 4788 sit,
3501 4732 3554 4778 et

1966 4794 2109 4862 quod
2133 4812 2164 4846 a
2196 4796 2247 4848 in
2278 4813 2304 4850 ε
2327 4797 2418 4862 sit,
2452 4798 2544 4852 sed
2565 4801 2704 4868 quod
2735 4819 2766 4855 a
2798 4804 2848 4857 in
2874 4807 2908 4858 ά
2934 4806 3003 4860 sit
3042 4808 3190 4877 prius
3217 4821 3322 4877 est,
3371 4824 3425 4868 et
3465 4831 3555 4870 co-

1965 4888 2314 4956 gnoscibilius
2357 4905 2516 4959 quam
2561 4893 2702 4962 quod
2745 4912 2777 4947 a
2805 4895 2857 4949 in
2889 4913 2936 4960 e,
2969 4914 3061 4965 per
3094 4906 3194 4956 hoc
3244 4905 3390 4958 enim
3423 4903 3552 4962 illud

1968 4979 2398 5036 demonstratur:
2433 4985 2744 5041 credibilius
2787 4998 2964 5044 autem
2996 5001 3080 5046 est
3127 5009 3221 5062 per
3267 4998 3431 5065 quod.
3491 4999 3556 5054 Et

1971 5087 2091 5140 qua:
2118 5087 2210 5141 per
2240 5074 2490 5142 pauciora
2519 5076 2932 5146 demonstratio,
2978 5085 3156 5151 p0tior
3204 5086 3324 5140 aliis
3350 5088 3552 5146 eisdem

1967 5165 2340 5220 existentibus.
2376 5166 2632 5238 Utraque
2660 5170 2873 5239 quidem
2903 5188 2999 5242 per
3040 5178 3296 5230 terminos
3342 5189 3452 5233 tres
3504 5191 3556 5237 et

1965 5260 2368 5328 propositiones
2394 5260 2876 5330 duasmonstrant,
2911 5266 3006 5320 sed
3043 5267 3158 5321 hac
3187 5269 3399 5337 quidem
3434 5288 3554 5328 esse

1967 5351 2169 5421 aliquid
2203 5353 2419 5423 accipit,
2450 5354 2539 5409 illa
2563 5370 2693 5411 vero
2723 5366 2774 5411 et
2792 5373 2934 5424 esse,
2959 5367 3016 5414 et
3047 5375 3152 5413 non
3182 5375 3301 5414 esse
3327 5363 3547 5434 aliquid.

1965 5443 2068 5499 Per
2101 5445 2253 5513 plura
2281 5446 2482 5516 itaque,
2513 5463 2680 5518 quare
2718 5450 2934 5519 dignior
2965 5459 3064 5505 est.
3098 5451 3340 5521 Amplius
3362 5497 3375 5520 ,
3421 5472 3554 5525 quo-

1967 5538 2108 5591 niam
2133 5548 2410 5592 ostensum
2440 5550 2523 5594 est
2546 5541 2881 5610 impossibile
2909 5557 3003 5610 per
3029 5554 3307 5614 utramque
3337 5547 3555 5617 privati-

1967 5642 2150 5682 varum
2188 5629 2617 5700 propositionum
2646 5631 2759 5686 ﬁeri
2799 5633 3207 5703 syllogismum,
3251 5639 3342 5692 sed
3397 5655 3554 5708 opor-

1962 5728 2084 5775 tere
2117 5722 2333 5792 quidem
2363 5723 2668 5792 hujusmodi
2700 5739 2819 5779 esse
2853 5741 3028 5794 uuam,
3060 5729 3216 5784 aliam
3255 5746 3384 5786 vero
3419 5747 3554 5801 quo-

1967 5812 2110 5867 niam
2139 5823 2240 5867 est.
2262 5814 2530 5884 Amplius,
2566 5825 2757 5883 praeter
2791 5817 2890 5871 hoc
2939 5830 3148 5888 oportet
3195 5831 3246 5877 et
3280 5823 3382 5877 hoc
3411 5825 3554 5880 acci-

1967 5918 2115 5975 pere,
2148 5903 2536 5992 pradicativas.
2561 5906 2702 5961 enim
2727 5921 3064 5982 augmentata
3091 5913 3556 5974 demonstratione
