4112 6332
500 421 605 480 ’ῖῦυ
1728 406 1837 463 ΑΝ.
1877 404 2085 461 MANL.

2196 400 2281 456 IV.
2324 399 2545 457 BOETII
3669 396 3776 452 τ’ᾇῆ

500 550 721 595 necesse
746 531 952 589 οειηιφῖ
976 530 1178 600 plures,
1215 527 1496 597 ρτῑνηιίνας
1513 535 1689 578 autem
1739 521 2069 592 impossibile
2097 523 2146 583 Α
2175 523 2415 582 utrmque
2442 528 2505 567 ex
2540 527 2642 566 non
2673 526 2792 567 esse
2844 511 3042 581 aquuid
3067 555 3082 581 ,
3139 508 3445 574 credibiles,
3494 508 3590 564 sed
3644 509 3775 564 haec

500 630 677 697 plures
701 639 802 679 una
830 625 878 677 iu
899 625 1041 676 omni
1072 622 1383 691 syllogismo
1414 632 1555 673 esse.
1576 616 1650 672 Sit
1675 618 1816 669 enim
1855 616 1904 669 iu
1927 614 2073 668 nullo
2176 607 2390 676 quidem
2429 619 2491 657 ex
2520 606 2708 674 priori,
2742 604 2827 658 illa
2855 610 2982 657 vero
3012 620 3077 658 ex
3132 604 3430 674 pesteriori,
3458 604 3630 670 potior
3658 602 3771 656 uti-

498 694 616 774 e~se
642 737 670 769 (ι
701 718 749 771 in
785 717 976 783 quibus
996 724 1078 769 est
1109 714 1158 779 b,
1191 716 1240 767 iu
1272 730 1298 766 c
1320 723 1495 767 autem
1538 712 1686 766 omni
1714 713 1784 764 sit
1815 710 1866 775 ὁ,
1895 712 1937 763 si
1966 708 2069 779 igi~

2196 714 2280 769 lue
2312 696 2627 765 simpliciter
2654 697 2753 750 erit
2780 712 2839 751 ea
2891 712 3008 767 qlia:
3038 704 3121 751 est
3150 695 3215 750 ad
3241 694 3597 763 impossibile,
3655 694 3772 762 pri~

499 822 583 864 tur
606 823 738 878 opus
778 820 858 861 est
900 822 1088 861 rursus
1128 821 1321 876 augere
1347 815 1603 875 utrasque
1651 790 2069 876 propositiones,
2175 793 2352 846 vativa
2377 790 2783 855 demonstratio,
2817 806 2980 858 quare
3016 800 3070 843 et
3124 791 3222 842 hac
3265 788 3474 859 dignior
3507 788 3773 858 przedica-

497 902 733 956 mcdium
788 898 1131 969 injiciendum
1184 907 1288 963 est,
1335 896 1492 965 hujus
1538 895 1750 967 quidem
1782 911 1814 948 α
1850 894 1879 947 b
1922 893 1990 947 sit
2018 894 2071 959 ά,
2176 885 2303 940 tiva.
2338 883 2674 938 Manifestum
2710 893 2792 937 est
2824 898 2951 953 ergo
2980 882 3119 953 quod
3146 891 3277 936 etea
3305 896 3424 950 quze
3454 890 3537 936 est
3567 879 3633 934 ad
3669 880 3776 932 im-

499 994 591 1048 sed
624 994 650 1046 b
689 1010 715 1045 c
750 993 892 1057 site,
938 1006 967 1043 ο
994 992 1151 1061 igitur
1176 989 1512 1045 manifestum
1545 1000 1627 1053 est
1674 989 2074 1058 praedicativum

498 1100 638 1151 esse,
670 1085 765 1141 sed
799 1085 831 1138 ά
863 1086 929 1140 de
955 1085 982 1138 ὁ
1013 1086 1225 1155 quidem
1261 1084 1682 1155 praedicativum,
1714 1100 1747 1137 a
1790 1092 1968 1137 autem
2008 1080 2076 1137 de

499 1167 533 1232 ά
565 1187 814 1245 tanquam
862 1178 1178 1248 privativum
1214 1179 1465 1247 ponitur:
1498 1177 1531 1229 ά
1576 1176 1719 1231 enim
1760 1175 1827 1229 de
1853 1174 1999 1229 omni
2025 1172 2074 1238 ιι,

498 1271 590 1325 sed
622 1288 652 1324 a
678 1279 889 1340 opertet
919 1270 970 1323 in
1004 1270 1147 1325 nullo
1175 1271 1208 1323 ά
1239 1284 1381 1334 esse,
1410 1270 1621 1347 litergo
1667 1282 1770 1323 una
1817 1267 2076 1337 privativa

497 1354 813 1433 prOpositio.
839 1361 979 1415 Idem
1001 1374 1181 1416 autem
1213 1362 1403 1416 modus
1439 1346 1521 1417 est
1558 1346 1613 1416 et
1649 1361 1703 1415 in
1731 1361 1851 1415 aliis
1909 1359 2076 1429 syllo-

499 1456 701 1524 gismis.
736 1454 962 1523 Semper
1003 1455 1146 1507 enim
1176 1453 1412 1508 medium
1456 1452 1921 1520 praedicativorum
1973 1458 2078 1504 ter-

499 1549 787 1613 miuorum,
822 1547 1220 1616 praedicativum
1246 1549 1296 1600 iu
1327 1558 1552 1616 utraque
1575 1555 1677 1611 est,
1708 1545 1803 1602 sed
1832 1543 2079 1615 privativi

501 1639 552 1693 in
586 1638 752 1692 altera
782 1640 1094 1706 privativum
1127 1652 1347 1693 necesse
1371 1646 1452 1691 est
1478 1651 1616 1701 esse,
1645 1652 1808 1706 quare
1837 1636 1951 1689 haec
1976 1648 2081 1689 una

502 1727 801 1795 hujusmodt
838 1727 892 1781 lit
925 1729 1245 1798 pr0positio,
1272 1729 1392 1783 alite
1432 1743 1561 1782 vero
1593 1727 1974 1797 prmdicativm.
2024 1726 2080 1781 Si

502 1820 659 1890 igitur
688 1819 865 1873 nntius
906 1828 986 1874 est
1032 1835 1125 1887 per
1152 1819 1295 1889 quod
1342 1824 1762 1885 demonstratur,
1807 1827 1860 1891 et
1905 1816 2081 1872 credi-

2178 976 2453 1048 possibile,
2487 979 2661 1045 potior
2690 984 2792 1029 est.

2698 1087 2922 1147 CAPUT
2960 1086 3145 1142 XXIII.

2182 1179 2308 1249 Qua:
2328 1179 2537 1234 scientia
2561 1181 2766 1243 certior,
2798 1194 2914 1250 qua:
2944 1195 3068 1239 una,
3113 1192 3226 1243 qua:
3245 1176 3431 1250 altera,
3466 1186 3512 1231 et
3542 1177 3781 1248 ejusdem

2486 1250 2660 1323 plures
2694 1265 2802 1304 esse
2834 1265 2982 1316 posse
3011 1249 3486 1302 demonstrationes.

2249 1340 2454 1396 Certior
2477 1350 2655 1395 autem
2687 1350 2767 1395 est
2793 1340 3039 1401 scientia,
3066 1339 3287 1394 scientia
3321 1349 3374 1395 et
3422 1340 3586 1408 prior,
3649 1352 3777 1407 quas

2180 1434 2350 1500 ipsius
2404 1433 2527 1502 quia
2578 1442 2632 1486 et
2684 1441 2902 1502 propter
2951 1431 3077 1502 quid
3101 1432 3286 1486 eadem
3318 1439 3589 1500 estquam
3643 1444 3777 1499 non,

2180 1534 2328 1579 extra
2358 1540 2476 1579 eam
2504 1540 2621 1593 qua:
2640 1531 2725 1578 est
2754 1537 2976 1593 propter
2997 1523 3146 1593 quid.
3182 1524 3245 1577 Et
3273 1538 3390 1592 qua:
3419 1537 3525 1575 non
3581 1531 3664 1576 est
3708 1521 3782 1577 de

2182 1615 2442 1685 subjecto,
2504 1630 2564 1670 ea
2614 1626 2841 1685 quaeest
2892 1614 2957 1668 de
2986 1613 3249 1683 subjecto,
3306 1622 3363 1667 ut
3411 1612 3781 1683 arithmetica,

2183 1690 2513 1761 haruionic’a.
2548 1707 2609 1761 Et
2635 1722 2751 1776 qua:
2774 1715 2933 1761 estex
2960 1706 3275 1771 minoribus,
3321 1721 3381 1760 ea
3420 1721 3539 1776 qua:
3562 1720 3632 1761 ex
3679 1722 3779 1776 ap-

2186 1802 2467 1871 positione.
2494 1810 2551 1856 ut
2580 1802 2935 1870 arithmetica,
2977 1801 3306 1869 geometria:
3336 1800 3456 1855 dico
3502 1811 3682 1856 autem
3712 1818 3778 1856 ex

502 1908 675 1973 binus,
729 1910 1131 1964 demonstratur
1187 1920 1364 1963 autem
1418 1910 1673 1975 privativa
1721 1907 1936 1976 quidem
1987 1921 2082 1973 per
2111 1892 2161 1953 B
2186 1898 2477 1957 additione.
2511 1905 2567 1951 ut
2596 1898 2768 1952 unitas
2789 1897 3083 1952 sub~tautia
3100 1905 3183 1953 est
3207 1898 3321 1951 sine
3340 1896 3623 1965 positione,
3643 1913 3783 1967 pnn-

502 2001 914 2070 praadicativam,
944 2000 1059 2055 haec
1097 2010 1270 2055 autem
1299 2014 1394 2069 per
1426 2000 1572 2053 illam
1607 2014 1710 2052 non
1742 1998 2082 2053 demonstra-

502 2101 605 2155 tur,
638 2095 783 2160 prior
832 2104 981 2162 ergo,
1040 2102 1094 2146 et
1142 2094 1341 2156 notior,
1381 2099 1437 2146 et
1483 2090 1799 2145 credibilior
1829 2104 1949 2142 cum
1988 2087 2077 2153 sit,

504 2186 691 2239 melior
723 2188 902 2250 itaque
923 2189 1045 2238 erit.
1087 2185 1356 2255 Amplius,
1381 2185 1424 2238 si
1448 2184 1761 2252 principium
1788 2181 2083 2255 syllogismi

504 2276 795 2345 propositio
839 2276 1155 2330 universalis
1191 2275 1261 2328 sit
1309 2276 1635 2338 immediata,
1684 2282 1767 2328 est
1814 2284 1991 2328 autent
2026 2280 2085 2327 ut

506 2368 556 2421 in
597 2367 942 2422 monstrativa
972 2367 1336 2436 praedicativa,
1369 2372 1418 2421 in
1450 2366 1703 2435 privativa
1736 2375 1936 2431 autem,
1991 2382 2083 2419 ne-

506 2462 681 2528 gativa
714 2458 1007 2528 propositio
1033 2460 1373 2522 universalis,
1417 2458 1737 2511 altirniativa
1780 2467 1957 2512 autem
1987 2473 2085 2511 ne-

510 2552 685 2622 gativa
710 2551 872 2621 prior,
907 2561 964 2607 et
998 2554 1176 2605 notior
1207 2551 1324 2621 (per
1353 2549 1726 2604 afﬁrmativam
1754 2554 1895 2606 enim
1929 2567 2088 2622 nega-

508 2648 615 2701 riva
652 2648 802 2715 nota)
851 2652 903 2699 et
948 2646 1094 2713 prior
1135 2646 1453 2699 alﬁrmativa
1486 2656 1588 2709 est,
1633 2646 1771 2699 sicut
1795 2660 1914 2700 esse
1945 2646 2089 2714 prius

508 2748 587 2793 est
610 2752 711 2790 non
743 2751 882 2792 esse.
929 2737 1107 2804 Quare
1155 2737 1331 2807 petius
1362 2746 1445 2789 est
1474 2736 1793 2807 principium
1825 2745 2091 2791 monstra-

511 2831 628 2883 tiva:
662 2843 821 2898 quam
853 2827 1146 2896 privativa,
1198 2826 1530 2897 dignioribus
1583 2838 1763 2882 autem
1807 2827 2090 2896 principiis

513 2922 672 2973 mitur
710 2919 941 2988 dignior.
999 2919 1188 2972 Adhuc
1237 2919 1589 2988 principalior
1624 2928 1726 2985 est,
1766 2917 1884 2973 sine
1942 2919 2088 2973 enim

514 3012 851 3063 monstrativa
903 3026 1007 3063 non
1036 3022 1118 3063 est
1147 3009 1426 3079 privativa.
1448 3007 1599 3073 Quod
1632 3009 1846 3076 quidem
1897 3007 2095 3078 pra:di-

516 3102 699 3168 tutiva,
728 3101 985 3170 privativa
1006 3102 1216 3171 dignior
1240 3101 1330 3166 sit,
1372 3100 1713 3155 manifestum
1746 3110 1848 3155 est.

1092 3235 1319 3299 CAPUT
1350 3236 1516 3295 XXII.

518 3328 1005 3402 Demonstrationem
1049 3330 1354 3402 ostensiuam
1423 3330 1671 3397 potiorem
1719 3345 1825 3384 esse
1867 3346 1926 3384 ea
1978 3346 2093 3402 quae

974 3401 1113 3454 ducit
1143 3402 1210 3453 ad
1231 3400 1625 3455 incommodum.

584 3492 735 3548 Btad
781 3486 1116 3563 impossibile
1165 3494 1410 3562 ducente,
1460 3504 1673 3565 oportet
1723 3504 1901 3551 autem
1954 3496 2096 3553 seire

515 3601 632 3658 quae
654 3586 948 3644 diﬂerentia
973 3588 1044 3642 sit
1070 3588 1325 3658 ipsarum.
1346 3587 1404 3645 Si
1440 3589 1598 3659 igitur
1622 3606 1653 3643 a
1683 3589 1737 3644 in
1782 3591 1930 3644 nullo
1960 3590 2009 3656 ὸ,
2043 3591 2094 3643 in
2148 3624 2156 3630 -

513 3696 541 3735 α
566 3692 743 3739 autem
770 3681 917 3738 οιυηί
935 3681 987 3747 ιι,
1010 3694 1233 3739 necesse
1287 3690 1369 3737 est
1414 3684 1467 3737 in
1514 3682 1661 3738 nullo
1701 3698 1730 3737 ο
1773 3698 1897 3737 esse
1920 3700 1989 3751 a;
2023 3684 2099 3738 sic

514 3774 674 3844 igitur
697 3776 953 3845 acceptis,
999 3776 1279 3830 ostensiva
1331 3775 1592 3844 privativa
1626 3778 1730 3831 erit
1758 3776 2099 3833 demonstra-

514 3864 610 3929 tio,
642 3865 939 3933 quoniams
963 3866 1015 3921 in
1036 3881 1063 3919 ο
1099 3879 1203 3920 non
1234 3866 1355 3920 erit.
1378 3867 1510 3933 Quae
1535 3882 1664 3923 vero
1688 3870 1865 3924 estad
1896 3869 2103 3937 impos-
2142 3936 2157 3945 ι

514 3953 668 4010 sibile
693 3954 771 4009 sic
791 3967 851 4010 se
877 3952 1059 4017 habet,
1086 3955 1132 4009 si
1154 3968 1289 4023 opus
1328 3963 1413 4009 est
1464 3956 1833 4013 demonstrare
1880 3958 2021 4029 quod
2069 3976 2103 4015 α

515 4045 571 4100 in
600 4045 628 4099 b
660 4061 765 4100 non
780 4047 869 4113 sit,
899 4046 1270 4114 accipiendum
1288 4056 1370 4102 est
1404 4063 1439 4101 ι
1460 4064 1582 4104 esse
1614 4051 1743 4115 in-b,
1772 4062 1827 4107 et
1855 4053 1885 4105 b
1944 4054 1997 4107 in
2049 4068 2099 4120 ε,

515 4154 678 4209 quare
703 4140 896 4201 accidit
942 4156 975 4201 α
1004 4140 1057 4196 in
1100 4157 1128 4195 c
1175 4155 1315 4197 esse.
1341 4141 1453 4197 Hoc
1474 4152 1657 4199 autem
1694 4146 1738 4200 si
1782 4158 1990 4217 notum,
2048 4158 2104 4205 et

514 4244 824 4287 concessum
863 4232 1004 4302 quod
1052 4232 1225 4303 ipsum
1272 4242 1357 4289 est
1405 4234 1737 4304 impossibile
1789 4251 1934 4304 esse,
1994 4254 2101 4295 non

514 4326 671 4396 igitur
698 4324 950 4394 possibile
984 4336 1068 4382 est
1090 4342 1124 4379 α
1152 4325 1204 4381 in
1222 4326 1251 4381 ό
1272 4339 1412 4383 esse.
1449 4328 1505 4384 Si
1528 4343 1658 4399 ergo
1681 4330 1710 4385 ὁ
1741 4330 1794 4385 in
1817 4347 1847 4386 c
1884 4346 2106 4388 concesv

513 4432 631 4474 Sum
662 4426 744 4473 est
766 4416 963 4481 inesse,
986 4436 1017 4471 a
1046 4417 1101 4473 in
1129 4419 1159 4472 ὁ
1199 4408 1537 4490 impossibile
1578 4431 1664 4477 est
1704 4437 1849 4490 esse,
1890 4425 2103 4480 termini

513 4510 674 4580 igitur
699 4510 943 4565 similiter
969 4511 1305 4567 ordinantur.
1332 4512 1520 4569 Diﬂ‘ert
1548 4523 1727 4568 autem
1754 4529 1878 4583 quo,
1926 4519 2103 4586 qualis

2185 2000 2329 2044 etin
2353 2001 2528 2044 autem
2548 1990 2846 2043 substantia
2867 1990 3060 2060 posita,
3093 1990 3194 2044 boc
3247 1998 3427 2043 autem
3452 1984 3523 2044 ex
3556 1992 3780 2059 apposi-

2186 2084 2349 2137 tione.
2384 2080 2497 2141 Una
2526 2089 2701 2135 autem
2745 2082 2969 2135 scientia
2995 2088 3094 2144 est,
3124 2097 3243 2152 qu:e
3290 2089 3374 2135 est
3415 2080 3575 2135 unius
3617 2092 3784 2157 gene-

2187 2175 2283 2242 ris,
2314 2189 2383 2240 qu
2402 2188 2644 2238 rcunque
2672 2188 2736 2227 ex
2765 2173 2951 2243 primis
2986 2174 3345 2242 componitur,
3371 2182 3425 2227 et
3455 2183 3634 2242 partes
3656 2182 3784 2228 sunt

2186 2275 2279 2320 aut
2305 2265 2577 2335 passiones
2608 2264 2818 2329 horum,
2848 2279 2965 2330 qua:
2987 2275 3111 2317 sunt
3156 2279 3250 2332 per
3279 2279 3353 2317 se.
3395 2265 3572 2317 Altera
3597 2274 3781 2317 autem

2188 2354 2410 2408 scientia
2433 2364 2515 2406 est
2542 2354 2610 2407 ab
2638 2354 2827 2421 altera,
2853 2368 3293 2423 quarumcunque
3324 2354 3581 2423 principia
3607 2367 3783 2421 neque

2188 2454 2251 2500 ex
2278 2448 2501 2508 eisdem,
2530 2461 2703 2515 neque
2728 2461 2792 2500 ex
2811 2446 2995 2500 alteris
3025 2456 3171 2501 sunt.
3191 2446 3360 2515 Hujus
3390 2456 3566 2501 autem
3590 2454 3675 2501 est
3702 2447 3784 2501 si-

2191 2552 2371 2605 gnum,
2398 2551 2517 2589 cum
2548 2536 2600 2589 in
2634 2536 3071 2592 demonstrabilia
3104 2538 3338 2599 veniant,
3379 2547 3594 2606 oportet
3637 2538 3783 2593 enim

2192 2628 2248 2682 in
2276 2628 2461 2682 eodem
2504 2643 2702 2695 genere
2730 2643 2851 2683 esse
2879 2644 2998 2683 cum
3036 2630 3100 2683 iis
3147 2645 3266 2699 quae
3320 2629 3783 2701 demonstrantur,

2194 2718 2404 2789 signum
2437 2728 2612 2773 autem
2643 2730 2724 2773 est
2754 2730 2805 2773 et
2836 2718 3015 2788 hujus,
3043 2735 3161 2773 cum
3219 2720 3661 2774 demonstrabilia
3692 2736 3787 2790 per

2194 2810 2308 2879 ipsa
2333 2810 2384 2863 in
2407 2809 2592 2863 eodem
2616 2824 2815 2879 genere
2839 2820 2982 2874 sunt,
3010 2820 3061 2865 et
3092 2812 3351 2878 proxima.
3389 2810 3574 2866 Plures
3605 2820 3787 2870 autem

2193 2901 2679 2958 demonstrationes
2704 2902 2944 2969 ejusdem
2976 2902 3230 2972 possibile
3256 2912 3338 2958 est
3368 2918 3508 2971 esse,
3555 2920 3663 2958 non
3694 2918 3788 2958 so-

2197 2994 2305 3049 lum
2338 3008 2399 3048 ex
2428 2993 2619 3048 eodem
2640 2994 2825 3047 ordine
2847 2993 3139 3063 accipiendi
3171 3010 3274 3047 non
3324 2997 3636 3049 continuum
3669 3009 3788 3049 me-

2197 3084 2344 3141 dium
2370 3085 2451 3157 (ut
2478 3092 2662 3140 eurum
2694 3101 2811 3155 quae
2848 3095 2971 3141 sunt
2997 3103 3029 3139 a
3054 3085 3103 3153 b,
3127 3103 3152 3139 c
3181 3086 3291 3141 etd
3334 3095 3390 3143 et
3416 3087 3486 3159 ε),
3517 3088 3612 3142 sed
3643 3096 3700 3143 et
3723 3103 3790 3147 ex

2195 3177 2385 3243 altero,
2418 3186 2476 3230 ut
2503 3177 2570 3230 sit
2597 3192 2628 3229 a
2657 3178 3021 3239 transmutari,
3052 3177 3105 3230 in
3137 3191 3242 3247 quo
3267 3187 3443 3232 autem
3473 3180 3508 3230 d
3549 3178 3789 3247 moveri,

2118 3268 2175 3332 (ζ’
2197 3268 2291 3322 sed
2315 3268 2480 3325 Imtari
2501 3269 2571 3322 sit
2592 3267 2647 3319 in
2672 3281 2775 3337 quo
2797 3268 2845 3332 ὁ,
2879 3276 2934 3321 et
2964 3268 3157 3321 iterum
3187 3285 3212 3321 e
3239 3269 3538 3336 quiescere,
3595 3284 3789 3325 verum

2198 3360 2358 3429 igitur
2378 3370 2459 3413 cst
2488 3366 2543 3413 et
2571 3358 2605 3410 ά
2626 3358 2692 3412 de
2720 3359 2768 3421 b,
2802 3368 2855 3412 et
2884 3359 2949 3411 de
2981 3356 3016 3409 ά
3059 3358 3360 3427 praedicari,
3414 3358 3601 3413 laetans
3648 3361 3791 3418 enim

2199 3459 2459 3507 movetur.
2494 3458 2547 3502 et
2570 3448 2710 3518 quod
2738 3458 2980 3504 movetur
3008 3457 3412 3511 transmutatur,
3453 3449 3699 3502 itemma
3729 3450 3792 3509 de

2198 3556 2243 3608 ε,
2279 3553 2383 3597 etc
2417 3541 2485 3595 de
2507 3541 2557 3604 b,
2582 3554 2763 3595 verum
2810 3539 3113 3608 praedicari,
3172 3541 3345 3592 omnis
3404 3540 3547 3593 enim
3600 3539 3792 3592 laetans

2198 3634 2446 3703 quiescit,
2477 3642 2533 3687 et
2561 3635 2842 3699 quiescens
2873 3641 3277 3694 tran~mutatnr,
3302 3646 3467 3701 quare
3505 3646 3601 3699 per
3624 3632 3793 3686 altera

2201 3725 2400 3789 media,
2429 3731 2480 3779 et
2506 3738 2609 3778 non
2632 3740 2696 3779 ex
2727 3725 2915 3780 eodem
2947 3722 3140 3779 oriline
3184 3722 3525 3793 syllogismus
3546 3731 3652 3784 est,
3686 3736 3792 3778 non

2202 3825 2379 3870 tamen
2408 3825 2491 3869 est
2517 3825 2766 3869 neutrum
2818 3813 2887 3869 de
2925 3824 3117 3870 neutro
3156 3815 3261 3869 dici
3316 3814 3638 3867 mediorum.
3690 3812 3795 3869 Ne-

2201 3923 2356 3964 cesse
2377 3916 2459 3961 est
2478 3910 2621 3962 enim
2650 3907 2790 3962 idem
2820 3923 2847 3960 θ
2870 3907 3027 3962 alicui
3049 3917 3272 3977 utraque
3291 3907 3488 3971 inesse,
3510 3906 3795 3961 intendere

2203 4009 2379 4054 autem
2417 4009 2502 4055 est
2534 4014 2629 4066 per
2678 3999 2811 4053 alias
2852 4000 3067 4069 ﬁguras,
3128 4006 3259 4069 quot
3306 3997 3477 4054 modis
3531 3997 3797 4068 contingit

2202 4094 2442 4162 ejusdem
2474 4093 2587 4147 ﬁeri
2611 4092 3007 4163 syllogismum.

2801 4223 3026 4279 CAPUT
3063 4223 3253 4280 XXIV.

2290 4315 2413 4370 Non
2442 4332 2549 4371 esse
2574 4319 2838 4371 scientiam
2855 4317 3201 4457 flortuitorum,
3230 4332 3387 4389 neque
3408 4319 3463 4374 in
3487 4334 3729 4375 “meum

2899 4397 3156 4443 unctione.

2899 4397 3156 4443 unctione.

2280 4525 2382 4576 Sed
2406 4522 2523 4592 ejus
2544 4521 2682 4592 quod
2708 4531 2791 4577 est.
2817 4538 2846 4577 a
2898 4523 3108 4579 fortuna
3149 4538 3253 4579 non
3278 4531 3363 4580 est
3416 4522 3643 4578 scientia
3697 4537 3793 4589 per

512 4602 580 4657 sit
603 4602 776 4656 notior
797 4603 1053 4672 privativa
1084 4606 1401 4673 propositio,
1428 4618 1609 4661 utrum
1654 4606 1813 4676 igitur
1833 4608 1959 4676 quia
1988 4624 2020 4661 a
2073 4609 2103 4662 ὸ
2130 4640 2182 4702 D
2207 4611 2740 4668 demonstrationem.
2786 4613 2968 4683 Neque
3011 4615 3153 4670 enim
3210 4618 3345 4670 sicut
3400 4614 3798 4683 necessarium,

512 4710 615 4751 non
644 4696 804 4758 inest,
827 4702 895 4749 an
942 4696 1064 4765 quia
1087 4714 1119 4751 a
1143 4715 1190 4764 α,
1217 4712 1340 4754 cum
1372 4700 1536 4769 igitur
1560 4709 1643 4754 est
1673 4700 1947 4755 conclusio
1997 4717 2099 4757 no-

512 4790 613 4848 tior
636 4790 886 4860 quoniam
913 4804 1020 4845 non
1070 4799 1173 4857 est,
1217 4790 1361 4860 quod
1391 4800 1473 4846 est
1502 4790 1855 4861 impossibile,
1910 4792 1968 4846 tit
2004 4794 2100 4849 de.

510 4882 990 4947 monstratio,£cum
1020 4890 1198 4934 autem
1228 4880 1280 4934 in
1304 4880 1617 4952 syllogismo
1640 4885 1730 4951 sit,
1762 4884 2102 4942 demonstra-

513 4976 617 5028 tiva
638 4981 739 5030 est.
763 4972 956 5029 Natura
982 4983 1159 5027 autem
1192 4973 1340 5041 prior
1366 4984 1470 5040 est,
1503 4990 1624 5045 qua
1644 4987 1727 5031 est
1746 4977 1886 5046 quod
1910 4994 1944 5032 α
1971 4979 2022 5032 in
2068 4979 2099 5033 b

509 5080 615 5125 non
645 5068 737 5127 sit,
767 5080 928 5133 quam
956 5081 989 5119 a
1014 5065 1067 5119 in
1090 5081 1118 5118 ε
1160 5079 1267 5120 non
1286 5065 1376 5130 sit,
1413 5066 1590 5136 priora
1612 5070 1754 5123 enim
1794 5070 2100 5129 conclusio.—

510 5175 575 5215 ne
602 5169 744 5224 sunt,
780 5176 840 5214 vx
880 5159 1073 5229 quibus
1116 5168 1201 5214 est
1227 5160 1520 5226 conclusio,
1543 5172 1626 5216 est
1667 5172 1844 5218 autem
1885 5179 2003 5233 qua:
2020 5172 2107 5219 est

510 5268 541 5305 α
567 5255 618 5305 in
644 5268 670 5304 c
690 5266 794 5306 non
825 5240 967 5317 esse,
992 5249 1286 5316 conclusio,
1314 5268 1346 5305 a
1375 5262 1551 5308 autem
1576 5252 1629 5308 in
1659 5255 1687 5308 b
1716 5270 1778 5310 ex
1808 5256 2000 5327 quibus
2022 5265 2106 5312 est

510 5344 802 5399 concludo.
836 5344 950 5397 Non
990 5343 1210 5401 enimsi
1259 5346 1516 5417 contingit
1566 5350 1829 5404 removeri
1880 5350 2101 5420 aliquid,

512 5434 611 5489 hoc
641 5436 914 5491 conclusio
940 5445 1046 5503 est,
1092 5435 1188 5492 illa
1221 5445 1400 5494 autem
1448 5454 1513 5495 ex
1560 5440 1758 5510 quibus
1809 5451 1955 5508 sunt,
2008 5441 2102 5498 sed

512 5525 615 5582 hoc
627 5526 840 5595 quidem
869 5542 934 5583 ex
962 5543 1069 5598 quo
1092 5529 1432 5601 syllogismus
1457 5541 1561 5602 est,
1582 5532 1767 5603 utique
1802 5533 1881 5589 sic
1921 5549 1981 5588 se
2009 5535 2104 5587 hac

510 5612 619 5679 bet,
649 5626 707 5671 ut
734 5629 823 5671 aut
851 5619 987 5681 sicut
1013 5629 1179 5677 totum
1204 5623 1268 5677 ad
1300 5635 1528 5691 partem,
1577 5633 1668 5678 aut
1693 5632 1750 5679 ut
1778 5639 1902 5693 pars
1926 5624 1993 5679 ad
2018 5634 2103 5681 to-

515 5718 625 5769 tum
664 5722 724 5762 se
750 5707 930 5778 habet,
968 5712 1065 5768 sed
1112 5728 1231 5782 quae
1253 5720 1376 5768 sunt
1402 5731 1434 5769 a
1462 5732 1511 5781 ε,
1543 5726 1600 5771 et
1622 5734 1657 5770 ι
1706 5720 1734 5772 b
1780 5718 2104 5788 propositio-

513 5813 631 5863 nes,
664 5813 768 5855 non
789 5800 867 5853 sic
893 5802 1259 5860 sebabeutad
1285 5806 1530 5862 invicem.
1587 5809 1643 5862 Si
1702 5809 1861 5879 igitur
1903 5825 1968 5866 ex
2014 5810 2099 5876 di-

513 5888 786 5955 lnioribu
833 5899 890 5949 et
916 5883 1372 5954 .credibilioribus
1396 5899 1607 5962 dignior
1636 5910 1740 5965 est,
1773 5912 1897 5958 sunt
1918 5915 2096 5964 autem

2210 4721 2381 4775 neque
2412 4707 2546 4761 sicut
2587 4710 2894 4775 frequenter
2912 4708 3054 4777 quod
3079 4719 3160 4764 est
3181 4723 3213 4765 a
3237 4707 3471 4773 fortuna,
3523 4709 3617 4763 sed
3646 4719 3801 4771 extra

2213 4800 2313 4855 hoc
2340 4800 2420 4865 Iit,
2451 4800 2543 4855 sed
2560 4800 2949 4859 demonstratio
2973 4803 3195 4861 alterius
3215 4802 3429 4861 horum.
3446 4804 3636 4861 Omnis
3657 4806 3802 4864 enim

2210 4891 2551 4962 syllogismus
2602 4902 2695 4949 aut
2744 4909 2838 4963 per
2879 4896 3233 4962 necessarias,
3279 4904 3369 4951 aut
3392 4911 3487 4966 per
3526 4911 3620 4954 eas
3678 4912 3801 4966 qua

2209 4997 2335 5042 sunt
2364 4995 2614 5055 tanquam
2644 4986 2953 5057 frequenter
2978 4990 3399 5058 propositiones,
3446 4998 3500 5045 et
3532 4990 3803 5059 siquidem

2212 5079 2605 5147 propositiones
2627 5081 2945 5137 necessaria:
2984 5089 3130 5142 sunt.
3161 5089 3217 5137 et
3264 5081 3539 5138 conclusio
3586 5083 3687 5136 erit
3711 5096 3802 5138 ne-

2213 5170 2465 5233 cessaria,
2490 5170 2534 5224 si
2560 5184 2690 5229 vero
2710 5171 2817 5225 sint
2853 5170 2992 5227 sicut
3026 5160 3357 5243 frequenter,
3418 5182 3472 5228 et
3524 5174 3799 5230 conclusio

2216 5261 2536 5330 liujusmodi.
2560 5263 2735 5327 Quare
2760 5262 2803 5315 si
2837 5263 2885 5316 id
2913 5262 3053 5332 quod
3075 5273 3157 5318 est
3188 5279 3216 5317 a
3242 5263 3452 5321 fortuna
3497 5280 3671 5334 neque
3721 5272 3804 5325 εει

2213 5353 2351 5408 sient
2370 5352 2695 5423 frequenter,
2725 5370 2899 5424 neque
2944 5356 3329 5422 necessarium,
3388 5373 3562 5421 neque
3614 5356 3805 5426 utiun

2211 5445 2311 5498 erit
2338 5445 2502 5514 ipsius
2523 5446 2926 5503 demonstratio.
2952 5446 3132 5520 quue
3154 5464 3250 5519 per
3279 5463 3503 5505 sensum
3528 5458 3611 5505 est
3631 5452 3801 5519 scire,

2213 5538 2254 5590 si
2288 5539 2426 5591 enim
2453 5545 2535 5592 est
2564 5553 2754 5593 sensus
2778 5541 2897 5595 talis
2922 5540 3100 5612 hujus,
3132 5553 3189 5603 et
3217 5559 3323 5599 non
3357 5544 3513 5615 hujus
3548 5545 3800 5613 alicujus,

2212 5629 2304 5681 sed
2334 5629 2535 5683 sentire
2563 5630 2663 5684 hoc
2694 5630 2887 5700 aliquid
2916 5642 2998 5686 est
3037 5649 3259 5690 necesse
3285 5645 3338 5690 et
3388 5635 3475 5690 ubi
3530 5644 3583 5690 et
3634 5650 3799 5690 uuuc.

2213 5720 2522 5777 Universale
2551 5724 2885 5793 autemquod
2929 5727 3091 5780 estin
3147 5728 3415 5794 omnibus,
3466 5726 3801 5799 impossibile

2210 5822 2291 5866 cst
2315 5814 2533 5877 sentire,
2567 5830 2740 5883 neque
2763 5817 2903 5870 enim
2930 5815 3044 5872 hoc.
3069 5817 3267 5888 aliquid
3298 5827 3400 5885 est,
3434 5834 3607 5899 neque
3630 5834 3800 5889 nunc,

2209 5922 2384 5970 neque
2422 5906 2549 5970 ubi.
2616 5922 2788 5974 neque
2827 5910 2968 5965 enim
3037 5911 3217 5982 utique
3272 5922 3414 5968 esset
3468 5911 3799 5980 universale,
