4056 6330
323 381 419 442 ἨΙ

856 378 1338 441 Posrtzmonuu
1381 368 1939 442 ΑΝΑιγποοιιυιι
1972 380 2425 447 κιιιετυτειιε
2471 376 3049 452 tmenrnei‘mo.

3496 387 3597 458 ΊΞΞ

324 502 469 573 quod
485 501 627 557 enim
654 513 867 570 semper
895 508 997 569 est,
1030 502 1314 572 etubtque,
1351 503 1652 558 universale
1677 502 1906 557 dicimus
1939 506 1987 564 Α
2017 517 2111 571 per
2156 508 2486 564 communia.
2539 511 2780 580 Amplius
2804 555 2817 579 ,
2870 514 3133 585 prinmpm
3162 528 3264 573 nim
3304 527 3471 574 multo
3503 520 3605 576 mi-

324 609 489 661 esse;
546 593 797 663 quoniam
851 593 1011 662 igitur
1051 593 1536 649 demonstrationes
1582 594 1911 649 universales

324 695 467 754 sunt,
496 685 611 743 haec
658 696 837 741 autem
870 699 976 740 non
1028 692 1113 739 est
1164 687 1385 753 sentire,
1440 684 1775 742 manifestum
1831 700 1911 742 εει

325 781 465 853 quod
488 794 659 852 neque
702 780 841 835 scire
867 792 963 849 per
990 792 1207 833 sensum
1264 785 1366 835 est.
1416 777 1529 835 Sed
1570 778 1908 833 manifestum

326 875 575 946 quoniam
631 872 841 929 siesset
860 873 1062 929 sentire
1117 870 1462 942 triangulum,
1509 871 1651 942 quod
1703 873 1913 928 duobus

325 967 486 1021 rectis
515 965 738 1021 haberet
769 963 1005 1033 aequales
1028 962 1279 1033 angulos,
1327 976 1690 1032 qtuereremus
1729 962 1913 1033 utique

326 1060 861 1124 demonstrationem,
889 1066 944 1114 et
973 1070 1101 1123 non,
1128 1055 1267 1112 sicut
1292 1055 1507 1126 quidam
1539 1054 1793 1125 fatentur,
1810 1056 1915 1111 sci-

329 1168 527 1209 remus.
550 1152 760 1207 Sentire
779 1151 923 1206 enim
952 1161 1175 1204 necesse
1225 1156 1307 1202 est
1353 1147 1715 1218 singulariter,
1740 1148 1915 1203 scien-

325 1245 393 1298 lia
424 1254 599 1299 autem
629 1250 711 1298 est
738 1244 789 1295 in
836 1239 1208 1312 cognoscendo
1238 1238 1557 1295 universale.
1595 1236 1748 1295 Unde
1776 1248 1830 1294 et
1867 1240 1914 1295 si

326 1353 489 1406 super
517 1338 693 1391 lunam
712 1349 975 1400 essemus,
994 1344 1049 1389 et
1075 1331 1383 1388 videremus
1400 1331 1664 1403 obiectam
1690 1342 1909 1398 terram,

329 1444 430 1481 non
464 1428 648 1495 utique
700 1426 966 1481 sciremus
1012 1437 1229 1479 causam
1286 1423 1548 1490 defectus,
1593 1422 1916 1479 sentiremus

326 1520 465 1574 enim
492 1520 741 1589 quoniam
773 1516 1051 1583 deﬁceret,
1080 1516 1172 1571 sed
1200 1530 1307 1570 non
1341 1522 1561 1587 propter
1588 1515 1715 1586 quid
1739 1518 1917 1570 omni-

328 1629 414 1678 no,
452 1626 556 1668 non
586 1613 728 1669 enim
755 1611 1091 1678 universalis,
1116 1623 1327 1665 sensus.
1355 1607 1458 1667 Sed
1482 1624 1549 1665 ex
1572 1608 1915 1666 considerare

329 1705 431 1759 hoc
461 1705 729 1759 multoties
749 1703 991 1758 accidere
1026 1701 1327 1756 tmiversale
1356 1712 1633 1768 venantes,
1693 1702 1917 1757 demon-

327 1795 947 1859 atrationemltabembs,
978 1808 1041 1848 ex
1061 1793 1422 1863 singularibus
1472 1795 1615 1849 enim
1671 1794 1914 1862 pluribus

2018 607 2148 648 nora
2178 610 2240 649 su
2285 607 2301 650 t
2342 600 2794 669 conclusionibus,
2823 607 3079 676 principia
3112 610 3251 663 enim
3280 612 3605 680 propositio-

2016 699 2113 740 nes
2139 694 2285 751 sunt,
2323 691 2715 759 propositiones
2748 706 2924 751 autent
2955 701 3213 769 assumpti
3245 703 3481 769 termini,
3511 712 3605 761 aut

2016 776 2241 835 immissi
2270 782 2481 836 termini
2514 794 2654 840 sunt.
2690 787 2879 843 Adhuc
2925 792 3299 850 conclusiones
3321 809 3445 851 sunt
3486 798 3606 852 infi-

2018 868 2142 924 nitae
2165 912 2181 938 ,
2218 872 2426 927 termini
2457 885 2635 931 autem
2670 876 2822 933 finiti.
2861 874 3104 952 Amplius
3131 926 3147 950 ,
3181 886 3439 957 principia
3491 889 3605 945 haec

1984 959 2231 1029 quidem
2271 976 2338 1018 ex
2389 969 2731 1034 necessitate,
2766 966 2853 1024 illa
2900 976 3286 1050 contingentia.
3329 979 3418 1034 Sic
3444 979 3607 1050 igitur

2017 1053 2481 1111 considerantibus
2506 1058 2837 1128 impossibile
2856 1071 2938 1119 est
2960 1066 3145 1122 eadem
3174 1069 3435 1141 principia
3460 1086 3599 1140 esse,

1986 1152 2109 1199 ‘aut
2142 1144 2308 1214 finita,
2356 1163 2476 1203 cum
2526 1151 2747 1207 inlinitte
2784 1166 2909 1209 sunt
2952 1159 3353 1216 conclusiones.
3383 1163 3442 1219 Si
3474 1177 3603 1219 vero

2017 1236 2174 1291 aliter
2209 1238 2605 1309 quodammodo
2658 1243 2801 1299 dicat
2829 1245 2969 1316 quis,
3026 1252 3166 1320 quoii
3224 1252 3339 1308 haec
3384 1254 3601 1325 quidem

2018 1332 2349 1396 geometria,
2399 1332 2490 1388 illa
2536 1349 2667 1390 vero
2698 1348 3065 1408 numerorum,
3102 1341 3190 1397 illa
3221 1355 3399 1402 autem
3432 1348 3603 1404 medic

2018 1420 2173 1487 cinae,
2222 1424 2348 1495 quid
2384 1425 2567 1496 utique
2598 1427 2699 1482 erit
2735 1431 3046 1502 aliudqund
3074 1432 3291 1503 dicitur,
3327 1437 3430 1494 nisi
3458 1441 3601 1510 quod

2018 1519 2143 1566 sunt
2167 1515 2421 1585 principia
2453 1519 2795 1574 scientiarum
2822 1520 3033 1578 diversa
3050 1524 3075 1578 2
3094 1525 3187 1580 sed
3212 1527 3397 1584 eadem
3421 1529 3603 1587 dicere

1992 1604 2218 1661 deris-io
2264 1617 2368 1675 est,
2417 1610 2668 1681 quoniam
2718 1613 2904 1670 eadem
2952 1615 3167 1672 eisdem
3204 1618 3390 1675 eadem
3422 1631 3604 1693 erunt,

2020 1699 2201 1751 omnia
2236 1712 2464 1770 namque
2490 1701 2570 1757 sic
2613 1701 2748 1758 ﬁunt
2775 1705 2984 1760 eadem.
3013 1708 3079 1761 At
3105 1722 3234 1764 vero
3262 1722 3435 1778 neque
3462 1713 3603 1782 quod

2020 1798 2105 1844 est
2132 1803 2203 1845 ex
2232 1791 2482 1847 omnibus
2508 1794 2880 1853 demonstrare
2908 1799 3207 1869 quodlibet,
3242 1811 3325 1857 est
3345 1818 3607 1873 quaerere

330 1890 633 1943 universale
660 1887 944 1943 manifesta
970 1905 998 1939 u
1033 1895 1139 1941 est.
1170 1886 1483 1943 Universale
1509 1895 1687 1943 autem
1746 1888 1911 1969 honos
1941 1885 1997 1949 Β
2021 1881 2259 1936 omnium
2308 1894 2431 1938 esse
2460 1885 2649 1941 eadem
2697 1888 2962 1958 principia
2982 1931 2997 1955 ,
3039 1891 3261 1947 multum
3293 1894 3436 1948 enim
3475 1896 3608 1950 insi-

326 1980 516 2047 rabile,
552 1980 802 2048 queuiam
844 1979 1076 2033 ostendit
1116 1992 1330 2033 causam
1361 1992 1379 2033 :
1406 1993 1574 2047 quare
1620 1978 1687 2033 de
1733 1978 1915 2048 hujus-

328 2072 473 2127 modi
503 2073 816 2128 universalis
850 2072 1210 2127 honorabilior
1234 2081 1314 2126 est
1342 2072 1587 2127 sensibus
1618 2082 1670 2127 et
1725 2073 1914 2141 cogni-

329 2165 477 2219 tione
500 2176 935 2235 quorumcunque
978 2166 1143 2219 altera
1175 2178 1333 2218 causa
1362 2175 1463 2232 est,
1488 2164 1581 2219 sed
1631 2165 1703 2220 de
1730 2165 1916 2233 primis

329 2256 428 2312 alia
460 2258 595 2313 ratio
625 2265 728 2313 est.
762 2258 1098 2313 Manifestum
1133 2256 1293 2325 igitur
1314 2266 1397 2311 est
1426 2256 1915 2326 quoditnpossibile

329 2350 400 2403 Iit
429 2347 707 2402 sentiendo
737 2349 877 2404 scire
904 2347 1047 2402 aliud
1100 2347 1612 2411 demonstrator-um,
1663 2347 1763 2402 nisi
1812 2348 1915 2402 ali-

330 2438 451 2509 quis
472 2437 613 2492 dicat
636 2439 866 2507 sentire,
891 2439 1167 2495 scientiam
1201 2438 1401 2494 habere
1452 2453 1551 2509 per
1570 2432 1916 2495 demonstra-

336 2530 558 2584 tionem.
582 2530 716 2583 Sunt
748 2540 923 2583 tatnen
950 2530 1192 2599 quaedam
1224 2530 1446 2584 reducta
1470 2530 1535 2584 ad
1580 2543 1772 2586 sensus
1818 2531 1915 2588 de-

224 2629 237 2637 ‘
335 2619 528 2678 fectum
552 2620 604 2674 in
643 2622 950 2692 propositis,
1001 2622 1246 2692 quredam
1298 2622 1442 2677 enim
1490 2624 1536 2677 si
1591 2623 1914 2691 videremus,

338 2726 440 2766 non
464 2713 645 2781 utique
664 2713 1170 2781 quaereremusﬁed
1201 2726 1307 2768 non
1337 2722 1586 2785 tanquam
1606 2716 1836 2772 scientes
1865 2718 1919 2773 in

276 2834 281 2841 ι
338 2805 593 2870 videndo,
646 2806 739 2859 sed
796 2815 1047 2874 tanquam
1099 2805 1360 2862 habentes
1396 2809 1698 2864 universale
1743 2822 1812 2864 ex
1853 2824 1921 2865 eo

332 2896 471 2967 quod
501 2897 762 2963 videmus,
786 2908 837 2952 at
870 2899 915 2953 si
989 2899 1185 2954 vitrum
1237 2898 1465 2954 foratum
1514 2899 1841 2969 videremus,
1867 2911 1921 2959 et

335 2988 515 3043 lumen
547 2989 931 3057 pertransiens,
977 2991 1317 3047 manifestum
1347 2993 1531 3064 utique
1573 2995 1680 3049 erit
1725 3006 1779 3050 et
1799 3010 1924 3068 pro-

337 3092 456 3152 pter
480 3080 902 3150 quidilluminat,
934 3093 1157 3153 propter
1178 3082 1229 3138 id
1277 3084 1420 3155 quod
1469 3085 1773 3142 videremus
1799 3091 1921 3158 qui-

2020 1975 2170 2044 piens
2191 1982 2293 2031 est.
2319 1975 2501 2047 Neque
2526 1979 2667 2034 enim
2697 1980 2751 2035 in
2780 1981 3076 2039 manifestis
3097 1982 3355 2040 doctrinis
3394 1985 3495 2041 hoc
3521 1986 3606 2057 iit,

2019 2080 2198 2136 neque
2237 2066 2292 2121 in
2345 2067 2678 2127 resolutione
2720 2070 2822 2126 hoc
2849 2080 2935 2129 est
2963 2074 3252 2143 possibite,
3283 2076 3608 2135 immediata

1982 2184 1985 2187 -
2019 2158 2159 2213 enim
2184 2159 2581 2228 propositiones
2606 2171 2732 2217 sunt
2755 2164 3039 2234 principia,
3066 2166 3232 2222 altera
3261 2178 3437 2224 autem
3465 2182 3603 2225 cun-

2018 2249 2187 2311 clusio
2230 2251 2285 2304 iit
2313 2260 2530 2322 accepta
2559 2254 2929 2323 propositione
2971 2255 3300 2313 immediate.
3337 2259 3401 2316 Si
3424 2270 3604 2317 autem
3642 2256 3644 2258 ’

2018 2341 2160 2396 dicat
2183 2343 2377 2413 aliquis
2408 2358 2607 2413 primas
2633 2346 2973 2403 immediatas
2997 2350 3391 2420 propositiones
3411 2354 3604 2410 eadem

2018 2450 2140 2491 esse
2166 2437 2447 2506 principia,
2481 2452 2582 2492 una
2610 2440 2661 2493 in
2691 2454 3016 2512 unoquoque
3036 2457 3231 2511 genere
3259 2455 3362 2501 est.
3401 2445 3457 2503 Si
3478 2458 3605 2502 vero

1978 2552 1981 2553 ν
2021 2544 2196 2599 neque
2220 2545 2283 2585 ex
2313 2530 2563 2586 omnibus
2586 2540 2642 2585 ut
2669 2546 2809 2601 opus
2835 2542 2919 2589 est
2951 2534 3311 2592 demonstrari
3343 2539 3606 2608 contingit

2019 2622 2316 2691 quodlibet,
2349 2636 2523 2693 neque
2550 2624 2720 2678 sicex
2763 2629 2935 2679 altero
2967 2636 3215 2697 tanquam
3236 2639 3392 2683 erunt
3422 2631 3606 2684 unius-

2022 2715 2281 2784 cujusque
2327 2716 2579 2769 scientiar
2603 2717 2791 2782 altera,
2845 2717 3167 2788 relinquitur
3192 2721 3332 2789 quod
3363 2723 3605 2791 proxima

2023 2807 2132 2861 sint
2173 2808 2434 2876 principia
2461 2812 2721 2875 omnium,
2774 2816 2829 2864 et
2874 2823 2941 2865 ex
2987 2810 3069 2866 his
3117 2812 3331 2882 quidem
3378 2815 3606 2879 huic,“

2025 2901 2135 2955 illis
2162 2910 2341 2957 autem
2386 2902 2494 2956 illa.
2528 2901 2865 2958 Manil‘es'tntu
2905 2912 3084 2960 autem
3113 2914 3165 2959 et
3215 2906 3316 2962 huc
3345 2919 3443 2972 est,
3478 2922 3606 2978 quo-

2027 2995 2166 3049 niant
2191 3008 2302 3050 non
2324 2996 2602 3065 contingit,
2628 3006 2985 3052 monstratum
3002 3006 3085 3053 est
3106 3000 3248 3052 enim
3272 2999 3411 3070 quod
3437 3004 3607 3059 altera

2029 3087 2284 3155 principia
2330 3101 2529 3157 genere
2554 3100 2671 3142 sunt
2701 3088 3063 3143 diii'erentium
3091 3104 3308 3159 genere.
3341 3091 3607 3163 Principia

342 3173 1187 3246 demseersuminunoquoque,
1216 3176 1719 3249 intelligereautem
1762 3179 1935 3236 simul
2026 3181 2169 3235 enim
2193 3178 2591 3249 dupliciasunt,
2626 3195 2697 3235 ex
2720 3180 3354 3253 qnibnseteiretquod,
3390 3200 3457 3239 ex
3488 3185 3607 3254 qui-

340 3275 441 3330 est,
472 3266 721 3334 quoniam
748 3265 800 3320 in
822 3266 1068 3321 omnibus
1096 3266 1175 3322 sic
1193 3277 1298 3322 est.

913 3379 1137 3437 CAPUT
1178 3380 1343 3437 XXV.

338 3468 459 3525 Non
476 3472 699 3524 omnium
724 3472 1136 3543 syllogismorum
1150 3474 1328 3527 eadem
1346 3475 1600 3543 principia
1621 3484 1730 3529 esse
1750 3491 1914 3546 posse.

267 3616 271 3620 .
406 3560 605 3617 Eadem
632 3572 809 3618 autem
842 3578 962 3618 esse
1005 3564 1266 3634 principia
1294 3567 1537 3621 ciuilium
1572 3566 1926 3637 syllogismon

336 3668 450 3707 rum
482 3655 815 3722 impos~ibile
836 3665 945 3723 est,
990 3658 1225 3725 primum
1255 3656 1471 3727 quidem
1513 3658 1686 3729 logice
1726 3674 1919 3728 spectt-

334 3746 585 3812 lantibus,
619 3746 673 3802 hi
703 3750 845 3802 enim
896 3746 1009 3804 veri
1050 3758 1185 3802 sunt
1222 3749 1545 3820 syllOgismi,
1594 3751 1689 3806 alii
1735 3764 1916 3807 autem

334 3836 477 3892 falsi.
508 3838 583 3893 Et
606 3838 649 3894 si
673 3841 816 3893 enim
846 3840 921 3894 sit
957 3854 1141 3894 verum
1160 3855 1229 3895 ex
1264 3840 1417 3896 falsis
1444 3842 1788 3912 syllogiaare,
1818 3843 1915 3899 sed

333 3931 499 3985 semel
531 3930 632 3985 hoc
656 3932 737 3996 ﬁt,
764 3931 886 3986 utsi
915 3948 949 3984 ιι
975 3932 1095 3987 dcc
1122 3947 1311 3987 verum
1337 3934 1430 4001 ait,
1457 3933 1690 3989 medium
1732 3943 1913 3995 autem

334 4022 362 4075 ὸ
389 4021 615 4088 lalsum,
646 4038 819 4093 neque
863 4024 1005 4078 enim
1032 4040 1065 4076 α
1108 4024 1160 4078 in
1202 4023 1251 4089 b,
1283 4039 1460 4095 neque
1483 4028 1510 4079 ὸ
1546 4026 1597 4080 in
1627 4042 1688 4087 σς
1731 4027 1829 4082 sed
1871 4028 1915 4083 si

335 4118 525 4171 harum
547 4117 717 4173 media
740 4118 1072 4188 atcipiantur
1094 4118 1542 4187 propositionum.
1561 4119 1712 4176 falsa:
1733 4132 1912 4188 erunt,

333 4227 401 4268 ex
432 4224 499 4266 eo
524 4210 667 4280 quod
707 4212 882 4266 (mnis
909 4212 1187 4269 conclusio
1213 4208 1346 4267 falsa
1376 4227 1441 4268 ex
1469 4210 1620 4268 falsis
1645 4225 1748 4280 est,
1787 4227 1915 4269 vera

331 4315 512 4362 autem
537 4320 605 4361 ex
643 4306 807 4372 veris,
836 4306 1006 4363 altera
1033 4317 1210 4363 autem
1238 4317 1367 4362 sunt
1391 4322 1523 4362 vera
1546 4316 1602 4362 et
1628 4308 1779 4362 falsa.
1807 4307 1914 4363 Po-

331 4409 442 4452 stea
472 4414 645 4466 neque
676 4396 808 4451 falsa
850 4412 916 4453 es
959 4398 1164 4454 eisdem
1206 4408 1354 4467 sunt,
1386 4406 1470 4454 est
1499 4399 1639 4468 enim
1669 4399 1802 4454 falsa
1842 4400 1912 4455 ad

332 4490 583 4556 invicem,
606 4501 663 4546 et
689 4492 983 4555 contraria,
1015 4503 1070 4547 et
1111 4493 1457 4563 impossibilia
1488 4492 1646 4548 simul
1679 4506 1823 4559 esse,
1852 4500 1911 4547 ut

331 4580 590 4653 justitiam
639 4597 761 4636 esse
808 4583 1153 4653 injustitiam,
1194 4595 1289 4638 aut
1338 4585 1582 4640 timorem
1609 4583 1910 4650 audaciam,

344 4684 436 4726 aut
466 4675 737 4729 hominem
761 4690 956 4743 equum
983 4660 1079 4729 ειιῖ
1104 4674 1316 4741 bovem,
1358 4683 1453 4731 aut
1490 4676 1725 4746 tequale,
1744 4676 1917 4746 majus

330 4780 382 4819 et
413 4766 612 4819 minus.
662 4766 738 4819 Ex
787 4766 1049 4833 appositis
1101 4778 1279 4822 autem
1319 4767 1401 4822 sic
1428 4778 1534 4835 est,
1565 4782 1742 4837 neque
1769 4771 1913 4823 enim

331 4842 576 4911 reorum
608 4859 795 4912 eadem
826 4858 1083 4924 principia
1098 4859 1336 4913 omnium
1369 4866 1519 4927 sunt,
1559 4860 1728 4915 altera
1769 4860 1914 4915 enim

332 4952 620 5005 multorum
664 4966 861 5019 genere
911 4952 1167 5020 principia
1220 4961 1367 5019 sunt,
1397 4961 1452 5008 et
1498 4968 1671 5024 neque
1717 4970 1916 5010 conve-

332 5046 504 5108 nium,
542 5054 597 5097 ιιι
619 5046 853 5099 unitates
882 5048 1095 5113 punctis
1137 5059 1245 5101 non
1274 5048 1621 5116 conveniunt,
1657 5051 1740 5103 ha:
1770 5051 1914 5105 enim

334 5149 443 5187 non
490 5135 686 5189 habent
722 5136 1064 5205 positionem,
1095 5136 1185 5191 illa
1222 5147 1401 5193 autem
1433 5136 1652 5195 habent.
1683 5137 1918 5195 Necesse

330 5238 507 5279 autem
539 5236 722 5283 estaut
743 5230 794 5282 itt
826 5228 995 5282 media
1022 5228 1334 5295 convenire,
1358 5237 1452 5283 aut
1480 5228 1533 5282 in
1560 5241 1797 5294 sursum,
1825 5239 1920 5288 aztt

327 5324 607 5389 deorsum,
637 5339 727 5381 attt
754 5325 859 5381 hos
882 5325 1104 5385 interius
1130 5324 1364 5389 habere,
1395 5324 1523 5380 illos
1550 5334 1734 5380 autem
1756 5335 1911 5379 exte-

331 5416 442 5468 rius
482 5417 855 5472 termiuorum.
888 5418 993 5473 Sed
1028 5431 1201 5488 neque
1225 5419 1593 5473 communium
1622 5418 1915 5488 principio-

328 5521 445 5562 rum
483 5520 709 5576 possunt
736 5525 863 5566 esse
895 5512 1075 5580 aliqua
1122 5526 1189 5566 ex
1227 5510 1427 5580 quibus
1454 5509 1636 5566 omnia
1687 5511 1915 5567 demon-

328 5600 660 5666 atrabttutur,
681 5600 807 5658 dico
826 5610 1009 5658 autem
1033 5602 1361 5667 communia,
1385 5611 1439 5654 ut
1461 5615 1624 5657 omne
1643 5602 1914 5658 afﬁrmare

329 5702 424 5747 aut
452 5707 687 5761 negare,
737 5708 930 5764 genera
982 5692 1129 5753 enim
1171 5707 1356 5747 eorum
1389 5707 1511 5762 qua
1556 5700 1704 5759 sunt,
1746 5692 1916 5747 altera

330 5796 476 5850 sunt.
513 5796 570 5843 et
616 5789 717 5843 alia
769 5789 987 5860 quidem
1035 5789 1087 5844 in
1129 5788 1540 5857 quantitatibus,
1574 5788 1677 5844 alia
1708 5801 1837 5843 vero
1860 5788 1916 5844 in

331 5879 680 5939 (minantibus
702 5892 829 5939 sunt
872 5882 1069 5939 solum.
1094 5894 1220 5938 cum
1253 5880 1449 5950 quibus
1479 5881 1919 5939 demonstrantur

1944 3259 2003 3331 α
2025 3270 2133 3326 bus
2164 3270 2376 3341 quidem
2406 3271 2583 3341 igitur,
2618 3274 2919 3327 communia
2952 3284 3091 3337 sunt,
3128 3291 3246 3344 qua:
3276 3284 3452 3331 autem
3482 3287 3605 3334 sunt

2024 3364 2165 3417 circa
2214 3362 2378 3433 quod,
2427 3364 2643 3433 propria
2694 3374 2840 3433 sunt,
2874 3372 2931 3419 ut
2955 3381 3240 3432 numerus,
3272 3369 3597 3439 magnitudo.

2579 3476 2808 3533 CAPUT
2852 3477 3037 3533 XXVI.

2097 3568 2247 3634 Quod
2276 3569 2491 3621 scientia
2518 3577 2567 3623 et
2599 3569 2776 3690 terra
2804 3569 2867 3624 ab
2897 3571 3191 3636 opinatione
3216 3581 3261 3625 et
3291 3573 3532 3641 ορξηώὶιί

2696 3650 2962 3690 tscrenent.

2696 3650 2962 3711 tscrepent.

2091 3715 2301 3808 Scibile'
2326 3760 2505 3807 autem
2542 3760 2598 3806 et
2636 3751 3243 3809 scientiadiﬂ'ertmtab
3266 3754 3519 3823 opinabili
3552 3764 3606 3814 et

1978 3892 1985 3895 _
2019 3841 2293 3910 opinione.
2323 3842 2574 3912 quoniam
2602 3843 2823 3897 scientia
2874 3842 3193 3899 universalis
3221 3855 3278 3899 et
3317 3858 3602 3913 perneces-

2020 3937 2163 3991 saria
2184 3944 2290 4001 esu,
2321 3935 2681 3990 necessarium
2712 3948 2890 3991 autem
2930 3946 3035 3991 non
3066 3936 3333 4007 contingit
3357 3937 3515 3993 aliter
3544 3954 3606 3993 se

2025 4027 2241 4084 habere.
2293 4030 2430 4081 Sunt
2477 4040 2655 4084 autem
2700 4029 2949 4098 quaedam
3002 4044 3168 4094 vera,
3198 4045 3321 4099 qua:
3347 4032 3606 4101 contingit

1976 4178 1979 4181 λ
2021 4120 2180 4175 aliter
2222 4135 2283 4177 se
2328 4119 2552 4185 habere,
2604 4119 2949 4176 manifestum
2990 4130 3073 4175 est
3104 4120 3265 4190 igitur
3288 4122 3430 4190 quod
3460 4123 3605 4178 circa

2022 4213 2139 4267 haec
2191 4214 2411 4268 scientia
2443 4222 2680 4277 nonest,
2725 4221 2906 4268 essent
2933 4213 3074 4267 enim
3122 4213 3305 4283 utique
3360 4215 3606 4284 impossi-

2022 4308 2149 4362 bilia
2178 4308 2337 4362 aliter
2379 4324 2441 4363 se
2482 4308 2699 4362 habere.
2750 4309 2821 4362 At
2870 4322 2997 4362 vero
3046 4324 3222 4379 neque
3271 4309 3606 4379 intellectus,

1978 4456 1981 4459 λ
2021 4399 2143 4453 dico
2169 4398 2312 4453 enim
2359 4399 2683 4453 intellectum
2719 4398 3038 4468 principium
3068 4413 3192 4453 esse
3222 4399 3486 4468 scientia,
3513 4416 3607 4457 ue-

2022 4506 2126 4559 que
2172 4490 2396 4546 scientia
2425 4489 2939 4553 indemoustrabilis,
2972 4489 3089 4543 btet:
3132 4501 3313 4547 autem
3342 4501 3425 4547 est
3453 4507 3607 4549 acce-

2024 4584 2132 4649 ptio
2163 4582 2481 4636 immediata:
2525 4579 2936 4650 propositionis,
2970 4596 3126 4636 verus
3167 4582 3311 4638 enim
3341 4596 3426 4639 est
3451 4585 3608 4641 intel~

2024 4672 2214 4734 lectus,
2241 4682 2295 4726 et
2318 4672 2567 4739 scientia,
2595 4680 2651 4725 et
2677 4671 2880 4740 opinio,
2906 4683 2960 4727 et
2980 4668 3106 4743 quid
3131 4688 3226 4743 per
3251 4674 3366 4730 hac
3389 4676 3607 4733 dicitur.

2024 4766 2199 4829 Quare
2229 4765 2552 4834 relinquitur
2579 4763 2888 4834 opinionem
2928 4779 3049 4820 esse
3092 4767 3242 4822 circa
3272 4784 3459 4823 verum
3489 4771 3609 4839 qui-

2023 4855 2169 4921 dem,
2205 4865 2297 4909 aut
2326 4857 2555 4922 falsumv,
2585 4858 2903 4926 contingens
2943 4868 3120 4913 autem
3151 4870 3233 4914 est
3272 4868 3328 4913 et
3369 4860 3525 4913 aliter
3551 4876 3609 4917 se

2026 4948 2247 5004 habere.
2291 4950 2403 5004 lioc
2434 4960 2609 5003 autem
2636 4960 2721 5005 est
2749 4950 2993 5020 acceptio
3016 4951 3336 5006 immediate:
3366 4956 3608 5024 proposi-

2029 5042 2214 5108 tionis,
2247 5052 2301 5099 et
2341 5057 2449 5097 non
2478 5045 2818 5099 necessarias.
2850 5042 3067 5098 Certum
3098 5053 3273 5100 autem
3302 5055 3383 5099 est
3412 5049 3489 5100 sic
3517 5060 3609 5115 ap.

2030 5135 2359 5204 parenti-bus,
2391 5134 2577 5204 opinio
2602 5135 2652 5189 ei
2682 5133 2944 5190 incertum
2974 5146 3078 5201 est,
3119 5147 3174 5191 et
3202 5144 3397 5190 natura
3425 5138 3608 5208 hujus-

2029 5226 2174 5282 tuodi
2223 5236 2327 5283 est.
2376 5226 2566 5282 Adhuc
2607 5236 2784 5282 autem
2833 5227 3013 5282 nullus
3061 5228 3349 5281 arbitratur
3373 5229 3607 5298 opinari,

2027 5336 2146 5376 cum
2175 5321 2423 5390 epinetur
2453 5321 2782 5391 impossibile
2808 5321 2968 5376 aliter
2990 5336 3052 5378 se
3080 5320 3301 5383 habere,
3332 5322 3424 5376 sed
3443 5324 3609 5388 scire,

2026 5415 2120 5468 sed
2152 5413 2363 5482 quando
2398 5428 2516 5468 esse
2542 5412 2755 5484 quidem
2798 5413 2897 5479 sic,
2931 5413 3024 5467 sed
3059 5422 3236 5467 tamen
3266 5413 3443 5479 aliter,
3480 5416 3607 5469 nihil

2026 5505 2278 5575 prohibet
2320 5515 2375 5560 et
2422 5514 2547 5561 tunc
2592 5505 2823 5575 opinari,
2872 5516 3127 5574 tanquam
3158 5504 3462 5574 hujusmodi
3496 5508 3612 5575 qui-

2024 5597 2145 5652 dem
2192 5597 2497 5664 opiuionem
2529 5611 2677 5665 esse,
2706 5597 3063 5651 necessariam
3090 5606 3269 5651 autem
3301 5597 3608 5653 scientiam.

2024 5689 2306 5759 Quomodo
2334 5699 2421 5745 est
2451 5690 2608 5760 igitur
2636 5705 2740 5743 non
2791 5688 2933 5743 idem
2979 5688 3206 5757 opinari,
3256 5699 3316 5744 et
3356 5690 3611 5746 scireret

2023 5802 2189 5857 quare
2214 5802 2327 5842 nou
2343 5788 2447 5843 erit
2473 5787 2657 5856 opinio
2685 5783 2931 5850 scientia,
2961 5785 3006 5841 si
3034 5784 3152 5855 quis
3183 5784 3422 5856 posuerit
3447 5795 3609 5835 omne

2022 5882 2163 5953 quod
2204 5883 2307 5937 scit
2337 5880 2648 5950 contingere
2673 5878 2883 5950 opinari
2906 5879 2930 5933 ἲ
2956 5879 3306 5949 consequitur
3328 5878 3472 5935 enim
3520 5873 3611 5930 bis
