4112 6332
520 351 626 408 745

1738 338 1850 395 AN.
1890 335 2101 395 MANL.
2143 334 2301 395 SEV.
2343 336 2568 393 BOETII

3607 303 3613 307 «,
3705 338 3808 394 7“

519 462 735 536 quidem
777 457 979 527 sciens,
1024 455 1114 512 ille
1143 468 1273 511 vero
1322 453 1548 524 opinans
1598 465 1692 522 per
1739 450 1934 515 media,
1968 463 2103 521 quo-
2130 458 2177 512 Α
2213 459 2392 504 autem
2433 450 2569 502 sicut
2599 460 2704 501 non
2735 444 2899 502 idem.
2932 444 3270 502 Manifestum
3301 456 3475 504 autem
3509 462 3577 504 ex
3612 447 3696 504 his
3721 461 3805 506 est

521 572 689 626 usque
741 554 806 610 ad
861 551 1164 608 immediata
1214 548 1416 614 veniat,
1472 560 1636 615 quare
1685 544 1732 600 si
1770 545 1858 599 ille
1887 544 2101 613 quidem

520 650 693 713 scivit,
725 657 779 702 et
808 647 1033 714 opinans
1062 644 1239 707 scivit,
1274 642 1414 697 sicut
1453 643 1593 694 enim
1629 649 1682 694 et
1710 639 1834 708 quia
1873 637 2102 707 opinari,

520 750 575 795 et
592 749 808 810 pr0pter
829 737 975 808 quid,
1002 737 1100 790 hoc
1123 745 1298 790 autem
1322 734 1553 788 medium
1573 741 1677 787 est.
1710 734 1790 785 An
1819 731 1865 786 si
1891 731 2006 800 quis
2026 731 2107 786 sic

521 834 867 889 arbitrabitur
901 848 1009 884 non
1040 829 1404 898 contingentia
1434 829 1588 880 aliter
1620 841 1678 880 se
1718 825 1937 892 habere,
1966 824 2106 879 sicut

520 940 579 980 se
611 924 810 978 habent
839 923 1182 977 deﬁnitiones
1215 936 1312 991 per
1355 934 1488 990 quas
1528 929 1651 973 sunt
1687 918 2105 971 demonstratio-

520 1030 637 1083 nes,
671 1029 772 1068 nou
802 1012 1108 1082 opinabitur
1134 1012 1229 1066 sed
1261 1010 1434 1065 sciet?
1465 1009 1520 1062 Si
1544 1019 1720 1064 autem
1740 1023 1863 1062 vera
1885 1008 2102 1078 quidem

521 1122 658 1172 esse,
694 1121 800 1161 non
834 1116 1005 1161 tamen
1060 1105 1175 1158 haec
1223 1105 1351 1173 ipsis
1399 1103 1576 1156 inesse
1627 1101 1922 1156 secundum
1975 1100 2103 1155 sub-

521 1200 792 1264 stantiam,
841 1209 896 1252 et
942 1197 1237 1253 secundum
1285 1195 1518 1265 speciem
1555 1194 1878 1264 opinabitur,
1911 1203 2098 1247 etnon

518 1292 654 1346 sciet
683 1305 831 1356 vere,
864 1297 918 1343 et
947 1289 1069 1358 quia
1121 1296 1174 1342 et
1223 1295 1440 1356 pr0pter
1470 1285 1593 1354 quid
1613 1327 1626 1351 ,
1657 1285 1703 1338 si
1747 1284 1960 1354 quidem
2004 1298 2103 1352 per

521 1382 827 1439 immediata
873 1381 1198 1450 opinabitur,
1248 1379 1294 1434 si
1345 1392 1472 1433 vero
1521 1393 1625 1434 non
1671 1393 1764 1446 per
1796 1377 2100 1432 immediata

521 1475 862 1546 opinabitur,
898 1475 1069 1530 solum
1102 1473 1276 1543 ipsum
1313 1473 1434 1542 quia
1472 1471 1796 1542 opinabitur.
1841 1469 2103 1538 Ejusdem

521 1579 696 1624 autem
725 1568 926 1639 opinio,
964 1577 1019 1622 et
1053 1567 1277 1623 scientia
1319 1581 1421 1620 non
1455 1564 1668 1634 penitus
1698 1573 1798 1626 est,
1833 1563 1926 1617 sed
1960 1562 2103 1618 sicut

521 1675 668 1726 vera,
692 1671 746 1717 et
771 1661 904 1714 falsa
929 1659 1168 1730 ejusdem
1189 1657 1419 1727 quodam
1448 1656 1608 1710 modo
1629 1665 1729 1722 est,
1755 1657 1833 1711 sic
1859 1666 1912 1710 et
1934 1655 2104 1710 scien-

523 1757 590 1811 tia
637 1763 689 1810 et
731 1753 912 1824 opinio
941 1752 1201 1823 ejusdem,
1235 1761 1288 1806 et
1318 1751 1626 1822 opinionem
1675 1750 1724 1804 ei
1775 1764 1957 1805 veram
1983 1790 1998 1815 ,
2047 1759 2103 1806 et

523 1849 707 1904 falsam
741 1846 1111 1918 (sicutdieunt
1136 1845 1374 1915 quidam)
1403 1843 1645 1912 ejusdem
1670 1857 1813 1910 esse,
1845 1843 2102 1898 inconve-
2133 1845 2183 1906 B

523 1941 721 1995 nientia
756 1939 1005 1994 accidunt
1036 1947 1289 2008 appetere
1343 1936 1578 2007 aliaque,
1637 1943 1694 1990 et
1739 1949 1846 1990 non
1893 1934 2103 2005 opinari
2188 1940 2201 1952 '

522 2048 637 2103 quae
669 2035 955 2102 opinantur
997 2031 1164 2086 falsas.
1210 2030 1471 2098 Quoniam
1519 2040 1712 2094 autem.
1751 2028 1894 2084 idem
1925 2029 2106 2083 multi-

522 2127 729 2198 pliciter
761 2125 972 2189 dicitur,
1007 2133 1091 2179 est
1114 2132 1292 2178 autem
1323 2123 1460 2178 sicut
1502 2121 1781 2192 contingit,
1821 2129 1903 2176 est
1927 2129 2105 2176 autem

522 2228 580 2274 ut
609 2234 735 2282 non,
768 2228 1252 2272 commensuratam
1285 2214 1426 2270 enim
1458 2213 1782 2269 diametrum
1807 2227 1928 2269 esse
1956 2229 2104 2283 vere,

522 2310 726 2380 opinari
756 2308 1144 2365 inconveniens
1175 2316 1275 2372 est,
1319 2307 1412 2363 sed
1442 2307 1583 2376 quod
1633 2307 1897 2362 diameter
1940 2307 2106 2376 (circa

522 2417 682 2474 quam
712 2411 836 2458 sunt
857 2401 1162 2472 opiniones)
1188 2401 1326 2456 idem
1351 2402 1428 2455 sic
1451 2401 1693 2470 ejusdem
1718 2413 1820 2471 est,
1851 2402 1944 2457 sed
1969 2403 2110 2473 quod

521 2495 647 2564 quid
691 2503 809 2550 erat
852 2509 992 2563 esse,
1028 2495 1315 2564 unicuique
1345 2495 1638 2549 secundum
1686 2495 1948 2551 rationem
2001 2512 2108 2552 non

523 2595 605 2644 est
630 2587 793 2642 idem.
826 2587 1088 2642 Similiter
1115 2596 1296 2642 autem
1328 2594 1383 2640 et
1410 2587 1656 2653 scientia,
1679 2596 1732 2640 et
1757 2587 1937 2656 opinio
1965 2587 2110 2657 ejus-

523 2677 646 2734 dem
669 2688 769 2743 est,
803 2680 918 2734 haec
945 2681 1087 2734 enim
1115 2680 1160 2734 si
1188 2678 1437 2734 animalis
1463 2687 1546 2732 est
1572 2678 1712 2748 quod
1737 2694 1840 2732 non
1869 2689 1952 2734 est
1983 2696 2111 2734 con-

524 2775 729 2846 tingere
767 2790 875 2830 non
916 2790 1038 2831 esse
1081 2775 1304 2842 animal,
1353 2772 1449 2828 sed
1499 2772 1585 2827 illa
1619 2772 1836 2842 quidem
1880 2789 1997 2843 qua:
2028 2781 2113 2829 est

525 2869 848 2938 contingere,
879 2877 939 2922 ut
978 2868 1024 2920 si
1057 2869 1168 2921 haec
1196 2865 1408 2936 quidem
1450 2865 1591 2934 quod
1626 2865 1856 2919 hominis
1889 2865 2105 2934 quidem

527 2969 625 3027 est,
649 2962 738 3015 illa
765 2975 893 3016 vero
922 2961 1153 3013 hominis
1183 2959 1419 3028 quidem,
1454 2973 1563 3013 non
1603 2967 1784 3013 autem
1809 2959 1952 3027 quod
1983 2961 2106 3029 qui-

530 3052 645 3107 dem
674 3052 906 3107 hominis
929 3060 1033 3119 est,
1079 3051 1222 3105 idem
1265 3050 1408 3105 enim
1456 3057 1561 3115 est,
1608 3051 1734 3120 quia
1779 3051 1961 3119 homo,
2010 3051 2111 3107 hoc

2216 543 2360 611 quod
2393 556 2566 611 neque
2609 540 2815 608 Opinari
2857 540 3012 593 simul
3066 539 3229 608 idem,
3258 549 3312 594 et
3340 541 3476 596 scire
3507 543 3793 612 contingit,

2215 638 2373 692 simul
2404 637 2548 691 enim
2580 635 2800 690 haberet
2828 635 3011 705 utique
3033 634 3342 704 opinionem
3363 635 3517 691 aliter
3545 635 3804 705 habendi,

2215 741 2270 786 et
2312 747 2420 785 non
2453 732 2609 785 aliter
2653 730 2792 784 idem
2819 771 2834 794 ,
2867 729 3010 799 quod
3039 729 3250 799 quidem
3281 745 3385 783 non
3421 731 3720 799 contingit,
3751 731 3809 787 in

2213 825 2322 878 alio
2363 825 2503 879 enim
2548 823 2964 893 unumquodque
3028 838 3147 878 esse
3201 823 3463 892 contingit
3530 824 3804 894 ejusdem,

2219 917 2362 972 sicut
2413 917 2613 974 dictum
2667 927 2767 982 est,
2824 917 2915 970 sed
2973 917 3025 970 in
3070 916 3260 970 eodem
3323 917 3450 970 nihil
3492 921 3572 970 sic
3627 926 3807 986 potest

2209 1026 2354 1073 esse,
2388 1010 2614 1065 haberet
2651 1010 2794 1064 enim
2828 1009 3132 1078 opinionem
3157 1009 3338 1063 simul.
3373 1008 3441 1063 Ut
3464 1009 3606 1079 quod
3641 1011 3807 1065 homo

2211 1111 2358 1158 esset
2386 1101 2679 1157 secundum
2720 1101 2862 1169 quod
2920 1110 3002 1155 est
3050 1100 3269 1164 animal,
3322 1101 3424 1154 hoc
3467 1103 3612 1154 enim
3644 1101 3810 1156 fuerit

2211 1210 2321 1248 non
2353 1194 2669 1261 contingere
2698 1205 2819 1246 esse
2863 1208 2970 1246 non
3000 1193 3221 1260 animal,
3254 1200 3310 1246 et
3352 1207 3455 1246 non
3506 1193 3806 1247 secundum

2210 1282 2356 1352 quod
2395 1283 2615 1348 animal,
2677 1283 2779 1338 hoc
2824 1281 2966 1337 enim
3020 1282 3155 1342 sicut
3199 1282 3530 1355 contingere.
3581 1286 3807 1354 Reliqua

2210 1382 2394 1428 autem
2423 1373 2694 1443 quomodo
2725 1382 2937 1444 oportet
2963 1373 3287 1429 distribuere
3328 1375 3381 1430 in
3424 1377 3711 1435 rationem.
3752 1391 3808 1432 et

2211 1465 2564 1530 intellectum,
2596 1476 2650 1522 et
2675 1466 2976 1535 scientiam,
3030 1476 3084 1521 et
3112 1476 3306 1530 artem,
3349 1476 3404 1522 et
3435 1469 3802 1538 prudentiam,

2214 1568 2270 1614 et
2297 1560 2654 1628 sapientiam,
2689 1562 2803 1615 lucc
2845 1559 3060 1628 quidem
3105 1557 3342 1630 physicae
3390 1568 3492 1627 est,
3544 1561 3633 1616 illa
3676 1576 3806 1616 vero

2171 1715 2177 1718 _
2211 1654 2402 1709 ethicas
2433 1653 2812 1724 speculationis
2842 1652 3031 1720 magis.

2765 1751 2993 1807 CAPUT
3035 1750 3242 1807 Χχνιι.
3283 1810 3285 1813 .

2842 1846 2919 1900 De
2947 1847 3172 1903 solertia.

2282 1940 2515 1998 Solertia
2544 1947 2722 1994 autem
2754 1947 2838 1994 est
2866 1938 3134 1993 subtilitas
3172 1940 3421 2010 quaedam
3449 1939 3504 1994 in
3535 1953 3643 1995 non
3679 1956 3806 2011 per-

2211 2043 2400 2106 specto
2444 2041 2687 2102 tempore
2728 2029 2914 2086 medii.
2964 2030 3034 2086 Ut
3081 2032 3124 2087 si
3182 2032 3374 2103 aliquis
3425 2032 3617 2088 videns
3664 2033 3809 2104 quod

2214 2127 2339 2182 luna
2369 2125 2715 2195 splendorem
2747 2138 2963 2194 semper
2992 2123 3154 2179 habet
3181 2125 3247 2178 ad
3288 2125 3477 2192 solem,
3511 2127 3691 2181 statim
3723 2129 3810 2180 iu-

2217 2217 2486 2274 tellexerit
2511 2225 2727 2286 propter
2749 2215 2878 2285 quid
2913 2214 3015 2270 hoc
3054 2215 3146 2280 sit,
3181 2215 3304 2285 quia
3334 2226 3556 2286 propter
3586 2216 3639 2271 id
3663 2215 3812 2287 quod

2215 2311 2514 2366 illustratur
2541 2324 2570 2362 a
2601 2308 2744 2376 sole,
2799 2316 2890 2362 aut
2935 2308 3298 2378 disputantem
3329 2325 3450 2365 cum
3481 2299 3692 2377 divite,'
3721 2325 3812 2367 co-

2218 2401 2406 2472 gnovit
2449 2400 2703 2470 quoniam
2749 2400 3146 2455 commodatum
3196 2410 3299 2467 est,
3347 2410 3438 2456 aut
3485 2410 3709 2472 propter
3758 2403 3813 2460 id

2218 2493 2364 2563 quod
2399 2491 2560 2548 amici
2587 2500 2732 2557 sunt,
2760 2490 2883 2561 quia
2916 2491 3118 2546 inimici
3150 2492 3394 2562 ejusdem
3428 2503 3574 2547 sunt.
3611 2494 3814 2548 Omnes

2217 2588 2362 2643 enim
2425 2600 2617 2642 causas
2683 2584 2885 2641 medias
2931 2585 3140 2652 videns,
3191 2587 3441 2656 cognovit
3487 2597 3540 2642 et
3593 2587 3807 2641 ultima.

2219 2679 2575 2752 Splendidum
2608 2693 2729 2733 esse
2759 2677 2826 2732 ad
2856 2676 3026 2732 solem
3079 2678 3172 2744 sit,
3234 2679 3286 2732 in
3331 2693 3436 2747 quo
3482 2695 3516 2731 a
3567 2678 3754 2734 lucere
3781 2693 3812 2731 a

2218 2773 2354 2837 sole,
2385 2773 2451 2826 b:
2487 2772 2633 2836 luna,
2662 2785 2720 2836 c,
2754 2769 2895 2824 inest
2925 2768 3086 2839 igitur
3114 2770 3256 2823 lunae
3298 2767 3515 2838 quidem
3557 2769 3663 2840 ipsi
3695 2786 3722 2824 c
3749 2769 3812 2838 ὁ,

2220 2871 2362 2939 quod
2399 2870 2618 2938 quidem
2648 2878 2731 2924 est
2759 2869 2937 2925 lucere
2957 2884 2988 2923 a
3022 2870 3156 2933 sole,
3188 2868 3289 2938 ipsi
3315 2878 3492 2924 autem
3522 2869 3551 2922 ὁ
3579 2887 3638 2933 a,
3671 2870 3814 2939 quod

2163 3011 2168 3016 .
2222 2971 2309 3016 est
2339 2963 2404 3015 ad
2436 2961 2539 3017 hoc
2567 2976 2687 3016 esse
2713 2960 3054 3030 splendidum
3077 3002 3092 3030 ,
3134 2976 3163 3016 a
3196 2974 3304 3030 quo
3333 2959 3581 3031 splendet
3609 3001 3622 3025 ,
3651 2975 3814 3030 quan

2225 3063 2279 3106 et
2311 3055 2412 3122 ipsi
2445 3071 2493 3120 ο,
2526 3054 2668 3109 inest
2695 3071 2727 3106 a
2757 3067 2852 3123 per
2883 3054 2932 3110 ὁ.

534 3178 3808 3204 Momm

1704 3288 1995 3367 LIBER
2047 3288 2605 3371 SECUNDUS.

1991 3453 2314 3470 -

1028 3551 1255 3609 CAPUT
1299 3552 1588 3611 PRIMUM.

841 3632 978 3713 Q‘u‘ot
1005 3647 1163 3716 σαωνὶ
1188 3643 1353 3700 solent
1388 3647 1440 3700 in
1479 3648 1784 3718 disciplinis.

591 3738 929 3807 Quastiones
981 3738 1212 3807 atquales
1244 3748 1367 3793 sunt
1420 3755 1647 3796 numero
1677 3741 1742 3797 iis
1780 3758 2111 3816 qumcunque

529 3847 648 3887 vere
678 3831 897 3884 scimus.
927 3827 1224 3895 Quaarimus
1272 3841 1447 3886 autem
1481 3842 1733 3902 quatuor,
1772 3837 1916 3903 quia,
1949 3851 2112 3906 prop-

523 3925 604 3970 ter
632 3918 778 3988 quid,
823 3917 868 3972 si
894 3926 995 3986 est,
1027 3926 1080 3971 et
1109 3919 1233 3986 quid
1282 3929 1386 3975 est.
1413 3921 1545 3976 Cum
1591 3925 1734 3978 enim
1782 3935 1956 3981 utrum
2007 3928 2111 3984 hoc

527 4012 668 4077 insit,
715 4017 807 4064 aut
835 4008 938 4062 hoc
967 4010 1282 4079 qumrimns,
1335 4013 1388 4066 in
1433 4031 1716 4070 numerum
1764 4029 2024 4087 ponentes
2053 4031 2110 4075 ut

522 4111 698 4156 utrum
740 4101 821 4155 sol
867 4100 1080 4155 deﬁciat
1121 4112 1211 4156 aut
1254 4119 1383 4169 non,
1433 4106 1606 4175 ipsum
1637 4109 1760 4178 quia
1792 4112 2104 4180 quaerimus.

521 4189 742 4253 Signum
775 4200 952 4247 autem
999 4192 1177 4262 hujus,
1213 4194 1547 4253 invenientes
1574 4200 1717 4254 enim
1751 4203 1878 4271 quia
1906 4203 2106 4270 deﬁcit,

524 4296 828 4350 pausamus,
862 4293 915 4335 et
946 4283 989 4335 si
1020 4284 1072 4335 in
1104 4283 1364 4353 principio
1393 4287 1653 4344 sciremus
1683 4292 1807 4360 quia
1833 4291 2106 4361 deﬁceret,

523 4387 626 4426 non
651 4388 1010 4442 quaereremus
1042 4383 1241 4429 utrum.
1276 4375 1407 4430 Cum
1439 4389 1618 4435 autem
1651 4384 1882 4438 sciamus
1906 4387 2102 4455 ipsum,

524 4464 641 4532 quia
674 4467 846 4532 ipsum
870 4474 1086 4534 propter
1111 4466 1235 4535 quid
1267 4470 1581 4536 quaerimus,
1615 4481 1675 4526 ut
1705 4476 1943 4531 scientes
1983 4480 2108 4548 quia

524 4554 702 4609 delicit
729 4555 840 4620 sol,
888 4564 941 4608 et
981 4555 1100 4623 quia
1152 4568 1396 4612 movetur
1439 4569 1612 4626 terra,
1643 4573 1699 4618 et
1736 4575 1953 4634 pr0pter
1979 4567 2107 4638 quid

524 4645 720 4710 delicit,
747 4653 800 4698 et
821 4653 1039 4714 propter
1061 4643 1186 4715 Quid
1212 4655 1352 4702 terra
1378 4660 1639 4716 movetur,
1675 4652 1964 4720 quaerimus
1994 4654 2109 4710 haec

523 4733 735 4802 quidem
767 4734 862 4788 sic.
895 4734 1145 4802 Quaedam
1176 4744 1356 4791 autem
1384 4738 1491 4792 alio
1520 4740 1680 4794 modo
1709 4743 2017 4810 quaerimus,
2051 4755 2111 4799 ut

522 4827 565 4879 si
595 4833 702 4889 est,
746 4836 837 4879 aut
890 4843 994 4880 non
1021 4837 1104 4883 est
1129 4838 1446 4897 centaurus,
1479 4841 1569 4886 aut
1599 4833 1738 4888 Deus
1758 4877 1771 4899 ,
1803 4834 1905 4890 hoc
1929 4847 2108 4892 autem

2151 3561 2197 3624 ο
2225 3574 2377 3626 mus,
2409 3567 2500 3614 aut
2537 3557 2664 3629 quid
2707 3566 2812 3623 est,
2844 3566 2901 3613 et
2952 3565 3078 3613 tunc
3116 3557 3407 3628 quaerimus
3435 3557 3560 3629 quid
3591 3559 3664 3615 sit
3708 3574 3813 3617 me-

2216 3652 2385 3706 dium.
2419 3651 2550 3705 Dico
2580 3658 2758 3705 autem
2791 3651 2914 3721 quia
2943 3658 3047 3716 est,
3073 3659 3166 3704 aut
3211 3650 3254 3705 si
3287 3659 3393 3718 est,
3415 3659 3509 3705 aut
3549 3651 3602 3706 in
3632 3661 3809 3722 parte,

2216 3751 2307 3797 aut
2350 3741 2687 3811 simpliciter.
2717 3741 2773 3795 In
2817 3751 2966 3812 parte
3009 3741 3249 3812 quidem,
3295 3751 3353 3796 ut
3400 3752 3580 3798 utrum
3627 3743 3813 3800 deficit

2215 3836 2339 3891 luna
2362 3875 2375 3900 ,
2407 3845 2500 3890 aut
2529 3844 2773 3904 augetur,
2823 3836 2866 3888 si
2896 3835 3038 3889 enim
3087 3843 3170 3889 est
3217 3835 3439 3904 aliquid,
3473 3846 3564 3890 aut
3593 3852 3700 3891 non
3733 3847 3812 3896 est

2219 3930 2442 4000 aliquid,
2476 3928 2530 3983 in
2560 3929 2864 3997 hujusmodi
2897 3929 3223 3998 quaerimus;
3268 3929 3583 3998 simpliciter
3610 3940 3811 3998 autem,

2214 4025 2259 4080 si
2305 4033 2407 4088 est,
2438 4035 2530 4079 aut
2572 4039 2678 4077 non
2710 4033 2793 4078 est
2838 4025 2989 4090 luna,
3035 4032 3127 4077 aut
3156 4038 3282 4077 nox.
3317 4023 3591 4093 Contingit
3636 4025 3812 4095 itaque

2213 4109 2265 4168 in
2312 4114 2558 4169 omnibus
2603 4114 2986 4182 quaestionibus
3025 4128 3288 4182 quaerere,
3335 4123 3424 4167 aut
3473 4114 3518 4168 si
3563 4124 3646 4169 est
3693 4131 3810 4170 me-

2212 4207 2381 4274 dium,
2425 4216 2515 4262 aut
2553 4207 2678 4275 quid
2722 4215 2800 4261 est
2853 4205 3109 4260 medium.
3159 4204 3327 4260 Causa
3369 4208 3510 4260 enim
3560 4217 3644 4262 est
3695 4223 3813 4264 me-

2213 4303 2381 4364 dium,
2437 4305 2492 4357 in
2528 4303 2776 4357 omnibus
2831 4310 3008 4358 autem
3069 4302 3184 4357 haec
3227 4305 3506 4372 quaeritur,
3547 4313 3604 4359 ut
3635 4314 3812 4364 utrum

2213 4396 2395 4450 deficit
2441 4395 2584 4458 luna,
2631 4403 2805 4449 utrum
2847 4403 2930 4449 est
2961 4396 3138 4464 aliqua
3165 4409 3348 4461 causa,
3389 4405 3482 4450 aut
3515 4413 3644 4463 non,
3695 4412 3812 4468 post

2214 4488 2330 4543 haec
2378 4488 2609 4542 scientes
2654 4486 2775 4557 quia
2820 4497 2902 4542 est
2939 4487 3134 4557 aliqua,
3180 4487 3306 4557 quid
3345 4488 3505 4557 igitur
3559 4489 3674 4544 haec
3717 4491 3810 4556 sit,

2213 4581 2523 4649 quazrlmus.
2556 4579 2727 4634 Causa
2758 4580 2902 4634 enim
2931 4580 3100 4648 ipsius
3130 4594 3256 4634 esse
3281 4595 3386 4633 non
3413 4580 3535 4644 hoc,
3567 4591 3658 4636 aut
3681 4582 3808 4649 hoc,

2212 4672 2305 4726 sed
2336 4671 2656 4740 simpliciter
2675 4671 3049 4739 substantiam,
3081 4678 3175 4725 aut
3197 4685 3300 4724 non
3344 4672 3684 4740 simpliciter,
3712 4675 3806 4730 sed

2213 4763 2410 4833 aliquid
2441 4779 2625 4818 eorum
2658 4778 2776 4832 qua:
2815 4771 2942 4818 sunt
2970 4778 3068 4832 per
3097 4779 3188 4831 se,
3219 4772 3311 4816 aut
3339 4763 3638 4843 secundum
3666 4766 3808 4819 acci-

2213 4855 2367 4921 dens,
2409 4857 2644 4912 medium
2675 4865 2778 4911 est.
2829 4856 2960 4910 Dico
2986 4863 3163 4910 autem
3214 4857 3535 4926 simpliciter
3587 4858 3806 4925 quidem

522 4917 563 4967 si
593 4925 675 4970 est
698 4927 788 4971 aut
810 4932 940 5016 non,
969 4920 1283 4989 simpliciter
1307 4921 1455 4988 dico,
1488 4923 1583 4978 sed
1610 4940 1715 4980 non
1741 4927 1783 4982 si
1815 4927 1965 4984 albus
1989 4942 2099 4997 est,
2133 4948 2187 5007 D
2210 4917 2504 5016 subje'clum
2554 4947 2632 5003 ιη’
2663 4949 2863 5012 mnam,
2911 4956 3003 5002 aut
3041 4957 3261 5011 terram,
3311 4917 3400 5003 aut
3456 4917 3651 5015 solem,
3706 4959 3803 5004 aut

523 5017 612 5060 aut
646 5024 772 5063 non.
805 5011 1202 5078 Cognoscentes
1233 5022 1409 5068 autem
1442 5017 1691 5086 quoniam
1719 5028 1822 5088 est,
1860 5023 1988 5092 quid
2021 5035 2105 5080 est

522 5101 829 5166 quaerimus,
853 5112 911 5157 ut
933 5103 1055 5171 quid
1080 5105 1234 5174 igitur
1262 5116 1345 5161 est
1366 5107 1527 5174 Deus,
1559 5120 1650 5165 aut
1667 5114 1789 5181 quid
1813 5124 1894 5170 est
1921 5117 2101 5172 homo.

521 5191 651 5255 Quae
691 5193 906 5263 quidem
955 5196 1112 5266 igitur
1141 5199 1428 5266 quaerimus
1453 5244 1468 5270 ,
1511 5212 1566 5259 et
1606 5221 1724 5276 qua:
1770 5208 2104 5268 invenientes

521 5285 738 5353 scimus,
773 5286 886 5342 haec
911 5297 963 5342 et
992 5296 1069 5343 tot
1094 5300 1236 5346 sunt.

1151 5383 1377 5441 CAPUT
1417 5388 1480 5444 ll.

865 5470 1073 5530 Omnem
1093 5481 1426 5548 quastionem
1455 5484 1608 5538 medii
1636 5502 1760 5541 esse.

594 5563 893 5630 Quterimus
921 5577 1122 5640 autem,
1154 5588 1274 5628 cum
1303 5578 1593 5645 quaerimus
1638 5578 1758 5647 quia
1805 5588 1908 5646 est,
1943 5590 2034 5636 aut
2061 5582 2106 5638 si

523 5664 604 5709 est
631 5658 963 5726 simpliciter,
995 5673 1170 5720 utrum
1201 5667 1272 5721 sit
1300 5669 1536 5724 medium
1583 5670 1781 5738 ipsius,
1833 5681 1924 5726 aut
1969 5688 2104 5741 non;

521 5760 639 5799 cum
666 5757 838 5803 autem
867 5766 1250 5822 cognoscentes
1276 5771 1368 5815 aut
1395 5763 1518 5831 quia
1550 5773 1661 5829 est,
1689 5772 1780 5818 aut
1809 5766 1852 5820 si
1885 5776 1990 5832 est,
2015 5779 2104 5825 aut

524 5840 577 5893 in
609 5852 782 5911 parte,
809 5855 900 5900 aut
929 5849 1261 5920 simpliciter,
1287 5857 1481 5912 iterum
1507 5868 1721 5929 propter
1750 5861 1876 5930 quid
1908 5865 2102 5932 quazri-

2216 5041 2753 5111 triangulum,’quid
2812 5049 2990 5095 autem
3046 5056 3166 5096 esse
3213 5040 3516 5109 defectum,
3581 5042 3805 5110 aequali-

2215 5142 2374 5189 tatem
2429 5143 2522 5188 aut
2569 5135 3032 5204 inmqualitatem,
3090 5137 3134 5190 si
3191 5136 3244 5190 in
3307 5135 3487 5191 medio
3540 5136 3651 5201 sit,
3713 5145 3805 5192 aut

2215 5240 2341 5279 non.
2377 5225 2432 5278 In
2455 5226 2703 5280 omnibus
2728 5227 2869 5280 enim
2896 5227 2978 5281 his
3007 5223 3346 5282 manifestum
3379 5235 3464 5281 est
3493 5226 3635 5296 quod
3660 5225 3801 5282 idem

2215 5318 2283 5371 sit
2320 5317 2461 5388 quod
2490 5317 2615 5387 quid
2646 5330 2748 5384 εει,
2802 5327 2856 5372 ει
2887 5327 3106 5388 prapter
3155 5318 3278 5388 quid
3311 5328 3414 5373 est.
3450 5318 3521 5373 Ut
3558 5319 3685 5389 quid
3716 5326 3802 5374 est

2215 5409 2494 5464 delectus?
2528 5410 2757 5478 privatio
2787 5410 3006 5465 luminis
3036 5425 3064 5464 a
3109 5411 3231 5466 lum
3273 5426 3302 5464 a
3349 5420 3506 5466 terrae
3558 5409 3798 5482 objecta.

2217 5500 2449 5571 Propter
2478 5501 2605 5570 quid
2636 5513 2717 5557 est
2764 5502 3022 5571 defectus,
3055 5512 3147 5558 aut
3201 5513 3422 5574 propter
3450 5504 3576 5575 quid
3612 5503 3799 5561 deﬁcit

2213 5594 2376 5647 luna?
2409 5605 2628 5664 propter
2671 5595 2937 5651 defectum
2968 5596 3182 5650 luminis
3223 5597 3431 5666 objecta
3461 5606 3621 5652 terra.
3656 5597 3798 5664 Quid

2210 5696 2290 5740 est
2319 5689 2709 5742 consonantia?
2741 5689 2874 5744 ratio
2903 5704 3242 5743 numerorum
3268 5690 3319 5743 in
3349 5699 3505 5744 acuto
3535 5700 3586 5743 et
3620 5691 3796 5758 gravi.

2209 5787 2260 5832 et
2295 5789 2512 5849 propter
2541 5781 2665 5849 quid
2708 5790 2971 5835 consonat
3009 5789 3224 5836 acutum
3256 5780 3439 5851 gravi?
3486 5791 3709 5850 propter
3742 5783 3800 5838 id

2210 5872 2352 5940 quod
2374 5872 2632 5929 rationem
2659 5873 2817 5929 habet
2840 5889 3182 5930 numerorum
3210 5882 3264 5930 et
3289 5888 3453 5944 grave
3478 5881 3531 5930 et
3553 5886 3798 5931 acutum.
