4056 6330
264 318 367 375 745

809 314 1292 375 POSTBRIORUM
1332 310 1865 371 ANALYTICORUM
1909 308 2358 367 ARISTOTELIS
2398 305 2972 364 INTERPRI‘JTA'I'IO.

3419 304 3519 361 756

263 432 451 493 Utrum
478 439 562 489 est
589 444 889 487 consonare
918 442 1132 488 acutum
1162 439 1218 486 et
1244 429 1447 501 grave?
1478 428 1665 486 Utrum
1689 426 1759 481 sit
1788 425 1841 480 in
1874 427 1927 487 Α
1949 433 2107 479 erunt
2146 422 2665 479 indemonstrabiles.
2714 422 2818 478 Sed
2866 432 3042 477 utrum
3092 420 3140 477 si
3193 436 3299 477 non
3347 426 3525 479 omnis

263 530 506 587 numeris
553 529 688 583 ratio
733 528 959 583 eorum?
1007 526 1343 597 Accipientes
1379 534 1555 581 autem
1586 524 1707 594 quia
1738 531 1844 588 est,

264 620 392 693 quid
424 620 584 690 igitur
613 628 695 676 est
715 618 855 675 ratio
894 619 1207 691 quaerimus.
1232 616 1385 686 Quod
1414 628 1594 673 autem
1621 616 1691 673 sit
1734 630 1849 671 me—
1880 650 1883 655 -

265 714 338 770 dii
353 712 600 785 quaestio,
619 711 917 769 ostenditur
932 712 1357 784 quandocunque
1376 711 1609 768 medium
1628 719 1709 765 est
1727 724 1851 767 sen-

264 808 439 865 sibile.
472 807 770 878 Quaerimus
800 808 944 864 enim
976 822 1082 863 non
1112 806 1406 864 sentientes
1442 815 1499 863 ut
1541 805 1611 863 de
1637 804 1849 862 defectu

266 904 312 961 si
341 913 440 973 est,
466 916 556 960 aut
579 920 706 959 non.
731 904 787 960 Si
800 918 929 960 vero
955 918 1199 961 essemus
1219 918 1383 973 super
1403 903 1729 971 lnnam,non
1755 902 1853 959 uti-

266 1012 371 1071 que
409 1010 777 1069 qua-reremns
822 1010 994 1066 neque
1038 995 1082 1052 si
1138 995 1218 1062 ﬁt,
1248 1011 1423 1067 neque
1474 1004 1694 1067 pr0pter
1722 994 1851 1065 quid

270 1089 350 1157 ﬁt,
377 1090 471 1145 sed
501 1088 662 1144 simul
691 1088 1028 1144 manifestum
1059 1090 1242 1160 utique
1263 1097 1411 1145 esset
1437 1097 1723 1160 utrumque
1744 1130 1759 1156 ,
1785 1104 1849 1145 ex

268 1198 337 1240 eo
361 1184 502 1240 enim
535 1182 677 1257 quod
722 1183 984 1239 sentimus
1013 1192 1067 1239 et
1096 1183 1399 1240 universale
1420 1183 1617 1240 factum
1644 1191 1727 1240 est
1757 1199 1855 1239 no-

270 1276 353 1333 bis
379 1284 583 1331 notum.
615 1276 820 1333 Sensus
848 1276 991 1331 enim
1018 1275 1159 1347 quod
1188 1292 1327 1332 nunc
1355 1276 1629 1347 objicitur,
1657 1285 1712 1332 et
1739 1291 1853 1331 ma-

272 1370 523 1427 nifestum
553 1379 635 1426 est
662 1369 804 1441 quod
833 1384 977 1426 nunc
1004 1369 1207 1437 deﬁcit,
1232 1387 1294 1427 ex
1322 1369 1405 1425 his
1434 1381 1613 1426 autem
1642 1371 1855 1426 univcr-

272 1461 387 1519 sale
429 1463 611 1532 utique
657 1461 854 1518 factum
905 1471 1007 1518 est.
1040 1462 1191 1519 Sicut
1248 1462 1408 1535 igitur
1449 1464 1681 1519 diximus
1710 1462 1853 1535 quod

273 1553 397 1626 quid
424 1563 508 1610 est
535 1554 679 1610 scire
723 1554 864 1610 idem
895 1564 975 1612 est
1004 1565 1058 1611 et
1088 1564 1310 1628 propter
1330 1556 1457 1629 quid
1490 1565 1594 1624 est,
1625 1556 1727 1611 hoc
1757 1571 1854 1610 au-

276 1654 387 1703 tem
434 1654 527 1703 aut
553 1655 636 1704 est
662 1646 1005 1718 simpliciter,
1036 1657 1089 1704 et
1140 1665 1246 1703 non
1274 1664 1461 1705 eorum
1508 1663 1627 1720 qua;
1673 1648 1859 1704 insunt

276 1740 478 1812 aliquid
503 1749 618 1809 est,
667 1751 759 1796 aut
788 1757 908 1813 quae
959 1743 1159 1808 insunt,
1203 1752 1262 1798 ut
1294 1744 1543 1813 quoniam
1589 1741 1696 1798 duo
1726 1742 1858 1797 recti

1952 517 2213 590 ejusdem,
2242 518 2338 574 sed
2367 517 2591 587 alicujus
2637 516 2878 586 ejusdem
2927 517 2997 571 sit
3038 514 3282 575 deﬁnitio
3326 527 3381 574 ct
3429 519 3529 574 de-

1954 611 2289 675 monstratio,
2319 627 2386 666 an
2430 612 2760 683 impossibile
2809 613 2916 679 sit;
2948 628 3053 669 non
3102 612 3246 667 enim
3281 612 3529 684 ejusdem

1953 703 2339 759 demonstratio
2382 706 2534 773 cujus
2574 713 2658 761 est
2698 705 2963 771 deﬁnitio,
3014 704 3254 762 deﬁnitio
3311 705 3529 775 quidem

1954 791 2121 864 ipsius
2146 795 2273 866 quid
2296 802 2398 862 est,
2420 804 2474 851 et
2490 796 2814 853 substantia:
2861 806 2962 866 est,
2993 797 3087 853 sed
3118 798 3533 855 demonstratio-

1956 882 2053 945 nes
2077 892 2267 944 omnes
2294 888 2548 945 videntur
2577 904 2898 963 supponere,
2951 899 3006 946 et
3033 892 3363 961 accipientes
3390 893 3547 964 quod,

1956 983 2081 1054 quid
2111 992 2213 1049 est,
2247 992 2305 1039 ut
2332 982 2723 1040 mathematicae
2743 985 2866 1056 quid
2895 987 3091 1054 unitas,
3116 994 3171 1042 ct
3190 987 3315 1058 quid
3339 987 3538 1067 impar,

1955 1093 2010 1145 et
2037 1084 2283 1140 similiter
2312 1084 2452 1140 aliis.
2499 1083 2763 1154 Amplius,
2796 1084 2971 1140 omnis
3002 1086 3391 1142 demonstratio
3442 1076 3539 1142 ali-

1956 1177 2081 1248 quid
2111 1176 2178 1233 de
2204 1177 2385 1249 aliquo
2414 1186 2697 1241 monstrat.
2732 1179 2927 1249 utquia
2957 1189 3060 1245 est,
3091 1189 3182 1236 aut
3206 1196 3311 1238 non
3344 1190 3459 1249 est;
3483 1182 3535 1239 in

1956 1270 2268 1328 definitione
2290 1283 2465 1328 autem
2491 1273 2622 1327 nihil
2645 1272 2871 1330 alterum
2901 1274 2967 1329 de
2998 1275 3169 1332 altero
3188 1277 3529 1347 przedicatur,

1960 1372 2017 1419 ut
2047 1379 2218 1434 neque
2249 1366 2389 1433 quod
2417 1364 2615 1419 animal
2658 1365 2723 1421 de
2755 1365 2966 1435 bipede,
2998 1383 3168 1438 neque
3194 1367 3295 1425 hoc
3325 1372 3390 1425 de
3416 1370 3538 1426 ani—

1961 1456 2109 1520 mali,
2142 1471 2316 1528 neque
2346 1458 2411 1514 de
2444 1459 2600 1529 plano
2628 1460 2816 1530 figura,
2840 1476 3012 1532 neque
3037 1462 3178 1517 enim
3210 1472 3289 1518 cst
3320 1464 3534 1534 planum

1962 1549 2150 1619 ﬁgura,
2187 1565 2359 1621 neque
2383 1550 2546 1623 figura
2580 1552 2817 1621 planum.
2851 1554 3110 1623 Amplius,
3143 1554 3370 1611 alterum
3400 1556 3542 1627 quod

1962 1646 2087 1716 quid
2116 1657 2219 1712 cst,
2247 1656 2302 1704 et
2356 1648 2478 1717 quia
2506 1656 2827 1715 monstrare,
2856 1647 3097 1705 deﬁnitio
3132 1650 3274 1705 enim
3302 1652 3427 1724 quid
3457 1663 3546 1708 est

1962 1738 2234 1807 ostendit,
2265 1739 2357 1795 sed
2398 1740 2782 1796 demonstratio
2803 1742 2927 1812 quia
2950 1752 3029 1797 est
3062 1742 3161 1799 hoc
3184 1741 3249 1798 de
3286 1742 3407 1811 hoc,
3456 1752 3546 1798 aut

278 1842 421 1900 sunt,
451 1841 544 1889 aut
569 1833 820 1904 quoniam
879 1833 1054 1906 majus
1090 1843 1181 1890 aut
1210 1837 1388 1892 minus
1416 1843 1520 1892 est.
1567 1836 1718 1904 Quod
1764 1835 1861 1908 igi-
1892 1829 1937 1889 Β
1966 1846 2072 1888 non
2105 1842 2210 1889 est.
2238 1832 2472 1889 Alterius
2495 1844 2672 1889 autem
2701 1834 2868 1888 altera
2895 1834 3281 1891 demonstratio
3312 1846 3414 1904 est,
3441 1836 3543 1890 nisi

280 1935 365 1983 tur
385 1926 561 1981 omnia
591 1941 711 1998 qua}
739 1935 1054 1997 quatruntur
1081 1928 1242 1985 medii
1265 1929 1491 2001 qumstio
1518 1929 1648 1999 sint,
1688 1928 1863 1984 mani-

283 2017 477 2074 festum
505 2025 609 2074 est.

894 2134 1124 2192 CAPUT
1164 2134 1249 2191 Ill.

287 2225 604 2297 Discrepatio
629 2229 765 2296 quod
798 2229 1162 2313 demonstratio
1188 2240 1235 2285 et
1262 2231 1495 2301 deﬁnitio
1516 2234 1615 2287 non
1638 2232 1867 2299 eiusdem

1009 2311 1129 2355 81M.

1009 2318 1129 2356 81111.

359 2412 638 2479 Quomodo
668 2420 846 2469 autem
877 2413 1019 2484 quod
1059 2415 1185 2487 quid
1226 2424 1309 2472 est
1361 2415 1785 2485 demonstratur,
1818 2426 1873 2473 et

290 2504 408 2575 quis
448 2504 641 2561 modus
667 2504 1104 2574 introductionis,
1154 2517 1206 2565 ct
1248 2508 1373 2579 quid
1416 2519 1502 2565 est
1525 2509 1787 2577 deﬁnitio,
1817 2519 1875 2566 et

289 2611 548 2667 quorum,
594 2598 869 2667 dicemus,
922 2599 1157 2670 primum
1210 2611 1550 2672 opponentes
1598 2602 1666 2656 de
1720 2603 1869 2671 ipsis.

292 2689 619 2760 Principium
665 2700 845 2747 autem
888 2693 957 2747 sit
1005 2691 1327 2758 futurorum,
1375 2693 1516 2763 quod
1563 2693 1775 2764 quidem
1805 2694 1877 2748 sit

294 2783 525 2840 maxime
572 2786 847 2857 proprium
889 2786 1087 2843 habitis
1124 2787 1437 2844 rationibus.
1480 2787 1755 2844 Dubitabit
1783 2803 1877 2843 au-

296 2884 403 2931 tem
431 2876 623 2948 aliquis
652 2888 828 2933 utrum
859 2878 930 2934 sit
957 2880 1098 2936 idem
1122 2921 1135 2945 ,
1166 2890 1219 2936 et
1246 2880 1539 2936 secundum
1571 2880 1712 2936 idem
1744 2880 1880 2937 deﬁ-

301 2967 508 3023 nitione
554 2971 693 3026 scire
737 2981 793 3027 et
840 2972 1303 3031 demonstratione
1331 2975 1495 3040 scire,
1544 2985 1637 3032 aut
1680 2976 1749 3031 sit
1778 2977 1880 3031 im-

296 3060 571 3130 possibile.
602 3061 849 3119 Definitio
890 3065 1035 3120 enim
1085 3067 1253 3137 ipsius
1295 3067 1437 3139 quod
1487 3067 1614 3138 quid
1645 3076 1729 3123 est
1757 3082 1879 3125 esse

298 3151 510 3208 videtur
541 3169 554 3219 ;
587 3154 731 3225 quod
776 3165 956 3212 autem
1005 3158 1132 3228 quid
1164 3167 1249 3215 est
1302 3173 1463 3215 omne
1494 3159 1795 3217 universale
1825 3169 1881 3217 et

300 3246 701 3317 praedicativum
726 3260 838 3316 est;
890 3251 1192 3324 syllogismi
1221 3262 1399 3309 autem
1449 3266 1595 3322 sunt,
1641 3255 1731 3310 alii
1759 3256 1879 3325 qui-

300 3336 421 3395 dem
453 3340 726 3410 privativi,
778 3343 866 3398 alii
915 3358 1043 3400 vero
1092 3360 1200 3401 non
1258 3348 1608 3412 universales,
1655 3347 1796 3402 sicut
1827 3348 1881 3403 in

300 3431 533 3488 secunda
569 3433 734 3504 figura
774 3435 1023 3505 privativi
1057 3453 1242 3493 omnes
1288 3448 1442 3506 sunt,
1482 3440 1532 3493 in
1567 3439 1720 3494 tertia
1754 3453 1883 3494 vero

302 3537 408 3579 non
432 3525 783 3584 universales.
814 3527 942 3585 Post
970 3544 1031 3585 ea
1060 3545 1237 3601 neque
1265 3546 1451 3587 eorum
1481 3548 1600 3604 (ιιιτε
1628 3532 1683 3587 ἱιι
1714 3534 1883 3601 prima

302 3614 467 3687 ﬁgura
499 3619 962 3689 praedicativornm
989 3626 1230 3681 omnium
1260 3634 1346 3681 est
1380 3626 1641 3696 deﬁnitio,
1666 3636 1723 3683 ut
1752 3642 1888 3697 quo-

301 3707 444 3765 niam
463 3712 638 3767 omnis
668 3713 964 3786 triangulus
990 3717 1199 3773 duobus
1235 3721 1400 3775 rectis
1433 3712 1594 3776 habet
1624 3721 1882 3791 aequales.

303 3802 473 3875 Hujus
520 3813 699 3862 autem
753 3809 889 3863 ratio
937 3819 1041 3877 εει,
1084 3812 1335 3882 quoniam
1380 3798 1520 3870 seire
1550 3813 1889 3869 demonstra-

302 3894 409 3951 bile
460 3907 541 3952 est
560 3898 1075 3958 demonstrationem
1109 3903 1330 3971 habere,
1359 3920 1523 3978 quare
1550 3906 1593 3961 si
1618 3905 1669 3961 in
1696 3907 1890 3961 talibus

302 3997 388 4044 est
416 3988 824 4060 demonstratio,
871 4004 955 4050 es:
985 3996 1328 4053 manifestum
1361 3999 1503 4069 quod
1557 4016 1663 4055 non
1702 4000 1889 4070 utique

306 4084 413 4138 erit
453 4098 638 4140 corum
667 4087 927 4143 deﬁnitio.
953 4089 1102 4146 Sciet
1132 4091 1271 4146 cnim
1298 4093 1479 4162 utique
1508 4092 1699 4163 aliquis
1721 4103 1773 4147 et
1803 4108 1891 4148 se-

302 4173 537 4230 cundum
565 4177 952 4252 deﬁnitionem,
979 4198 1084 4239 non
1108 4182 1310 4239 habens
1340 4185 1886 4251 demonstrationem,

304 4266 439 4322 nihil
458 4266 601 4323 enim
627 4271 873 4339 prohibet
903 4289 1010 4329 non
1041 4274 1204 4331 simul
1228 4275 1445 4332 habere.
1476 4275 1688 4332 Sufficit
1710 4287 1891 4331 autem

306 4358 439 4415 fides
464 4370 519 4415 et
570 4375 639 4416 ex
693 4362 1026 4435 inductione,
1056 4366 1188 4422 nihil
1234 4368 1378 4423 enim
1429 4368 1746 4424 deﬁnientes
1793 4367 1893 4422 ali-

305 4453 515 4522 quando
541 4450 953 4527 cognoscemus,
977 4475 1151 4531 neque
1173 4476 1358 4517 eorum
1392 4476 1512 4533 quas
1542 4476 1639 4533 per
1663 4476 1723 4517 se
1745 4470 1893 4527 sunt,

309 4560 481 4616 neque
504 4563 623 4618 quae
647 4551 942 4607 secundum
967 4554 1237 4609 accidens.
1264 4555 1527 4624 Amplius,
1552 4555 1597 4610 si
1655 4554 1895 4610 deﬁnitio

308 4641 617 4698 substantia:
640 4645 886 4715 quaedam
914 4648 1149 4719 cognitio
1190 4658 1293 4714 est,
1326 4648 1637 4718 hujusmodi
1666 4646 1893 4703 manife-

306 4741 447 4789 stum
477 4744 563 4790 est
590 4736 734 4806 quod
768 4753 876 4793 non
908 4741 1016 4794 sint
1036 4740 1370 4810 substantim,
1402 4743 1651 4812 quoniam
1676 4742 1890 4813 quidem

308 4824 472 4896 igitur
503 4842 609 4883 non
639 4838 725 4886 est
743 4830 986 4887 deﬁnitio
1007 4835 1185 4889 omnis
1206 4836 1358 4905 cujus
1383 4846 1461 4889 est
1480 4836 1890 4907 demonstratio,

307 4920 644 4976 manifestum
672 4933 773 4981 est.
804 4923 942 4994 Quid
963 4936 1140 4982 autem
1169 4926 1321 4997 cujus
1353 4936 1435 4982 est
1462 4924 1725 4997 deﬁnitio,
1758 4946 1896 4985 nun-

307 5015 435 5089 quid
463 5016 635 5071 omnis
671 5019 1062 5075 demonstratio
1088 5031 1193 5087 est,
1226 5029 1320 5075 aut
1348 5023 1493 5075 non?
1525 5037 1627 5075 una
1673 5022 1890 5092 quidem

305 5107 417 5176 jam
464 5107 599 5161 ratio
624 5116 679 5163 et
703 5107 771 5163 de
817 5106 919 5164 hoc
947 5108 1136 5164 eadem
1164 5122 1266 5174 est,
1298 5110 1457 5166 unius
1486 5113 1630 5167 enim
1662 5113 1891 5183 inquan-

307 5209 421 5256 tum
470 5217 631 5256 unum
661 5211 747 5258 est
792 5217 900 5258 una
947 5204 1194 5269 scientia,
1250 5218 1416 5273 quare
1446 5206 1489 5259 si
1523 5206 1708 5275 utique
1751 5209 1891 5264 scire

306 5293 727 5352 demonstrabile
775 5305 857 5351 est
886 5296 1400 5352 demonstrationem
1445 5298 1665 5364 habere,
1697 5300 1895 5356 accidit

307 5388 574 5459 quoddam
628 5389 1005 5461 impossibile,
1058 5391 1425 5447 deﬁnitionem
1478 5396 1622 5448 enim
1686 5393 1890 5449 habens

304 5481 425 5535 sine
449 5480 907 5538 demonstratione
926 5483 1079 5539 sciet.
1101 5484 1366 5553 Amplius,
1392 5484 1648 5554 principia
1671 5480 1899 5541 demon:

303 5574 628 5631 strationum
656 5585 783 5633 sunt
810 5575 1174 5642 deﬁnitiones,
1220 5592 1446 5647 quorum
1479 5592 1584 5631 non
1630 5592 1752 5633 esse
1789 5576 1890 5632 dc-

302 5670 725 5726 monstrationes
749 5678 1105 5727 monstratum
1131 5678 1213 5725 est
1236 5671 1385 5740 prius
1412 5688 1423 5724 :
1447 5679 1538 5725 aut
1564 5670 1706 5725 enim
1736 5678 1894 5725 erunt

307 5762 566 5833 principia
595 5763 1053 5828 demonstrabilia,
1094 5772 1150 5819 et
1178 5765 1559 5834 principiorum
1605 5765 1887 5834 principia,

307 5859 361 5908 ει
399 5855 502 5911 hoc
529 5855 583 5911 in
633 5855 898 5913 inﬁnitum
948 5857 1112 5911 abibit
1139 5872 1154 5921 ;
1186 5865 1276 5911 aut
1322 5857 1506 5927 pritnze
1553 5855 1891 5914 deﬁnitiones

758 5952 1029 6014 Ρηιιοι.
1068 5952 1286 6015 LXIV.

1970 1930 2039 1984 sit
2075 1937 2324 1999 tanquam
2356 1943 2479 1999 pars
2526 1928 2770 1999 quasdam
2825 1930 2986 1985 totius
3031 1929 3158 2002 (hoc
3201 1942 3378 1986 autem
3426 1929 3549 1985 dico

1969 2022 2110 2094 quod
2142 2033 2415 2081 ostensum
2463 2034 2545 2080 est
2575 2025 2782 2079 duobus
2809 2026 2969 2081 rectis
2996 2026 3230 2095 mquales
3258 2025 3453 2083 habere
3482 2025 3550 2081 de

1970 2118 2213 2185 isoscele,
2244 2119 2289 2174 si
2319 2118 2497 2174 omnis
2519 2126 2766 2173 ostensus
2792 2127 2874 2173 est
2900 2118 3219 2189 triangulus,
3256 2131 3378 2189 pars
3406 2118 3550 2179 enim

1974 2210 2074 2266 hoc
2112 2221 2215 2275 εει,
2262 2208 2391 2265 illud
2420 2210 2609 2279 totum)
2637 2226 2653 2276 ;
2686 2211 2799 2265 haec
2844 2218 3021 2265 autem
3071 2212 3146 2265 ad
3185 2210 3413 2267 invicem
3444 2227 3551 2266 non

1974 2318 2093 2359 sese
2125 2303 2324 2358 habent
2346 2302 2421 2357 sic
2442 2343 2458 2370 ,
2505 2313 2560 2359 ει
2587 2304 2707 2373 quia
2739 2313 2841 2364 est.
2888 2314 2943 2357 et
2981 2304 3106 2374 quid
3136 2316 3239 2371 est,
3274 2321 3378 2360 non
3409 2306 3551 2360 enim

1974 2396 2201 2450 alterum
2227 2404 2309 2451 est
2329 2396 2550 2451 alterius
2579 2411 2721 2464 pars.
2748 2394 3081 2450 Manifestum
3102 2394 3283 2467 itaque
3301 2399 3553 2466 quoniam

1976 2500 2151 2556 neque
2179 2486 2331 2555 cujus
2352 2485 2618 2551 deﬁnitio,
2646 2486 2821 2539 omnis
2846 2485 3002 2555 hujus
3033 2486 3441 2553 demonstratio,
3465 2504 3554 2543 ne.

1976 2594 2082 2649 que
2112 2579 2264 2648 cujus
2292 2578 2467 2634 omnis
2518 2577 2590 2633 sit
2617 2577 3029 2646 demonstratio,
3069 2587 3123 2633 et
3171 2579 3330 2648 hujus
3376 2581 3555 2635 omnis

1978 2674 2046 2728 sit
2091 2673 2351 2729 deﬁnitio.
2380 2673 2559 2740 Quare
2587 2673 2808 2727 omnino
2836 2672 3077 2742 ejusdem
3107 2673 3303 2728 nullius
3347 2676 3555 2731 contin-

1978 2765 2055 2837 git
2082 2773 2312 2834 utraque
2336 2765 2554 2822 habere.
2588 2764 2923 2821 Manifestum
2956 2776 3039 2822 est
3079 2766 3255 2838 itaque
3295 2767 3438 2839 quod
3470 2784 3557 2825 ηε·

1979 2873 2085 2928 que
2132 2858 2376 2913 deﬁnitio
2440 2868 2495 2913 et
2536 2857 2923 2913 demonStratio
2970 2874 3143 2930 neque
3198 2860 3341 2915 idem
3385 2871 3556 2928 erunt,

1982 2965 2158 3022 neque
2197 2950 2428 3007 alterum
2472 2950 2523 3006 in
2564 2950 2753 3016 altero,
2792 2960 2844 3006 et
2879 2967 3109 3021 namque
3142 2952 3383 3022 subjecta
3418 2953 3561 3009 εἰιιιῑο

1982 3046 2105 3102 liter
2144 3060 2205 3102 se
2234 3043 2516 3101 haberent.
2557 3044 2681 3100 Haec
2720 3059 2850 3115 ergo
2899 3061 3067 3115 usque
3118 3045 3220 3102 huc
3252 3044 3560 3101 addubitata

1983 3148 2128 3196 sunt.

2607 3252 2833 3311 CAPUT
2874 3253 2959 3310 ιν.
3516 3310 3521 3317 ,

2024 3352 2336 3425 Syllagismo
2364 3348 2612 3422 duplante
2636 3365 2737 3432 non
2770 3348 3107 3403 demonstrari
3134 3350 3255 3415 quid
3280 3357 3354 3403 est
3381 3350 3446 3404 de
3475 3365 3534 3404 eo

2645 3436 2793 3491 cujus
2823 3432 2916 3473 est.

2061 3538 2235 3609 Ipsius
2264 3546 2441 3593 autem
2490 3534 2615 3606 quid
2646 3544 2729 3590 est
2758 3542 2933 3588 utrum
2990 3533 3328 3604 syllogismus
3382 3532 3472 3597 sit,
3522 3543 3570 3591 cl

1988 3631 2382 3689 demonstratio
2428 3640 2519 3684 aut
2551 3644 2681 3694 non,
2727 3628 2864 3684 sicut
2912 3642 3055 3683 nunc
3103 3627 3241 3682 ratio
3270 3626 3570 3697 supposuit.

1990 3724 2345 3797 Syllogismus
2392 3723 2538 3779 enim
2588 3710 2913 3794 aliquidde
2951 3722 3131 3793 aliquo
3176 3730 3438 3778 monstrat
3481 3732 3578 3790 per

1992 3819 2247 3879 medium,
2276 3818 2370 3873 sed
2392 3816 2518 3887 quid
2550 3825 2651 3881 est,
2685 3816 2957 3885 proprium
2986 3815 3201 3887 quidem
3231 3822 3334 3880 est,
3364 3822 3418 3869 et
3437 3814 3489 3869 in
3513 3828 3579 3869 co

1992 3912 2132 3982 quod
2161 3911 2289 3982 quid
2334 3920 2417 3966 est
2452 3909 2796 3980 praedicatur,
2843 3908 2947 3963 hoc
2994 3919 3173 3964 autem
3218 3920 3443 3963 necesse
3493 3913 3582 3962 est

1993 4004 2258 4059 converti.
2294 4004 2348 4058 Si
2379 4003 2524 4059 enim
2552 4001 2652 4072 ipsi
2683 4018 2710 4056 ι
2732 4001 3009 4073 proprium
3039 4009 3123 4056 est
3148 4017 3203 4066 a,
3235 3998 3581 4056 manifestum

1994 4113 2205 4169 quoque
2234 4107 2289 4152 et
2311 4097 2407 4167 ipsi
2439 4095 2488 4162 b,
2515 4105 2570 4151 ct
2611 4096 2713 4150 hoc
2735 4096 2833 4165 ipsi
2860 4111 2909 4164 c,
2941 4109 3108 4165 quare
3154 4092 3333 4149 omnia
3363 4100 3488 4147 sunt
3513 4089 3584 4147 ad

1998 4192 2224 4248 invicem
2256 4208 2270 4257 ;
2300 4200 2353 4245 at
2379 4206 2506 4245 vero
2528 4198 2582 4244 et
2611 4190 2655 4244 si
2691 4205 2722 4243 a
2753 4191 2803 4243 in
2843 4203 2909 4245 eo
2936 4187 3078 4258 quod
3102 4188 3229 4258 quid
3269 4194 3352 4243 est
3378 4186 3524 4242 omni
3551 4183 3584 4237 b

1997 4288 2154 4351 inest,
2186 4296 2240 4340 et
2270 4283 2643 4341 universaliter
2672 4283 2701 4336 b
2726 4281 2794 4339 de
2822 4283 2967 4337 omni
3016 4299 3043 4335 c
3073 4281 3126 4336 in
3160 4296 3226 4338 eo
3265 4281 3406 4347 quod
3453 4278 3578 4350 quid

1998 4387 2079 4433 cst
2116 4378 2330 4443 dicitur,
2377 4392 2596 4432 necesse
2624 4384 2708 4432 est
2754 4394 2786 4430 a
2816 4378 2869 4431 in
2911 4391 2976 4432 eo
3007 4376 3150 4447 quod
3194 4375 3321 4446 quid
3351 4384 3433 4430 est
3462 4374 3531 4429 de
3557 4388 3583 4427 ι

2000 4475 2106 4529 dici
2134 4492 2146 4537 ;
2178 4475 2225 4530 si
2253 4488 2385 4529 vero
2434 4488 2539 4527 non
2582 4472 2660 4527 sic
2691 4471 2884 4543 accipit
2928 4471 3120 4540 aliquis
3146 4469 3445 4538 duplicans,
3477 4482 3584 4523 non

2005 4580 2226 4623 necesse
2251 4567 2355 4620 erit
2384 4564 2424 4618 ιι
2447 4565 2499 4620 in
2547 4579 2613 4620 eo
2646 4563 2795 4645 quod
2825 4562 2951 4633 quid
2981 4570 3068 4619 est
3118 4560 3395 4631 prmdicari
3422 4559 3491 4616 de
3534 4576 3584 4627 ε,

1997 4660 2091 4714 sed
2142 4660 2185 4713 si
2231 4676 2262 4712 a
2301 4658 2367 4713 de
2397 4658 2423 4711 b
2467 4657 2518 4711 in
2557 4671 2624 4713 eo
2657 4655 2797 4727 quod
2827 4655 2954 4727 quid
2982 4663 3088 4721 est,
3113 4669 3218 4709 non
3256 4662 3433 4709 autem
3462 4652 3492 4706 ιι
3519 4652 3585 4707 de

1998 4764 2318 4820 quocunque
2350 4748 2401 4802 in
2431 4763 2496 4802 eo
2534 4746 2675 4817 quod
2716 4745 2842 4817 quid
2872 4754 2991 4811 est,
3026 4745 3197 4816 ipsum
3246 4752 3425 4800 autem
3455 4742 3584 4813 quid

1998 4848 2083 4894 est
2111 4849 2335 4909 utraque
2366 4837 2638 4892 habebunt
2665 4876 2680 4901 ,
2706 4836 2773 4891 de
2802 4824 2903 4891 hoc
2941 4836 3044 4892 erit
3086 4836 3270 4906 utique
3298 4844 3357 4889 et.
3386 4834 3415 4887 b
3458 4833 3526 4888 dc
3555 4849 3582 4885 ε
3653 4866 3663 4911 ι

2001 4931 2052 4985 in
2083 4945 2149 4986 eo
2180 4929 2321 5000 quod
2351 4927 2475 4999 quid
2507 4938 2610 4983 εει.
2640 4928 2696 4983 Si
2730 4927 2891 4995 igitur
2920 4926 3059 4996 quod
3090 4925 3218 4998 quid
3250 4931 3334 4978 est
3372 4918 3580 4991 etquid

3658 4925 3665 4963 ἰ

3660 4970 3667 5011 l

1998 5029 2113 5077 erat
2136 5035 2255 5075 esse
2275 5028 2501 5090 utraque
2527 5018 2743 5086 habent,
2774 5017 2828 5073 in
2858 5018 3033 5074 medio
3062 5016 3290 5073 termino
3312 5014 3417 5071 erit
3438 5014 3585 5083 prius
3660 5016 3666 5071 ἔ

2000 5113 2140 5183 quod
2177 5112 2302 5183 quid
2333 5123 2450 5166 erat
2496 5126 2639 5177 csse,
2690 5121 2745 5165 et
2798 5110 3019 5165 omnino
3066 5109 3111 5163 si
3152 5115 3237 5163 est
3279 5112 3579 5161 monstrare

1999 5206 2127 5276 quid
2156 5216 2237 5261 est
2271 5206 2451 5270 homo,
2483 5206 2553 5259 sit
2593 5222 2620 5257 c
2652 5207 2830 5269 homo,
2880 5221 2912 5258 α
2948 5216 3075 5258 vero
3124 5200 3265 5271 quod
3295 5200 3424 5271 quid
3480 5210 3584 5265 εει,

2001 5299 2112 5354 sive
2143 5299 2338 5353 animal
2384 5298 2556 5368 bipes,
2588 5298 2698 5353 sive
2728 5295 2929 5367 aliquid
2961 5293 3127 5349 aliud.
3156 5293 3212 5349 Si
3242 5306 3372 5362 ergo
3412 5291 3579 5363 syllo-

1998 5395 2201 5466 gizatur
2228 5412 2259 5447 a
2284 5394 2351 5448 de
2389 5411 2436 5460 c,
2484 5407 2704 5449 necesse
2744 5400 2827 5448 est
2871 5408 2903 5444 a
2926 5392 2993 5445 de
3026 5388 3170 5445 omni
3202 5388 3230 5441 b
3258 5387 3535 5458 praedicari
3566 5406 3579 5451 ;

2000 5484 2156 5556 hujus
2179 5494 2352 5541 autem
2384 5485 2487 5540 erit
2523 5485 2623 5539 alia
2654 5482 2827 5539 media
2871 5482 3029 5544 ratio,
3062 5494 3227 5549 quare
3262 5490 3313 5535 et
3347 5479 3447 5533 hoc
3474 5479 3581 5531 crit

1995 5576 2137 5648 quod
2180 5576 2305 5647 quid
2360 5585 2443 5631 est
2486 5576 2667 5641 homo,
2714 5573 2908 5643 accipit
2962 5572 3127 5641 igitur
3174 5571 3315 5642 quod
3365 5580 3580 5640 oportet

1995 5669 2302 5735 ostendere,
2336 5667 2535 5723 etrnim
2561 5668 2586 5720 b
2617 5681 2696 5722 εει
2720 5664 2859 5733 quod
2885 5662 3006 5733 quid
3029 5673 3110 5717 est
3132 5662 3385 5718 hominis.
3408 5661 3578 5733 Opor-

1998 5772 2068 5818 tct
2101 5775 2277 5818 autem
2325 5764 2375 5816 in
2408 5761 2614 5815 duabus
2647 5756 3134 5830 propositionibus,
3187 5766 3239 5811 ει
3292 5756 3499 5827 primis,
3531 5776 3557 5805 l'

2000 5855 2322 5910 iiutuediatis
2380 5852 2719 5907 considerare
2807 5850 3034 5904 max-imo
3074 5851 3214 5903 cuitu
3247 5845 3582 5903 manifestum

3036 5941 3112 6004 9’s

3730 2822 3756 2844 κ
