4056 6330
539 436 636 489 7:7
1782 432 1893 484 an.
1934 429 2140 486 MANL.
2180 427 2332 487 ssv.
2374 414 2597 487 suum

3703 426 3803 484 748

539 549 679 617 quod
722 548 933 611 dicitur,
964 544 1043 599 ﬁt.
1090 544 1188 599 Per
1218 541 1627 597 conversionem
1675 541 1890 611 quidem
1942 541 2382 613 igituermnis
2443 559 2550 600 nou
2627 553 2711 601 est
2755 542 3033 609 deﬁnitio,
3082 558 3250 614 quare
3295 543 3484 614 quavis
3534 541 3801 597 divisione

539 650 896 698 monstrantes
921 636 1048 706 quid
1082 644 1165 692 est
1192 635 1393 701 anima,
1419 642 1512 688 aut
1537 633 1664 703 quid
1693 642 1775 689 est
1802 632 1985 700 homo,
2020 642 2112 690 aut
2216 637 2567 704 monstravit,
2595 635 2693 693 sed
2718 646 2896 692 tamen
2921 634 3189 701 deﬁnitio,
3216 649 3322 690 non
3348 634 3700 707 syllogisnms
3726 640 3800 688 ut.

536 736 678 791 aliud
707 732 979 803 quodlibet
1002 745 1187 787 eorum
1215 744 1338 800 quae
1363 736 1507 790 sunt,
1539 727 1681 798 quod
1708 735 1876 783 estex
1908 727 2111 795 princi-

535 831 626 899 pio
658 837 860 896 petunt,
890 835 943 882 ut
966 824 1010 880 si
1035 824 1155 895 quis
1178 832 1326 893 putet
1343 823 1577 881 animam
1598 837 1721 879 esse
1734 821 1981 879 eamdem
2005 820 2111 878 sibi

536 920 634 991 ipsi
666 932 878 974 causam
908 914 1141 980 vivendi,
1183 915 1287 972 hoc
1338 922 1516 971 autem
1548 929 1831 973 numerum
1857 912 2111 971 eumdem

434 1018 437 1021 ’
535 1014 767 1084 seipsum
800 1018 1139 1077 moventem,
1195 1023 1415 1065 necesse
1443 1016 1529 1064 est
1572 1009 1714 1065 enim
1769 1018 1951 1077 petere
1991 1008 2116 1063 ani-

492 1130 499 1147 ι
535 1122 676 1162 ωιτη
728 1105 829 1159 hoc
869 1118 991 1159 esse
1020 1100 1163 1173 quod
1214 1116 1499 1155 numerum
1547 1115 1669 1156 esse
1698 1115 1757 1155 se
1788 1100 1965 1170 ipsum
2003 1114 2119 1154 mo.

495 1186 511 1231 ἶ
536 1208 747 1254 ventem
776 1196 855 1251 sic
882 1197 1021 1251 sicut
1046 1193 1209 1248 idem.
1234 1192 1346 1247 Non
1374 1192 1517 1248 enim
1545 1193 1591 1247 si
1616 1191 1962 1262 consequitur
1982 1209 2015 1246 a
2059 1192 2111 1258 ὁ,

534 1300 590 1346 ει
612 1289 711 1344 hoc
761 1306 808 1355 c,
838 1291 941 1343 erit
970 1287 1023 1342 in
1050 1288 1164 1358 ipso
1191 1304 1217 1340 c
1269 1303 1301 1340 a
1327 1284 1469 1356 quod
1492 1294 1608 1340 erat
1629 1300 1770 1349 esse,
1799 1284 1895 1340 sed
1927 1300 2114 1340 verum

535 1385 637 1438 erit
660 1380 839 1436 dicere
869 1396 895 1433 ο
922 1379 1111 1455 solum.
1145 1376 1326 1448 Neque
1355 1378 1400 1431 si
1438 1386 1522 1432 est
1550 1394 1583 1431 a
1608 1376 1751 1448 quod
1772 1377 1898 1448 quid
1925 1386 2029 1445 est,
2062 1385 2117 1433 et

535 1476 603 1532 de
640 1476 668 1530 b
705 1474 1025 1547 praedicatur
1069 1472 1237 1540 omni,
1285 1482 1338 1527 et
1392 1485 1621 1541 namque
1669 1470 1920 1528 animalis
1990 1484 2112 1527 esse

537 1568 857 1637 prcedicatur
904 1565 971 1621 de
1023 1563 1252 1619 hominis
1296 1577 1455 1630 esse,
1490 1578 1676 1618 verum
1725 1564 1871 1619 enim
1920 1571 2006 1619 est
2049 1563 2120 1619 de

537 1661 680 1715 omni
712 1658 941 1713 hominis
993 1672 1111 1712 esse
1161 1654 1405 1709 animalis
1426 1669 1571 1720 esse,
1603 1654 1744 1711 sicut
1770 1664 1823 1710 et
1853 1654 1923 1709 de
1965 1655 2113 1709 omni

536 1750 756 1808 homine
781 1752 997 1819 animal,
1039 1750 1133 1807 sed
1163 1766 1267 1805 non
1290 1749 1367 1805 sic
1390 1750 1533 1805 sicut
1560 1765 1729 1805 unum
1751 1764 1897 1808 esse.
1927 1750 1985 1807 Si
2009 1750 2122 1821 qui-

538 1847 657 1903 dem
679 1847 838 1919 igitur
870 1862 972 1903 non
1002 1847 1079 1901 sic
1108 1844 1351 1916 accipiat,
1384 1860 1489 1900 non
1526 1846 1878 1919 syllogizatur
1909 1845 2050 1916 quod
2084 1862 2117 1899 a

2823 747 3049 804 CAPUT
3088 746 3175 803 Vl.

2256 839 2379 896 Non
2418 843 2688 895 monstrari
2726 840 3078 910 definitionem
3123 839 3370 894 sumendo
3413 808 3769 902 deﬁniiionent

2419 911 2766 981 deﬁnitionis,
2806 927 2967 981 neque
3001 911 3299 981 deﬁnitione
3332 910 3602 965 contrarii.

2288 1024 2396 1081 Sed
2424 1034 2601 1082 utrum
2633 1025 2707 1081 sit
2732 1024 3107 1081 demonstrare
3130 1024 3272 1095 quod
3312 1022 3443 1095 quid
3482 1031 3571 1079 est
3610 1035 3806 1077 secun-

2220 1117 2345 1173 dum
2389 1118 2747 1175 substantiam
2786 1133 2853 1174 es
2902 1116 3215 1173 conditione
3261 1116 3618 1186 scdpientem
3666 1113 3806 1182 quod

2221 1214 2351 1283 quid
2394 1224 2510 1269 erat
2549 1228 2669 1269 esse
2690 1256 2706 1281 ,
2731 1213 2875 1285 quod
2904 1221 2986 1269 est
3014 1228 3081 1268 es
3105 1212 3172 1267 iis
3191 1225 3311 1282 qua:
3332 1219 3459 1265 sunt
3483 1208 3541 1265 in
3569 1221 3641 1263 eo
3670 1204 3809 1277 quod

2223 1304 2350 1374 quid
2379 1314 2462 1360 est
2502 1305 2754 1375 propriis.
2788 1303 2913 1359 Hac
2952 1310 3133 1359 autem
3175 1302 3229 1357 in
3266 1315 3336 1358 eo
3370 1299 3516 1372 quod
3553 1297 3689 1369 quid
3729 1303 3808 1351 est

2222 1395 2335 1451 sola
2356 1436 2371 1461 ,
2404 1405 2459 1450 et
2488 1396 2761 1466 proprium
2791 1405 2874 1451 est
2900 1408 3064 1451 omne
3082 1435 3098 1460 ,
3128 1395 3235 1450 boe
3258 1394 3404 1450 enim
3429 1402 3516 1449 est
3556 1405 3685 1448 esse
3710 1389 3802 1444 illi.

2224 1488 2305 1543 An
2349 1489 2539 1544 iterum
2581 1487 2791 1557 accepit
2828 1485 2971 1557 quod
3013 1487 3141 1558 quid
3179 1493 3299 1541 erat
3334 1498 3457 1541 esse
3482 1490 3544 1538 et
3580 1483 3635 1537 in
3670 1479 3806 1536 hoc?

2224 1596 2447 1637 necesse
2476 1588 2563 1638 est
2589 1581 2734 1636 enim
2763 1595 2861 1649 per
2888 1579 3124 1635 medium
3155 1589 3480 1634 monstrare.
3526 1574 3802 1645 Amplius,

2222 1676 2364 1731 sicut
2403 1689 2577 1743 neque
2618 1673 2671 1728 in
2711 1672 3026 1744 syllogismo
3065 1671 3327 1742 accipitur
3365 1667 3508 1740 quod
3554 1667 3685 1739 quid
3724 1673 3804 1721 est

2221 1766 2580 1838 syllogiure,
2612 1779 2827 1835 semper
2852 1765 2998 1821 enim
3029 1774 3136 1820 tota
3177 1774 3271 1819 aut
3327 1778 3453 1833 pars
3482 1772 3572 1817 est
3609 1773 3805 1831 propo-

2223 1860 2374 1926 sitio,
2397 1876 2462 1917 ex
2488 1859 2684 1929 quibus
2704 1867 2789 1916 est
2810 1858 3152 1930 syllogismus
3171 1901 3186 1925 ,
3216 1856 3292 1911 sic
3314 1869 3489 1926 neque
3512 1852 3659 1924 quod
3683 1850 3803 1923 quid

538 1940 603 1995 sit
630 1939 692 2021 in
739 1956 768 1993 ο
819 1938 960 2010 quod
1004 1937 1129 2009 quid
1160 1949 1275 1993 erat
1316 1952 1438 1993 esse
1469 1947 1519 1993 et
1546 1937 1876 2003 substantia;
1908 1938 1952 1991 si
1984 1952 2117 1992 vero
2147 1936 2306 2009 Βεει
2361 1968 2482 2009 esse
2522 1961 2738 2023 οροηει
2775 1966 2899 2009 esse
2937 1952 2991 2006 ί,
3031 1949 3376 2021 "nassum,
3423 1946 3519 2003 κά
3562 1958 3801 2000 εωηω

540 2035 614 2090 sic
647 2032 895 2101 accipiat,
938 2035 1086 2102 prius
1110 2031 1213 2087 erit
1241 2030 1513 2102 accipiens
1558 2031 1613 2086 in
1644 2047 1691 2096 ε,
1740 2029 1990 2100 quoniam
2035 2038 2120 2089 est

541 2128 676 2201 quod
697 2127 825 2200 quid
847 2139 962 2184 erat
992 2142 1114 2183 esse
1146 2127 1196 2193 b,
1224 2140 1392 2196 quare
1415 2142 1520 2181 non
1554 2126 1983 2182 demonstratum
2014 2135 2118 2192 est,

536 2222 677 2297 quod
699 2223 840 2280 enim
862 2230 977 2278 erat
1000 2222 1051 2275 in
1086 2220 1349 2291 principio
1369 2221 1602 2291 accepit.

1165 2375 1391 2432 CAPUT
1430 2378 1494 2431 V.

540 2470 721 2546 Neque
756 2472 892 2527 idem
929 2472 1057 2543 efﬁci
1103 2488 1251 2541 posse
1301 2488 1391 2543 per
1429 2470 1733 2527 divisionem
1796 2473 2116 2545 syllogismo.

609 2608 676 2663 At
702 2622 831 2662 vero
864 2621 1040 2677 neque
1070 2621 1165 2676 per
1203 2605 1519 2662 divisionem
1561 2608 1644 2661 via
1686 2617 1770 2662 est
1807 2608 2125 2678 syllogizare

538 2700 674 2755 sicut
706 2699 755 2752 in
787 2698 1114 2755 resolutione
1141 2700 1282 2753 circa
1317 2699 1514 2768 tiguras
1542 2696 1741 2754 dictum
1773 2707 1876 2757 est.
1909 2699 2121 2767 Nequa-

535 2808 696 2864 quam
737 2793 880 2848 enim
922 2804 1143 2847 necesse
1187 2791 1244 2844 lit
1292 2804 1406 2845 rem
1460 2789 1604 2845 illam
1646 2804 1794 2854 esse,
1838 2806 1958 2844 cum
2005 2788 2124 2845 Ιιίιιε

539 2886 675 2955 sint,
706 2884 798 2940 sed
829 2884 964 2940 sicut
984 2898 1156 2949 neque
1178 2882 1435 2937 inducens
1452 2881 1807 2938 demonstrat.
1840 2882 1956 2938 Non
1975 2883 2139 2939 enim

539 2985 749 3047 oportet
790 2976 1192 3031 conclusionem
1234 2974 1566 3044 interrogare
1588 3015 1603 3039 ,
1637 2990 1813 3044 neque
1844 2976 1894 3030 in
1927 2991 2121 3031 conce-

539 3069 715 3126 dendo
740 3084 858 3124 esse
876 3109 892 3135 ,
920 3069 1016 3123 sed
1044 3081 1265 3123 necesse
1293 3075 1375 3122 est
1400 3081 1523 3122 esse
1551 3083 1673 3122 cum
1705 3068 1817 3123 sint
1843 3068 1930 3123 illa
1953 3110 1968 3135 ,
1996 3078 2052 3126 et
2075 3068 2123 3125 si

540 3175 647 3216 non
680 3160 821 3215 dicat
850 3158 1211 3229 respondens,
1244 3168 1420 3211 utrum
1458 3160 1615 3212 homo
1648 3159 1845 3212 anitnal
1875 3168 1992 3226 est,
2031 3171 2125 3216 aut

541 3254 925 3311 inanimatum?
952 3265 1138 3324 postea
1170 3252 1363 3321 accipit
1391 3250 1621 3317 animal,
1653 3266 1757 3305 non
1789 3252 2070 3323 syllogizat
2099 3270 2116 3318 ;

2223 2046 2376 2103 hoca
2403 2047 2590 2116 positis
2619 2060 2760 2101 esse.
2794 2045 2860 2100 Et
2889 2044 2955 2098 ad
2985 2044 3316 2099 dubitantem
3338 2056 3407 2095 an
3435 2039 3803 2111 syllogisatuiu

2225 2148 2331 2209 est,
2355 2155 2422 2196 an
2443 2154 2551 2195 non
2576 2148 2659 2196 est
2684 2137 2824 2193 hoc?
2848 2136 3175 2194 obviandum
3192 2176 3208 2201 ,
3233 2133 3507 2205 quoniam,
3538 2133 3642 2187 hoc
3670 2132 3805 2186 enim

2226 2243 2345 2291 erat
2393 2233 2777 2305 syllogismus,
2828 2242 2884 2288 et
2925 2230 3101 2289 adhuc
3153 2228 3296 2301 quod
3341 2243 3444 2285 nec
3491 2227 3641 2299 quod
3684 2227 3807 2298 quid

2224 2333 2341 2381 erat
2385 2317 2757 2395 s'yllogizatum
2802 2329 2920 2390 est,
2965 2325 3218 2393 quoniam
3259 2322 3479 2391 utique,
3519 2320 3624 2375 hoc
3664 2319 3803 2374 enim

2226 2418 2456 2489 positum
2486 2424 2570 2472 est
2605 2416 2759 2473 nobis
2795 2414 2936 2487 quod
2974 2414 3105 2487 quid
3143 2422 3263 2472 erat
3302 2428 3461 2478 esse,
3502 2426 3676 2484 quare
3714 2427 3807 2467 ne.

2226 2528 2379 2570 cesse
2404 2518 2460 2569 et
2486 2512 2603 2568 sine
2630 2526 2695 2567 eo
2724 2509 2868 2584 quod
2896 2510 3027 2582 quid
3056 2518 3175 2578 est,
3203 2508 3273 2565 sit
3300 2508 3694 2580 syllogismus,
3724 2515 3811 2562 aut

2228 2607 2370 2679 quod
2398 2605 2525 2677 quid
2551 2614 2669 2661 erat
2692 2619 2814 2661 esse
2837 2602 3162 2682 syllogizare
3186 2600 3405 2672 aliquid.
3431 2601 3498 2656 Et
3521 2601 3567 2655 si
3594 2616 3663 2655 es
3690 2614 3811 2655 coa-

2231 2700 2435 2756 ditione
2464 2706 2762 2762 monstret,
2794 2705 2856 2753 ut
2892 2697 2939 2751 si
2982 2695 3125 2752 male
3166 2694 3307 2751 inest
3343 2692 3621 2750 divisibile
3662 2706 3811 2754 esse,

2231 2792 2284 2846 in
2314 2790 2590 2846 contrario
2619 2799 2703 2845 est
2728 2787 3056 2845 contrarium
3087 2801 3209 2844 esse
3235 2827 3252 2853 ,
3305 2786 3360 2841 in
3405 2785 3812 2856 quibuscunquo

2232 2896 2316 2942 est
2355 2883 2555 2954 aliquid
2584 2882 2917 2940 contrarium
2938 2923 2953 2949 ,
2985 2881 3184 2938 bonum
3211 2890 3393 2937 autem
3424 2881 3572 2937 malo
3596 2889 3811 2936 contra-

2230 2977 2368 3031 rium
2401 2985 2514 3042 εει,
2553 2985 2608 3031 ει
2645 2973 2977 3030 indivisibile
3017 2973 3300 3039 divisihili;
3341 2982 3428 3029 est
3472 2974 3657 3043 itaque
3694 2972 3811 3027 boni

2229 3079 2285 3133 et
2316 3066 2642 3125 indivisibile
2667 3082 2809 3124 esse.
2868 3068 3082 3123 Etenim
3111 3066 3202 3123 hic
3227 3066 3498 3136 accipiens
3526 3069 3675 3136 quod
3704 3078 3813 3125 erat

2228 3180 2385 3231 esse,
2429 3172 2714 3220 monstrat.
2753 3161 3025 3232 Accipitur
3069 3172 3249 3218 autem
3292 3162 3359 3216 ad
3403 3161 3811 3217 monstrandum

2231 3257 2368 3327 quod
2398 3255 2524 3326 quid
2553 3262 2667 3310 erat
2696 3268 2853 3321 esse,
2885 3254 3116 3310 alterum
3144 3263 3324 3311 tamen
3363 3255 3453 3309 sit.
3500 3254 3719 3310 Etenim
3758 3255 3809 3308 iu

541 3348 733 3404 iterum
764 3361 923 3401 omne
948 3345 1175 3409 animal,
1206 3355 1295 3398 aut
1322 3343 1630 3414 gressibile,
1662 3352 1756 3399 aut
1781 3316 2119 3414 aquaticum,
2153 3316 2202 3382 ο
2230 3316 2780 3402 demonstrationibus
2805 3316 2888 3401 est
2915 3344 3017 3402 hoc
3046 3344 3257 3415 quidem
3295 3346 3365 3402 de
3394 3344 3534 3411 hoc,
3566 3347 3662 3402 sed
3692 3338 3807 3401 'uen

541 3441 747 3510 accepit
787 3438 1098 3508 gressibile,
1145 3448 1199 3492 et
1239 3435 1510 3492 hominem
1554 3451 1674 3491 esse
1718 3446 1885 3491 totum
1925 3438 2121 3491 animal

541 3532 852 3605 gressibile,
894 3547 1000 3587 non
1048 3545 1268 3587 necesse
1308 3530 1412 3586 erit
1450 3545 1517 3586 ex
1562 3529 1757 3597 dictis,
1789 3530 1885 3585 sed
1930 3531 2127 3600 accipit

540 3638 592 3684 ct
632 3627 753 3683 hoc.
794 3624 979 3681 Diﬂ‘ert
1017 3636 1193 3680 autem
1237 3621 1367 3677 nihil
1400 3609 1455 3676 in
1484 3623 1701 3688 multis,
1733 3631 1825 3677 aut
1856 3621 1908 3677 in
1942 3622 2126 3693 paucis

540 3722 619 3775 sic
646 3719 825 3775 dicere
845 3759 861 3785 ,
893 3717 1031 3773 idem
1064 3718 1204 3773 enim
1225 3725 1337 3771 est.
1370 3714 1485 3771 Non
1515 3714 1879 3786 syllogisticus
1908 3715 2127 3785 quidem

542 3813 701 3883 igitur
729 3819 784 3865 et
812 3825 938 3864 usus
972 3810 1027 3862 lit
1052 3810 1129 3862 sic
1157 3808 1575 3879 procedentibus
1596 3853 1609 3875 ,
1638 3816 1691 3862 et
1718 3806 1786 3861 de
1810 3808 2128 3877 contingen-

542 3903 685 3957 tibus
710 3900 1034 3972 syllogizari.
1063 3899 1197 3966 Quid
1226 3898 1371 3954 enim
1416 3898 1661 3968 prohibet
1702 3909 1756 3954 et
1795 3898 1897 3953 hoc
1939 3914 2130 3957 verum

542 3995 761 4067 quidem
791 4008 952 4048 omne
981 4007 1100 4049 esse
1130 3992 1197 4047 de
1227 3991 1473 4057 homine,
1504 4007 1610 4045 non
1644 4001 1821 4046 tamen
1848 3992 1977 4061 quid
2007 4001 2124 4062 est,

545 4102 716 4158 neque
742 4083 883 4158 quod
909 4084 1031 4156 quid
1063 4091 1181 4139 erat
1203 4097 1325 4139 esse
1351 4081 1665 4138 ostendens.
1696 4082 1939 4151 Amplius
1958 4123 1974 4149 ,
2003 4079 2130 4150 quid

543 4178 791 4250 prohibet
836 4186 927 4231 aut
972 4190 1241 4246 apponere
1285 4174 1487 4244 aliquid
1514 4214 1529 4241 ,
1581 4181 1672 4227 aut
1719 4174 1935 4228 auferre
1962 4214 1979 4240 ,
2036 4179 2129 4228 aut

544 4271 804 4327 excellere
828 4269 1172 4333 substantias,
1199 4266 1313 4320 haec
1337 4266 1551 4337 quidem
1582 4265 1739 4335 igitur
1761 4264 2123 4320 dimittuntur.

544 4361 814 4432 Curitingit
854 4372 1028 4416 autem
1076 4360 1289 4414 solvere
1332 4358 1386 4412 in
1427 4357 1740 4428 accipiendo
1781 4358 1830 4411 in
1874 4355 2129 4427 eo,quod

544 4455 669 4527 quid
693 4466 773 4510 est
799 4456 975 4507 omnia
998 4494 1014 4518 ,
1036 4460 1092 4508 et
1111 4451 1253 4523 quod
1280 4460 1362 4507 est
1389 4459 1781 4519 consequenter
1807 4450 2128 4503 divisionem

546 4552 719 4611 facere
746 4547 1026 4619 quresitum
1056 4547 1235 4616 prius,
1269 4553 1323 4600 et
1352 4544 1481 4598 nihil
1510 4543 1847 4613 relinquere;
1892 4541 1992 4595 hoc
2032 4555 2127 4595 au-

544 4652 654 4698 tem
685 4638 1045 4695 necessarium
1075 4644 1190 4703 est,
1225 4636 1269 4690 si
1296 4650 1458 4691 omne
1488 4634 1542 4688 in
1569 4632 1832 4688 divisione
1860 4631 2037 4694 cadit,
2067 4638 2126 4685 et

545 4733 677 4791 nihil
702 4732 983 4802 relinquit,
1008 4728 1339 4784 individuum
1369 4727 1509 4781 enim
1537 4725 1716 4796 specie
1743 4732 1955 4793 oportet
1980 4736 2124 4777 esse.

546 4828 653 4885 Sed
675 4826 1015 4899 syllogismus
1040 4832 1219 4878 tamen
1245 4838 1350 4876 non
1374 4822 1547 4889 inest,
1580 4820 1673 4874 sed
1700 4820 1745 4873 si
1773 4819 1989 4889 quidem
2019 4816 2128 4872 alio

546 4920 708 4977 modo
732 4932 1056 4990 cognoscere
1080 4916 1202 4971 l'acit
1222 4957 1238 4980 ,
1269 4916 1370 4970 hoc
1392 4912 1607 4984 quidem
1653 4927 1757 4966 non
1809 4911 1907 4966 l’nit
1938 4910 2127 4966 incon—

546 5014 798 5077 veniens,
829 5027 1000 5080 neque
1025 5008 1168 5064 enim
1190 5006 1448 5062 inducens
1476 5004 1612 5059 forte
1637 5002 1994 5067 demonstrat,
2031 5000 2127 5055 sed

548 5114 728 5162 tamen
764 5103 997 5160 ostendit
1025 5101 1250 5170 aliquid.
1291 5096 1671 5170 Syllogismum
1698 5103 1877 5150 autem
1909 5110 2013 5149 non
2045 5093 2125 5147 di-

548 5202 655 5267 cit,
685 5213 751 5255 ex
782 5198 1044 5252 divisione
1072 5195 1275 5264 eligens
1299 5191 1666 5248 deﬁnitionem
1687 5229 1705 5257 ,
1733 5191 1873 5245 sicut
1894 5190 2035 5244 enim
2073 5190 2125 5243 in

548 5290 980 5347 coni-lusionibus
1004 5304 1120 5358 qui:
1142 5289 1257 5342 sine
1280 5285 1470 5340 mediis
1498 5293 1625 5339 sunt
1643 5326 1659 5353 ,
1683 5284 1728 5339 si
1758 5282 1950 5352 aliquis
1982 5282 2128 5336 dicat

548 5384 798 5454 quoniam
829 5383 910 5435 his
940 5380 1287 5435 existentibus
1314 5392 1539 5433 necesse
1565 5384 1649 5432 est
1678 5376 1778 5430 hoc
1806 5390 1959 5439 esse,
1990 5389 2123 5428 con-

552 5478 708 5548 tingit
733 5477 1060 5545 interrogare
1081 5483 1296 5544 propter
1314 5472 1441 5543 quid
1463 5470 1555 5538 sit,
1575 5471 1652 5525 sic
1672 5479 1728 5525 et
1748 5471 1801 5525 in
1824 5469 2011 5524 divisis
2026 5477 2131 5523 ter-

552 5571 748 5628 minis?
790 5580 869 5639 ut,
910 5570 1035 5642 quid
1056 5580 1137 5625 est
1174 5568 1371 5623 homo?
1408 5566 1607 5623 animal
1653 5566 1915 5632 mortale,
1964 5565 2126 5634 pedes

551 5665 755 5721 habens
775 5707 791 5732 ,
822 5664 973 5734 bipes
990 5703 1007 5731 ,
1033 5663 1147 5718 sine
1174 5660 1387 5732 pennis.
1410 5659 1636 5725 PrOpter
1660 5657 1787 5729 quid
1814 5656 1916 5713 scit
1940 5672 2129 5711 unam-

554 5773 823 5830 quamque
854 5756 1247 5828 appositionem
1266 5794 1283 5823 ,
1310 5762 1366 5809 et
1392 5751 1535 5808 dicet
1560 5751 1705 5808 enim
1727 5792 1744 5819 ,
1775 5759 1830 5806 et
1855 5760 2130 5805 monstras

556 5850 633 5905 hit
659 5849 918 5905 divisione
939 5889 954 5914 ,
996 5846 1135 5902 sicut
1162 5846 1408 5915 opinatur
1439 5843 1578 5914 quod
1612 5858 1773 5900 omne
1802 5842 1999 5899 animal
2035 5851 2127 5898 aut

559 5943 821 6005 mortale.
842 5950 935 6003 aut
955 5941 1253 5997 immortale
1274 5941 1377 6005 sit;
1408 5939 1706 6009 hnjnsmodi
1741 5950 1921 6021 autem
1949 5939 2123 5995 oratio

2228 3440 2403 3508 ipsum
2427 3482 2442 3506 ,
2469 3452 2642 3517 neque
2666 3437 2817 3508 cujus
2842 3444 2926 3493 est
2947 3437 3133 3495 eadem
3160 3438 3332 3507 ratio,
3364 3446 3420 3496 et
3453 3439 3808 3494 convenitur.

2230 3529 2314 3585 Ad
2341 3538 2596 3600 utrosque
2622 3537 2827 3596 autem,
2850 3536 2904 3584 et
2923 3529 3217 3587 secundum
3235 3529 3555 3586 divisionem
3582 3531 3805 3588 demou-

2231 3630 2489 3678 strantem
2509 3662 2527 3689 ,
2555 3632 2608 3677 et
2629 3621 2695 3676 ad
2719 3622 2797 3675 sic
2816 3621 3183 3693 syllogismum
3198 3663 3215 3690 ,
3238 3632 3324 3680 est
3342 3623 3531 3681 eadem
3550 3625 3813 3682 dubitatio

2233 3721 2454 3785 propter
2482 3712 2609 3782 quid
2639 3721 2722 3768 est
2752 3712 2913 3769 homo
2941 3715 3136 3770 animal
3177 3716 3455 3786 gressibile
3482 3716 3673 3786 bipes,
3713 3717 3809 3772 sed

2233 3821 2340 3861 non
2382 3806 2582 3861 animal
2612 3814 2668 3862 et
2694 3805 2880 3875 bipes,
2923 3822 2990 3863 ex
3029 3809 3265 3879 acceptis
3307 3809 3452 3867 enim
3494 3824 3673 3880 neque
3708 3824 3813 3866 una

2233 3900 2526 3955 necessitas
2550 3906 2635 3953 est
2658 3913 2824 3954 unum
2869 3898 2985 3954 ﬁeri
3025 3899 3167 3967 quod
3207 3899 3549 3971 praedicatur,
3593 3901 3690 3957 sed
3721 3903 3814 3958 uti-

2234 4005 2341 4061 que
2362 3990 2506 4046 sicut
2530 3988 2673 4046 idem
2694 3989 2856 4047 homo
2876 3991 2980 4047 erit
3002 4002 3058 4048 et
3081 3993 3318 4049 musicus
3337 4004 3390 4051 et
3410 3995 3813 4064 grammaticus.

2835 4080 3063 4139 CAPUT
3102 4083 3214 4141 VII.

2420 4170 2693 4228 Contendit
2728 4174 2851 4246 quid
2889 4184 2961 4231 est
2999 4192 3102 4232 non
3138 4192 3284 4249 posse
3323 4179 3623 4235 monstrari.

2305 4264 2547 4332 Qualiter
2595 4264 2758 4338 igitur
2805 4264 3072 4324 deﬁniens
3123 4266 3517 4324 demonstrabit
3567 4266 3817 4322 substan-

2235 4360 2361 4415 tiam
2381 4400 2399 4427 ,
2429 4367 2523 4415 aut
2549 4358 2693 4430 quod
2720 4359 2848 4431 quid
2880 4359 3007 4415 est?
3043 4375 3217 4430 neque
3254 4358 3399 4415 enim
3424 4359 3568 4416 sicut
3593 4360 3819 4416 demon-

2232 4463 2410 4510 strans
2463 4470 2528 4510 ex
2570 4454 2733 4512 certis
2782 4452 3124 4512 manifestum
3158 4468 3278 4511 esse
3316 4453 3479 4519 faciet
3532 4454 3680 4525 quod
3723 4470 3819 4511 ne-

2234 4560 2391 4603 cesse
2440 4555 2528 4602 est
2563 4562 2685 4603 cum
2728 4546 2839 4603 sint
2876 4548 2967 4603 illa
3016 4549 3245 4605 alterum
3282 4547 3484 4620 aliquid
3523 4562 3668 4606 esse.
3711 4548 3813 4605 De-

2233 4643 2551 4697 monstratio
2577 4640 2719 4698 enim
2751 4642 2854 4697 hoc
2883 4651 3004 4714 est,
3034 4657 3210 4716 neque
3239 4642 3378 4699 sicut
3418 4642 3685 4699 inducens
3724 4658 3819 4714 per

2234 4736 2556 4808 singularia,
2598 4751 2720 4793 cum
2751 4735 3033 4793 manifesta
3062 4737 3173 4794 sint
3194 4776 3211 4802 ,
3241 4736 3497 4807 quoniam
3536 4750 3702 4793 omne
3743 4736 3821 4791 sic

2236 4837 2358 4892 est,
2404 4843 2469 4883 eo
2514 4828 2660 4899 quod
2702 4829 2835 4883 nihil
2875 4829 3034 4886 aliter
3077 4838 3185 4886 est.
3222 4828 3343 4887 Non
3380 4829 3525 4886 enim
3568 4829 3702 4900 quid
3740 4836 3823 4885 est

2237 4922 2604 4987 demonstrat,
2646 4921 2745 4979 sed
2783 4924 3034 4994 quoniam
3080 4932 3203 4987 est,
3252 4931 3351 4979 aut
3386 4938 3497 4981 non
3534 4933 3640 4979 est.
3688 4922 3820 4991 Quis

2238 5016 2398 5083 igitur
2425 5024 2510 5073 est
2536 5014 2677 5072 alius
2708 5016 2898 5074 modus
2938 5017 3219 5089 reliquus?
3260 5032 3367 5075 non
3407 5016 3554 5073 enim
3594 5017 3821 5093 demes;

2236 5108 2428 5162 strabit
2454 5122 2656 5175 sensu,
2687 5118 2777 5164 aut
2803 5109 2992 5180 digito.
3031 5108 3313 5178 Amplius,
3354 5110 3631 5182 quomodo
3668 5127 3824 5168 mon-

2236 5196 2428 5253 strabit
2453 5197 2597 5269 quod
2626 5197 2756 5268 quid
2783 5206 2866 5252 est
2895 5196 3090 5253 homo?
3118 5213 3343 5257 necesse
3361 5207 3449 5269 est
3474 5200 3618 5259 enim
3645 5204 3823 5261 scicn-

2238 5296 2345 5344 tem
2390 5289 2516 5357 quid
2554 5297 2638 5344 est
2677 5288 2874 5356 homo,
2918 5302 3009 5345 aut
3046 5290 3189 5346 aliud
3230 5291 3618 5364 quodcunque,
3674 5296 3823 5350 seire

2236 5380 2356 5452 quia
2386 5390 2490 5437 est.
2533 5381 2686 5451 Quod
2720 5383 2865 5439 enim
2893 5398 3004 5440 non
3033 5394 3150 5452 est,
3180 5386 3360 5453 nullus
3388 5387 3503 5459 scit
3518 5386 3660 5457 quod
3690 5386 3825 5455 quid

2239 5484 2354 5539 εει,
2386 5473 2481 5530 sed
2510 5473 2636 5545 quid
2664 5472 2958 5546 signiﬁcat:
2990 5476 3163 5533 oratio
3200 5476 3453 5548 quidem.
3492 5486 3589 5549 aut
3622 5492 3827 5533 nomen

2241 5580 2361 5619 cum
2386 5564 2511 5619 dico
2542 5565 2914 5637 tragelaphus,
2943 5566 3073 5637 quid
3098 5577 3279 5626 autem
3321 5576 3406 5625 est
3441 5570 3827 5641 tragelapbus,

2243 5657 2572 5729 impossibile
2636 5667 2722 5715 est
2787 5660 2946 5718 scire.
3013 5663 3082 5718 At
3140 5677 3270 5719 vero
3325 5664 3377 5720 si
3429 5662 3829 5721 demonstrabit

2240 5746 2365 5822 quid
2392 5758 2506 5820 est,
2536 5759 2591 5806 et
2618 5751 2745 5821 quia
2772 5760 2884 5817 est,
2914 5760 2971 5808 et
2996 5754 3226 5825 qualiter
3251 5754 3443 5813 eadem
3479 5754 3689 5812 ratione
3728 5754 3831 5810 de-

2238 5843 2586 5912 monstrabit,
2617 5842 2837 5902 detinito
2860 5847 3001 5904 enim
3033 5864 3197 5906 unum
3235 5849 3469 5924 aliquid,
3506 5858 3565 5921 et
3595 5849 3827 5907 demon-

2236 5941 2456 6006 stratio,
2480 5938 2541 5995 id
2567 5948 2744 5996 autem
2783 5940 2923 6012 quod
2967 5951 3050 5999 est
3085 5942 3213 6015 quid
3250 5952 3335 6003 est
3372 5925 3563 6006 homo,
3605 5949 3658 5995 et
3697 5952 3831 5995 esse
