4056 6330
233 435 331 485 ἷὶθ
791 431 1266 493 POSTERIORUM
1309 435 1842 492 ANALYTICORUM
1886 434 2332 492 ARISTOTELIS
2372 433 2936 492 INTERPRI‘LTATIO.
3386 434 3486 485 ῑῖιι)

231 544 499 604 hominem
521 590 536 615 ,
594 551 734 605 aliud
781 561 885 607 est.
934 554 1120 606 Postea
1167 567 1260 622 per
1305 553 1808 607 demonstrationem
1837 555 1890 613 Α
1918 560 2103 606 centes
2133 568 2198 606 ex
2227 552 2507 622 principio.
2543 552 2692 608 Sicut
2722 552 2863 605 enim
2892 558 3107 620 propter
3137 547 3263 620 quid
3291 563 3488 619 quasn-

228 643 458 697 dieinius
506 645 864 700 necessarium
908 660 1032 700 esse
1078 646 1449 700 demonstrare
1488 661 1648 700 omne
1689 646 1809 715 quia

228 747 349 798 est,
385 736 484 790 nisi
516 738 813 792 subSIantia
843 737 946 804 sit,
987 753 1107 793 esse
1146 746 1323 793 autem
1366 754 1472 792 non
1511 738 1810 792 substantia

228 831 335 884 ulla
360 838 474 892 est,
506 845 612 884 non
637 830 777 884 enim
807 841 888 885 est
917 846 1085 902 genus
1107 872 1121 897 ,
1154 831 1292 898 quod
1325 841 1442 897 est,
1471 830 1808 885 demonstra-

227 924 302 972 tio
331 921 507 988 itaque
533 923 636 974 erit
665 922 786 989 quia
815 931 928 988 est,
953 922 1094 990 quod
1123 922 1338 990 quidem
1365 931 1416 975 et
1441 937 1580 976 nunc
1609 921 1812 976 faciunt

225 1011 502 1075 seientim;
553 1011 679 1080 quid
730 1013 872 1066 enim
916 1012 1177 1082 signiﬁcat
1229 1014 1566 1084 triangulus,
1615 1013 1809 1082 accipit

226 1112 503 1168 geometra
525 1142 540 1169 ,
573 1103 693 1170 quia
739 1113 914 1158 autem
955 1114 1067 1170 est,
1101 1104 1449 1159 demonstrat.
1482 1104 1618 1171 Quid
1651 1105 1811 1174 igitur

227 1195 542 1248 monstrabit
591 1194 888 1262 deﬁniens,
934 1197 1060 1266 quid
1109 1210 1191 1252 est
1237 1199 1576 1267 triangulus?
1627 1198 1805 1253 sciens

226 1286 405 1354 itaque
435 1287 627 1356 aliquis
658 1288 972 1344 definitione
1003 1290 1127 1359 quid
1160 1301 1242 1346 est
1262 1333 1276 1356 ,
1309 1294 1353 1344 si
1387 1299 1470 1345 εει
1499 1307 1604 1345 non
1636 1291 1803 1358 sciet,

226 1379 320 1432 sed
355 1379 702 1448 impossibile.
739 1381 1074 1436 Manifestum
1120 1393 1201 1437 est
1240 1392 1292 1436 et
1335 1384 1627 1438 secundum
1671 1398 1810 1438 nunc

228 1471 416 1525 modos
441 1472 790 1526 terminorum
813 1513 827 1538 ,
859 1474 1000 1541 quod
1032 1489 1135 1528 non
1164 1485 1462 1529 monstrant
1490 1476 1809 1530 deﬁnientes

226 1564 347 1633 quia
382 1573 482 1617 e-t.
517 1564 573 1618 Si
602 1565 746 1618 enim
778 1577 829 1619 et
860 1575 942 1620 est
981 1583 1045 1620 ex
1093 1569 1267 1621 medio
1310 1568 1521 1638 aliquod
1566 1570 1804 1638 atquale,

226 1655 317 1708 svd
351 1665 569 1724 prepter
598 1656 721 1724 quid
753 1667 833 1710 est
863 1658 1006 1726 quod
1043 1658 1316 1720 delinitur,
1346 1669 1400 1713 et
1431 1671 1649 1728 propter
1678 1659 1806 1730 quid

226 1758 311 1802 est
342 1749 575 1803 circulus
606 1749 883 1818 quaeritur,
930 1760 1074 1805 esset
1111 1752 1252 1805 enim
1296 1752 1477 1821 utique
1520 1761 1573 1807 et
1613 1753 1808 1808 montis

224 1842 362 1895 tenvi
406 1841 583 1896 dicere
629 1843 833 1912 ipsum,
880 1861 1052 1915 neque
1093 1846 1235 1900 enim
1279 1847 1401 1915 quia
1444 1847 1696 1916 possibile
1736 1849 1808 1902 sit

1855 653 1870 666 ’
1913 658 2032 698 mus
2056 685 2068 706 ,
2099 643 2356 699 habentes
2396 644 2518 714 quia
2547 653 2662 710 est,
2692 641 2979 710 aliquando
3010 651 3187 696 autem
3235 651 3289 695 et
3328 640 3490 695 simul

1893 735 2191 790 ‘manifesta
2225 733 2379 800 ﬁunt,
2418 735 2512 790 sed
2539 750 2714 804 neque
2742 736 2893 804 prius
2920 742 3134 803 propter
3163 734 3287 803 quid
3320 733 3492 802 possi-

1912 823 2021 878 bile
2049 835 2132 880 est
2154 839 2500 894 cognoscere,
2519 841 2679 894 quam
2705 826 2851 895 quia,
2883 825 3224 882 manifestum
3251 835 3332 882 est
3351 824 3491 897 quod

1913 919 2160 974 similiter
2205 929 2259 974 et
2303 920 2444 990 quod
2474 919 2600 990 quid
2631 928 2746 973 erat
2796 932 2916 974 esse
2946 934 3052 972 non
3080 920 3195 974 sine
3217 919 3340 988 quia
3377 928 3490 981 est;

1914 1013 2244 1081 impossibile
2272 1023 2356 1068 εει
2381 1014 2524 1068 enim
2547 1013 2685 1068 scire
2705 1009 2830 1081 quid
2854 1019 2957 1072 est.
2993 1012 3302 1081 ignorantes
3321 1013 3362 1067 si
3385 1022 3489 1068 est.

1912 1105 2025 1162 [loc
2069 1115 2246 1162 autem
2277 1107 2320 1160 si
2368 1116 2451 1164 est
2481 1105 2770 1175 aliquando
2795 1106 3041 1176 quidem,
3073 1105 3168 1160 sed
3202 1105 3491 1162 secundum

1911 1197 2160 1252 accidens
2199 1197 2486 1264 habemus,
2543 1197 2828 1268 aliquando
2877 1213 3004 1253 vero
3056 1198 3314 1254 habentes
3365 1196 3490 1268 quid

1912 1289 2084 1358 ipsius
2111 1293 2209 1356 rei,
2244 1303 2301 1345 ut
2331 1291 2645 1354 tonitruum,
2673 1291 2926 1359 quoniam
2958 1304 3121 1345 sonus
3158 1289 3370 1358 quidam
3412 1299 3493 1348 εει

1910 1381 2254 1448 nebularum,
2289 1393 2340 1438 et
2372 1381 2666 1449 defectum,
2698 1381 2950 1452 quoniam
2981 1381 3209 1451 privatio
3249 1381 3492 1449 quadam

1911 1473 2151 1537 luminis,
2178 1485 2230 1529 et
2262 1475 2556 1539 hominem,
2588 1475 2835 1544 quoniam
2866 1473 3062 1528 animal
3090 1473 3357 1542 quoddam
3386 1483 3490 1538 est,

1910 1574 1962 1620 et
1993 1564 2249 1630 animam,
2297 1565 2437 1620 idem
2486 1565 2720 1634 seipsum
2752 1580 2993 1620 movens.
3027 1564 3131 1621 Sed
3162 1579 3492 1634 quaecunque

1910 1658 2126 1728 quidem
2151 1658 2444 1714 secundum
2473 1659 2721 1713 accidens
2742 1659 2943 1713 scimus
2959 1660 3080 1728 quia
3099 1667 3242 1723 sunt,
3271 1673 3492 1716 necesse

1910 1759 1995 1804 est
2017 1749 2104 1803 illa
2134 1751 2281 1803 nullo
2302 1748 2461 1803 modo
2483 1764 2542 1802 se
2567 1748 2766 1804 habere
2789 1749 2852 1802 ad
2877 1749 3005 1818 quid
3032 1757 3133 1813 est,
3157 1763 3330 1820 neque
3351 1751 3493 1806 enim

1911 1845 2033 1913 quia
2056 1850 2181 1897 sunt
2206 1843 2428 1906 scimus,
2459 1857 2702 1911 quaerere
2748 1852 2839 1897 aut
2873 1842 3002 1913 quid
3030 1853 3132 1908 εει,
3163 1857 3267 1897 nou
3296 1842 3494 1898 haben-

225 1951 347 1990 csse
385 1936 524 2006 quod
567 1937 761 1991 dicitur
792 1940 1065 2010 assignant
1095 1941 1343 2006 termini,
1372 1957 1545 2012 neque
1573 1941 1713 2011 quod
1746 1941 1810 1994 il-
1840 1931 1889 1992 Β
1918 1945 1998 1990 tes
2027 1936 2150 2004 quia
2191 1946 2303 2001 est,
2337 1934 2466 1988 nihil
2501 1949 2744 2003 quaerere
2771 1945 2853 1990 est
2873 1976 2888 2001 ,
2921 1935 3216 1991 secundum
3246 1950 3494 2005 quaecun-

230 2025 318 2079 lud
349 2034 433 2079 est
462 2028 614 2092 cujus
643 2027 825 2082 dicunt
851 2043 969 2083 esse
1009 2029 1373 2085 deﬁnitionem
1395 2070 1409 2093 ,
1459 2031 1549 2086 sed
1593 2046 1804 2100 semper

226 2113 353 2170 licet
379 2116 562 2170 dicere
589 2125 642 2170 et
675 2131 900 2187 propter
927 2121 1075 2187 quid.
1111 2121 1164 2176 Si
1194 2137 1323 2190 ergo
1351 2123 1612 2178 deﬁniens
1655 2139 1807 2178 man—

229 2207 420 2261 slrabit
449 2219 537 2262 aut
569 2208 690 2279 quid
724 2218 844 2276 est,
877 2223 967 2266 aut
995 2213 1118 2282 quid
1157 2216 1421 2281 signiﬁcat
1450 2232 1642 2272 nomen
1663 2259 1678 2285 ,
1711 2219 1806 2273 sed

231 2313 440 2354 nonest
475 2303 584 2355 nilo
614 2302 773 2357 modo
813 2305 930 2373 ejus
972 2307 1110 2376 quod
1154 2308 1278 2376 quid
1321 2318 1435 2376 est,
1481 2311 1583 2364 erit
1626 2311 1807 2381 utique

225 2391 466 2446 deﬁnitio
508 2396 640 2448 ratio
682 2395 944 2461 nominis,
990 2397 1129 2452 idem
1173 2399 1513 2468 significans,
1559 2401 1655 2456 sed
1700 2417 1805 2456 non

226 2487 550 2541 conveniens
596 2497 696 2540 est.
745 2488 982 2542 Primum
1026 2491 1237 2560 quidem
1279 2494 1400 2562 quia
1441 2504 1495 2547 et
1532 2509 1639 2547 non
1678 2493 1804 2547 sub-

230 2579 550 2633 stantiarum
583 2591 729 2634 esset
759 2581 1033 2647 deﬁnitio,
1066 2592 1119 2637 et
1150 2599 1334 2639 eorum
1366 2602 1486 2654 quae
1518 2603 1622 2640 non
1649 2596 1804 2651 sunt,

231 2668 534 2738 significare
561 2671 703 2725 enim
733 2682 813 2727 est
845 2682 899 2727 et
927 2689 1046 2742 quae
1078 2690 1182 2728 non
1214 2686 1358 2730 sunt.
1389 2676 1663 2746 Amplius,
1691 2693 1808 2732 om-

227 2774 326 2816 nes
354 2766 623 2818 orationes
649 2765 985 2821 definitiones
1029 2777 1218 2833 erunt;
1268 2780 1413 2824 esset
1451 2773 1594 2825 enim
1625 2772 1809 2842 utique

228 2867 423 2908 nomen
459 2869 658 2924 p0nere
685 2859 903 2913 cuilibet
935 2861 1162 2914 orationi
1189 2904 1203 2924 ,
1236 2877 1402 2931 quare
1433 2865 1674 2918 terminis
1701 2867 1806 2918 uti-

229 2962 332 3016 que
363 2949 754 3018 disputabimus
784 2967 969 3007 omnes
989 2995 1002 3019 ,
1033 2965 1086 3008 et
1114 2956 1235 3009 Ilias
1262 2943 1502 3010 deﬁnitio
1529 2957 1652 3012 erit.
1682 2960 1810 3010 Am-

228 3039 390 3108 plius,
424 3056 594 3110 neque
619 3058 718 3096 una
745 3043 963 3098 scientia
994 3045 1327 3100 demonstrat
1353 3049 1534 3118 utique
1559 3050 1678 3118 quia
1709 3048 1811 3102 hoc

228 3143 425 3185 nomen
457 3130 573 3201 ejus
599 3135 739 3201 quod
763 3135 886 3202 quid
912 3143 991 3189 est
1020 3151 1140 3191 esse
1162 3138 1428 3203 ostendit,
1460 3155 1630 3208 neque
1654 3139 1812 3206 igitur

232 3219 570 3277 deﬁnitiones
600 3223 699 3278 hoc
727 3224 1021 3294 assignant.
1055 3227 1137 3280 Ex
1180 3229 1261 3283 his
1294 3229 1450 3298 igitur
1481 3246 1654 3299 neque
1682 3228 1813 3285 deﬁ—

1913 2043 2018 2093 que
2046 2039 2224 2082 autem
2252 2026 2509 2080 habemus
2541 2026 2668 2094 quid
2700 2025 2852 2081 facile
2883 2037 3005 2082 est:
3037 2042 3203 2096 quare
3238 2028 3495 2099 quemad-

1912 2117 2130 2171 modum
2179 2117 2436 2170 habemus
2469 2118 2590 2185 quia
2622 2126 2737 2181 εει,
2771 2117 2849 2171 sic
2893 2117 3148 2174 habemus
3177 2126 3233 2176 et
3271 2118 3337 2178 ad
3368 2119 3494 2188 quid

1913 2218 2015 2262 est.
2046 2208 2286 2275 Quorum
2318 2207 2479 2276 igitur
2505 2207 2767 2262 habemus
2810 2207 3031 2278 aliquid,
3055 2209 3194 2278 quod
3221 2209 3346 2279 quid
3377 2220 3493 2277 εει,

1913 2302 2146 2369 primum
2177 2301 2393 2371 quidem
2423 2301 2493 2355 sit
2518 2299 2760 2356 defectus
2780 2300 2831 2355 in
2861 2317 2966 2370 quo
2995 2287 3206 2370 a,'luna
3240 2302 3422 2371 inquo
3444 2320 3492 2368 c,

1913 2393 2182 2460 oppositio
2217 2401 2372 2446 terra:
2402 2393 2455 2445 in
2485 2407 2590 2461 quo
2615 2392 2664 2444 ὁ.
2693 2391 2878 2448 Utrum
2911 2392 3124 2462 quidem
3163 2392 3376 2459 deﬁcit,
3426 2409 3494 2449 an

1914 2499 2043 2545 nun,
2070 2483 2098 2536 ό
2125 2498 2370 2552 quaerere
2401 2491 2506 2549 est,
2531 2483 2767 2553 nunquid
2790 2494 2894 2550 est,
2923 2499 2991 2538 an
3019 2499 3148 2540 non.
3175 2484 3287 2546 lloc
3314 2495 3495 2542 autem

1913 2575 2049 2630 nihil
2078 2575 2258 2632 difl’ert
2298 2591 2567 2646 quaerere,
2597 2592 2757 2646 quam
2786 2576 2832 2632 si
2857 2585 2940 2631 est
2968 2578 3104 2632 ratio
3133 2577 3338 2648 ipsius,
3368 2587 3422 2634 et
3450 2578 3493 2633 si

1914 2669 1988 2724 sit
2013 2669 2135 2732 hoc,
2168 2677 2222 2724 ct
2249 2667 2380 2723 illud
2403 2667 2630 2723 dicimus
2654 2681 2794 2736 esse,
2813 2677 2905 2722 aut
2929 2667 3099 2724 utrius
3119 2668 3493 2724 contradictio-

1916 2763 2001 2816 nis
2041 2773 2124 2817 est
2171 2762 2330 2828 ratio,
2380 2770 2560 2818 utrum
2589 2762 2820 2818 habendi
2854 2762 2991 2818 duos
3020 2771 3214 2828 rectos,
3262 2773 3358 2820 aut
3388 2779 3498 2824 non

1917 2852 2147 2909 habendi
2172 2855 2195 2908 7
2221 2851 2351 2909 Cum
2385 2864 2563 2910 autem
2596 2855 2928 2912 inveniamus
2956 2856 3114 2912 simul
3146 2857 3319 2925 ipsum
3349 2857 3494 2928 quia,

1917 2953 1972 2999 et
1995 2955 2210 3014 propter
2234 2944 2361 3015 quid
2389 2948 2612 3024 scimus,I
2637 2947 2680 3006 si
2709 2962 2804 3016 per
2826 2947 2998 3004 media
3021 2947 3113 3014 sit,
3134 2949 3177 3004 si
3211 2963 3336 3004 vero
3360 2964 3492 3016 non,

1917 3038 2039 3106 quia
2068 3039 2286 3104 scimus,
2317 3046 2534 3109 propter
2561 3039 2690 3109 quid
2716 3049 2898 3098 autem
2929 3057 3058 3096 non.
3091 3041 3174 3098 Sit
3201 3056 3335 3114 ergo
3372 3042 3496 3099 luna

1919 3143 1967 3190 ε,
1997 3127 2241 3186 defectus
2267 3146 2319 3193 a,
2345 3129 2523 3184 lunam
2553 3132 2790 3200 plenam,
2823 3131 3067 3188 umbram
3094 3149 3204 3189 non
3237 3148 3393 3203 posse
3417 3135 3495 3190 fa-

1919 3233 2066 3286 cere,
2094 3220 2242 3275 nullo
2268 3228 2509 3278 nostrum
2539 3221 2592 3278 in
2623 3222 2799 3278 medio
2826 3225 3095 3282 existente
3118 3224 3424 3293 manifesto,
3446 3227 3502 3286 in

233 3310 366 3366 nitio
397 3323 450 3366 et
481 3314 822 3382 syllogismus
854 3316 994 3370 idem
1026 3318 1233 3373 videtur
1264 3335 1382 3374 esse
1404 3362 1418 3385 ,
1453 3337 1626 3391 neque
1665 3322 1811 3391 ejus-

1921 3326 2028 3380 quo
2059 3313 2108 3377 ι,
2137 3313 2180 3367 si
2207 3327 2337 3383 ergo
2366 3311 2420 3367 in
2448 3330 2474 3367 ο
2512 3324 2594 3370 εει
2619 3315 2670 3379 b,
2703 3314 2841 3384 quod
2895 3325 2976 3372 est
3006 3331 3112 3370 non
3143 3331 3298 3386 posse
3323 3318 3499 3374 facere

233 3405 351 3458 dem
403 3406 744 3476 syllogismus
792 3418 846 3462 et
895 3409 1155 3464 deﬁnitio.
1213 3411 1399 3465 Adhuc
1450 3424 1624 3468 autem
1669 3414 1808 3481 quod

232 3514 404 3565 neque
433 3499 672 3554 deﬁnitio
714 3501 845 3554 nihil
889 3501 1252 3570 demonstrat,
1300 3520 1365 3558 ne
1387 3520 1470 3572 lue
1515 3516 1808 3573 monstrat,

233 3603 406 3660 neque
436 3592 575 3662 quod
608 3592 733 3659 quid
766 3602 882 3657 est,
917 3609 1092 3664 neque
1119 3595 1432 3652 deﬁnitione
1454 3640 1467 3663 ,
1503 3613 1675 3667 neque
1717 3597 1812 3654 de-

233 3686 617 3739 monstratione
647 3701 972 3756 cognoscere
998 3698 1099 3742 est.

818 3778 1044 3834 CAPUT
1090 3779 1223 3834 Vill.

448 3865 584 3934 Quid
613 3876 702 3931 est,
746 3871 1019 3922 monstrari
1053 3886 1143 3938 per
1164 3871 1308 3924 aliud
1351 3871 1473 3937 quid
1503 3882 1593 3926 est.

306 3979 498 4034 Iterum
530 3992 704 4037 autem
736 3986 1118 4052 speculandum
1148 3997 1232 4042 est
1261 3986 1385 4057 quid
1408 4003 1594 4043 eorum
1618 3987 1813 4044 dicitur

233 4074 393 4138 bene,
425 4086 477 4130 et
499 4079 623 4146 quid
654 4095 757 4133 non
790 4081 945 4146 bene,
980 4091 1035 4137 et
1061 4083 1187 4152 quid
1218 4094 1300 4138 est
1328 4085 1588 4150 definitio,
1615 4097 1670 4141 et
1697 4087 1814 4155 ejus

209 4165 372 4235 squod
395 4167 521 4236 quid
546 4177 647 4230 est,
675 4173 907 4239 nunquid
930 4176 1158 4242 quodam
1190 4175 1349 4230 modo
1371 4186 1451 4230 est
1473 4177 1812 4232 demonstra-

233 4258 340 4321 tio,
366 4265 460 4312 aut
500 4258 770 4326 deﬁnitio,
803 4272 894 4316 aut
932 4265 1082 4320 nullo
1125 4265 1303 4319 modo.
1351 4265 1610 4333 Quoniam
1645 4268 1814 4336 (sicut

232 4347 488 4418 diximus)
518 4349 659 4405 idem
693 4363 775 4406 est
801 4355 940 4410 scire
965 4356 1108 4424 quod
1139 4356 1263 4424 quid
1291 4367 1393 4421 est,
1422 4366 1477 4412 et
1519 4358 1657 4412 scire
1687 4372 1812 4411 cau-

230 4455 346 4496 sam
376 4441 544 4510 ipsius
569 4444 612 4498 si
642 4457 745 4513 est,
778 4447 914 4500 ratio
934 4457 1110 4501 autem
1141 4448 1294 4516 hujus
1326 4460 1406 4502 est
1457 4448 1706 4516 quoniam
1732 4458 1814 4503 est

231 4533 405 4602 aliqua
425 4549 582 4590 causa
604 4575 620 4601 ,
647 4546 702 4592 et
729 4538 877 4604 haec,
904 4546 996 4593 aut
1048 4539 1232 4594 eadem
1277 4550 1367 4594 ant
1409 4539 1512 4596 alia
1544 4551 1660 4605 est,
1688 4553 1739 4595 et
1769 4542 1812 4596 si

236 4626 416 4697 utique
441 4629 546 4684 alia
570 4640 673 4698 est,
707 4642 799 4687 aut
822 4634 1256 4691 demonstrahilis
1282 4645 1386 4701 est,
1413 4646 1504 4690 aut
1534 4637 1813 4692 indemon-
1844 4662 1896 4722 ι)

233 4718 484 4774 strabilis.
517 4720 576 4775 Si
620 4720 782 4790 igitur
811 4724 1042 4790 estalia,
1066 4734 1119 4779 et
1147 4726 1406 4794 contingit
1437 4726 1813 4795 demonstrari,

233 4825 455 4867 necesse
485 4821 568 4868 est
594 4815 824 4869 mediam
854 4831 1069 4871 causam
1098 4832 1238 4883 esse,
1272 4831 1324 4874 et
1354 4819 1406 4876 in
1451 4821 1614 4890 ﬁgura
1647 4821 1813 4890 prima

234 4905 560 4969 monstrari;
583 4909 884 4963 universale
903 4911 1045 4964 enim
1077 4922 1130 4966 et
1154 4912 1548 4980 prtedicativum
1569 4925 1651 4968 est
1672 4915 1812 4983 quod

233 4993 651 5052 demonstratur.
685 4998 830 5054 Unus
857 5002 1072 5070 quidem
1104 5005 1294 5058 modus
1333 5021 1472 5058 nunc
1521 5005 1813 5074 exquisitus

233 5094 315 5138 est
337 5099 433 5152 per
464 5084 605 5140 aliud
638 5087 779 5158 quod
809 5091 936 5159 quid
983 5101 1063 5147 est
1093 5104 1417 5157 monstrare,
1441 5095 1629 5149 horum
1673 5095 1812 5152 enim

235 5176 381 5245 quod
422 5177 547 5246 quid
577 5189 656 5233 est
687 5195 908 5238 necesse
939 5192 1022 5238 est
1069 5184 1299 5239 medium
1328 5200 1451 5241 esse
1478 5187 1602 5256 quid
1630 5195 1732 5252 est,
1764 5197 1817 5242 et

222 5268 575 5342 propriorum
609 5275 902 5343 proprium.
933 5276 1110 5342 Quare
1141 5277 1241 5331 hoc
1285 5278 1502 5347 quidem
1545 5288 1813 5334 monstra-

235 5358 332 5424 bit,
359 5360 488 5414 illud
518 5377 647 5417 vero
678 5379 784 5419 non
817 5380 1003 5422 eorum
1043 5369 1183 5438 quod
1215 5369 1338 5438 quid
1375 5378 1491 5426 erat
1524 5385 1644 5427 esse
1672 5370 1813 5438 ejus-

236 5453 357 5508 dem
386 5459 482 5512 rei.
517 5459 614 5514 llic
639 5461 852 5529 quidem
892 5462 1050 5531 igitur
1078 5464 1264 5518 modus
1313 5466 1453 5535 quod
1489 5482 1592 5520 non
1629 5467 1697 5520 sit
1725 5469 1809 5521 de-

236 5553 554 5607 monstratio
583 5553 782 5609 dictum
809 5565 892 5610 est
931 5557 1099 5626 prius,
1135 5557 1227 5612 sed
1255 5567 1336 5613 est
1363 5558 1708 5629 syllogismus
1733 5560 1811 5612 lo-

233 5639 386 5709 gicus
415 5643 583 5712 ipsius
606 5645 732 5714 quid
763 5655 865 5701 est.

851 5736 1076 5792 CAPUT
1118 5738 1205 5794 IX.

674 5827 748 5880 De
775 5829 897 5895 quid
925 5841 1028 5893 est,
1061 5841 1105 5882 ct
1137 5831 1273 5898 quod
1302 5840 1393 5884 est.

309 5913 423 5980 Quo
467 5929 642 5974 autem
686 5921 842 5976 modo
884 5924 1158 5991 contingat
1204 5923 1474 5992 dicemus,
1511 5927 1700 5982 iterum
1740 5927 1819 5982 di-

1922 3403 2194 3471 umbram,
2227 3419 2349 3458 cum
2394 3405 2572 3460 nullus
2601 3419 2842 3462 nosnrum
2884 3407 2936 3460 in
2968 3407 3147 3462 medio
3175 3409 3265 3476 sit,
3313 3411 3367 3465 in
3400 3411 3499 3465 hoc

1922 3494 2135 3562 quidem
2164 3511 2217 3560 α,
2249 3495 2390 3564 quod
2421 3504 2503 3550 est
2524 3495 2772 3561 deﬁcere,
2800 3496 2922 3564 quia
2953 3497 3134 3554 deficit
3159 3498 3498 3554 manifestum

1921 3596 2038 3654 est,
2064 3587 2157 3641 sed
2191 3595 2407 3656 prepter
2453 3587 2611 3658 quid,
2660 3588 2925 3655 nonduin,
2957 3588 3052 3646 sed
3101 3589 3222 3658 quia
3260 3591 3499 3647 defectus

1921 3679 2135 3748 quidem
2165 3688 2248 3735 est
2277 3680 2496 3747 scimus,
2546 3681 2673 3750 qttid
2703 3693 2884 3740 autem
2908 3691 3010 3748 est,
3041 3682 3327 3739 nescimus.
3366 3683 3498 3742 Cum

1920 3784 2100 3830 autem
2125 3775 2462 3830 manifestum
2486 3783 2570 3831 est
2593 3776 2717 3846 quia
2738 3793 2771 3829 a
2796 3775 2849 3830 in
2871 3793 2897 3831 ο
2915 3777 2993 3842 fit,
3022 3776 3116 3832 sed
3142 3786 3357 3846 prapter
3374 3778 3499 3846 quid

1921 3867 2043 3921 est?
2071 3882 2314 3936 quaerere
2344 3869 2373 3920 ὁ
2395 3867 2607 3936 quidem
2639 3877 2742 3938 est,
2773 3877 2949 3923 utrum
2977 3868 3239 3938 objectio,
3264 3879 3352 3924 aut
3373 3884 3500 3926 con-

1923 3961 2105 4015 vi-rsio
2134 3961 2295 4029 lunae,
2327 3971 2418 4016 aut
2443 3963 2730 4018 exstinctio
2755 3963 2998 4029 luminis;
3032 3963 3134 4020 hoc
3158 3974 3333 4020 autem
3365 3966 3502 4021 ratio

1920 4054 2143 4109 alterius
2167 4056 2398 4118 termini,
2416 4065 2474 4111 ut
2495 4057 2547 4111 in
2572 4057 2676 4124 his,
2702 4058 2867 4127 ipsius
2888 4076 2940 4123 a,
2956 4067 3042 4114 est
3062 4059 3205 4116 enim
3233 4057 3497 4127 defectus,
3556 4095 3560 4098 -

1922 4146 2154 4215 objectio
2185 4156 2361 4202 terrai.
2394 4150 2532 4216 Quid
2584 4160 2760 4204 autem
2797 4160 2880 4206 est
2909 4152 3172 4206 tonitruus
3195 4152 3218 4205 7
3244 4152 3379 4222 ignis
3408 4169 3502 4208 ex-

1921 4239 2140 4292 stincuio
2170 4240 2222 4291 in
2247 4240 2410 4294 nube.
2442 4241 2667 4308 Propter
2693 4242 2818 4310 quid
2841 4251 2990 4298 tonat
3013 4243 3034 4296 '3
3057 4251 3272 4313 propter
3299 4247 3500 4302 exstin-

1919 4327 2010 4396 gui
2042 4329 2216 4396 ignem
2242 4330 2295 4383 in
2325 4330 2484 4384 nube.
2513 4332 2592 4385 Sit
2620 4331 2789 4386 nubes
2816 4349 2864 4399 ε,
2898 4333 3186 4388 tonitruum
3215 4353 3265 4401 a,
3298 4337 3501 4392 exstin-

1921 4425 2028 4478 Ctio
2059 4425 2195 4494 ignis
2225 4426 2273 4492 b,
2303 4426 2354 4481 in
2383 4443 2410 4480 c
2437 4427 2597 4495 igitur
2625 4430 2766 4483 nube
2787 4439 2871 4486 est
2897 4431 2946 4496 ὁ,
2973 4431 3330 4502 exstinguitur
3355 4439 3499 4492 enim

1920 4513 1975 4568 in
2001 4513 2110 4582 ipsa
2146 4515 2300 4584 ignis,
2335 4517 2456 4572 huic
2473 4526 2651 4572 autem
2686 4519 2889 4580 inesta.
2920 4530 2973 4576 et
2997 4529 3081 4576 est
3109 4525 3247 4578 ratio
3264 4525 3314 4589 ι,
3335 4527 3500 4594 ipsius

1919 4621 1952 4656 a
1986 4604 2142 4672 primi
2177 4607 2424 4670 termini;
2470 4609 2513 4660 si
2556 4618 2731 4663 autem
2781 4610 2972 4666 iterum
3018 4613 3176 4684 hujus
3215 4616 3357 4672 aliud
3388 4634 3501 4677 me-

1920 4695 2066 4750 dium
2094 4697 2180 4761 sit,
2205 4713 2270 4752 ex
2301 4699 2519 4769 reliquis
2545 4701 2646 4754 erit
2672 4700 2991 4758 rationibus.
3023 4704 3089 4759 Ut
3120 4706 3279 4777 igitur
3304 4711 3501 4779 accipi-

1924 4798 2009 4843 tur
2049 4792 2173 4861 quid
2206 4803 2308 4858 est,
2339 4804 2392 4847 et
2423 4793 2480 4849 ﬁt
2521 4804 2730 4863 notum,
2763 4797 2962 4854 dictum
2991 4809 3092 4857 est.
3131 4804 3308 4872 Quare
3337 4808 3499 4879 syllo-

1921 4885 2126 4953 gismus
2153 4886 2364 4955 quidem
2408 4888 2572 4957 ipsius
2612 4890 2750 4960 quod
2783 4892 2908 4961 quid
2953 4905 3035 4949 est
3072 4911 3177 4952 non
3209 4897 3297 4964 ﬁt,
3327 4914 3500 4971 neque

1922 4975 2336 5042 demonstratio,
2358 4979 2696 5033 manifesmm
2721 4988 2896 5037 tamen
2916 4994 2997 5038 est
3019 5001 3113 5054 per
3132 4987 3498 5058 syllogismum

1922 5074 1979 5120 et
2009 5065 2525 5124 demonsuationem
2550 5110 2562 5133 ,
2593 5086 2758 5138 quare
2790 5088 2963 5142 neque
3010 5076 3127 5131 sine
3165 5077 3500 5134 demonstra-

1925 5156 2071 5212 tione
2097 5165 2180 5212 est
2223 5174 2547 5229 cognoscere
2584 5163 2708 5231 quid
2740 5173 2839 5229 est,
2874 5165 3022 5234 cujus
3062 5176 3332 5224 estcausa
3373 5172 3497 5240 alia,

1925 5263 2100 5319 neque
2127 5258 2208 5305 est
2247 5250 2629 5307 demonstratio
2661 5254 2848 5322 ipsius,
2879 5258 3015 5312 sicut
3051 5268 3104 5313 et
3132 5259 3184 5314 in
3216 5260 3501 5317 dubitatio-

1925 5339 2082 5395 nibus
2107 5340 2359 5397 diximus.

2550 5453 2775 5511 CAPUT
2809 5456 2871 5509 Χ.

2140 5542 2215 5598 De
2245 5546 2540 5615 deﬁnitione
2566 5549 2689 5616 quid
2713 5558 2808 5612 est,
2836 5559 2880 5600 et
2910 5558 3117 5616 promer
3139 5553 3282 5620 quid.

1991 5656 2090 5713 Est
2117 5668 2293 5713 autem
2326 5661 2674 5736 quorumdam
2701 5661 2944 5730 qutcdam
2967 5676 3126 5719 causa
3153 5667 3343 5736 altera,
3366 5687 3499 5740 quo-

1922 5748 2162 5802 rumdam
2195 5761 2370 5805 autem
2405 5767 2507 5806 non
2537 5761 2619 5806 est
2647 5770 2657 5804 :
2686 5766 2850 5819 quare
2883 5754 3218 5814 manifestum
3249 5763 3499 5830 quoniam

1923 5857 2107 5896 eorum
2137 5859 2254 5911 quae
2285 5855 2405 5896 sunt
2456 5845 2580 5911 quid
2615 5855 2717 5909 est,
2754 5845 2854 5899 alia
2901 5847 3117 5916 quidem
3146 5851 3265 5908 sine
3292 5856 3501 5921 medio,

1925 5942 1979 5987 ut
2010 5932 2270 6001 principia
2313 5946 2456 5996 sunt,
2485 5949 2604 6002 qua:
2634 5935 2756 6002 quia
2783 5946 2926 6002 sunt,
2957 5946 3010 5995 et
3051 5955 3170 6014 qua:
3197 5945 3323 6014 quid
3353 5956 3502 6018 sunt,
