4056 6330
551 428 648 486 751

1780 423 1885 479 ΛΝ.
1932 406 2137 477 ΜΛΜη
2177 408 2330 474 εει.
2374 411 2594 476 ΒΟΕΤΙΙ

3715 417 3818 476 752

552 559 856 616 supponere
885 549 1115 613 oportet,
1146 552 1237 594 aut
1263 538 1370 594 alio
1393 540 1549 593 modo
1588 538 1766 592 lacere
1810 536 2128 601 manifesta,
2154 532 2317 595 Adia
2356 533 2584 591 duorum
2638 542 2905 592 rectorum
2955 536 3007 591 in
3042 550 3152 609 quo
3176 537 3235 601 ὸ.
3284 536 3377 610 qui
3420 546 3499 595 est
3547 537 3604 594 in
3653 538 3820 595 semis

553 638 691 707 quod
715 635 927 705 quidem
952 632 1323 686 arithmeticos
1349 630 1489 685 facit.
1520 630 1586 684 Et
1612 644 1843 701 namque
1872 629 1998 700 quid
2026 637 2128 694 est,

554 730 810 785 unitatem
838 725 1120 796 supponit,
1153 733 1207 780 et
1242 723 1363 793 quia
1406 733 1509 789 est,
1541 723 1637 779 sed
1675 722 1984 778 habentium
2020 736 2135 777 me—

553 823 720 887 dium,
743 831 797 876 et
815 834 1040 891 quorum
1063 818 1403 888 estquazdam
1427 817 1593 873 altera
1615 831 1775 872 causa
1793 816 2128 881 substantiae,

556 922 611 970 et
638 913 807 982 ipsius
832 925 952 966 esse
971 952 986 977 ,
1018 919 1103 967 est
1138 924 1232 980 per
1260 909 1770 965 demonstrationem
1802 907 1966 977 (sicut
1990 904 2133 960 dixi-

557 1004 710 1074 mus)
741 1002 1058 1068 ostendere,
1090 1017 1195 1056 non
1242 1000 1629 1057 demonstrare.
1673 998 1917 1054 Definitio
1954 1005 2133 1053 autem

557 1097 808 1167 quoniam
836 1097 1050 1168 quidem
1082 1095 1277 1150 dicitur
1306 1094 1442 1150 ratio
1480 1095 1649 1165 ipsius
1678 1092 1822 1163 quod
1859 1093 1987 1165 quid
2019 1101 2132 1159 est,

558 1187 896 1245 manifestum
916 1196 1001 1243 εει
1027 1186 1278 1256 quoniam
1301 1186 1475 1257 aliqua
1502 1185 1606 1241 erit
1636 1185 1774 1240 ratio
1803 1185 1970 1254 ipsius
1991 1183 2133 1255 quod

557 1282 773 1352 quidem
817 1281 1082 1352 signiﬁcat
1131 1295 1358 1353 nomen,
1392 1288 1483 1334 aut
1510 1279 1645 1335 ratio
1684 1278 1889 1345 altera,
1917 1277 2134 1333 nomina

558 1387 802 1444 ponens:
834 1381 891 1426 ut
916 1371 1042 1441 quid
1069 1371 1336 1441 significat
1380 1370 1520 1439 quod
1562 1369 1688 1439 quid
1719 1378 1802 1424 est
1844 1369 2135 1424 secundum

556 1465 698 1536 quod
723 1464 1022 1534 triangulus
1047 1473 1149 1527 est,
1182 1462 1321 1533 quod
1350 1462 1564 1532 quidem
1588 1461 1850 1517 habentes
1878 1462 2002 1531 quia
2029 1472 2133 1528 est,

558 1558 850 1627 quaerimus
878 1566 1102 1627 propter
1149 1554 1274 1625 quid
1325 1565 1424 1623 est.
1479 1553 1706 1609 Difﬁcile
1744 1562 1920 1607 autem
1952 1553 2027 1608 sic
2056 1561 2138 1609 est

559 1650 805 1721 accipere
829 1662 947 1719 qua:
976 1646 1246 1703 nescimus
1276 1646 1399 1713 quia
1433 1655 1578 1709 sunt,
1606 1659 1765 1699 causa
1796 1652 1974 1698 autem
1995 1643 2135 1697 dicta

561 1755 645 1803 est
670 1747 818 1817 prius
841 1740 1188 1806 dflicultatis,
1218 1741 1341 1810 quia
1371 1755 1546 1810 neque
1565 1739 1610 1794 si
1635 1748 1735 1804 est,
1761 1753 1933 1809 neque
1963 1737 2007 1791 si
2035 1751 2138 1792 non

561 1848 644 1895 est
673 1837 896 1902 scimus,
937 1836 1030 1890 sed
1060 1844 1152 1890 aut
1202 1833 1302 1888 hoc
1330 1832 1623 1889 secundum
1652 1832 1924 1887 accidens.
1955 1830 2140 1887 Oratio

2224 627 2438 683 circulo
2470 627 2522 683 iu
2578 642 2686 699 quo
2715 644 2763 694 ο,
2800 628 2966 699 ipsius
3004 647 3035 682 a
3068 630 3225 700 igitur
3268 642 3471 687 rectum
3508 616 3632 687 esse
3673 631 3728 685 in
3759 648 3815 698 ε,

2237 723 2325 792 qui
2357 731 2440 777 est
2479 722 2532 777 in
2563 721 2941 787 semicirculo,
2972 737 3129 778 causa
3174 731 3257 779 est
3294 724 3358 789 ὁ,
3399 726 3501 780 hoc
3528 723 3675 779 enim
3719 721 3821 794 ipsi

2235 832 2269 870 ε
2319 816 2524 888 aequale
2581 826 2692 882 est,
2732 818 2823 887 qui
2876 832 3009 873 vero
3062 827 3145 874 est
3196 835 3264 883 ε,
3319 818 3420 888 ipsi
3470 820 3519 872 ὁ.
3582 818 3818 874 Duorum

2237 912 2380 966 enim
2436 921 2703 967 rectorum
2746 910 3028 966 dimidium
3071 920 3186 982 est,
3214 912 3480 967 existente
3535 910 3697 980 igitur
3741 909 3823 966 die

2238 1000 2405 1057 midio
2455 1000 2682 1056 duorum
2732 1014 3003 1057 rectorum
3030 1040 3044 1067 .,
3089 1019 3119 1053 α
3164 1003 3215 1056 in
3258 1016 3285 1054 c
3321 1011 3433 1067 est,
3487 1000 3592 1055 hoc
3640 1009 3823 1057 autem

2242 1101 2361 1148 erat
2406 1094 2459 1147 in
2505 1093 2847 1148 semicirculo
2895 1105 3095 1149 rectum
3125 1106 3264 1149 esse.
3309 1091 3424 1148 Hoc
3471 1102 3653 1149 autem
3684 1094 3823 1150 idem

2238 1192 2322 1240 est
2363 1184 2414 1239 ei
2457 1184 2762 1256 quodquid
2814 1197 2929 1242 erat
2957 1202 3115 1255 esse,
3154 1199 3275 1240 cum
3337 1187 3438 1242 hoc
3491 1188 3827 1259 signiﬁcaret

2244 1280 2527 1343 oratione,
2575 1287 2633 1333 at
2674 1293 2801 1335 vero
2845 1289 2899 1335 et
2948 1272 3116 1349 ipsius
3165 1279 3307 1349 quod
3360 1282 3489 1351 quid
3538 1291 3658 1337 erat
3707 1298 3827 1341 esse

2240 1382 2400 1422 causa
2432 1378 2724 1424 monstrata
2751 1378 2833 1425 est
2860 1370 3056 1425 media.
3086 1370 3198 1426 Hoc
3232 1381 3410 1428 autem
3451 1382 3673 1443 propter
3700 1374 3825 1443 quid

2244 1458 2517 1516 Medorum
2569 1461 2768 1518 bellum
2819 1461 3015 1516 factum
3064 1473 3147 1519 est
3197 1463 3663 1520 Atheniensibus?
3707 1481 3827 1535 qua:

2241 1567 2399 1607 causa
2431 1565 2514 1609 est
2544 1554 2774 1623 prreliari
2813 1554 3204 1611 Athenienses?
3239 1556 3491 1623 quoniam
3530 1555 3583 1610 in
3627 1554 3828 1613 Sardes

2242 1659 2363 1700 cum
2394 1643 2655 1701 Eretbriis
2682 1646 3095 1713 commiserunt,
3124 1656 3339 1719 propter
3383 1646 3485 1704 hoc
3530 1648 3679 1703 enim
3716 1663 3827 1705 tuo-

2246 1747 2357 1794 tum
2389 1747 2490 1794 est.
2523 1738 2762 1793 Primum
2794 1740 2864 1795 sit
2894 1739 3089 1795 bellum
3122 1739 3173 1794 in
3201 1755 3307 1811 quo
3334 1757 3399 1806 a,
3444 1742 3656 1811 priores
3682 1756 3826 1798 com-

2246 1831 2522 1887 mittentes
2547 1832 2601 1886 iu
2628 1831 2762 1886 alios
2789 1831 2840 1898 ὁ,
2870 1831 3227 1888 Athenienses
3251 1849 3277 1885 c
3295 1872 3312 1899 ,
3335 1843 3418 1888 est
3446 1834 3612 1904 igitur
3640 1834 3669 1888 ὁ
3699 1836 3751 1890 in
3776 1851 3825 1900 ε,

562 1941 740 1987 autem
768 1945 869 1986 una
901 1937 983 1983 cst
1007 1926 1292 1997 dupliciter
1317 1944 1331 1982 :
1359 1926 1471 1981 haec
1502 1925 1716 1996 quidem
1745 1923 2141 1994 conjunctione,
2173 1925 2220 1985 B
2249 1922 2395 1992 prius
2419 1923 2565 1980 enim
2593 1932 2677 1978 est
2709 1924 3044 1979 committere
3065 1965 3080 1990 ,
3114 1923 3529 1980 Atheniensibus
3547 1967 3562 1992 ,
3591 1943 3625 1980 ε
3651 1938 3828 1984 autem

563 2034 622 2080 ut
646 2023 799 2088 Ilias;
829 2023 935 2077 alia
968 2034 1100 2077 vero
1137 2035 1300 2074 unum
1352 2019 1420 2075 de
1446 2033 1550 2073 uno
1580 2016 1867 2071 ostendens
1909 2032 2014 2070 non
2058 2030 2142 2071 se-

559 2117 794 2172 cundum
835 2114 1113 2180 accidens,
1157 2128 1258 2168 una
1298 2112 1513 2181 quidem
1551 2111 1711 2180 igitur
1750 2109 2014 2165 terminus
2060 2118 2143 2164 est

564 2205 934 2276 termini,qu:e
959 2204 1101 2281 dicta
1124 2212 1228 2258 est.
1258 2202 1409 2256 Alius
1428 2215 1556 2255 vero
1577 2203 1834 2255 terminus
1861 2214 1942 2255 est
1970 2200 2143 2255 oratio

561 2303 943 2359 demonstrans
973 2308 1193 2368 propter
1218 2295 1346 2366 quid
1379 2303 1482 2361 est,
1511 2309 1677 2366 quare
1709 2295 1854 2365 prior
1881 2292 2145 2361 signiﬁcat

565 2394 801 2465 quidem,
831 2393 1166 2447 demonstrat
1194 2398 1371 2444 autem
1402 2400 1528 2441 non.
1555 2387 1686 2454 Quae
1715 2400 1840 2440 vero
1881 2385 2145 2455 posterior

563 2496 676 2551 est,
709 2484 1047 2541 manifestum
1088 2491 1171 2539 est
1215 2481 1466 2553 quoniam
1511 2480 1618 2535 erit
1661 2488 1719 2534 ut
1758 2478 2145 2535 demonstratio

565 2584 683 2653 ejus
713 2580 853 2651 quod
884 2579 1012 2651 quid
1041 2586 1145 2646 est,
1167 2576 1435 2648 positione
1473 2575 1728 2632 differens
1755 2590 1784 2628 a
1813 2574 2147 2630 demonstra-

566 2677 730 2732 tione.
757 2674 944 2730 Dilfcrt
971 2674 1115 2730 enim
1139 2672 1320 2728 dicere
1348 2679 1565 2742 propter
1592 2669 1717 2741 quid
1747 2677 1917 2736 tonat,
1940 2676 1995 2724 et
2019 2668 2146 2738 quid

571 2780 657 2827 est
685 2770 953 2825 tonitruus
985 2812 1001 2836 ,
1042 2768 1180 2823 dicet
1200 2767 1342 2823 enim
1369 2766 1445 2820 sic
1462 2764 1674 2836 quidem
1699 2774 1917 2835 propter
1935 2762 1988 2819 id
2006 2761 2146 2834 quod

571 2863 927 2932 exstinguitur
973 2861 1110 2930 ignis
1152 2859 1205 2914 iu
1246 2857 1480 2914 nubibus
1509 2875 1520 2909 :
1545 2856 1684 2925 Quid
1727 2865 1808 2911 est
1846 2854 2149 2910 tonitruus?

565 2971 730 3013 sonus
758 2953 1126 3010 exstinctionis
1153 2950 1289 3021 ignis
1320 2950 1375 3004 in
1416 2949 1578 3016 nube.
1610 2948 1788 3016 Quare
1813 2945 1999 3001 eadem
2029 2960 2151 3001 ora-

568 3049 640 3102 tio
662 3047 766 3103 alio
798 3043 981 3109 modo,
1011 3052 1067 3099 et
1096 3043 1200 3097 alio
1227 3042 1443 3108 dicitur,
1473 3050 1528 3094 et
1568 3040 1648 3095 sic
1686 3038 1900 3109 quidem
1926 3037 2151 3093 demon-

569 3138 760 3195 stratio
806 3136 1054 3193 continua
1076 3173 1093 3202 ,
1120 3135 1200 3190 sic
1242 3141 1419 3189 autem
1450 3131 1709 3188 deﬁnitio.
1756 3130 1996 3199 Amplius
2019 3170 2035 3197 ,
2066 3137 2151 3186 est

566 3231 829 3287 terminus
878 3227 1115 3293 tonitrui,
1139 3241 1304 3283 sonus
1330 3226 1385 3281 in
1429 3224 1688 3294 nubibus,
1722 3223 1836 3280 hinc
1861 3232 2039 3279 autem
2068 3232 2150 3280 est

2249 2018 2302 2074 in
2329 2021 2380 2084 ὸ,
2411 2019 2814 2075 debellaveruut
2839 2020 2980 2074 enim
3013 2018 3159 2090 prius
3184 2020 3431 2088 injustus,
3464 2030 3547 2077 est
3574 2021 3751 2091 itaque
3775 2023 3829 2077 in

2248 2114 2278 2167 ὁ
2306 2134 2357 2179 a,
2381 2115 2640 2170 debellari
2668 2113 2814 2184 prius
2846 2114 3182 2185 incipientes,
3214 2116 3243 2169 b
3270 2125 3449 2172 autem
3473 2118 3525 2173 in
3555 2134 3602 2182 c,
3634 2118 3747 2173 sive
3775 2120 3828 2173 in

2248 2212 2698 2280 Atheniensibus,
2748 2211 2952 2281 priores
3001 2212 3146 2267 enim
3200 2212 3559 2280 iuCeperunt,
3595 2215 3829 2269 rnediqu

2249 2302 2427 2375 itaque
2475 2303 2564 2359 hic
2614 2318 2772 2358 causa
2814 2304 3043 2371 primum
3091 2318 3335 2359 movens.
3382 2305 3833 2375 Quorumcuoque

2250 2414 2379 2455 vero
2409 2412 2572 2455 causa
2594 2409 2676 2455 est
2696 2398 2847 2469 cujus
2871 2400 3063 2470 gratia,
3086 2408 3143 2454 ut
3167 2407 3386 2471 propter
3410 2400 3534 2470 quid
3559 2400 3831 2456 ambulat?

2251 2504 2309 2549 ut
2340 2508 2502 2549 sanus
2530 2494 2640 2548 fiat.
2672 2493 2896 2562 Propter
2924 2491 3051 2564 quid
3088 2492 3284 2547 domus
3316 2494 3443 2548 est?
3472 2500 3528 2547 ut
3561 2492 3833 2548 salventur

2251 2603 2401 2643 vasa.
2433 2587 2543 2642 Hoc
2565 2585 2778 2656 quidem
2808 2587 2977 2656 gratia
3011 2584 3167 2655 lmjus
3196 2586 3339 2656 quod
3362 2594 3445 2641 est
3472 2588 3673 2649 sanari,
3703 2586 3832 2641 illud

2250 2694 2381 2734 vero
2411 2678 2579 2749 gratia
2612 2677 2769 2748 hujus
2794 2676 2946 2749 quod
2966 2687 3047 2733 est
3081 2677 3277 2734 salvari
3297 2722 3311 2747 ,
3346 2687 3403 2734 et
3443 2688 3662 2749 propter
3707 2679 3831 2747 quid

2252 2779 2463 2842 oportet
2482 2772 2617 2841 post
2638 2784 2846 2825 ccenam
2876 2769 3180 2835 ambulare,
3209 2778 3265 2824 et
3301 2768 3455 2839 cujus
3479 2769 3651 2840 gratia
3678 2784 3833 2839 opor-

2253 2870 2348 2932 tet,
2381 2862 2514 2918 nihil
2539 2861 2737 2917 differt.
2763 2860 2844 2916 Sit
2869 2861 3142 2916 ambulare
3171 2870 3291 2931 post
3319 2875 3552 2926 coenam,
3582 2861 3634 2915 in
3654 2877 3761 2933 quo
3782 2879 3833 2927 ε,

2254 2972 2358 3012 non
2406 2955 2646 3012 eminere
2692 2956 2873 3020 cibos,
2904 2954 2956 3009 in
2985 2968 3090 3023 quo
3117 2954 3148 3007 ὁ
3169 2995 3184 3021 ,
3213 2955 3390 3010 sanari
3420 2955 3474 3009 in
3516 2968 3623 3026 quo
3662 2972 3717 3009 ε.
3756 2956 3836 3013 Sit

2256 3046 2416 3117 igitur
2446 3048 2499 3103 in
2529 3062 2594 3102 eo
2620 3047 2762 3118 quod
2796 3055 2878 3103 est
2907 3055 3027 3114 post
3054 3060 3261 3102 cmnam
3297 3045 3568 3116 ambulat,
3599 3062 3724 3104 esse
3754 3047 3834 3102 fa-

2252 3154 2377 3197 cere
2408 3155 2512 3195 non
2537 3138 2941 3211 supereminere
2961 3139 3111 3195 cibos
3134 3138 3286 3208 juxta
3306 3152 3368 3194 os
3393 3139 3620 3204 ventris,
3652 3148 3709 3195 et
3737 3138 3835 3195 hoc

2254 3249 2374 3292 esse
2401 3249 2588 3290 sanum
2610 3278 2624 3302 ,
2656 3233 2869 3288 videtur
2896 3234 3037 3287 enim
3061 3234 3237 3289 inesse
3261 3231 3364 3302 ipsi
3389 3231 3669 3287 ambulare
3699 3232 3837 3301 quod

565 3337 688 3392 qua:
715 3327 799 3377 est
823 3318 990 3388 ipsius
1018 3316 1146 3388 quid
1176 3327 1291 3385 est,
1335 3316 1811 3373 demonstrationis
1840 3316 2147 3382 conclusio,
2175 3326 2224 3390 ο
2256 3341 2339 3388 εει
2366 3349 2393 3386 ε
2414 3373 2429 3397 ν
2455 3332 2483 3385 ι,
2513 3346 2618 3386 non
2649 3330 2887 3387 eminere
2912 3330 3079 3385 cibos,
3114 3328 3169 3384 ιη
3201 3331 3230 3384 ι,
3264 3339 3441 3386 autem
3471 3346 3531 3393 α,
3568 3332 3670 3386 hoc
3698 3330 3837 3402 quod

570 3428 693 3485 qua:
732 3421 907 3468 autem
935 3419 1017 3468 est
1048 3409 1480 3467 immediatorum
1520 3409 1798 3478 deﬁnitio,
1843 3410 2038 3480 positio
2067 3418 2151 3467 est

569 3504 738 3576 ipsius
765 3504 889 3575 quid
920 3510 1023 3569 est,
1061 3511 1116 3559 et
1142 3501 1664 3569 indcmonstrabilis;
1698 3514 1777 3558 est
1804 3517 1934 3574 ergo
1961 3502 2151 3558 deﬁni-

462 3620 465 3623 λ
567 3602 647 3655 tio
676 3615 779 3655 una
809 3599 1022 3669 quidem
1049 3596 1223 3652 oratio
1249 3596 1365 3665 ejus
1393 3595 1534 3668 quod
1564 3596 1692 3668 quid
1729 3605 1809 3651 est
1829 3638 1843 3662 ,
1873 3595 2151 3651 indemon-

566 3690 830 3755 stribilis;
863 3704 971 3744 una
995 3703 1127 3744 vero
1152 3687 1496 3760 syllogismus
1525 3688 1693 3759 ipsius
1721 3688 1844 3759 quid
1877 3698 1989 3756 est,
2022 3703 2149 3744 casu

568 3784 825 3840 differens
852 3797 881 3835 a
905 3778 1398 3846 demonstratione;
1427 3780 1579 3836 tertia
1610 3794 1737 3835 vero
1774 3788 1863 3837 est
1907 3796 2028 3850 qua:
2068 3789 2152 3835 est

565 3876 742 3943 ipsius
766 3872 892 3942 quid
924 3881 1027 3936 est,
1068 3871 1541 3927 demonstrationis
1585 3871 1880 3927 conclusio.
1926 3872 2152 3927 Manife-

565 3973 710 4020 stum
743 3962 906 4033 igitur
932 3977 996 4017 ex
1022 3960 1181 4016 dictis
1208 3970 1311 4027 est,
1347 3970 1401 4015 et
1424 3962 1654 4030 qualiter
1693 3971 1778 4016 est
1813 3962 1980 4033 ipsius
2008 3963 2150 4033 quod

569 4057 696 4128 quid
721 4065 802 4111 est
827 4054 1235 4121 demonstratio,
1267 4063 1321 4109 et
1349 4054 1617 4125 quomodo
1645 4070 1749 4111 non
1795 4066 1902 4124 est,
1934 4066 1988 4113 et
2017 4073 2155 4129 quo-

564 4166 689 4208 rum
717 4158 819 4217 cst,
843 4159 897 4206 et
916 4164 1143 4220 quorum
1168 4164 1273 4205 non
1290 4157 1391 4205 est.
1424 4150 1666 4221 Amplius
1682 4162 1884 4221 autem,
1908 4153 2152 4210 deﬁnitio

570 4252 699 4315 quot
746 4242 919 4299 modis
952 4242 1170 4309 dicitur,
1204 4252 1259 4299 et
1287 4243 1517 4315 qualiter
1543 4245 1683 4313 quod
1714 4245 1842 4316 quid
1873 4256 1958 4303 est
1999 4262 2153 4303 nion-

571 4345 726 4404 strat,
765 4344 819 4390 et
859 4336 1126 4407 quomodo
1154 4353 1256 4392 non
1279 4382 1293 4406 ,
1322 4349 1375 4393 et
1406 4356 1631 4408 quorum
1665 4350 1777 4406 est,
1823 4351 1880 4397 et
1924 4360 2150 4412 quorum

571 4416 699 4491 non,
744 4425 917 4481 adhuc
944 4436 1120 4483 autem
1150 4436 1205 4483 et
1231 4429 1296 4483 ad
1323 4420 1839 4488 demonstrationem
1882 4435 2154 4505 quomodo

567 4526 633 4573 se
662 4518 852 4585 liabet,
884 4530 937 4575 et
976 4520 1243 4590 quomodo
1298 4521 1557 4593 contingit
1604 4525 1843 4592 ejusdem
1894 4540 2015 4582 esse
2040 4569 2055 4592 ,
2102 4536 2158 4583 et

568 4611 804 4679 qualiter
824 4627 928 4667 non
956 4612 1233 4683 contingit.

1110 4798 1113 4801 _
1177 4726 1402 4783 CAPUT
1443 4725 1532 4782 χι.

697 4815 801 4872 Per
821 4815 1075 4888 quodlibet
1099 4833 1257 4890 genus
1288 4834 1454 4873 causa:
1483 4819 1828 4875 demonstrari
1856 4838 2023 4894 posse.

640 4929 903 5001 Quoniam
935 4939 1110 4985 autem
1143 4931 1283 4986 scire
1312 4930 1594 5001 opinamur
1626 4948 1748 4988 cum
1771 4935 2007 4992 sciamus
2031 4952 2157 4994 cau-

571 5044 708 5095 sam,
742 5039 915 5083 causa:
957 5035 1136 5081 autem
1164 5034 1392 5095 quatuor
1430 5037 1591 5081 sunt:
1619 5043 1722 5083 una
1765 5031 1981 5101 quidem
2010 5033 2152 5104 quod

572 5122 696 5191 quid
741 5128 856 5175 erat
884 5133 1032 5179 esse;
1065 5133 1167 5173 una
1201 5132 1328 5173 vero
1361 5133 1482 5173 cum
1529 5117 1633 5174 hoc
1674 5120 1764 5185 sit,
1813 5137 2033 5179 necesse
2071 5135 2155 5180 est

565 5212 677 5268 hoc
714 5227 863 5277 esse;
910 5210 1079 5267 altera
1118 5218 1297 5265 autem
1336 5226 1455 5281 qure
1492 5212 1693 5283 aliquid
1734 5216 1905 5284 primo
1949 5218 2148 5283 movit;

562 5317 760 5375 quarta
787 5321 917 5361 vero
945 5305 1095 5375 cujus
1117 5306 1284 5376 gratia
1302 5320 1489 5361 omnes
1509 5306 1591 5361 lare
1614 5323 1707 5377 per
1728 5309 1962 5365 medium
1998 5327 2150 5367 mon-

568 5406 759 5453 stram.
810 5398 877 5453 Et
904 5397 1007 5452 hoc
1032 5400 1174 5454 enim
1220 5403 1360 5467 quod
1390 5413 1511 5453 cum
1540 5400 1610 5453 sit
1639 5401 1771 5470 hoc,
1807 5417 2027 5460 necesse
2069 5414 2152 5461 est

571 5505 710 5557 esse,
739 5504 843 5546 una
874 5490 1087 5561 quidem
1120 5501 1335 5563 accepta
1356 5492 1720 5562 propositione
1743 5509 1849 5549 non
1882 5506 1985 5562 est,
2017 5496 2151 5551 dua-

568 5582 671 5647 bus
699 5574 875 5639 autem
905 5584 971 5640 ad
998 5587 1192 5651 minus,
1226 5586 1326 5641 hoc
1358 5593 1531 5641 autem
1558 5598 1660 5654 est,
1690 5605 1809 5644 cum
1843 5568 2003 5645 unum
2035 5606 2148 5648 me-

564 5676 716 5733 dium
741 5677 991 5745 habeant,
1037 5680 1138 5736 hoc
1161 5694 1294 5751 ergo
1319 5697 1424 5735 uno
1465 5691 1716 5751 accepto,
1740 5683 2141 5740 conclusionem

565 5784 793 5826 necesse
848 5784 929 5827 est
976 5787 1116 5827 esse.
1170 5771 1502 5828 Manifestum
1556 5783 1636 5829 est
1689 5782 1865 5829 autem
1924 5785 1977 5831 et
2026 5779 2145 5845 sic,

564 5870 787 5931 promer
826 5862 950 5933 quid
1007 5874 1087 5917 est
1135 5872 1311 5923 rectus
1364 5865 1413 5919 in
1463 5866 1850 5920 semicirculo?
1895 5877 1989 5925 aut
2041 5886 2148 5942 quo

564 5952 833 6013 existente
864 5954 1044 6009 rectus
1073 5964 1156 6009 est
1184 5956 1204 6005 τ
1232 5954 1315 6010 Sit
1348 5972 1469 6027 ergo
1502 5967 1674 6015 l‘t‘t'lllS
1718 5958 1769 6013 in
1804 5973 1906 6032 quo
1950 5976 2001 6027 α,
2033 5978 2148 6021 me-

2251 3430 2331 3479 εςι
2354 3424 2653 3478 sanativum
2681 3466 2696 3491 ,
2727 3439 2848 3494 qua:
2879 3423 3036 3493 igitur
3063 3437 3223 3478 causa
3251 3433 3351 3489 est,
3384 3422 3436 3479 in
3468 3440 3497 3476 c
3522 3424 3666 3495 quod
3691 3441 3725 3478 α
3748 3424 3833 3489 sit,

2250 3518 2392 3589 quod
2424 3527 2508 3574 est
2534 3517 2703 3588 gratia
2726 3517 2916 3587 cujus?
2946 3516 2974 3570 b
3001 3531 3106 3572 non
3130 3516 3391 3583 eminere,
3418 3515 3521 3572 hoc
3549 3525 3730 3573 autem
3756 3524 3834 3572 est

2251 3612 2386 3667 sicut
2413 3610 2553 3665 illius
2583 3612 2737 3674 ratio,
2768 3626 2800 3663 η
2829 3609 2970 3665 enim
3001 3609 3080 3666 sic
3106 3607 3382 3673 reddetur,
3412 3617 3632 3679 propter
3656 3608 3781 3679 quid
3806 3611 3833 3663 ὁ

2253 3707 2387 3762 inest
2417 3708 2483 3761 c?
2523 3705 2773 3775 quoniam
2818 3704 2918 3761 hoc
2964 3715 3048 3761 est
3090 3704 3304 3770 sanari,
3347 3704 3448 3761 hoc
3494 3706 3575 3761 sic
3618 3706 3832 3763 habere.

2251 3801 2475 3872 Oportet
2505 3810 2680 3857 autem
2706 3807 3042 3857 commutare
3092 3799 3357 3865 rationes,
3405 3808 3461 3855 et
3509 3800 3589 3856 sic
3631 3800 3831 3871 singula

2253 3894 2420 3965 magis
2475 3893 2828 3965 apparebunt.
2874 3892 3259 3949 Generationes
3306 3901 3485 3950 autem
3535 3894 3834 3951 eoontrario

2256 3986 2341 4042 hic
2363 3995 2418 4042 et
2448 3986 2499 4041 in
2531 3987 2705 4043 causis
2732 3985 3027 4042 secundum
3057 3994 3297 4040 motum:
3326 3985 3398 4040 ibi
3426 3986 3571 4040 enim
3606 3984 3832 4041 medim:

2254 4086 2466 4146 oportet
2496 4077 2727 4148 primum
2758 4077 2871 4134 ﬁeri
2895 4119 2909 4145 ,
2943 4077 3027 4132 hic
3055 4087 3232 4133 autem
3260 4078 3432 4149 ipsum
3461 4095 3490 4131 c
3509 4087 3831 4143 extremum,

2257 4171 2702 4231 ultimumrautem
2728 4172 2896 4242 gratia
2917 4171 3091 4242 cujus.
3115 4172 3384 4244 Contiugit
3406 4183 3585 4229 autem
3617 4173 3756 4229 idem
3785 4181 3857 4228 ει*

2254 4266 2422 4335 gratia
2453 4266 2604 4335 cujus
2632 4279 2756 4321 esse
2782 4274 2837 4320 et
2862 4280 2929 4321 ex
2963 4265 3317 4331 necessitate,
3358 4275 3417 4319 ut
3468 4280 3564 4335 per
3604 4266 3836 4322 lucerna:

2256 4358 2450 4428 pellem
2495 4358 2676 4415 lumen
2706 4358 2925 4430 egredi;
2951 4359 3151 4415 etenim
3183 4374 3248 4413 ex
3284 4358 3605 4415 necessitate
3631 4358 3838 4425 disgre-

2258 4455 2433 4523 ditur,
2462 4454 2603 4525 quod
2635 4455 2689 4510 in
2720 4469 2884 4525 parva
2906 4463 2991 4511 est
3023 4453 3351 4523 partibilius,
3381 4462 3436 4509 et
3478 4468 3575 4522 per
3608 4454 3839 4523 majores

2258 4563 2440 4619 puros,
2465 4548 2509 4603 si
2535 4547 2749 4619 quidem
2779 4548 2957 4604 lumen
2984 4549 3045 4603 ﬁt
3063 4546 3461 4619 disgrediendo,
3484 4555 3542 4604 et
3560 4548 3733 4618 gratia
3757 4561 3841 4603 cu-

2257 4642 2378 4711 jus,
2406 4649 2463 4697 ut
2492 4656 2599 4697 non
2628 4642 2986 4700 offendamus.
3009 4643 3197 4699 Nonne
3225 4643 3388 4716 igitur
3415 4642 3461 4699 si
3488 4658 3613 4700 esse
3637 4644 3838 4701 contin-

2187 4728 2241 4791 D
2263 4735 2373 4806 git,
2408 4746 2461 4790 et
2486 4735 2603 4791 ﬁeri
2634 4736 2931 4805 contingit?
2956 4736 3096 4791 sicut
3133 4736 3176 4791 si
3222 4743 3372 4792 tonat
3399 4736 3669 4793 exstincto
3693 4736 3840 4807 igne,

2261 4841 2481 4885 necesse
2509 4837 2594 4884 est
2622 4829 2781 4884 sizire
2809 4838 2862 4884 et
2889 4842 3100 4894 sonare,
3134 4837 3188 4884 et
3221 4827 3706 4899 (quemadmodum
3738 4826 3841 4898 Py-

2259 4918 2520 4988 thagorici
2548 4917 2766 4992 dicunt)
2796 4918 3059 4975 minarum
3094 4934 3255 4976 causa
3284 4921 3353 4976 iis
3380 4914 3472 4991 qui
3500 4931 3625 4976 sunt
3658 4920 3709 4975 in
3738 4930 3842 4975 tar-

2260 5020 2413 5079 taro,
2442 5021 2702 5083 quatenus
2743 5012 2985 5068 timeant.
3040 5011 3274 5069 Plurima
3315 5022 3495 5068 autem
3537 5011 3841 5081 huiusmodi

2261 5116 2416 5173 sunt,
2446 5115 2499 5162 et
2528 5107 2757 5162 maxime
2779 5106 2830 5161 iu
2867 5107 2933 5162 iis
2966 5120 3086 5174 quae
3129 5115 3317 5160 natura
3348 5105 3684 5169 subsistunt,
3713 5113 3770 5160 et
3792 5103 3842 5160 in

2259 5200 2631 5255 constantibus
2677 5198 2792 5254 lucc
2824 5197 3038 5269 quidem
3071 5207 3291 5269 propter
3333 5197 3435 5252 hoc
3479 5206 3669 5252 natura
3699 5196 3842 5262 facit,

2260 5290 2348 5345 illa
2377 5305 2504 5346 vero
2533 5306 2597 5347 es
2629 5290 2968 5346 necessitate.
2997 5289 3298 5346 Necessitas
3318 5298 3497 5347 autem
3520 5299 3600 5346 est
3622 5289 3843 5358 duplex,

2258 5387 2372 5443 haec
2400 5389 2618 5459 quidem
2640 5388 2935 5445 secundum
2956 5399 3199 5443 naturam
3249 5398 3303 5445 et
3328 5388 3705 5460 aptitudinem,
3733 5386 3846 5445 hrc

2253 5495 2383 5536 vero
2411 5482 2640 5537 violenta
2681 5490 2734 5538 et
2763 5492 2949 5537 contra
2990 5482 3377 5553 aptitudinem,
3419 5481 3557 5537 sicut
3593 5481 3731 5551 lapis
3782 5493 3848 5535 ex

2258 5573 2577 5629 necessitate
2632 5584 2684 5630 et
2728 5587 2939 5629 sursum
2986 5585 3037 5630 et
3066 5575 3319 5631 deorsum
3353 5575 3553 5639 fertur,
3603 5572 3699 5629 sed
3742 5586 3847 5628 non

2261 5676 2477 5737 propter
2506 5666 2748 5723 eamdem
2779 5669 3177 5725 necessitatem.
3223 5668 3327 5726 Sed
3368 5670 3422 5724 in
3462 5667 3530 5725 iis
3558 5683 3683 5739 qua:
3724 5674 3850 5723 suat

2258 5771 2323 5824 ab
2354 5771 2740 5842 intelligentia,
2770 5772 2873 5827 alia
2905 5772 3120 5842 quidem
3152 5788 3490 5846 nequaquam
3518 5779 3651 5828 sunt
3689 5770 3760 5826 ab
3787 5782 3850 5824 eo

2256 5871 2392 5942 quod
2417 5887 2512 5942 per
2543 5886 2601 5929 se
2628 5872 2821 5929 frustra
2848 5882 2959 5940 est,
2985 5883 3043 5931 ut
3068 5875 3258 5933 domus
3288 5884 3381 5933 aut
3407 5876 3641 5949 efﬁgies,
3676 5893 3845 5949 neque

2256 5985 2317 6025 es
2351 5971 2665 6031 necessitate
2708 5984 2859 6033 sunt.
2909 5978 3000 6033 sed
3051 5988 3270 6049 propter
3306 5978 3425 6035 hoc.
3476 5981 3591 6035 Atla
3647 5995 3777 6037 vero
3817 6000 3841 6037 ι
