  <div class='ocr_page' id='page_1' title='image "/cluster/home/n/w/nwhite01/storage/ocr_20150623/64/hvd.32044024222309/384.png"; bbox 0 0 4112 6332; ppageno 0'>
   <div class='ocr_carea' id='block_1_1' title="bbox 317 376 420 433">
    <p class='ocr_par' dir='ltr' id='par_1_1' title="bbox 317 376 420 433">
     <span class='ocr_line' id='line_1_1' title="bbox 317 376 420 433; baseline -0.029 0"><span class='ocrx_word' id='word_1_1' title='bbox 317 376 420 433; x_wconf 77' lang='grc'><strong>755</strong></span> 
     </span>
    </p>
   </div>
   <div class='ocr_carea' id='block_1_2' title="bbox 862 374 1909 434">
    <p class='ocr_par' dir='ltr' id='par_1_2' title="bbox 862 374 1909 434">
     <span class='ocr_line' id='line_1_2' title="bbox 862 374 1909 434; baseline -0.002 -1"><span class='ocrx_word' id='word_1_2' title='bbox 862 377 1337 434; x_wconf 69' lang='lat' dir='ltr'><strong>POSTEllllNiUll</strong></span> <span class='ocrx_word' id='word_1_3' title='bbox 1391 374 1909 431; x_wconf 51' lang='lat' dir='ltr'><strong>ANALYTICOHUM</strong></span> 
     </span>
    </p>
   </div>
   <div class='ocr_carea' id='block_1_3' title="bbox 2010 374 3021 434">
    <p class='ocr_par' dir='ltr' id='par_1_3' title="bbox 2010 376 3021 433">
     <span class='ocr_line' id='line_1_3' title="bbox 2010 376 3021 433; baseline 0.004 -4"><span class='ocrx_word' id='word_1_4' title='bbox 2010 376 2405 432; x_wconf 58' lang='lat' dir='ltr'><strong>BlSTO&#39;l‘EIJS</strong></span> <span class='ocrx_word' id='word_1_5' title='bbox 2448 376 3021 433; x_wconf 59' lang='grc' dir='ltr'><strong>ΙΝΤΜΗἬΕΤΧΙἸΟ.</strong></span> 
     </span>
    </p>
   </div>
   <div class='ocr_carea' id='block_1_4' title="bbox 3472 369 3580 427">
    <p class='ocr_par' dir='ltr' id='par_1_4' title="bbox 3472 369 3580 427">
     <span class='ocr_line' id='line_1_4' title="bbox 3472 369 3580 427; baseline -0.019 0"><span class='ocrx_word' id='word_1_6' title='bbox 3472 369 3580 427; x_wconf 70' lang='grc' dir='ltr'>τεε</span> 
     </span>
    </p>
   </div>
   <div class='ocr_carea' id='block_1_5' title="bbox 317 488 3578 561">
    <p class='ocr_par' dir='ltr' id='par_1_5' title="bbox 317 488 3578 561">
     <span class='ocr_line' id='line_1_5' title="bbox 317 488 3578 561; baseline -0.002 -15"><span class='ocrx_word' id='word_1_7' title='bbox 317 492 530 547; x_wconf 85' lang='lat' dir='ltr'><strong>fortuna</strong></span> <span class='ocrx_word' id='word_1_8' title='bbox 560 501 712 557; x_wconf 89' lang='lat' dir='ltr'><strong>sunt,</strong></span> <span class='ocrx_word' id='word_1_9' title='bbox 737 500 791 544; x_wconf 94' lang='lat' dir='ltr'><strong>ut</strong></span> <span class='ocrx_word' id='word_1_10' title='bbox 812 491 1032 555; x_wconf 77' lang='lat' dir='ltr'><strong>sanitas,</strong></span> <span class='ocrx_word' id='word_1_11' title='bbox 1065 505 1116 546; x_wconf 90' lang='lat' dir='ltr'><strong>et</strong></span> <span class='ocrx_word' id='word_1_12' title='bbox 1139 491 1303 555; x_wconf 88' lang='lat' dir='ltr'><strong>salus,</strong></span> <span class='ocrx_word' id='word_1_13' title='bbox 1339 488 1567 544; x_wconf 80' lang='lat' dir='ltr'><strong>maxime</strong></span> <span class='ocrx_word' id='word_1_14' title='bbox 1596 492 1648 544; x_wconf 90' lang='lat' dir='ltr'><strong>in</strong></span> <span class='ocrx_word' id='word_1_15' title='bbox 1679 489 1898 561; x_wconf 83' lang='lat' dir='ltr'><strong>quibus-</strong></span> <span class='ocrx_word' id='word_1_16' title='bbox 1928 493 1972 551; x_wconf 78' lang='grc' dir='ltr'>Α</span> <span class='ocrx_word' id='word_1_17' title='bbox 2003 492 2267 559; x_wconf 75' lang='lat' dir='ltr'><strong>posterius</strong></span> <span class='ocrx_word' id='word_1_18' title='bbox 2297 501 2470 544; x_wconf 84' lang='lat' dir='ltr'><strong>autem</strong></span> <span class='ocrx_word' id='word_1_19' title='bbox 2496 508 2519 543; x_wconf 78' lang='grc' dir='ltr'><strong>ε</strong></span> <span class='ocrx_word' id='word_1_20' title='bbox 2551 491 2764 552; x_wconf 84' lang='lat' dir='ltr'><strong>factum.</strong></span> <span class='ocrx_word' id='word_1_21' title='bbox 2798 509 2829 543; x_wconf 81' lang='grc' dir='ltr'><em>α</em></span> <span class='ocrx_word' id='word_1_22' title='bbox 2851 503 3027 547; x_wconf 83' lang='lat' dir='ltr'><strong>autem</strong></span> <span class='ocrx_word' id='word_1_23' title='bbox 3062 492 3223 560; x_wconf 75' lang='lat' dir='ltr'><strong>prius.</strong></span> <span class='ocrx_word' id='word_1_24' title='bbox 3253 490 3578 558; x_wconf 85' lang='lat' dir='ltr'><strong>Principium</strong></span> 
     </span>
    </p>
   </div>
   <div class='ocr_carea' id='block_1_6' title="bbox 314 571 1895 657">
    <p class='ocr_par' dir='ltr' id='par_1_6' title="bbox 314 571 1895 657">
     <span class='ocr_line' id='line_1_6' title="bbox 314 571 1895 657; baseline -0.004 -14"><span class='ocrx_word' id='word_1_25' title='bbox 314 601 527 656; x_wconf 82' lang='lat' dir='ltr'><strong>cunque</strong></span> <span class='ocrx_word' id='word_1_26' title='bbox 555 571 835 657; x_wconf 72' lang='lat' dir='ltr'><strong>contingit,</strong></span> <span class='ocrx_word' id='word_1_27' title='bbox 864 592 918 640; x_wconf 88' lang='lat' dir='ltr'><strong>et</strong></span> <span class='ocrx_word' id='word_1_28' title='bbox 942 586 1018 639; x_wconf 90' lang='lat' dir='ltr'><strong>sic</strong></span> <span class='ocrx_word' id='word_1_29' title='bbox 1044 595 1096 640; x_wconf 86' lang='lat' dir='ltr'><strong>et</strong></span> <span class='ocrx_word' id='word_1_30' title='bbox 1129 583 1306 647; x_wconf 90' lang='lat' dir='ltr'><strong>aliter,</strong></span> <span class='ocrx_word' id='word_1_31' title='bbox 1337 599 1456 638; x_wconf 91' lang='lat' dir='ltr'><strong>cum</strong></span> <span class='ocrx_word' id='word_1_32' title='bbox 1486 599 1590 638; x_wconf 91' lang='lat' dir='ltr'><strong>non</strong></span> <span class='ocrx_word' id='word_1_33' title='bbox 1620 598 1648 637; x_wconf 93' lang='lat' dir='ltr'><strong>a</strong></span> <span class='ocrx_word' id='word_1_34' title='bbox 1682 582 1895 637; x_wconf 88' lang='lat' dir='ltr'><strong>fortuna</strong></span> 
     </span>
    </p>
   </div>
   <div class='ocr_carea' id='block_1_7' title="bbox 313 678 1895 755">
    <p class='ocr_par' dir='ltr' id='par_1_7' title="bbox 313 678 1895 755">
     <span class='ocr_line' id='line_1_7' title="bbox 313 678 1895 755; baseline -0.004 -19"><span class='ocrx_word' id='word_1_35' title='bbox 313 681 595 755; x_wconf 84' lang='lat' dir='ltr'><strong>generatio</strong></span> <span class='ocrx_word' id='word_1_36' title='bbox 625 680 715 734; x_wconf 87' lang='lat' dir='ltr'><strong>sit.</strong></span> <span class='ocrx_word' id='word_1_37' title='bbox 746 678 923 747; x_wconf 86' lang='lat' dir='ltr'><strong>Quare</strong></span> <span class='ocrx_word' id='word_1_38' title='bbox 968 679 1089 734; x_wconf 91' lang='lat' dir='ltr'><strong>ﬁnis</strong></span> <span class='ocrx_word' id='word_1_39' title='bbox 1132 678 1303 733; x_wconf 81' lang='lat' dir='ltr'><strong>bonus</strong></span> <span class='ocrx_word' id='word_1_40' title='bbox 1344 678 1568 748; x_wconf 93' lang='lat' dir='ltr'><strong>alicujus</strong></span> <span class='ocrx_word' id='word_1_41' title='bbox 1610 682 1775 747; x_wconf 73' lang='lat' dir='ltr'><strong>gratia</strong></span> <span class='ocrx_word' id='word_1_42' title='bbox 1810 678 1895 743; x_wconf 88' lang='lat' dir='ltr'><strong>tit,</strong></span> 
     </span>
    </p>
   </div>
   <div class='ocr_carea' id='block_1_8' title="bbox 312 770 1899 841">
    <p class='ocr_par' dir='ltr' id='par_1_8' title="bbox 312 770 1899 841">
     <span class='ocr_line' id='line_1_8' title="bbox 312 770 1899 841; baseline -0.002 -13"><span class='ocrx_word' id='word_1_43' title='bbox 312 783 404 829; x_wconf 88' lang='lat' dir='ltr'><strong>aut</strong></span> <span class='ocrx_word' id='word_1_44' title='bbox 435 782 647 839; x_wconf 89' lang='lat' dir='ltr'><strong>natura,-</strong></span> <span class='ocrx_word' id='word_1_45' title='bbox 676 784 765 828; x_wconf 90' lang='lat' dir='ltr'><strong>aut</strong></span> <span class='ocrx_word' id='word_1_46' title='bbox 796 782 943 839; x_wconf 88' lang='lat' dir='ltr'><strong>arte;</strong></span> <span class='ocrx_word' id='word_1_47' title='bbox 973 787 1001 827; x_wconf 88' lang='lat' dir='ltr'><strong>a</strong></span> <span class='ocrx_word' id='word_1_48' title='bbox 1035 772 1247 827; x_wconf 68' lang='lat' dir='ltr'><strong>fortuna</strong></span> <span class='ocrx_word' id='word_1_49' title='bbox 1286 781 1462 826; x_wconf 90' lang='lat' dir='ltr'><strong>autem</strong></span> <span class='ocrx_word' id='word_1_50' title='bbox 1515 770 1647 825; x_wconf 88' lang='lat' dir='ltr'><strong>nihil</strong></span> <span class='ocrx_word' id='word_1_51' title='bbox 1682 780 1899 841; x_wconf 82' lang='lat' dir='ltr'><strong>prepter</strong></span> 
     </span>
    </p>
   </div>
   <div class='ocr_carea' id='block_1_9' title="bbox 312 865 1899 938">
    <p class='ocr_par' dir='ltr' id='par_1_9' title="bbox 312 865 1899 938">
     <span class='ocr_line' id='line_1_9' title="bbox 312 865 1899 938; baseline -0.003 -16"><span class='ocrx_word' id='word_1_52' title='bbox 312 867 515 938; x_wconf 83' lang='lat' dir='ltr'><strong>aliquid</strong></span> <span class='ocrx_word' id='word_1_53' title='bbox 566 867 644 921; x_wconf 93' lang='lat' dir='ltr'><strong>ﬁt.</strong></span> <span class='ocrx_word' id='word_1_54' title='bbox 696 867 891 922; x_wconf 88' lang='lat' dir='ltr'><strong>Eadem</strong></span> <span class='ocrx_word' id='word_1_55' title='bbox 942 874 1116 921; x_wconf 89' lang='lat' dir='ltr'><strong>autem</strong></span> <span class='ocrx_word' id='word_1_56' title='bbox 1160 879 1319 921; x_wconf 85' lang='lat' dir='ltr'><strong>causa</strong></span> <span class='ocrx_word' id='word_1_57' title='bbox 1368 876 1449 920; x_wconf 89' lang='lat' dir='ltr'><strong>est</strong></span> <span class='ocrx_word' id='word_1_58' title='bbox 1488 865 1630 919; x_wconf 91' lang='lat' dir='ltr'><strong>etin</strong></span> <span class='ocrx_word' id='word_1_59' title='bbox 1678 866 1741 918; x_wconf 89' lang='lat' dir='ltr'><strong>iis</strong></span> <span class='ocrx_word' id='word_1_60' title='bbox 1779 880 1899 935; x_wconf 73' lang='lat' dir='ltr'><strong>qua:</strong></span> 
     </span>
    </p>
   </div>
   <div class='ocr_carea' id='block_1_10' title="bbox 290 955 1897 1031">
    <p class='ocr_par' dir='ltr' id='par_1_10' title="bbox 290 955 1897 1031">
     <span class='ocr_line' id='line_1_10' title="bbox 290 955 1897 1031; baseline -0.003 -18"><span class='ocrx_word' id='word_1_61' title='bbox 290 960 483 1026; x_wconf 71' lang='lat' dir='ltr'><strong>‘ﬁunt,</strong></span> <span class='ocrx_word' id='word_1_62' title='bbox 512 969 565 1012; x_wconf 91' lang='lat' dir='ltr'><strong>et</strong></span> <span class='ocrx_word' id='word_1_63' title='bbox 606 958 658 1012; x_wconf 88' lang='lat' dir='ltr'><strong>in</strong></span> <span class='ocrx_word' id='word_1_64' title='bbox 693 956 877 1023; x_wconf 84' lang='lat' dir='ltr'><strong>factis,</strong></span> <span class='ocrx_word' id='word_1_65' title='bbox 908 968 960 1011; x_wconf 91' lang='lat' dir='ltr'><strong>et</strong></span> <span class='ocrx_word' id='word_1_66' title='bbox 991 956 1210 1021; x_wconf 90' lang='lat' dir='ltr'><strong>futuris,</strong></span> <span class='ocrx_word' id='word_1_67' title='bbox 1234 972 1358 1031; x_wconf 73' lang='lat' dir='ltr'><strong>qua:</strong></span> <span class='ocrx_word' id='word_1_68' title='bbox 1402 971 1530 1011; x_wconf 89' lang='lat' dir='ltr'><strong>vere</strong></span> <span class='ocrx_word' id='word_1_69' title='bbox 1576 965 1657 1010; x_wconf 89' lang='lat' dir='ltr'><strong>est</strong></span> <span class='ocrx_word' id='word_1_70' title='bbox 1685 955 1750 1011; x_wconf 93' lang='lat' dir='ltr'><strong>iis</strong></span> <span class='ocrx_word' id='word_1_71' title='bbox 1780 970 1897 1026; x_wconf 76' lang='lat' dir='ltr'><strong>quae</strong></span> 
     </span>
    </p>
   </div>
   <div class='ocr_carea' id='block_1_11' title="bbox 311 1049 1929 1119">
    <p class='ocr_par' dir='ltr' id='par_1_11' title="bbox 311 1049 1929 1119">
     <span class='ocr_line' id='line_1_11' title="bbox 311 1049 1929 1119; baseline -0.003 -11"><span class='ocrx_word' id='word_1_72' title='bbox 311 1061 471 1119; x_wconf 81' lang='lat' dir='ltr'><strong>sunt,</strong></span> <span class='ocrx_word' id='word_1_73' title='bbox 510 1051 742 1107; x_wconf 90' lang='lat' dir='ltr'><strong>medium</strong></span> <span class='ocrx_word' id='word_1_74' title='bbox 779 1051 922 1107; x_wconf 86' lang='lat' dir='ltr'><strong>enim</strong></span> <span class='ocrx_word' id='word_1_75' title='bbox 975 1065 1132 1106; x_wconf 86' lang='lat' dir='ltr'><strong>causa</strong></span> <span class='ocrx_word' id='word_1_76' title='bbox 1176 1059 1298 1115; x_wconf 87' lang='lat' dir='ltr'><strong>est;</strong></span> <span class='ocrx_word' id='word_1_77' title='bbox 1338 1058 1703 1105; x_wconf 77' lang='lat' dir='ltr'><strong>verumtamen</strong></span> <span class='ocrx_word' id='word_1_78' title='bbox 1750 1049 1803 1104; x_wconf 91' lang='lat' dir='ltr'><strong>in</strong></span> <span class='ocrx_word' id='word_1_79' title='bbox 1836 1049 1929 1103; x_wconf 84' lang='lat' dir='ltr'><strong>iis</strong></span> 
     </span>
    </p>
   </div>
   <div class='ocr_carea' id='block_1_12' title="bbox 311 1142 1895 1216">
    <p class='ocr_par' dir='ltr' id='par_1_12' title="bbox 311 1142 1895 1216">
     <span class='ocr_line' id='line_1_12' title="bbox 311 1142 1895 1216; baseline -0.003 -17"><span class='ocrx_word' id='word_1_80' title='bbox 311 1161 431 1216; x_wconf 71' lang='lat' dir='ltr'><strong>qum</strong></span> <span class='ocrx_word' id='word_1_81' title='bbox 483 1153 609 1199; x_wconf 84' lang='lat' dir='ltr'><strong>sunt</strong></span> <span class='ocrx_word' id='word_1_82' title='bbox 649 1160 768 1214; x_wconf 66' lang='lat' dir='ltr'><strong>qua:</strong></span> <span class='ocrx_word' id='word_1_83' title='bbox 796 1152 909 1211; x_wconf 90' lang='lat' dir='ltr'><strong>est,</strong></span> <span class='ocrx_word' id='word_1_84' title='bbox 952 1143 1003 1198; x_wconf 93' lang='lat' dir='ltr'><strong>in</strong></span> <span class='ocrx_word' id='word_1_85' title='bbox 1048 1144 1111 1197; x_wconf 91' lang='lat' dir='ltr'><strong>iis</strong></span> <span class='ocrx_word' id='word_1_86' title='bbox 1142 1152 1317 1197; x_wconf 91' lang='lat' dir='ltr'><strong>autem</strong></span> <span class='ocrx_word' id='word_1_87' title='bbox 1347 1158 1465 1212; x_wconf 77' lang='lat' dir='ltr'><strong>qua:</strong></span> <span class='ocrx_word' id='word_1_88' title='bbox 1496 1142 1627 1195; x_wconf 91' lang='lat' dir='ltr'><strong>ﬁunt</strong></span> <span class='ocrx_word' id='word_1_89' title='bbox 1656 1155 1773 1209; x_wconf 75' lang='lat' dir='ltr'><strong>qua:</strong></span> <span class='ocrx_word' id='word_1_90' title='bbox 1805 1142 1895 1209; x_wconf 90' lang='lat' dir='ltr'><strong>lit,</strong></span> 
     </span>
    </p>
   </div>
   <div class='ocr_carea' id='block_1_13' title="bbox 312 1231 1895 1303">
    <p class='ocr_par' dir='ltr' id='par_1_13' title="bbox 312 1231 1895 1303">
     <span class='ocr_line' id='line_1_13' title="bbox 312 1231 1895 1303; baseline -0.003 -12"><span class='ocrx_word' id='word_1_91' title='bbox 312 1237 469 1291; x_wconf 83' lang='lat' dir='ltr'><strong>factis</strong></span> <span class='ocrx_word' id='word_1_92' title='bbox 499 1248 676 1291; x_wconf 87' lang='lat' dir='ltr'><strong>autem</strong></span> <span class='ocrx_word' id='word_1_93' title='bbox 705 1236 874 1301; x_wconf 81' lang='lat' dir='ltr'><strong>facta,</strong></span> <span class='ocrx_word' id='word_1_94' title='bbox 906 1245 960 1290; x_wconf 91' lang='lat' dir='ltr'><strong>et</strong></span> <span class='ocrx_word' id='word_1_95' title='bbox 992 1234 1181 1290; x_wconf 87' lang='lat' dir='ltr'><strong>futuris</strong></span> <span class='ocrx_word' id='word_1_96' title='bbox 1210 1234 1401 1289; x_wconf 90' lang='lat' dir='ltr'><strong>futura.</strong></span> <span class='ocrx_word' id='word_1_97' title='bbox 1436 1233 1503 1290; x_wconf 88' lang='lat' dir='ltr'><strong>Ut</strong></span> <span class='ocrx_word' id='word_1_98' title='bbox 1530 1242 1747 1303; x_wconf 82' lang='lat' dir='ltr'><strong>propter</strong></span> <span class='ocrx_word' id='word_1_99' title='bbox 1772 1231 1895 1303; x_wconf 92' lang='lat' dir='ltr'><strong>quid</strong></span> 
     </span>
    </p>
   </div>
   <div class='ocr_carea' id='block_1_14' title="bbox 311 1325 1899 1397">
    <p class='ocr_par' dir='ltr' id='par_1_14' title="bbox 311 1325 1899 1397">
     <span class='ocr_line' id='line_1_14' title="bbox 311 1325 1899 1397; baseline -0.001 -15"><span class='ocrx_word' id='word_1_100' title='bbox 311 1326 484 1382; x_wconf 83' lang='lat' dir='ltr'><strong>factus</strong></span> <span class='ocrx_word' id='word_1_101' title='bbox 505 1337 586 1383; x_wconf 91' lang='lat' dir='ltr'><strong>est</strong></span> <span class='ocrx_word' id='word_1_102' title='bbox 612 1326 874 1391; x_wconf 89' lang='lat' dir='ltr'><strong>defectus,</strong></span> <span class='ocrx_word' id='word_1_103' title='bbox 900 1336 1115 1397; x_wconf 88' lang='lat' dir='ltr'><strong>pr0pter</strong></span> <span class='ocrx_word' id='word_1_104' title='bbox 1136 1327 1185 1381; x_wconf 89' lang='lat' dir='ltr'><strong>id</strong></span> <span class='ocrx_word' id='word_1_105' title='bbox 1210 1326 1352 1397; x_wconf 89' lang='lat' dir='ltr'><strong>quod</strong></span> <span class='ocrx_word' id='word_1_106' title='bbox 1380 1326 1431 1380; x_wconf 96' lang='lat' dir='ltr'><strong>in</strong></span> <span class='ocrx_word' id='word_1_107' title='bbox 1458 1325 1635 1379; x_wconf 90' lang='lat' dir='ltr'><strong>medio</strong></span> <span class='ocrx_word' id='word_1_108' title='bbox 1660 1327 1791 1379; x_wconf 90' lang='lat' dir='ltr'><strong>facta</strong></span> <span class='ocrx_word' id='word_1_109' title='bbox 1816 1334 1899 1380; x_wconf 58' lang='lat' dir='ltr'><strong>est</strong></span> 
     </span>
    </p>
   </div>
   <div class='ocr_carea' id='block_1_15' title="bbox 312 1417 1897 1490">
    <p class='ocr_par' dir='ltr' id='par_1_15' title="bbox 312 1417 1897 1490">
     <span class='ocr_line' id='line_1_15' title="bbox 312 1417 1897 1490; baseline -0.003 -15"><span class='ocrx_word' id='word_1_110' title='bbox 312 1430 490 1485; x_wconf 89' lang='lat' dir='ltr'><strong>terra,</strong></span> <span class='ocrx_word' id='word_1_111' title='bbox 525 1419 583 1474; x_wconf 88' lang='lat' dir='ltr'><strong>ﬁt</strong></span> <span class='ocrx_word' id='word_1_112' title='bbox 610 1419 751 1474; x_wconf 89' lang='lat' dir='ltr'><strong>enim</strong></span> <span class='ocrx_word' id='word_1_113' title='bbox 805 1427 1022 1490; x_wconf 87' lang='lat' dir='ltr'><strong>pr0pter</strong></span> <span class='ocrx_word' id='word_1_114' title='bbox 1054 1418 1102 1472; x_wconf 91' lang='lat' dir='ltr'><strong>id</strong></span> <span class='ocrx_word' id='word_1_115' title='bbox 1146 1418 1287 1488; x_wconf 88' lang='lat' dir='ltr'><strong>quod</strong></span> <span class='ocrx_word' id='word_1_116' title='bbox 1339 1417 1433 1480; x_wconf 89' lang='lat' dir='ltr'><strong>ﬁt.</strong></span> <span class='ocrx_word' id='word_1_117' title='bbox 1480 1417 1582 1472; x_wconf 91' lang='lat' dir='ltr'><strong>erit</strong></span> <span class='ocrx_word' id='word_1_118' title='bbox 1623 1426 1798 1471; x_wconf 89' lang='lat' dir='ltr'><strong>autem</strong></span> <span class='ocrx_word' id='word_1_119' title='bbox 1844 1427 1897 1473; x_wconf 87' lang='lat' dir='ltr'><strong>et</strong></span> 
     </span>
    </p>
   </div>
   <div class='ocr_carea' id='block_1_16' title="bbox 313 1508 1898 1584">
    <p class='ocr_par' dir='ltr' id='par_1_16' title="bbox 313 1508 1898 1584">
     <span class='ocr_line' id='line_1_16' title="bbox 313 1508 1898 1584; baseline -0.004 -17"><span class='ocrx_word' id='word_1_120' title='bbox 313 1522 531 1584; x_wconf 83' lang='lat' dir='ltr'><strong>propter</strong></span> <span class='ocrx_word' id='word_1_121' title='bbox 558 1512 610 1567; x_wconf 91' lang='lat' dir='ltr'><strong>id</strong></span> <span class='ocrx_word' id='word_1_122' title='bbox 640 1510 781 1582; x_wconf 87' lang='lat' dir='ltr'><strong>quod</strong></span> <span class='ocrx_word' id='word_1_123' title='bbox 813 1511 916 1566; x_wconf 85' lang='lat' dir='ltr'><strong>erit</strong></span> <span class='ocrx_word' id='word_1_124' title='bbox 944 1510 994 1565; x_wconf 94' lang='lat' dir='ltr'><strong>in</strong></span> <span class='ocrx_word' id='word_1_125' title='bbox 1027 1508 1239 1576; x_wconf 91' lang='lat' dir='ltr'><strong>medio,</strong></span> <span class='ocrx_word' id='word_1_126' title='bbox 1271 1518 1323 1563; x_wconf 88' lang='lat' dir='ltr'><strong>et</strong></span> <span class='ocrx_word' id='word_1_127' title='bbox 1352 1520 1433 1564; x_wconf 90' lang='lat' dir='ltr'><strong>est</strong></span> <span class='ocrx_word' id='word_1_128' title='bbox 1473 1516 1648 1561; x_wconf 84' lang='lat' dir='ltr'><strong>autem</strong></span> <span class='ocrx_word' id='word_1_129' title='bbox 1682 1517 1898 1577; x_wconf 82' lang='lat' dir='ltr'><strong>propter</strong></span> 
     </span>
    </p>
   </div>
   <div class='ocr_carea' id='block_1_17' title="bbox 311 1600 1898 1675">
    <p class='ocr_par' dir='ltr' id='par_1_17' title="bbox 311 1600 1898 1675">
     <span class='ocr_line' id='line_1_17' title="bbox 311 1600 1898 1675; baseline -0.005 -13"><span class='ocrx_word' id='word_1_130' title='bbox 311 1606 363 1662; x_wconf 93' lang='lat' dir='ltr'><strong>id</strong></span> <span class='ocrx_word' id='word_1_131' title='bbox 396 1605 534 1673; x_wconf 82' lang='lat' dir='ltr'><strong>quod</strong></span> <span class='ocrx_word' id='word_1_132' title='bbox 561 1614 660 1662; x_wconf 90' lang='lat' dir='ltr'><strong>est.</strong></span> <span class='ocrx_word' id='word_1_133' title='bbox 694 1604 762 1660; x_wconf 86' lang='lat' dir='ltr'><strong>Ut</strong></span> <span class='ocrx_word' id='word_1_134' title='bbox 789 1603 912 1675; x_wconf 90' lang='lat' dir='ltr'><strong>quid</strong></span> <span class='ocrx_word' id='word_1_135' title='bbox 943 1613 1025 1659; x_wconf 89' lang='lat' dir='ltr'><strong>est</strong></span> <span class='ocrx_word' id='word_1_136' title='bbox 1068 1602 1382 1675; x_wconf 84' lang='lat' dir='ltr'><strong>crystallus,</strong></span> <span class='ocrx_word' id='word_1_137' title='bbox 1436 1600 1725 1671; x_wconf 83' lang='lat' dir='ltr'><strong>accipiatur</strong></span> <span class='ocrx_word' id='word_1_138' title='bbox 1768 1615 1898 1669; x_wconf 83' lang='lat' dir='ltr'><strong>quo-</strong></span> 
     </span>
    </p>
   </div>
   <div class='ocr_carea' id='block_1_18' title="bbox 312 1691 1895 1767">
    <p class='ocr_par' dir='ltr' id='par_1_18' title="bbox 312 1691 1895 1767">
     <span class='ocr_line' id='line_1_18' title="bbox 312 1691 1895 1767; baseline -0.006 -14"><span class='ocrx_word' id='word_1_139' title='bbox 312 1699 455 1753; x_wconf 91' lang='lat' dir='ltr'><strong>niam</strong></span> <span class='ocrx_word' id='word_1_140' title='bbox 485 1711 619 1767; x_wconf 88' lang='lat' dir='ltr'><strong>aqua</strong></span> <span class='ocrx_word' id='word_1_141' title='bbox 648 1694 928 1766; x_wconf 85' lang='lat' dir='ltr'><strong>congelata</strong></span> <span class='ocrx_word' id='word_1_142' title='bbox 961 1705 1064 1749; x_wconf 90' lang='lat' dir='ltr'><strong>est.</strong></span> <span class='ocrx_word' id='word_1_143' title='bbox 1110 1698 1260 1763; x_wconf 82' lang='lat' dir='ltr'><strong>Aqua</strong></span> <span class='ocrx_word' id='word_1_144' title='bbox 1289 1693 1340 1747; x_wconf 90' lang='lat' dir='ltr'><strong>iu</strong></span> <span class='ocrx_word' id='word_1_145' title='bbox 1369 1706 1478 1763; x_wconf 87' lang='lat' dir='ltr'><strong>quo</strong></span> <span class='ocrx_word' id='word_1_146' title='bbox 1518 1707 1575 1757; x_wconf 87' lang='lat' dir='ltr'><strong>c,</strong></span> <span class='ocrx_word' id='word_1_147' title='bbox 1620 1691 1895 1759; x_wconf 79' lang='lat' dir='ltr'><strong>congelata</strong></span> 
     </span>
    </p>
   </div>
   <div class='ocr_carea' id='block_1_19' title="bbox 312 1783 1897 1858">
    <p class='ocr_par' dir='ltr' id='par_1_19' title="bbox 312 1783 1897 1858">
     <span class='ocr_line' id='line_1_19' title="bbox 312 1783 1897 1858; baseline -0.005 -11"><span class='ocrx_word' id='word_1_148' title='bbox 312 1792 366 1847; x_wconf 89' lang='lat' dir='ltr'><strong>in</strong></span> <span class='ocrx_word' id='word_1_149' title='bbox 393 1804 501 1858; x_wconf 87' lang='lat' dir='ltr'><strong>quo</strong></span> <span class='ocrx_word' id='word_1_150' title='bbox 530 1806 581 1850; x_wconf 79' lang='grc' dir='ltr'>ιι.</span> <span class='ocrx_word' id='word_1_151' title='bbox 614 1803 772 1843; x_wconf 86' lang='lat' dir='ltr'><strong>causa</strong></span> <span class='ocrx_word' id='word_1_152' title='bbox 807 1788 979 1843; x_wconf 86' lang='lat' dir='ltr'><strong>media</strong></span> <span class='ocrx_word' id='word_1_153' title='bbox 1014 1789 1066 1841; x_wconf 92' lang='lat' dir='ltr'><strong>in</strong></span> <span class='ocrx_word' id='word_1_154' title='bbox 1094 1800 1201 1856; x_wconf 91' lang='lat' dir='ltr'><strong>quo</strong></span> <span class='ocrx_word' id='word_1_155' title='bbox 1232 1786 1280 1850; x_wconf 72' lang='grc' dir='ltr'>ὁ,</span> <span class='ocrx_word' id='word_1_156' title='bbox 1315 1783 1557 1840; x_wconf 84' lang='lat' dir='ltr'><strong>defectus</strong></span> <span class='ocrx_word' id='word_1_157' title='bbox 1584 1783 1780 1839; x_wconf 89' lang='lat' dir='ltr'><strong>caloris</strong></span> <span class='ocrx_word' id='word_1_158' title='bbox 1809 1800 1897 1854; x_wconf 80' lang='lat' dir='ltr'><strong>pe-</strong></span> 
     </span>
    </p>
   </div>
   <div class='ocr_carea' id='block_1_20' title="bbox 2000 582 3575 654">
    <p class='ocr_par' dir='ltr' id='par_1_20' title="bbox 2000 582 3575 654">
     <span class='ocr_line' id='line_1_20' title="bbox 2000 582 3575 654; baseline -0.002 -17"><span class='ocrx_word' id='word_1_159' title='bbox 2000 582 2160 653; x_wconf 83' lang='lat' dir='ltr'><strong>igitur</strong></span> <span class='ocrx_word' id='word_1_160' title='bbox 2180 595 2258 637; x_wconf 75' lang='lat' dir='ltr'><strong>est</strong></span> <span class='ocrx_word' id='word_1_161' title='bbox 2290 600 2337 647; x_wconf 92' lang='lat' dir='ltr'><strong>c,</strong></span> <span class='ocrx_word' id='word_1_162' title='bbox 2364 594 2573 653; x_wconf 79' lang='lat' dir='ltr'><strong>propter</strong></span> <span class='ocrx_word' id='word_1_163' title='bbox 2599 584 2648 638; x_wconf 88' lang='lat' dir='ltr'><strong>id</strong></span> <span class='ocrx_word' id='word_1_164' title='bbox 2675 584 2816 654; x_wconf 90' lang='lat' dir='ltr'><strong>quod</strong></span> <span class='ocrx_word' id='word_1_165' title='bbox 2844 586 3141 653; x_wconf 78' lang='lat' dir='ltr'><strong>proximum</strong></span> <span class='ocrx_word' id='word_1_166' title='bbox 3172 590 3253 636; x_wconf 78' lang='lat' dir='ltr'><strong>est</strong></span> <span class='ocrx_word' id='word_1_167' title='bbox 3283 582 3379 649; x_wconf 87' lang='lat' dir='ltr'><strong>ipsi</strong></span> <span class='ocrx_word' id='word_1_168' title='bbox 3411 595 3575 644; x_wconf 88' lang='lat' dir='ltr'><strong>nunc,</strong></span> 
     </span>
    </p>
   </div>
   <div class='ocr_carea' id='block_1_21' title="bbox 1998 674 3580 749">
    <p class='ocr_par' dir='ltr' id='par_1_21' title="bbox 1998 674 3580 749">
     <span class='ocr_line' id='line_1_21' title="bbox 1998 674 3580 749; baseline -0.003 -18"><span class='ocrx_word' id='word_1_169' title='bbox 1998 679 2139 749; x_wconf 83' lang='lat' dir='ltr'><strong>quod</strong></span> <span class='ocrx_word' id='word_1_170' title='bbox 2168 687 2250 733; x_wconf 91' lang='lat' dir='ltr'><strong>est</strong></span> <span class='ocrx_word' id='word_1_171' title='bbox 2276 678 2593 749; x_wconf 89' lang='lat' dir='ltr'><strong>principium</strong></span> <span class='ocrx_word' id='word_1_172' title='bbox 2626 680 2905 749; x_wconf 83' lang='lat' dir='ltr'><strong>temporis,</strong></span> <span class='ocrx_word' id='word_1_173' title='bbox 2936 678 3027 733; x_wconf 86' lang='lat' dir='ltr'><strong>sed</strong></span> <span class='ocrx_word' id='word_1_174' title='bbox 3055 694 3080 728; x_wconf 86' lang='lat' dir='ltr'><strong>c</strong></span> <span class='ocrx_word' id='word_1_175' title='bbox 3114 677 3304 731; x_wconf 88' lang='lat' dir='ltr'><strong>factum</strong></span> <span class='ocrx_word' id='word_1_176' title='bbox 3336 686 3438 739; x_wconf 80' lang='grc' dir='ltr'>εει,</span> <span class='ocrx_word' id='word_1_177' title='bbox 3470 674 3513 729; x_wconf 92' lang='lat' dir='ltr'><strong>si</strong></span> <span class='ocrx_word' id='word_1_178' title='bbox 3543 675 3580 726; x_wconf 75' lang='grc' dir='ltr'><strong>ιι</strong></span> 
     </span>
    </p>
   </div>
   <div class='ocr_carea' id='block_1_22' title="bbox 2000 771 3578 842">
    <p class='ocr_par' dir='ltr' id='par_1_22' title="bbox 2000 771 3578 842">
     <span class='ocr_line' id='line_1_22' title="bbox 2000 771 3578 842; baseline -0.005 -15"><span class='ocrx_word' id='word_1_179' title='bbox 2000 772 2194 827; x_wconf 88' lang='lat' dir='ltr'><strong>factum</strong></span> <span class='ocrx_word' id='word_1_180' title='bbox 2224 781 2328 837; x_wconf 86' lang='lat' dir='ltr'><strong>est,</strong></span> <span class='ocrx_word' id='word_1_181' title='bbox 2356 786 2475 826; x_wconf 90' lang='lat' dir='ltr'><strong>cum</strong></span> <span class='ocrx_word' id='word_1_182' title='bbox 2506 772 2664 842; x_wconf 78' lang='lat' dir='ltr'><strong>igitur</strong></span> <span class='ocrx_word' id='word_1_183' title='bbox 2692 771 2726 824; x_wconf 79' lang='grc' dir='ltr'>ά</span> <span class='ocrx_word' id='word_1_184' title='bbox 2758 772 2946 827; x_wconf 86' lang='lat' dir='ltr'><strong>factum</strong></span> <span class='ocrx_word' id='word_1_185' title='bbox 2980 781 3079 835; x_wconf 87' lang='lat' dir='ltr'><strong>est,</strong></span> <span class='ocrx_word' id='word_1_186' title='bbox 3116 783 3334 825; x_wconf 87' lang='lat' dir='ltr'><strong>necesse</strong></span> <span class='ocrx_word' id='word_1_187' title='bbox 3353 776 3437 824; x_wconf 90' lang='lat' dir='ltr'><strong>est</strong></span> <span class='ocrx_word' id='word_1_188' title='bbox 3465 774 3520 822; x_wconf 86' lang='lat' dir='ltr'><strong>et</strong></span> <span class='ocrx_word' id='word_1_189' title='bbox 3543 782 3578 819; x_wconf 80' lang='grc' dir='ltr'><strong>ιι</strong></span> 
     </span>
    </p>
   </div>
   <div class='ocr_carea' id='block_1_23' title="bbox 1998 860 3580 929">
    <p class='ocr_par' dir='ltr' id='par_1_23' title="bbox 1998 860 3580 929">
     <span class='ocr_line' id='line_1_23' title="bbox 1998 860 3580 929; baseline -0.004 -10"><span class='ocrx_word' id='word_1_190' title='bbox 1998 865 2375 921; x_wconf 89' lang='lat' dir='ltr'><strong>factumesse:</strong></span> <span class='ocrx_word' id='word_1_191' title='bbox 2406 878 2563 917; x_wconf 80' lang='lat' dir='ltr'><strong>causa</strong></span> <span class='ocrx_word' id='word_1_192' title='bbox 2594 873 2770 918; x_wconf 90' lang='lat' dir='ltr'><strong>autem</strong></span> <span class='ocrx_word' id='word_1_193' title='bbox 2799 872 2882 918; x_wconf 89' lang='lat' dir='ltr'><strong>est</strong></span> <span class='ocrx_word' id='word_1_194' title='bbox 2910 880 2969 929; x_wconf 85' lang='lat' dir='ltr'><strong>c,</strong></span> <span class='ocrx_word' id='word_1_195' title='bbox 3012 862 3046 915; x_wconf 79' lang='grc' dir='ltr'>ά</span> <span class='ocrx_word' id='word_1_196' title='bbox 3084 862 3226 917; x_wconf 90' lang='lat' dir='ltr'><strong>enim</strong></span> <span class='ocrx_word' id='word_1_197' title='bbox 3270 860 3437 925; x_wconf 86' lang='lat' dir='ltr'><strong>facto,</strong></span> <span class='ocrx_word' id='word_1_198' title='bbox 3485 872 3580 913; x_wconf 79' lang='lat' dir='ltr'><strong>ne-</strong></span> 
     </span>
    </p>
   </div>
   <div class='ocr_carea' id='block_1_24' title="bbox 1998 957 3582 1023">
    <p class='ocr_par' dir='ltr' id='par_1_24' title="bbox 1998 957 3582 1023">
     <span class='ocr_line' id='line_1_24' title="bbox 1998 957 3582 1023; baseline -0.006 -8"><span class='ocrx_word' id='word_1_199' title='bbox 1998 973 2148 1015; x_wconf 89' lang='lat' dir='ltr'><strong>cesse</strong></span> <span class='ocrx_word' id='word_1_200' title='bbox 2176 966 2257 1012; x_wconf 87' lang='lat' dir='ltr'><strong>est</strong></span> <span class='ocrx_word' id='word_1_201' title='bbox 2279 975 2307 1012; x_wconf 89' lang='lat' dir='ltr'><strong>c</strong></span> <span class='ocrx_word' id='word_1_202' title='bbox 2339 958 2532 1013; x_wconf 70' lang='lat' dir='ltr'><strong>factum</strong></span> <span class='ocrx_word' id='word_1_203' title='bbox 2566 972 2706 1023; x_wconf 88' lang='lat' dir='ltr'><strong>esse,</strong></span> <span class='ocrx_word' id='word_1_204' title='bbox 2730 974 2758 1011; x_wconf 76' lang='grc' dir='ltr'><strong>ε</strong></span> <span class='ocrx_word' id='word_1_205' title='bbox 2785 967 2960 1013; x_wconf 89' lang='lat' dir='ltr'><strong>autem</strong></span> <span class='ocrx_word' id='word_1_206' title='bbox 2992 957 3161 1021; x_wconf 83' lang='lat' dir='ltr'><strong>facto,</strong></span> <span class='ocrx_word' id='word_1_207' title='bbox 3194 968 3413 1010; x_wconf 90' lang='lat' dir='ltr'><strong>necesse</strong></span> <span class='ocrx_word' id='word_1_208' title='bbox 3436 961 3520 1007; x_wconf 84' lang='lat' dir='ltr'><strong>est</strong></span> <span class='ocrx_word' id='word_1_209' title='bbox 3546 968 3582 1007; x_wconf 83' lang='lat' dir='ltr'><strong>a</strong></span> 
     </span>
    </p>
   </div>
   <div class='ocr_carea' id='block_1_25' title="bbox 1999 1045 3574 1124">
    <p class='ocr_par' dir='ltr' id='par_1_25' title="bbox 1999 1045 3574 1124">
     <span class='ocr_line' id='line_1_25' title="bbox 1999 1045 3574 1124; baseline -0.008 -15"><span class='ocrx_word' id='word_1_210' title='bbox 1999 1056 2147 1124; x_wconf 89' lang='lat' dir='ltr'><strong>prius</strong></span> <span class='ocrx_word' id='word_1_211' title='bbox 2173 1052 2383 1122; x_wconf 78' lang='lat' dir='ltr'><strong>lfuisse.</strong></span> <span class='ocrx_word' id='word_1_212' title='bbox 2432 1052 2487 1107; x_wconf 92' lang='lat' dir='ltr'><strong>Si</strong></span> <span class='ocrx_word' id='word_1_213' title='bbox 2542 1061 2717 1105; x_wconf 90' lang='lat' dir='ltr'><strong>autem</strong></span> <span class='ocrx_word' id='word_1_214' title='bbox 2764 1051 3031 1121; x_wconf 83' lang='lat' dir='ltr'><strong>accipiens</strong></span> <span class='ocrx_word' id='word_1_215' title='bbox 3076 1048 3285 1118; x_wconf 82' lang='lat' dir='ltr'><strong>aliquod</strong></span> <span class='ocrx_word' id='word_1_216' title='bbox 3332 1045 3574 1102; x_wconf 84' lang='lat' dir='ltr'><strong>medium</strong></span> 
     </span>
    </p>
   </div>
   <div class='ocr_carea' id='block_1_26' title="bbox 2000 1130 3661 1211">
    <p class='ocr_par' dir='ltr' id='par_1_26' title="bbox 2000 1130 3661 1211">
     <span class='ocr_line' id='line_1_26' title="bbox 2000 1130 3661 1211; baseline -0.008 -9"><span class='ocrx_word' id='word_1_217' title='bbox 2000 1147 2163 1203; x_wconf 83' lang='lat' dir='ltr'><strong>stabit</strong></span> <span class='ocrx_word' id='word_1_218' title='bbox 2207 1146 2364 1201; x_wconf 91' lang='lat' dir='ltr'><strong>alicui</strong></span> <span class='ocrx_word' id='word_1_219' title='bbox 2408 1143 2805 1210; x_wconf 90' lang='lat' dir='ltr'><strong>immediatum,</strong></span> <span class='ocrx_word' id='word_1_220' title='bbox 2856 1157 2924 1198; x_wconf 90' lang='lat' dir='ltr'><strong>an</strong></span> <span class='ocrx_word' id='word_1_221' title='bbox 2969 1157 3181 1211; x_wconf 81' lang='lat' dir='ltr'><strong>semper</strong></span> <span class='ocrx_word' id='word_1_222' title='bbox 3226 1150 3374 1195; x_wconf 81' lang='lat' dir='ltr'><strong>extta</strong></span> <span class='ocrx_word' id='word_1_223' title='bbox 3424 1136 3580 1193; x_wconf 86' lang='lat' dir='ltr'><strong>cadet</strong></span> <span class='ocrx_word' id='word_1_224' title='bbox 3656 1130 3661 1147; x_wconf 51' lang='grc' dir='ltr'>ί</span> 
     </span>
    </p>
   </div>
   <div class='ocr_carea' id='block_1_27' title="bbox 2000 1231 3575 1312">
    <p class='ocr_par' dir='ltr' id='par_1_27' title="bbox 2000 1231 3575 1312">
     <span class='ocr_line' id='line_1_27' title="bbox 2000 1231 3575 1312; baseline -0.008 -17"><span class='ocrx_word' id='word_1_225' title='bbox 2000 1248 2220 1312; x_wconf 87' lang='lat' dir='ltr'><strong>propter</strong></span> <span class='ocrx_word' id='word_1_226' title='bbox 2244 1237 2554 1293; x_wconf 83' lang='lat' dir='ltr'><strong>inﬁnitum?</strong></span> <span class='ocrx_word' id='word_1_227' title='bbox 2592 1251 2696 1291; x_wconf 90' lang='lat' dir='ltr'><strong>non</strong></span> <span class='ocrx_word' id='word_1_228' title='bbox 2724 1235 2866 1290; x_wconf 90' lang='lat' dir='ltr'><strong>enim</strong></span> <span class='ocrx_word' id='word_1_229' title='bbox 2892 1234 3201 1289; x_wconf 89' lang='lat' dir='ltr'><strong>continuum</strong></span> <span class='ocrx_word' id='word_1_230' title='bbox 3230 1231 3424 1287; x_wconf 87' lang='lat' dir='ltr'><strong>factum</strong></span> <span class='ocrx_word' id='word_1_231' title='bbox 3454 1243 3575 1284; x_wconf 90' lang='lat' dir='ltr'><strong>cum</strong></span> 
     </span>
    </p>
   </div>
   <div class='ocr_carea' id='block_1_28' title="bbox 1999 1325 3574 1403">
    <p class='ocr_par' dir='ltr' id='par_1_28' title="bbox 1999 1325 3574 1403">
     <span class='ocr_line' id='line_1_28' title="bbox 1999 1325 3574 1403; baseline -0.008 -17"><span class='ocrx_word' id='word_1_232' title='bbox 1999 1331 2162 1399; x_wconf 87' lang='lat' dir='ltr'><strong>facto,</strong></span> <span class='ocrx_word' id='word_1_233' title='bbox 2188 1331 2631 1403; x_wconf 83' lang='lat' dir='ltr'><strong>quemadmodum</strong></span> <span class='ocrx_word' id='word_1_234' title='bbox 2659 1330 2858 1383; x_wconf 91' lang='lat' dir='ltr'><strong>dictum</strong></span> <span class='ocrx_word' id='word_1_235' title='bbox 2889 1336 2991 1392; x_wconf 87' lang='lat' dir='ltr'><strong>est,</strong></span> <span class='ocrx_word' id='word_1_236' title='bbox 3015 1327 3107 1380; x_wconf 88' lang='lat' dir='ltr'><strong>sed</strong></span> <span class='ocrx_word' id='word_1_237' title='bbox 3133 1325 3368 1394; x_wconf 86' lang='lat' dir='ltr'><strong>incipere</strong></span> <span class='ocrx_word' id='word_1_238' title='bbox 3397 1333 3574 1378; x_wconf 86' lang='lat' dir='ltr'><strong>tamen</strong></span> 
     </span>
    </p>
   </div>
   <div class='ocr_carea' id='block_1_29' title="bbox 1999 1414 3581 1489">
    <p class='ocr_par' dir='ltr' id='par_1_29' title="bbox 1999 1414 3581 1489">
     <span class='ocr_line' id='line_1_29' title="bbox 1999 1414 3581 1489; baseline -0.008 -10"><span class='ocrx_word' id='word_1_239' title='bbox 1999 1433 2082 1480; x_wconf 81' lang='lat' dir='ltr'><strong>est</strong></span> <span class='ocrx_word' id='word_1_240' title='bbox 2104 1438 2324 1478; x_wconf 82' lang='lat' dir='ltr'><strong>necesse</strong></span> <span class='ocrx_word' id='word_1_241' title='bbox 2356 1440 2382 1475; x_wconf 86' lang='lat' dir='ltr'><strong>a</strong></span> <span class='ocrx_word' id='word_1_242' title='bbox 2412 1422 2610 1487; x_wconf 82' lang='lat' dir='ltr'><strong>medio,</strong></span> <span class='ocrx_word' id='word_1_243' title='bbox 2638 1432 2689 1475; x_wconf 92' lang='lat' dir='ltr'><strong>et</strong></span> <span class='ocrx_word' id='word_1_244' title='bbox 2717 1421 2783 1475; x_wconf 88' lang='lat' dir='ltr'><strong>ah</strong></span> <span class='ocrx_word' id='word_1_245' title='bbox 2806 1420 2921 1489; x_wconf 88' lang='lat' dir='ltr'><strong>ipso</strong></span> <span class='ocrx_word' id='word_1_246' title='bbox 2948 1432 3090 1472; x_wconf 91' lang='lat' dir='ltr'><strong>nunc</strong></span> <span class='ocrx_word' id='word_1_247' title='bbox 3107 1416 3298 1485; x_wconf 88' lang='lat' dir='ltr'><strong>primo.</strong></span> <span class='ocrx_word' id='word_1_248' title='bbox 3322 1414 3581 1470; x_wconf 83' lang='lat' dir='ltr'><strong>Similiter</strong></span> 
     </span>
    </p>
   </div>
   <div class='ocr_carea' id='block_1_30' title="bbox 1999 1505 3581 1583">
    <p class='ocr_par' dir='ltr' id='par_1_30' title="bbox 1999 1505 3581 1583">
     <span class='ocr_line' id='line_1_30' title="bbox 1999 1505 3581 1583; baseline -0.006 -13"><span class='ocrx_word' id='word_1_249' title='bbox 1999 1526 2178 1570; x_wconf 90' lang='lat' dir='ltr'><strong>autem</strong></span> <span class='ocrx_word' id='word_1_250' title='bbox 2209 1523 2365 1569; x_wconf 61' lang='lat' dir='ltr'><strong>estet</strong></span> <span class='ocrx_word' id='word_1_251' title='bbox 2386 1516 2437 1568; x_wconf 90' lang='lat' dir='ltr'><strong>in</strong></span> <span class='ocrx_word' id='word_1_252' title='bbox 2461 1529 2525 1568; x_wconf 88' lang='lat' dir='ltr'><strong>eo</strong></span> <span class='ocrx_word' id='word_1_253' title='bbox 2555 1513 2697 1583; x_wconf 91' lang='lat' dir='ltr'><strong>quod</strong></span> <span class='ocrx_word' id='word_1_254' title='bbox 2719 1512 2850 1576; x_wconf 91' lang='lat' dir='ltr'><strong>erit;</strong></span> <span class='ocrx_word' id='word_1_255' title='bbox 2883 1510 2928 1565; x_wconf 88' lang='lat' dir='ltr'><strong>si</strong></span> <span class='ocrx_word' id='word_1_256' title='bbox 2958 1510 3100 1564; x_wconf 92' lang='lat' dir='ltr'><strong>enim</strong></span> <span class='ocrx_word' id='word_1_257' title='bbox 3142 1522 3328 1563; x_wconf 87' lang='lat' dir='ltr'><strong>verum</strong></span> <span class='ocrx_word' id='word_1_258' title='bbox 3373 1515 3458 1561; x_wconf 88' lang='lat' dir='ltr'><strong>est</strong></span> <span class='ocrx_word' id='word_1_259' title='bbox 3498 1505 3581 1561; x_wconf 78' lang='lat' dir='ltr'><strong>di-</strong></span> 
     </span>
    </p>
   </div>
   <div class='ocr_carea' id='block_1_31' title="bbox 2000 1600 3580 1679">
    <p class='ocr_par' dir='ltr' id='par_1_31' title="bbox 2000 1600 3580 1679">
     <span class='ocr_line' id='line_1_31' title="bbox 2000 1600 3580 1679; baseline -0.006 -15"><span class='ocrx_word' id='word_1_260' title='bbox 2000 1623 2125 1664; x_wconf 82' lang='lat' dir='ltr'><strong>cere</strong></span> <span class='ocrx_word' id='word_1_261' title='bbox 2151 1608 2401 1679; x_wconf 90' lang='lat' dir='ltr'><strong>quoniam</strong></span> <span class='ocrx_word' id='word_1_262' title='bbox 2432 1608 2534 1662; x_wconf 88' lang='lat' dir='ltr'><strong>erit</strong></span> <span class='ocrx_word' id='word_1_263' title='bbox 2564 1608 2597 1658; x_wconf 71' lang='lat' dir='ltr'><strong>tl</strong></span> <span class='ocrx_word' id='word_1_264' title='bbox 2620 1647 2633 1672; x_wconf 94' lang='lat'><strong>,</strong></span> <span class='ocrx_word' id='word_1_265' title='bbox 2658 1618 2878 1661; x_wconf 89' lang='lat' dir='ltr'><strong>necesse</strong></span> <span class='ocrx_word' id='word_1_266' title='bbox 2905 1612 2985 1657; x_wconf 86' lang='lat' dir='ltr'><strong>est</strong></span> <span class='ocrx_word' id='word_1_267' title='bbox 3015 1603 3163 1672; x_wconf 89' lang='lat' dir='ltr'><strong>prius</strong></span> <span class='ocrx_word' id='word_1_268' title='bbox 3190 1615 3373 1656; x_wconf 91' lang='lat' dir='ltr'><strong>verum</strong></span> <span class='ocrx_word' id='word_1_269' title='bbox 3400 1600 3580 1654; x_wconf 82' lang='lat' dir='ltr'><strong>dicere</strong></span> 
     </span>
    </p>
   </div>
   <div class='ocr_carea' id='block_1_32' title="bbox 2000 1692 3579 1773">
    <p class='ocr_par' dir='ltr' id='par_1_32' title="bbox 2000 1692 3579 1773">
     <span class='ocr_line' id='line_1_32' title="bbox 2000 1692 3579 1773; baseline -0.007 -16"><span class='ocrx_word' id='word_1_270' title='bbox 2000 1703 2249 1773; x_wconf 89' lang='lat' dir='ltr'><strong>quoniam</strong></span> <span class='ocrx_word' id='word_1_271' title='bbox 2290 1718 2321 1755; x_wconf 90' lang='lat' dir='ltr'><strong>a</strong></span> <span class='ocrx_word' id='word_1_272' title='bbox 2357 1701 2496 1763; x_wconf 90' lang='lat' dir='ltr'><strong>erit,</strong></span> <span class='ocrx_word' id='word_1_273' title='bbox 2532 1699 2687 1768; x_wconf 90' lang='lat' dir='ltr'><strong>hujus</strong></span> <span class='ocrx_word' id='word_1_274' title='bbox 2718 1706 2896 1752; x_wconf 88' lang='lat' dir='ltr'><strong>autem</strong></span> <span class='ocrx_word' id='word_1_275' title='bbox 2927 1709 3088 1750; x_wconf 85' lang='lat' dir='ltr'><strong>causa</strong></span> <span class='ocrx_word' id='word_1_276' title='bbox 3118 1704 3199 1749; x_wconf 89' lang='lat' dir='ltr'><strong>est</strong></span> <span class='ocrx_word' id='word_1_277' title='bbox 3237 1710 3282 1759; x_wconf 85' lang='lat' dir='ltr'><strong>c,</strong></span> <span class='ocrx_word' id='word_1_278' title='bbox 3315 1692 3579 1761; x_wconf 80' lang='lat' dir='ltr'><strong>siquidem</strong></span> 
     </span>
    </p>
   </div>
   <div class='ocr_carea' id='block_1_33' title="bbox 1999 1781 3575 1862">
    <p class='ocr_par' dir='ltr' id='par_1_33' title="bbox 1999 1781 3575 1862">
     <span class='ocr_line' id='line_1_33' title="bbox 1999 1781 3575 1862; baseline -0.011 -12"><span class='ocrx_word' id='word_1_279' title='bbox 1999 1795 2139 1850; x_wconf 89' lang='lat' dir='ltr'><strong>enim</strong></span> <span class='ocrx_word' id='word_1_280' title='bbox 2171 1790 2203 1847; x_wconf 76' lang='grc' dir='ltr'><strong>ξι</strong></span> <span class='ocrx_word' id='word_1_281' title='bbox 2230 1794 2353 1856; x_wconf 87' lang='lat' dir='ltr'><strong>erit,</strong></span> <span class='ocrx_word' id='word_1_282' title='bbox 2388 1794 2534 1862; x_wconf 87' lang='lat' dir='ltr'><strong>prius</strong></span> <span class='ocrx_word' id='word_1_283' title='bbox 2575 1808 2600 1843; x_wconf 76' lang='grc' dir='ltr'><strong>ε</strong></span> <span class='ocrx_word' id='word_1_284' title='bbox 2629 1791 2752 1854; x_wconf 91' lang='lat' dir='ltr'><strong>erit,</strong></span> <span class='ocrx_word' id='word_1_285' title='bbox 2778 1791 2820 1844; x_wconf 92' lang='lat' dir='ltr'><strong>si</strong></span> <span class='ocrx_word' id='word_1_286' title='bbox 2855 1803 2983 1841; x_wconf 84' lang='lat' dir='ltr'><strong>vero</strong></span> <span class='ocrx_word' id='word_1_287' title='bbox 3013 1805 3040 1841; x_wconf 79' lang='grc' dir='ltr'><strong>ε</strong></span> <span class='ocrx_word' id='word_1_288' title='bbox 3068 1787 3192 1851; x_wconf 89' lang='lat' dir='ltr'><strong>erit,</strong></span> <span class='ocrx_word' id='word_1_289' title='bbox 3224 1785 3372 1855; x_wconf 90' lang='lat' dir='ltr'><strong>prius</strong></span> <span class='ocrx_word' id='word_1_290' title='bbox 3398 1799 3429 1835; x_wconf 90' lang='lat' dir='ltr'><strong>a</strong></span> <span class='ocrx_word' id='word_1_291' title='bbox 3454 1781 3575 1836; x_wconf 89' lang='lat' dir='ltr'><strong>erit.</strong></span> 
     </span>
    </p>
   </div>
   <div class='ocr_carea' id='block_1_34' title="bbox 316 1874 1909 1949">
    <p class='ocr_par' dir='ltr' id='par_1_34' title="bbox 316 1877 1893 1949">
     <span class='ocr_line' id='line_1_34' title="bbox 316 1877 1893 1949; baseline -0.004 -13"><span class='ocrx_word' id='word_1_292' title='bbox 316 1881 457 1936; x_wconf 88' lang='lat' dir='ltr'><strong>nitus</strong></span> <span class='ocrx_word' id='word_1_293' title='bbox 478 1921 491 1943; x_wconf 95' lang='lat'><strong>,</strong></span> <span class='ocrx_word' id='word_1_294' title='bbox 524 1887 607 1934; x_wconf 89' lang='lat' dir='ltr'><strong>est</strong></span> <span class='ocrx_word' id='word_1_295' title='bbox 633 1881 791 1948; x_wconf 73' lang='lat' dir='ltr'><strong>igitur</strong></span> <span class='ocrx_word' id='word_1_296' title='bbox 815 1878 867 1933; x_wconf 92' lang='lat' dir='ltr'><strong>in</strong></span> <span class='ocrx_word' id='word_1_297' title='bbox 897 1878 1163 1949; x_wconf 88' lang='lat' dir='ltr'><strong>c.quidem</strong></span> <span class='ocrx_word' id='word_1_298' title='bbox 1186 1878 1215 1931; x_wconf 75' lang='grc' dir='ltr'><strong>ι</strong></span> <span class='ocrx_word' id='word_1_299' title='bbox 1233 1920 1247 1945; x_wconf 97' lang='grc'><strong>,</strong></span> <span class='ocrx_word' id='word_1_300' title='bbox 1284 1877 1335 1931; x_wconf 90' lang='lat' dir='ltr'><strong>in</strong></span> <span class='ocrx_word' id='word_1_301' title='bbox 1366 1877 1466 1931; x_wconf 88' lang='lat' dir='ltr'><strong>hoc</strong></span> <span class='ocrx_word' id='word_1_302' title='bbox 1492 1886 1669 1931; x_wconf 89' lang='lat' dir='ltr'><strong>autem</strong></span> <span class='ocrx_word' id='word_1_303' title='bbox 1696 1890 1893 1944; x_wconf 86' lang='lat' dir='ltr'><strong>conge-</strong></span> 
     </span>
    </p>
   </div>
   <div class='ocr_carea' id='block_1_35' title="bbox 2010 1874 3576 1949">
    <p class='ocr_par' dir='ltr' id='par_1_35' title="bbox 2010 1874 3576 1945">
     <span class='ocr_line' id='line_1_35' title="bbox 2010 1874 3576 1945; baseline -0.011 -1"><span class='ocrx_word' id='word_1_304' title='bbox 2010 1888 2257 1945; x_wconf 80' lang='lat' dir='ltr'><strong>Similiter</strong></span> <span class='ocrx_word' id='word_1_305' title='bbox 2285 1895 2457 1941; x_wconf 90' lang='lat' dir='ltr'><strong>autem</strong></span> <span class='ocrx_word' id='word_1_306' title='bbox 2488 1895 2543 1941; x_wconf 90' lang='lat' dir='ltr'><strong>et</strong></span> <span class='ocrx_word' id='word_1_307' title='bbox 2570 1884 2773 1938; x_wconf 72' lang='lat' dir='ltr'><strong>inﬁn’ta</strong></span> <span class='ocrx_word' id='word_1_308' title='bbox 2805 1890 2883 1936; x_wconf 86' lang='lat' dir='ltr'><strong>est</strong></span> <span class='ocrx_word' id='word_1_309' title='bbox 2914 1877 3114 1935; x_wconf 83' lang='lat' dir='ltr'><strong>decisio</strong></span> <span class='ocrx_word' id='word_1_310' title='bbox 3143 1888 3197 1934; x_wconf 90' lang='lat' dir='ltr'><strong>et</strong></span> <span class='ocrx_word' id='word_1_311' title='bbox 3239 1876 3294 1932; x_wconf 91' lang='lat' dir='ltr'><strong>in</strong></span> <span class='ocrx_word' id='word_1_312' title='bbox 3323 1874 3439 1940; x_wconf 87' lang='lat' dir='ltr'><strong>his;</strong></span> <span class='ocrx_word' id='word_1_313' title='bbox 3473 1889 3576 1927; x_wconf 90' lang='lat' dir='ltr'><strong>non</strong></span> 
     </span>
    </p>
   </div>
   <div class='ocr_carea' id='block_1_36' title="bbox 313 1964 1897 2040">
    <p class='ocr_par' dir='ltr' id='par_1_36' title="bbox 313 1964 1897 2040">
     <span class='ocr_line' id='line_1_36' title="bbox 313 1964 1897 2040; baseline -0.005 -13"><span class='ocrx_word' id='word_1_314' title='bbox 313 1972 478 2027; x_wconf 89' lang='lat' dir='ltr'><strong>latum</strong></span> <span class='ocrx_word' id='word_1_315' title='bbox 509 1985 657 2034; x_wconf 88' lang='lat' dir='ltr'><strong>esse,</strong></span> <span class='ocrx_word' id='word_1_316' title='bbox 692 1969 835 2040; x_wconf 88' lang='lat' dir='ltr'><strong>quod</strong></span> <span class='ocrx_word' id='word_1_317' title='bbox 866 1978 951 2025; x_wconf 91' lang='lat' dir='ltr'><strong>est</strong></span> <span class='ocrx_word' id='word_1_318' title='bbox 977 1970 1029 2024; x_wconf 93' lang='lat' dir='ltr'><strong>in</strong></span> <span class='ocrx_word' id='word_1_319' title='bbox 1055 1983 1162 2039; x_wconf 87' lang='lat' dir='ltr'><strong>quo</strong></span> <span class='ocrx_word' id='word_1_320' title='bbox 1188 1964 1272 2023; x_wconf 88' lang='lat' dir='ltr'><strong>est</strong></span> <span class='ocrx_word' id='word_1_321' title='bbox 1299 1984 1361 2032; x_wconf 90' lang='lat' dir='ltr'><strong>a,</strong></span> <span class='ocrx_word' id='word_1_322' title='bbox 1394 1967 1452 2021; x_wconf 87' lang='lat' dir='ltr'><strong>lit</strong></span> <span class='ocrx_word' id='word_1_323' title='bbox 1477 1976 1655 2022; x_wconf 89' lang='lat' dir='ltr'><strong>autem</strong></span> <span class='ocrx_word' id='word_1_324' title='bbox 1676 1966 1897 2037; x_wconf 84' lang='lat' dir='ltr'><strong>crystal-</strong></span> 
     </span>
    </p>
   </div>
   <div class='ocr_carea' id='block_1_37' title="bbox 312 2055 1895 2130">
    <p class='ocr_par' dir='ltr' id='par_1_37' title="bbox 312 2055 1895 2130">
     <span class='ocr_line' id='line_1_37' title="bbox 312 2055 1895 2130; baseline -0.006 -13"><span class='ocrx_word' id='word_1_325' title='bbox 312 2062 398 2117; x_wconf 89' lang='lat' dir='ltr'><strong>lns</strong></span> <span class='ocrx_word' id='word_1_326' title='bbox 419 2105 433 2130; x_wconf 93' lang='lat'><strong>,</strong></span> <span class='ocrx_word' id='word_1_327' title='bbox 476 2077 597 2117; x_wconf 89' lang='lat' dir='ltr'><strong>cum</strong></span> <span class='ocrx_word' id='word_1_328' title='bbox 629 2061 718 2115; x_wconf 88' lang='lat' dir='ltr'><strong>ﬁat</strong></span> <span class='ocrx_word' id='word_1_329' title='bbox 761 2062 789 2114; x_wconf 91' lang='lat' dir='ltr'><strong>b</strong></span> <span class='ocrx_word' id='word_1_330' title='bbox 814 2104 830 2130; x_wconf 89' lang='lat'><strong>,</strong></span> <span class='ocrx_word' id='word_1_331' title='bbox 866 2060 1035 2114; x_wconf 91' lang='lat' dir='ltr'><strong>factus</strong></span> <span class='ocrx_word' id='word_1_332' title='bbox 1061 2066 1145 2113; x_wconf 92' lang='lat' dir='ltr'><strong>est</strong></span> <span class='ocrx_word' id='word_1_333' title='bbox 1165 2065 1342 2112; x_wconf 89' lang='lat' dir='ltr'><strong>autem</strong></span> <span class='ocrx_word' id='word_1_334' title='bbox 1372 2055 1515 2111; x_wconf 87' lang='lat' dir='ltr'><strong>facto</strong></span> <span class='ocrx_word' id='word_1_335' title='bbox 1536 2095 1553 2122; x_wconf 87' lang='lat'><strong>,</strong></span> <span class='ocrx_word' id='word_1_336' title='bbox 1586 2059 1687 2111; x_wconf 79' lang='lat' dir='ltr'><strong>erit</strong></span> <span class='ocrx_word' id='word_1_337' title='bbox 1716 2064 1895 2121; x_wconf 89' lang='lat' dir='ltr'><strong>autem</strong></span> 
     </span>
    </p>
   </div>
   <div class='ocr_carea' id='block_1_38' title="bbox 314 2148 1891 2221">
    <p class='ocr_par' dir='ltr' id='par_1_38' title="bbox 314 2148 1891 2221">
     <span class='ocr_line' id='line_1_38' title="bbox 314 2148 1891 2221; baseline -0.005 -14"><span class='ocrx_word' id='word_1_338' title='bbox 314 2153 491 2207; x_wconf 88' lang='lat' dir='ltr'><strong>futuro</strong></span> <span class='ocrx_word' id='word_1_339' title='bbox 523 2152 572 2206; x_wconf 72' lang='grc' dir='ltr'><strong>ὁ.</strong></span> <span class='ocrx_word' id='word_1_340' title='bbox 596 2150 686 2208; x_wconf 88' lang='lat' dir='ltr'><strong>Sic</strong></span> <span class='ocrx_word' id='word_1_341' title='bbox 715 2150 928 2221; x_wconf 91' lang='lat' dir='ltr'><strong>quidem</strong></span> <span class='ocrx_word' id='word_1_342' title='bbox 954 2150 1116 2221; x_wconf 78' lang='lat' dir='ltr'><strong>igitur</strong></span> <span class='ocrx_word' id='word_1_343' title='bbox 1139 2162 1320 2214; x_wconf 83' lang='lat' dir='ltr'><strong>causa,</strong></span> <span class='ocrx_word' id='word_1_344' title='bbox 1345 2158 1398 2203; x_wconf 92' lang='lat' dir='ltr'><strong>et</strong></span> <span class='ocrx_word' id='word_1_345' title='bbox 1426 2148 1580 2217; x_wconf 87' lang='lat' dir='ltr'><strong>cujus</strong></span> <span class='ocrx_word' id='word_1_346' title='bbox 1604 2163 1764 2202; x_wconf 91' lang='lat' dir='ltr'><strong>causa</strong></span> <span class='ocrx_word' id='word_1_347' title='bbox 1792 2158 1891 2212; x_wconf 89' lang='grc' dir='ltr'>εει,</span> 
     </span>
    </p>
   </div>
   <div class='ocr_carea' id='block_1_39' title="bbox 315 2236 1897 2308">
    <p class='ocr_par' dir='ltr' id='par_1_39' title="bbox 315 2236 1897 2308">
     <span class='ocr_line' id='line_1_39' title="bbox 315 2236 1897 2308; baseline -0.006 -10"><span class='ocrx_word' id='word_1_348' title='bbox 315 2241 476 2298; x_wconf 82' lang='lat' dir='ltr'><strong>simul</strong></span> <span class='ocrx_word' id='word_1_349' title='bbox 510 2242 569 2296; x_wconf 89' lang='lat' dir='ltr'><strong>ﬁt</strong></span> <span class='ocrx_word' id='word_1_350' title='bbox 596 2256 715 2296; x_wconf 90' lang='lat' dir='ltr'><strong>cum</strong></span> <span class='ocrx_word' id='word_1_351' title='bbox 744 2241 822 2307; x_wconf 88' lang='lat' dir='ltr'><strong>ﬁt,</strong></span> <span class='ocrx_word' id='word_1_352' title='bbox 856 2250 911 2296; x_wconf 91' lang='lat' dir='ltr'><strong>et</strong></span> <span class='ocrx_word' id='word_1_353' title='bbox 939 2248 1021 2296; x_wconf 90' lang='lat' dir='ltr'><strong>est</strong></span> <span class='ocrx_word' id='word_1_354' title='bbox 1055 2254 1177 2294; x_wconf 90' lang='lat' dir='ltr'><strong>cum</strong></span> <span class='ocrx_word' id='word_1_355' title='bbox 1209 2248 1329 2305; x_wconf 90' lang='lat' dir='ltr'><strong>est,</strong></span> <span class='ocrx_word' id='word_1_356' title='bbox 1362 2246 1415 2293; x_wconf 90' lang='lat' dir='ltr'><strong>et</strong></span> <span class='ocrx_word' id='word_1_357' title='bbox 1450 2237 1504 2293; x_wconf 89' lang='lat' dir='ltr'><strong>in</strong></span> <span class='ocrx_word' id='word_1_358' title='bbox 1532 2251 1599 2293; x_wconf 90' lang='lat' dir='ltr'><strong>eo</strong></span> <span class='ocrx_word' id='word_1_359' title='bbox 1642 2237 1785 2308; x_wconf 87' lang='lat' dir='ltr'><strong>quod</strong></span> <span class='ocrx_word' id='word_1_360' title='bbox 1817 2236 1897 2291; x_wconf 88' lang='lat' dir='ltr'><strong>fa-</strong></span> 
     </span>
    </p>
   </div>
   <div class='ocr_carea' id='block_1_40' title="bbox 317 2330 1383 2403">
    <p class='ocr_par' dir='ltr' id='par_1_40' title="bbox 317 2330 1383 2403">
     <span class='ocr_line' id='line_1_40' title="bbox 317 2330 1383 2403; baseline -0.007 -12"><span class='ocrx_word' id='word_1_361' title='bbox 317 2346 459 2392; x_wconf 86' lang='lat' dir='ltr'><strong>ctum</strong></span> <span class='ocrx_word' id='word_1_362' title='bbox 486 2347 590 2403; x_wconf 84' lang='grc' dir='ltr'>εει,</span> <span class='ocrx_word' id='word_1_363' title='bbox 619 2342 673 2390; x_wconf 88' lang='grc' dir='ltr'><strong>ει</strong></span> <span class='ocrx_word' id='word_1_364' title='bbox 698 2334 749 2389; x_wconf 87' lang='lat' dir='ltr'><strong>itt</strong></span> <span class='ocrx_word' id='word_1_365' title='bbox 780 2332 960 2388; x_wconf 86' lang='lat' dir='ltr'><strong>futuro</strong></span> <span class='ocrx_word' id='word_1_366' title='bbox 983 2332 1172 2388; x_wconf 90' lang='lat' dir='ltr'><strong>eodem</strong></span> <span class='ocrx_word' id='word_1_367' title='bbox 1207 2330 1383 2386; x_wconf 91' lang='lat' dir='ltr'><strong>modo.</strong></span> 
     </span>
    </p>
   </div>
   <div class='ocr_carea' id='block_1_41' title="bbox 920 2469 1296 2527">
    <p class='ocr_par' dir='ltr' id='par_1_41' title="bbox 920 2469 1296 2527">
     <span class='ocr_line' id='line_1_41' title="bbox 920 2469 1296 2527; baseline -0.003 0"><span class='ocrx_word' id='word_1_368' title='bbox 920 2470 1144 2527; x_wconf 82' lang='lat' dir='ltr'><strong>CAPUT</strong></span> <span class='ocrx_word' id='word_1_369' title='bbox 1185 2469 1296 2526; x_wconf 78' lang='lat' dir='ltr'><strong>XII.</strong></span> 
     </span>
    </p>
   </div>
   <div class='ocr_carea' id='block_1_42' title="bbox 805 2563 1415 2634">
    <p class='ocr_par' dir='ltr' id='par_1_42' title="bbox 805 2563 1415 2634">
     <span class='ocr_line' id='line_1_42' title="bbox 805 2563 1415 2634; baseline -0.007 -15"><span class='ocrx_word' id='word_1_370' title='bbox 805 2563 880 2619; x_wconf 84' lang='lat' dir='ltr'><strong>De</strong></span> <span class='ocrx_word' id='word_1_371' title='bbox 906 2564 1021 2634; x_wconf 77' lang='lat' dir='ltr'><strong>ﬁeri</strong></span> <span class='ocrx_word' id='word_1_372' title='bbox 1050 2574 1095 2617; x_wconf 85' lang='lat' dir='ltr'><strong>et</strong></span> <span class='ocrx_word' id='word_1_373' title='bbox 1126 2567 1261 2634; x_wconf 78' lang='lat' dir='ltr'><strong>facto</strong></span> <span class='ocrx_word' id='word_1_374' title='bbox 1290 2578 1415 2616; x_wconf 78' lang='lat' dir='ltr'><strong>esse.</strong></span> 
     </span>
    </p>
   </div>
   <div class='ocr_carea' id='block_1_43' title="bbox 393 2668 1900 2746">
    <p class='ocr_par' dir='ltr' id='par_1_43' title="bbox 393 2668 1900 2746">
     <span class='ocr_line' id='line_1_43' title="bbox 393 2668 1900 2746; baseline -0.008 -11"><span class='ocrx_word' id='word_1_375' title='bbox 393 2678 448 2735; x_wconf 88' lang='lat' dir='ltr'><strong>ltt</strong></span> <span class='ocrx_word' id='word_1_376' title='bbox 479 2678 545 2734; x_wconf 86' lang='lat' dir='ltr'><strong>iis</strong></span> <span class='ocrx_word' id='word_1_377' title='bbox 573 2687 752 2734; x_wconf 85' lang='lat' dir='ltr'><strong>autem</strong></span> <span class='ocrx_word' id='word_1_378' title='bbox 784 2692 901 2746; x_wconf 76' lang='lat' dir='ltr'><strong>qua:</strong></span> <span class='ocrx_word' id='word_1_379' title='bbox 930 2690 1036 2731; x_wconf 90' lang='lat' dir='ltr'><strong>non</strong></span> <span class='ocrx_word' id='word_1_380' title='bbox 1074 2672 1233 2730; x_wconf 85' lang='lat' dir='ltr'><strong>simul</strong></span> <span class='ocrx_word' id='word_1_381' title='bbox 1260 2681 1415 2738; x_wconf 88' lang='lat' dir='ltr'><strong>sunt,</strong></span> <span class='ocrx_word' id='word_1_382' title='bbox 1452 2670 1685 2740; x_wconf 79' lang='lat' dir='ltr'><strong>nunquid</strong></span> <span class='ocrx_word' id='word_1_383' title='bbox 1739 2671 1807 2724; x_wconf 88' lang='lat' dir='ltr'><strong>sit</strong></span> <span class='ocrx_word' id='word_1_384' title='bbox 1848 2668 1900 2723; x_wconf 91' lang='lat' dir='ltr'><strong>in</strong></span> 
     </span>
    </p>
   </div>
   <div class='ocr_carea' id='block_1_44' title="bbox 318 2762 1900 2839">
    <p class='ocr_par' dir='ltr' id='par_1_44' title="bbox 318 2762 1900 2839">
     <span class='ocr_line' id='line_1_44' title="bbox 318 2762 1900 2839; baseline -0.006 -15"><span class='ocrx_word' id='word_1_385' title='bbox 318 2770 576 2825; x_wconf 85' lang='lat' dir='ltr'><strong>continuo</strong></span> <span class='ocrx_word' id='word_1_386' title='bbox 621 2768 896 2839; x_wconf 86' lang='lat' dir='ltr'><strong>tempore?</strong></span> <span class='ocrx_word' id='word_1_387' title='bbox 944 2766 1080 2820; x_wconf 88' lang='lat' dir='ltr'><strong>sicut</strong></span> <span class='ocrx_word' id='word_1_388' title='bbox 1120 2763 1331 2818; x_wconf 85' lang='lat' dir='ltr'><strong>videtur</strong></span> <span class='ocrx_word' id='word_1_389' title='bbox 1372 2762 1528 2818; x_wconf 87' lang='lat' dir='ltr'><strong>nobis</strong></span> <span class='ocrx_word' id='word_1_390' title='bbox 1568 2762 1668 2816; x_wconf 85' lang='lat' dir='ltr'><strong>alia</strong></span> <span class='ocrx_word' id='word_1_391' title='bbox 1717 2776 1900 2815; x_wconf 84' lang='lat' dir='ltr'><strong>eorum</strong></span> 
     </span>
    </p>
   </div>
   <div class='ocr_carea' id='block_1_45' title="bbox 320 2850 1898 2924">
    <p class='ocr_par' dir='ltr' id='par_1_45' title="bbox 320 2850 1898 2924">
     <span class='ocr_line' id='line_1_45' title="bbox 320 2850 1898 2924; baseline -0.007 -9"><span class='ocrx_word' id='word_1_392' title='bbox 320 2875 481 2916; x_wconf 84' lang='lat' dir='ltr'><strong>causa</strong></span> <span class='ocrx_word' id='word_1_393' title='bbox 508 2875 648 2924; x_wconf 81' lang='lat' dir='ltr'><strong>esse,</strong></span> <span class='ocrx_word' id='word_1_394' title='bbox 682 2870 738 2914; x_wconf 89' lang='lat' dir='ltr'><strong>ut</strong></span> <span class='ocrx_word' id='word_1_395' title='bbox 767 2858 888 2913; x_wconf 84' lang='lat' dir='ltr'><strong>facti</strong></span> <span class='ocrx_word' id='word_1_396' title='bbox 915 2872 1035 2913; x_wconf 91' lang='lat' dir='ltr'><strong>esse</strong></span> <span class='ocrx_word' id='word_1_397' title='bbox 1063 2856 1230 2910; x_wconf 86' lang='lat' dir='ltr'><strong>altera</strong></span> <span class='ocrx_word' id='word_1_398' title='bbox 1260 2854 1415 2919; x_wconf 81' lang='lat' dir='ltr'><strong>facta,</strong></span> <span class='ocrx_word' id='word_1_399' title='bbox 1437 2862 1488 2907; x_wconf 92' lang='lat' dir='ltr'><strong>et</strong></span> <span class='ocrx_word' id='word_1_400' title='bbox 1509 2851 1671 2906; x_wconf 90' lang='lat' dir='ltr'><strong>futuri</strong></span> <span class='ocrx_word' id='word_1_401' title='bbox 1705 2850 1898 2918; x_wconf 87' lang='lat' dir='ltr'><strong>futura,</strong></span> 
     </span>
    </p>
   </div>
   <div class='ocr_carea' id='block_1_46' title="bbox 322 2943 1904 3023">
    <p class='ocr_par' dir='ltr' id='par_1_46' title="bbox 322 2943 1904 3023">
     <span class='ocr_line' id='line_1_46' title="bbox 322 2943 1904 3023; baseline -0.008 -14"><span class='ocrx_word' id='word_1_402' title='bbox 322 2963 378 3009; x_wconf 87' lang='lat' dir='ltr'><strong>et</strong></span> <span class='ocrx_word' id='word_1_403' title='bbox 401 2954 522 3023; x_wconf 89' lang='lat' dir='ltr'><strong>ejus</strong></span> <span class='ocrx_word' id='word_1_404' title='bbox 544 2952 686 3021; x_wconf 91' lang='lat' dir='ltr'><strong>quod</strong></span> <span class='ocrx_word' id='word_1_405' title='bbox 725 2950 781 3005; x_wconf 91' lang='lat' dir='ltr'><strong>ﬁt</strong></span> <span class='ocrx_word' id='word_1_406' title='bbox 805 2995 818 3017; x_wconf 93' lang='lat'><strong>,</strong></span> <span class='ocrx_word' id='word_1_407' title='bbox 845 2949 889 3005; x_wconf 90' lang='lat' dir='ltr'><strong>si</strong></span> <span class='ocrx_word' id='word_1_408' title='bbox 916 2948 1113 3019; x_wconf 84' lang='lat' dir='ltr'><strong>aliquid</strong></span> <span class='ocrx_word' id='word_1_409' title='bbox 1142 2955 1298 3003; x_wconf 83' lang='lat' dir='ltr'><strong>antea</strong></span> <span class='ocrx_word' id='word_1_410' title='bbox 1329 2945 1522 3000; x_wconf 85' lang='lat' dir='ltr'><strong>factum</strong></span> <span class='ocrx_word' id='word_1_411' title='bbox 1552 2953 1655 3000; x_wconf 86' lang='lat' dir='ltr'><strong>est.</strong></span> <span class='ocrx_word' id='word_1_412' title='bbox 1685 2943 1780 2999; x_wconf 79' lang='lat' dir='ltr'><strong>Est</strong></span> <span class='ocrx_word' id='word_1_413' title='bbox 1809 2943 1904 3013; x_wconf 86' lang='lat' dir='ltr'><strong>igi-</strong></span> 
     </span>
    </p>
   </div>
   <div class='ocr_carea' id='block_1_47' title="bbox 329 3038 1904 3114">
    <p class='ocr_par' dir='ltr' id='par_1_47' title="bbox 329 3038 1904 3114">
     <span class='ocr_line' id='line_1_47' title="bbox 329 3038 1904 3114; baseline -0.004 -14"><span class='ocrx_word' id='word_1_414' title='bbox 329 3054 463 3100; x_wconf 85' lang='lat' dir='ltr'><strong>tura</strong></span> <span class='ocrx_word' id='word_1_415' title='bbox 495 3044 761 3114; x_wconf 87' lang='lat' dir='ltr'><strong>posterius</strong></span> <span class='ocrx_word' id='word_1_416' title='bbox 790 3044 931 3097; x_wconf 86' lang='lat' dir='ltr'><strong>facto</strong></span> <span class='ocrx_word' id='word_1_417' title='bbox 958 3041 1318 3113; x_wconf 81' lang='lat' dir='ltr'><strong>syllogismus,</strong></span> <span class='ocrx_word' id='word_1_418' title='bbox 1365 3038 1680 3109; x_wconf 86' lang='lat' dir='ltr'><strong>principium</strong></span> <span class='ocrx_word' id='word_1_419' title='bbox 1727 3046 1904 3093; x_wconf 86' lang='lat' dir='ltr'><strong>autem</strong></span> 
     </span>
    </p>
   </div>
   <div class='ocr_carea' id='block_1_48' title="bbox 321 3132 1904 3208">
    <p class='ocr_par' dir='ltr' id='par_1_48' title="bbox 321 3132 1904 3208">
     <span class='ocr_line' id='line_1_48' title="bbox 321 3132 1904 3208; baseline -0.004 -14"><span class='ocrx_word' id='word_1_420' title='bbox 321 3150 380 3195; x_wconf 90' lang='lat' dir='ltr'><strong>et</strong></span> <span class='ocrx_word' id='word_1_421' title='bbox 406 3139 594 3194; x_wconf 90' lang='lat' dir='ltr'><strong>horum</strong></span> <span class='ocrx_word' id='word_1_422' title='bbox 624 3152 746 3208; x_wconf 57' lang='lat' dir='ltr'><strong>qua:</strong></span> <span class='ocrx_word' id='word_1_423' title='bbox 773 3136 909 3192; x_wconf 80' lang='lat' dir='ltr'><strong>iacta</strong></span> <span class='ocrx_word' id='word_1_424' title='bbox 938 3145 1080 3201; x_wconf 90' lang='lat' dir='ltr'><strong>sunt,</strong></span> <span class='ocrx_word' id='word_1_425' title='bbox 1112 3133 1250 3190; x_wconf 89' lang='lat' dir='ltr'><strong>unde</strong></span> <span class='ocrx_word' id='word_1_426' title='bbox 1278 3142 1331 3190; x_wconf 91' lang='lat' dir='ltr'><strong>et</strong></span> <span class='ocrx_word' id='word_1_427' title='bbox 1358 3134 1407 3188; x_wconf 92' lang='lat' dir='ltr'><strong>in</strong></span> <span class='ocrx_word' id='word_1_428' title='bbox 1441 3133 1505 3188; x_wconf 87' lang='lat' dir='ltr'><strong>iis</strong></span> <span class='ocrx_word' id='word_1_429' title='bbox 1525 3148 1645 3203; x_wconf 68' lang='lat' dir='ltr'><strong>quae</strong></span> <span class='ocrx_word' id='word_1_430' title='bbox 1672 3132 1804 3187; x_wconf 91' lang='lat' dir='ltr'><strong>ﬁunt</strong></span> <span class='ocrx_word' id='word_1_431' title='bbox 1828 3132 1904 3187; x_wconf 82' lang='lat' dir='ltr'><strong>si-</strong></span> 
     </span>
    </p>
   </div>
   <div class='ocr_carea' id='block_1_49' title="bbox 324 3222 1901 3299">
    <p class='ocr_par' dir='ltr' id='par_1_49' title="bbox 324 3222 1901 3299">
     <span class='ocr_line' id='line_1_49' title="bbox 324 3222 1901 3299; baseline -0.003 -14"><span class='ocrx_word' id='word_1_432' title='bbox 324 3229 555 3294; x_wconf 76' lang='lat' dir='ltr'><strong>milittr,</strong></span> <span class='ocrx_word' id='word_1_433' title='bbox 586 3243 615 3283; x_wconf 78' lang='grc' dir='ltr'><strong>ιι</strong></span> <span class='ocrx_word' id='word_1_434' title='bbox 648 3226 811 3299; x_wconf 90' lang='lat' dir='ltr'><strong>priori</strong></span> <span class='ocrx_word' id='word_1_435' title='bbox 836 3240 1014 3281; x_wconf 90' lang='lat' dir='ltr'><strong>autem</strong></span> <span class='ocrx_word' id='word_1_436' title='bbox 1054 3240 1159 3279; x_wconf 91' lang='lat' dir='ltr'><strong>non</strong></span> <span class='ocrx_word' id='word_1_437' title='bbox 1187 3234 1299 3291; x_wconf 88' lang='lat' dir='ltr'><strong>est,</strong></span> <span class='ocrx_word' id='word_1_438' title='bbox 1332 3234 1389 3279; x_wconf 90' lang='grc' dir='ltr'><strong>ιιι</strong></span> <span class='ocrx_word' id='word_1_439' title='bbox 1413 3224 1663 3295; x_wconf 87' lang='lat' dir='ltr'><strong>quoniam</strong></span> <span class='ocrx_word' id='word_1_440' title='bbox 1695 3222 1796 3278; x_wconf 82' lang='lat' dir='ltr'><strong>hoc</strong></span> <span class='ocrx_word' id='word_1_441' title='bbox 1827 3223 1901 3282; x_wconf 82' lang='lat' dir='ltr'><strong>fa-</strong></span> 
     </span>
    </p>
   </div>
   <div class='ocr_carea' id='block_1_50' title="bbox 324 3318 1909 3396">
    <p class='ocr_par' dir='ltr' id='par_1_50' title="bbox 324 3318 1909 3396">
     <span class='ocr_line' id='line_1_50' title="bbox 324 3318 1909 3396; baseline -0.001 -19"><span class='ocrx_word' id='word_1_442' title='bbox 324 3333 469 3378; x_wconf 86' lang='lat' dir='ltr'><strong>ctum</strong></span> <span class='ocrx_word' id='word_1_443' title='bbox 490 3331 593 3388; x_wconf 87' lang='lat' dir='ltr'><strong>est,</strong></span> <span class='ocrx_word' id='word_1_444' title='bbox 626 3320 769 3392; x_wconf 91' lang='lat' dir='ltr'><strong>quod</strong></span> <span class='ocrx_word' id='word_1_445' title='bbox 798 3318 899 3375; x_wconf 87' lang='lat' dir='ltr'><strong>hoc</strong></span> <span class='ocrx_word' id='word_1_446' title='bbox 928 3320 1190 3388; x_wconf 83' lang='lat' dir='ltr'><strong>posterius</strong></span> <span class='ocrx_word' id='word_1_447' title='bbox 1220 3318 1419 3375; x_wconf 84' lang='lat' dir='ltr'><strong>factum</strong></span> <span class='ocrx_word' id='word_1_448' title='bbox 1446 3328 1550 3385; x_wconf 89' lang='lat' dir='ltr'><strong>est,</strong></span> <span class='ocrx_word' id='word_1_449' title='bbox 1577 3328 1630 3373; x_wconf 90' lang='lat' dir='ltr'><strong>et</strong></span> <span class='ocrx_word' id='word_1_450' title='bbox 1653 3320 1706 3373; x_wconf 91' lang='lat' dir='ltr'><strong>in</strong></span> <span class='ocrx_word' id='word_1_451' title='bbox 1731 3318 1909 3396; x_wconf 72' lang='lat' dir='ltr'><strong>futuro</strong></span> 
     </span>
    </p>
   </div>
   <div class='ocr_carea' id='block_1_51' title="bbox 326 3410 1913 3482">
    <p class='ocr_par' dir='ltr' id='par_1_51' title="bbox 326 3410 1913 3482">
     <span class='ocr_line' id='line_1_51' title="bbox 326 3410 1913 3482; baseline -0.005 -10"><span class='ocrx_word' id='word_1_452' title='bbox 326 3416 575 3472; x_wconf 72' lang='lat' dir='ltr'><strong>similiter</strong></span> <span class='ocrx_word' id='word_1_453' title='bbox 599 3421 706 3479; x_wconf 87' lang='lat' dir='ltr'><strong>est,</strong></span> <span class='ocrx_word' id='word_1_454' title='bbox 734 3426 908 3482; x_wconf 89' lang='lat' dir='ltr'><strong>neque</strong></span> <span class='ocrx_word' id='word_1_455' title='bbox 937 3410 1081 3467; x_wconf 90' lang='lat' dir='ltr'><strong>enim</strong></span> <span class='ocrx_word' id='word_1_456' title='bbox 1112 3410 1320 3465; x_wconf 89' lang='lat' dir='ltr'><strong>inﬁnito</strong></span> <span class='ocrx_word' id='word_1_457' title='bbox 1347 3419 1436 3464; x_wconf 85' lang='lat' dir='ltr'><strong>aut</strong></span> <span class='ocrx_word' id='word_1_458' title='bbox 1467 3410 1615 3465; x_wconf 92' lang='lat' dir='ltr'><strong>ﬁnito</strong></span> <span class='ocrx_word' id='word_1_459' title='bbox 1645 3411 1745 3465; x_wconf 88' lang='lat' dir='ltr'><strong>erit</strong></span> <span class='ocrx_word' id='word_1_460' title='bbox 1778 3421 1913 3465; x_wconf 86' lang='lat' dir='ltr'><strong>tem-</strong></span> 
     </span>
    </p>
   </div>
   <div class='ocr_carea' id='block_1_52' title="bbox 327 3500 1909 3580">
    <p class='ocr_par' dir='ltr' id='par_1_52' title="bbox 327 3500 1909 3580">
     <span class='ocr_line' id='line_1_52' title="bbox 327 3500 1909 3580; baseline -0.004 -17"><span class='ocrx_word' id='word_1_461' title='bbox 327 3522 493 3580; x_wconf 90' lang='lat' dir='ltr'><strong>pore,</strong></span> <span class='ocrx_word' id='word_1_462' title='bbox 540 3521 704 3576; x_wconf 91' lang='lat' dir='ltr'><strong>quare</strong></span> <span class='ocrx_word' id='word_1_463' title='bbox 740 3504 991 3575; x_wconf 89' lang='lat' dir='ltr'><strong>quoniam</strong></span> <span class='ocrx_word' id='word_1_464' title='bbox 1038 3503 1139 3558; x_wconf 88' lang='lat' dir='ltr'><strong>hoc</strong></span> <span class='ocrx_word' id='word_1_465' title='bbox 1178 3518 1361 3558; x_wconf 87' lang='lat' dir='ltr'><strong>verum</strong></span> <span class='ocrx_word' id='word_1_466' title='bbox 1389 3500 1673 3558; x_wconf 82' lang='lat' dir='ltr'><strong>estdicere</strong></span> <span class='ocrx_word' id='word_1_467' title='bbox 1715 3501 1909 3557; x_wconf 91' lang='lat' dir='ltr'><strong>factum</strong></span> 
     </span>
    </p>
   </div>
   <div class='ocr_carea' id='block_1_53' title="bbox 327 3595 1911 3665">
    <p class='ocr_par' dir='ltr' id='par_1_53' title="bbox 327 3595 1911 3665">
     <span class='ocr_line' id='line_1_53' title="bbox 327 3595 1911 3665; baseline -0.004 -10"><span class='ocrx_word' id='word_1_468' title='bbox 327 3612 482 3663; x_wconf 83' lang='lat' dir='ltr'><strong>esse,</strong></span> <span class='ocrx_word' id='word_1_469' title='bbox 513 3598 613 3653; x_wconf 88' lang='lat' dir='ltr'><strong>hoc</strong></span> <span class='ocrx_word' id='word_1_470' title='bbox 640 3612 826 3652; x_wconf 85' lang='lat' dir='ltr'><strong>verum</strong></span> <span class='ocrx_word' id='word_1_471' title='bbox 859 3606 939 3649; x_wconf 88' lang='lat' dir='ltr'><strong>cst</strong></span> <span class='ocrx_word' id='word_1_472' title='bbox 960 3595 1140 3651; x_wconf 86' lang='lat' dir='ltr'><strong>dicere</strong></span> <span class='ocrx_word' id='word_1_473' title='bbox 1170 3598 1363 3650; x_wconf 80' lang='lat' dir='ltr'><strong>factum</strong></span> <span class='ocrx_word' id='word_1_474' title='bbox 1391 3610 1511 3649; x_wconf 90' lang='lat' dir='ltr'><strong>esse</strong></span> <span class='ocrx_word' id='word_1_475' title='bbox 1538 3595 1820 3665; x_wconf 87' lang='lat' dir='ltr'><strong>posterius.</strong></span> <span class='ocrx_word' id='word_1_476' title='bbox 1856 3595 1911 3649; x_wconf 87' lang='lat' dir='ltr'><strong>In</strong></span> 
     </span>
    </p>
   </div>
   <div class='ocr_carea' id='block_1_54' title="bbox 332 3686 1912 3756">
    <p class='ocr_par' dir='ltr' id='par_1_54' title="bbox 332 3686 1912 3756">
     <span class='ocr_line' id='line_1_54' title="bbox 332 3686 1912 3756; baseline -0.004 -8"><span class='ocrx_word' id='word_1_477' title='bbox 332 3690 515 3748; x_wconf 85' lang='lat' dir='ltr'><strong>medio</strong></span> <span class='ocrx_word' id='word_1_478' title='bbox 560 3700 737 3745; x_wconf 82' lang='lat' dir='ltr'><strong>autem</strong></span> <span class='ocrx_word' id='word_1_479' title='bbox 784 3687 976 3742; x_wconf 87' lang='lat' dir='ltr'><strong>falsum</strong></span> <span class='ocrx_word' id='word_1_480' title='bbox 1024 3697 1167 3742; x_wconf 89' lang='lat' dir='ltr'><strong>esset</strong></span> <span class='ocrx_word' id='word_1_481' title='bbox 1204 3687 1385 3742; x_wconf 86' lang='lat' dir='ltr'><strong>dicere</strong></span> <span class='ocrx_word' id='word_1_482' title='bbox 1438 3688 1541 3743; x_wconf 85' lang='lat' dir='ltr'><strong>hoc</strong></span> <span class='ocrx_word' id='word_1_483' title='bbox 1580 3686 1691 3756; x_wconf 87' lang='lat' dir='ltr'><strong>jam</strong></span> <span class='ocrx_word' id='word_1_484' title='bbox 1746 3690 1912 3741; x_wconf 86' lang='lat' dir='ltr'><strong>altero</strong></span> 
     </span>
    </p>
   </div>
   <div class='ocr_carea' id='block_1_55' title="bbox 330 3777 1913 3849">
    <p class='ocr_par' dir='ltr' id='par_1_55' title="bbox 330 3777 1913 3849">
     <span class='ocr_line' id='line_1_55' title="bbox 330 3777 1913 3849; baseline -0.004 -12"><span class='ocrx_word' id='word_1_485' title='bbox 330 3782 505 3848; x_wconf 82' lang='lat' dir='ltr'><strong>facto,</strong></span> <span class='ocrx_word' id='word_1_486' title='bbox 533 3778 726 3837; x_wconf 87' lang='lat' dir='ltr'><strong>eadem</strong></span> <span class='ocrx_word' id='word_1_487' title='bbox 772 3786 948 3833; x_wconf 86' lang='lat' dir='ltr'><strong>autem</strong></span> <span class='ocrx_word' id='word_1_488' title='bbox 998 3778 1134 3832; x_wconf 80' lang='lat' dir='ltr'><strong>ratio</strong></span> <span class='ocrx_word' id='word_1_489' title='bbox 1180 3788 1258 3832; x_wconf 90' lang='lat' dir='ltr'><strong>est</strong></span> <span class='ocrx_word' id='word_1_490' title='bbox 1306 3787 1360 3832; x_wconf 95' lang='lat' dir='ltr'><strong>et</strong></span> <span class='ocrx_word' id='word_1_491' title='bbox 1404 3777 1455 3831; x_wconf 90' lang='lat' dir='ltr'><strong>in</strong></span> <span class='ocrx_word' id='word_1_492' title='bbox 1507 3777 1703 3834; x_wconf 91' lang='lat' dir='ltr'><strong>futuro.</strong></span> <span class='ocrx_word' id='word_1_493' title='bbox 1732 3777 1913 3849; x_wconf 78' lang='lat' dir='ltr'><strong>Neque</strong></span> 
     </span>
    </p>
   </div>
   <div class='ocr_carea' id='block_1_56' title="bbox 331 3873 1915 3948">
    <p class='ocr_par' dir='ltr' id='par_1_56' title="bbox 331 3873 1915 3948">
     <span class='ocr_line' id='line_1_56' title="bbox 331 3873 1915 3948; baseline 0 -16"><span class='ocrx_word' id='word_1_494' title='bbox 331 3877 585 3948; x_wconf 90' lang='lat' dir='ltr'><strong>quoniam</strong></span> <span class='ocrx_word' id='word_1_495' title='bbox 616 3878 719 3930; x_wconf 89' lang='lat' dir='ltr'><strong>hoc</strong></span> <span class='ocrx_word' id='word_1_496' title='bbox 747 3873 943 3930; x_wconf 84' lang='lat' dir='ltr'><strong>factum</strong></span> <span class='ocrx_word' id='word_1_497' title='bbox 973 3883 1089 3941; x_wconf 89' lang='lat' dir='ltr'><strong>est,</strong></span> <span class='ocrx_word' id='word_1_498' title='bbox 1122 3874 1222 3929; x_wconf 92' lang='lat' dir='ltr'><strong>hoc</strong></span> <span class='ocrx_word' id='word_1_499' title='bbox 1247 3876 1377 3940; x_wconf 90' lang='lat' dir='ltr'><strong>erit;</strong></span> <span class='ocrx_word' id='word_1_500' title='bbox 1412 3876 1644 3931; x_wconf 90' lang='lat' dir='ltr'><strong>medium</strong></span> <span class='ocrx_word' id='word_1_501' title='bbox 1675 3878 1817 3931; x_wconf 90' lang='lat' dir='ltr'><strong>enim</strong></span> <span class='ocrx_word' id='word_1_502' title='bbox 1842 3877 1915 3932; x_wconf 90' lang='lat' dir='ltr'><strong>si-</strong></span> 
     </span>
    </p>
   </div>
   <div class='ocr_carea' id='block_1_57' title="bbox 334 3966 1913 4039">
    <p class='ocr_par' dir='ltr' id='par_1_57' title="bbox 334 3966 1913 4039">
     <span class='ocr_line' id='line_1_57' title="bbox 334 3966 1913 4039; baseline -0.003 -14"><span class='ocrx_word' id='word_1_503' title='bbox 334 3970 446 4025; x_wconf 89' lang='lat' dir='ltr'><strong>mul</strong></span> <span class='ocrx_word' id='word_1_504' title='bbox 472 3968 713 4039; x_wconf 90' lang='lat' dir='ltr'><strong>genitum</strong></span> <span class='ocrx_word' id='word_1_505' title='bbox 737 3974 951 4036; x_wconf 53' lang='lat' dir='ltr'><strong>oportet</strong></span> <span class='ocrx_word' id='word_1_506' title='bbox 979 3980 1098 4021; x_wconf 90' lang='lat' dir='ltr'><strong>esse</strong></span> <span class='ocrx_word' id='word_1_507' title='bbox 1120 4007 1133 4030; x_wconf 95' lang='lat'><strong>,</strong></span> <span class='ocrx_word' id='word_1_508' title='bbox 1163 3966 1419 4021; x_wconf 89' lang='lat' dir='ltr'><strong>factorum</strong></span> <span class='ocrx_word' id='word_1_509' title='bbox 1453 3967 1646 4022; x_wconf 89' lang='lat' dir='ltr'><strong>factum</strong></span> <span class='ocrx_word' id='word_1_510' title='bbox 1668 4012 1681 4035; x_wconf 95' lang='lat'><strong>,</strong></span> <span class='ocrx_word' id='word_1_511' title='bbox 1708 3967 1913 4023; x_wconf 87' lang='lat' dir='ltr'><strong>futuro-</strong></span> 
     </span>
    </p>
   </div>
   <div class='ocr_carea' id='block_1_58' title="bbox 335 4057 1915 4129">
    <p class='ocr_par' dir='ltr' id='par_1_58' title="bbox 335 4057 1915 4129">
     <span class='ocr_line' id='line_1_58' title="bbox 335 4057 1915 4129; baseline -0.001 -13"><span class='ocrx_word' id='word_1_512' title='bbox 335 4075 459 4116; x_wconf 80' lang='lat' dir='ltr'><strong>rum</strong></span> <span class='ocrx_word' id='word_1_513' title='bbox 490 4057 720 4113; x_wconf 83' lang='lat' dir='ltr'><strong>futurum</strong></span> <span class='ocrx_word' id='word_1_514' title='bbox 740 4100 755 4125; x_wconf 97' lang='lat'><strong>,</strong></span> <span class='ocrx_word' id='word_1_515' title='bbox 781 4073 901 4113; x_wconf 85' lang='lat' dir='ltr'><strong>cura</strong></span> <span class='ocrx_word' id='word_1_516' title='bbox 933 4057 998 4114; x_wconf 82' lang='lat' dir='ltr'><strong>iis</strong></span> <span class='ocrx_word' id='word_1_517' title='bbox 1025 4073 1145 4129; x_wconf 65' lang='lat' dir='ltr'><strong>quae</strong></span> <span class='ocrx_word' id='word_1_518' title='bbox 1174 4058 1304 4112; x_wconf 87' lang='lat' dir='ltr'><strong>ﬁunt</strong></span> <span class='ocrx_word' id='word_1_519' title='bbox 1348 4059 1496 4125; x_wconf 89' lang='lat' dir='ltr'><strong>ﬁeri,</strong></span> <span class='ocrx_word' id='word_1_520' title='bbox 1548 4074 1671 4114; x_wconf 90' lang='lat' dir='ltr'><strong>cum</strong></span> <span class='ocrx_word' id='word_1_521' title='bbox 1704 4060 1768 4114; x_wconf 89' lang='lat' dir='ltr'><strong>iis</strong></span> <span class='ocrx_word' id='word_1_522' title='bbox 1796 4075 1915 4129; x_wconf 64' lang='lat' dir='ltr'><strong>qua</strong></span> 
     </span>
    </p>
   </div>
   <div class='ocr_carea' id='block_1_59' title="bbox 333 4149 1916 4222">
    <p class='ocr_par' dir='ltr' id='par_1_59' title="bbox 333 4149 1916 4222">
     <span class='ocr_line' id='line_1_59' title="bbox 333 4149 1916 4222; baseline -0.001 -14"><span class='ocrx_word' id='word_1_523' title='bbox 333 4162 463 4209; x_wconf 86' lang='lat' dir='ltr'><strong>sunt</strong></span> <span class='ocrx_word' id='word_1_524' title='bbox 501 4164 651 4219; x_wconf 87' lang='lat' dir='ltr'><strong>esse,</strong></span> <span class='ocrx_word' id='word_1_525' title='bbox 676 4149 768 4206; x_wconf 91' lang='lat' dir='ltr'><strong>sed</strong></span> <span class='ocrx_word' id='word_1_526' title='bbox 804 4150 1035 4205; x_wconf 84' lang='lat' dir='ltr'><strong>futurum</strong></span> <span class='ocrx_word' id='word_1_527' title='bbox 1069 4165 1225 4218; x_wconf 85' lang='lat' dir='ltr'><strong>esse,</strong></span> <span class='ocrx_word' id='word_1_528' title='bbox 1258 4161 1310 4206; x_wconf 90' lang='lat' dir='ltr'><strong>et</strong></span> <span class='ocrx_word' id='word_1_529' title='bbox 1339 4166 1488 4218; x_wconf 88' lang='lat' dir='ltr'><strong>esse,</strong></span> <span class='ocrx_word' id='word_1_530' title='bbox 1519 4166 1623 4206; x_wconf 93' lang='lat' dir='ltr'><strong>non</strong></span> <span class='ocrx_word' id='word_1_531' title='bbox 1653 4153 1916 4222; x_wconf 85' lang='lat' dir='ltr'><strong>contingit</strong></span> 
     </span>
    </p>
   </div>
   <div class='ocr_carea' id='block_1_60' title="bbox 334 4245 1915 4317">
    <p class='ocr_par' dir='ltr' id='par_1_60' title="bbox 334 4245 1915 4317">
     <span class='ocr_line' id='line_1_60' title="bbox 334 4245 1915 4317; baseline -0.001 -15"><span class='ocrx_word' id='word_1_532' title='bbox 334 4245 497 4302; x_wconf 82' lang='lat' dir='ltr'><strong>simul</strong></span> <span class='ocrx_word' id='word_1_533' title='bbox 525 4261 645 4302; x_wconf 83' lang='lat' dir='ltr'><strong>esse</strong></span> <span class='ocrx_word' id='word_1_534' title='bbox 669 4247 927 4317; x_wconf 89' lang='lat' dir='ltr'><strong>genitum.</strong></span> <span class='ocrx_word' id='word_1_535' title='bbox 960 4247 1201 4317; x_wconf 80' lang='lat' dir='ltr'><strong>Amplius</strong></span> <span class='ocrx_word' id='word_1_536' title='bbox 1221 4287 1236 4311; x_wconf 92' lang='lat'><strong>,</strong></span> <span class='ocrx_word' id='word_1_537' title='bbox 1283 4261 1454 4316; x_wconf 88' lang='lat' dir='ltr'><strong>neque</strong></span> <span class='ocrx_word' id='word_1_538' title='bbox 1492 4245 1757 4300; x_wconf 89' lang='lat' dir='ltr'><strong>inﬁnitum</strong></span> <span class='ocrx_word' id='word_1_539' title='bbox 1783 4260 1915 4301; x_wconf 90' lang='lat' dir='ltr'><strong>con-</strong></span> 
     </span>
    </p>
   </div>
   <div class='ocr_carea' id='block_1_61' title="bbox 337 4336 1914 4409">
    <p class='ocr_par' dir='ltr' id='par_1_61' title="bbox 337 4336 1914 4409">
     <span class='ocr_line' id='line_1_61' title="bbox 337 4336 1914 4409; baseline -0.001 -16"><span class='ocrx_word' id='word_1_540' title='bbox 337 4340 493 4409; x_wconf 80' lang='lat' dir='ltr'><strong>tingit</strong></span> <span class='ocrx_word' id='word_1_541' title='bbox 519 4352 641 4395; x_wconf 85' lang='lat' dir='ltr'><strong>esse</strong></span> <span class='ocrx_word' id='word_1_542' title='bbox 669 4348 878 4409; x_wconf 87' lang='lat' dir='ltr'><strong>tempus</strong></span> <span class='ocrx_word' id='word_1_543' title='bbox 910 4338 1173 4402; x_wconf 92' lang='lat' dir='ltr'><strong>medium,</strong></span> <span class='ocrx_word' id='word_1_544' title='bbox 1219 4352 1391 4407; x_wconf 88' lang='lat' dir='ltr'><strong>neque</strong></span> <span class='ocrx_word' id='word_1_545' title='bbox 1441 4336 1679 4403; x_wconf 89' lang='lat' dir='ltr'><strong>ﬁnitum;</strong></span> <span class='ocrx_word' id='word_1_546' title='bbox 1727 4339 1914 4392; x_wconf 85' lang='lat' dir='ltr'><strong>falsum</strong></span> 
     </span>
    </p>
   </div>
   <div class='ocr_carea' id='block_1_62' title="bbox 334 4433 1917 4505">
    <p class='ocr_par' dir='ltr' id='par_1_62' title="bbox 334 4433 1917 4505">
     <span class='ocr_line' id='line_1_62' title="bbox 334 4433 1917 4505; baseline 0 -15"><span class='ocrx_word' id='word_1_547' title='bbox 334 4435 476 4490; x_wconf 85' lang='lat' dir='ltr'><strong>enim</strong></span> <span class='ocrx_word' id='word_1_548' title='bbox 507 4434 613 4489; x_wconf 88' lang='lat' dir='ltr'><strong>erit</strong></span> <span class='ocrx_word' id='word_1_549' title='bbox 643 4434 821 4489; x_wconf 89' lang='lat' dir='ltr'><strong>dicere</strong></span> <span class='ocrx_word' id='word_1_550' title='bbox 850 4434 900 4488; x_wconf 91' lang='lat' dir='ltr'><strong>in</strong></span> <span class='ocrx_word' id='word_1_551' title='bbox 931 4433 1126 4489; x_wconf 90' lang='lat' dir='ltr'><strong>medio.</strong></span> <span class='ocrx_word' id='word_1_552' title='bbox 1181 4433 1575 4503; x_wconf 89' lang='lat' dir='ltr'><strong>Speculandum</strong></span> <span class='ocrx_word' id='word_1_553' title='bbox 1623 4449 1750 4505; x_wconf 84' lang='lat' dir='ltr'><strong>ergo</strong></span> <span class='ocrx_word' id='word_1_554' title='bbox 1789 4435 1917 4504; x_wconf 91' lang='lat' dir='ltr'><strong>quid</strong></span> 
     </span>
    </p>
   </div>
   <div class='ocr_carea' id='block_1_63' title="bbox 335 4527 1915 4599">
    <p class='ocr_par' dir='ltr' id='par_1_63' title="bbox 335 4527 1915 4599">
     <span class='ocr_line' id='line_1_63' title="bbox 335 4527 1915 4599; baseline 0.001 -16"><span class='ocrx_word' id='word_1_555' title='bbox 335 4534 421 4583; x_wconf 82' lang='lat' dir='ltr'><strong>est</strong></span> <span class='ocrx_word' id='word_1_556' title='bbox 446 4528 762 4584; x_wconf 80' lang='lat' dir='ltr'><strong>continens?</strong></span> <span class='ocrx_word' id='word_1_557' title='bbox 789 4538 844 4583; x_wconf 84' lang='lat' dir='ltr'><strong>ut</strong></span> <span class='ocrx_word' id='word_1_558' title='bbox 875 4541 991 4599; x_wconf 90' lang='lat' dir='ltr'><strong>post</strong></span> <span class='ocrx_word' id='word_1_559' title='bbox 1021 4527 1072 4583; x_wconf 95' lang='lat' dir='ltr'><strong>id</strong></span> <span class='ocrx_word' id='word_1_560' title='bbox 1104 4529 1247 4599; x_wconf 91' lang='lat' dir='ltr'><strong>quod</strong></span> <span class='ocrx_word' id='word_1_561' title='bbox 1279 4528 1475 4584; x_wconf 90' lang='lat' dir='ltr'><strong>factum</strong></span> <span class='ocrx_word' id='word_1_562' title='bbox 1514 4540 1598 4583; x_wconf 88' lang='lat' dir='ltr'><strong>est</strong></span> <span class='ocrx_word' id='word_1_563' title='bbox 1622 4570 1636 4594; x_wconf 85' lang='lat'><strong>,</strong></span> <span class='ocrx_word' id='word_1_564' title='bbox 1690 4530 1759 4584; x_wconf 89' lang='lat' dir='ltr'><strong>sit</strong></span> <span class='ocrx_word' id='word_1_565' title='bbox 1802 4529 1915 4585; x_wconf 92' lang='lat' dir='ltr'><strong>ﬁcri</strong></span> 
     </span>
    </p>
   </div>
   <div class='ocr_carea' id='block_1_64' title="bbox 340 4619 1915 4691">
    <p class='ocr_par' dir='ltr' id='par_1_64' title="bbox 340 4619 1915 4691">
     <span class='ocr_line' id='line_1_64' title="bbox 340 4619 1915 4691; baseline 0.001 -17"><span class='ocrx_word' id='word_1_566' title='bbox 340 4619 395 4674; x_wconf 92' lang='lat' dir='ltr'><strong>in</strong></span> <span class='ocrx_word' id='word_1_567' title='bbox 426 4620 633 4675; x_wconf 76' lang='lat' dir='ltr'><strong>rebus?</strong></span> <span class='ocrx_word' id='word_1_568' title='bbox 673 4634 741 4675; x_wconf 83' lang='lat' dir='ltr'><strong>an</strong></span> <span class='ocrx_word' id='word_1_569' title='bbox 786 4619 1125 4675; x_wconf 87' lang='lat' dir='ltr'><strong>manifestum</strong></span> <span class='ocrx_word' id='word_1_570' title='bbox 1172 4620 1421 4691; x_wconf 87' lang='lat' dir='ltr'><strong>estquod</strong></span> <span class='ocrx_word' id='word_1_571' title='bbox 1469 4636 1574 4675; x_wconf 90' lang='lat' dir='ltr'><strong>non</strong></span> <span class='ocrx_word' id='word_1_572' title='bbox 1605 4621 1915 4676; x_wconf 89' lang='lat' dir='ltr'><strong>continuum</strong></span> 
     </span>
    </p>
   </div>
   <div class='ocr_carea' id='block_1_65' title="bbox 339 4709 1921 4783">
    <p class='ocr_par' dir='ltr' id='par_1_65' title="bbox 339 4709 1921 4783">
     <span class='ocr_line' id='line_1_65' title="bbox 339 4709 1921 4783; baseline 0.001 -16"><span class='ocrx_word' id='word_1_573' title='bbox 339 4725 461 4767; x_wconf 91' lang='lat' dir='ltr'><strong>cum</strong></span> <span class='ocrx_word' id='word_1_574' title='bbox 501 4709 641 4766; x_wconf 82' lang='lat' dir='ltr'><strong>facto</strong></span> <span class='ocrx_word' id='word_1_575' title='bbox 669 4727 822 4776; x_wconf 84' lang='lat' dir='ltr'><strong>esse,</strong></span> <span class='ocrx_word' id='word_1_576' title='bbox 874 4712 1013 4782; x_wconf 89' lang='lat' dir='ltr'><strong>quod</strong></span> <span class='ocrx_word' id='word_1_577' title='bbox 1062 4712 1157 4766; x_wconf 80' lang='lat' dir='ltr'><strong>ﬁt?</strong></span> <span class='ocrx_word' id='word_1_578' title='bbox 1198 4727 1371 4783; x_wconf 89' lang='lat' dir='ltr'><strong>neque</strong></span> <span class='ocrx_word' id='word_1_579' title='bbox 1409 4714 1604 4768; x_wconf 88' lang='lat' dir='ltr'><strong>factum</strong></span> <span class='ocrx_word' id='word_1_580' title='bbox 1645 4727 1766 4768; x_wconf 91' lang='lat' dir='ltr'><strong>cum</strong></span> <span class='ocrx_word' id='word_1_581' title='bbox 1800 4723 1921 4783; x_wconf 89' lang='lat' dir='ltr'><strong>post</strong></span> 
     </span>
    </p>
   </div>
   <div class='ocr_carea' id='block_1_66' title="bbox 340 4801 1920 4876">
    <p class='ocr_par' dir='ltr' id='par_1_66' title="bbox 340 4801 1920 4876">
     <span class='ocr_line' id='line_1_66' title="bbox 340 4801 1920 4876; baseline 0.002 -19"><span class='ocrx_word' id='word_1_582' title='bbox 340 4801 482 4858; x_wconf 79' lang='lat' dir='ltr'><strong>facto</strong></span> <span class='ocrx_word' id='word_1_583' title='bbox 509 4804 664 4859; x_wconf 74' lang='lat' dir='ltr'><strong>esse?</strong></span> <span class='ocrx_word' id='word_1_584' title='bbox 688 4803 829 4859; x_wconf 75' lang='lat' dir='ltr'><strong>&#39;l‘em</strong></span> <span class='ocrx_word' id='word_1_585' title='bbox 856 4804 926 4857; x_wconf 90' lang='lat' dir='ltr'><strong>ini</strong></span> <span class='ocrx_word' id='word_1_586' title='bbox 948 4803 1090 4859; x_wconf 91' lang='lat' dir='ltr'><strong>enim</strong></span> <span class='ocrx_word' id='word_1_587' title='bbox 1117 4814 1241 4859; x_wconf 91' lang='lat' dir='ltr'><strong>sunt</strong></span> <span class='ocrx_word' id='word_1_588' title='bbox 1270 4806 1452 4871; x_wconf 89' lang='lat' dir='ltr'><strong>atomi,</strong></span> <span class='ocrx_word' id='word_1_589' title='bbox 1472 4805 1611 4860; x_wconf 91' lang='lat' dir='ltr'><strong>sicut</strong></span> <span class='ocrx_word' id='word_1_590' title='bbox 1643 4805 1801 4876; x_wconf 81' lang='lat' dir='ltr'><strong>igitur</strong></span> <span class='ocrx_word' id='word_1_591' title='bbox 1827 4820 1920 4860; x_wconf 82' lang='lat' dir='ltr'><strong>ne-</strong></span> 
     </span>
    </p>
   </div>
   <div class='ocr_carea' id='block_1_67' title="bbox 337 4894 1921 4969">
    <p class='ocr_par' dir='ltr' id='par_1_67' title="bbox 337 4894 1921 4969">
     <span class='ocr_line' id='line_1_67' title="bbox 337 4894 1921 4969; baseline 0.004 -22"><span class='ocrx_word' id='word_1_592' title='bbox 337 4909 443 4965; x_wconf 89' lang='lat' dir='ltr'><strong>que</strong></span> <span class='ocrx_word' id='word_1_593' title='bbox 481 4904 607 4949; x_wconf 89' lang='lat' dir='ltr'><strong>sunt</strong></span> <span class='ocrx_word' id='word_1_594' title='bbox 644 4904 835 4966; x_wconf 85' lang='lat' dir='ltr'><strong>puncta</strong></span> <span class='ocrx_word' id='word_1_595' title='bbox 880 4894 948 4951; x_wconf 88' lang='lat' dir='ltr'><strong>ad</strong></span> <span class='ocrx_word' id='word_1_596' title='bbox 998 4894 1221 4951; x_wconf 80' lang='lat' dir='ltr'><strong>invicem</strong></span> <span class='ocrx_word' id='word_1_597' title='bbox 1271 4898 1542 4967; x_wconf 88' lang='lat' dir='ltr'><strong>copulata,</strong></span> <span class='ocrx_word' id='word_1_598' title='bbox 1591 4914 1765 4969; x_wconf 89' lang='lat' dir='ltr'><strong>neque</strong></span> <span class='ocrx_word' id='word_1_599' title='bbox 1801 4914 1921 4969; x_wconf 68' lang='lat' dir='ltr'><strong>quae</strong></span> 
     </span>
    </p>
   </div>
   <div class='ocr_carea' id='block_1_68' title="bbox 340 4983 1923 5073">
    <p class='ocr_par' dir='ltr' id='par_1_68' title="bbox 340 4983 1923 5073">
     <span class='ocr_line' id='line_1_68' title="bbox 340 4983 1923 5073; baseline 0.004 -33"><span class='ocrx_word' id='word_1_600' title='bbox 340 4983 481 5073; x_wconf 79' lang='lat' dir='ltr'><strong>facta</strong></span> <span class='ocrx_word' id='word_1_601' title='bbox 509 4998 673 5057; x_wconf 82' lang='lat' dir='ltr'><strong>sunt,</strong></span> <span class='ocrx_word' id='word_1_602' title='bbox 707 4996 930 5057; x_wconf 83' lang='lat' dir='ltr'><strong>utraque</strong></span> <span class='ocrx_word' id='word_1_603' title='bbox 974 4989 1117 5067; x_wconf 75' lang='lat' dir='ltr'><strong>enim</strong></span> <span class='ocrx_word' id='word_1_604' title='bbox 1167 4990 1506 5045; x_wconf 86' lang='lat' dir='ltr'><strong>indivisibilia</strong></span> <span class='ocrx_word' id='word_1_605' title='bbox 1550 5001 1696 5047; x_wconf 88' lang='lat' dir='ltr'><strong>sunt.</strong></span> <span class='ocrx_word' id='word_1_606' title='bbox 1739 4990 1923 5062; x_wconf 81' lang='lat' dir='ltr'><strong>Neque</strong></span> 
     </span>
    </p>
   </div>
   <div class='ocr_carea' id='block_1_69' title="bbox 336 5076 1917 5154">
    <p class='ocr_par' dir='ltr' id='par_1_69' title="bbox 336 5076 1917 5154">
     <span class='ocr_line' id='line_1_69' title="bbox 336 5076 1917 5154; baseline 0.004 -21"><span class='ocrx_word' id='word_1_607' title='bbox 336 5076 498 5149; x_wconf 90' lang='lat' dir='ltr'><strong>igitur</strong></span> <span class='ocrx_word' id='word_1_608' title='bbox 520 5082 661 5149; x_wconf 90' lang='lat' dir='ltr'><strong>quod</strong></span> <span class='ocrx_word' id='word_1_609' title='bbox 688 5080 746 5135; x_wconf 89' lang='lat' dir='ltr'><strong>lit</strong></span> <span class='ocrx_word' id='word_1_610' title='bbox 765 5095 885 5136; x_wconf 91' lang='lat' dir='ltr'><strong>cum</strong></span> <span class='ocrx_word' id='word_1_611' title='bbox 905 5097 971 5137; x_wconf 90' lang='lat' dir='ltr'><strong>eo</strong></span> <span class='ocrx_word' id='word_1_612' title='bbox 996 5082 1137 5153; x_wconf 89' lang='lat' dir='ltr'><strong>quod</strong></span> <span class='ocrx_word' id='word_1_613' title='bbox 1160 5081 1355 5139; x_wconf 90' lang='lat' dir='ltr'><strong>factum</strong></span> <span class='ocrx_word' id='word_1_614' title='bbox 1378 5094 1460 5138; x_wconf 91' lang='lat' dir='ltr'><strong>est</strong></span> <span class='ocrx_word' id='word_1_615' title='bbox 1493 5095 1708 5154; x_wconf 88' lang='lat' dir='ltr'><strong>propter</strong></span> <span class='ocrx_word' id='word_1_616' title='bbox 1755 5086 1917 5153; x_wconf 89' lang='lat' dir='ltr'><strong>idem,</strong></span> 
     </span>
    </p>
   </div>
   <div class='ocr_carea' id='block_1_70' title="bbox 339 5172 1918 5247">
    <p class='ocr_par' dir='ltr' id='par_1_70' title="bbox 339 5172 1918 5247">
     <span class='ocr_line' id='line_1_70' title="bbox 339 5172 1918 5247; baseline 0.006 -23"><span class='ocrx_word' id='word_1_617' title='bbox 339 5172 480 5243; x_wconf 89' lang='lat' dir='ltr'><strong>quod</strong></span> <span class='ocrx_word' id='word_1_618' title='bbox 510 5174 654 5228; x_wconf 89' lang='lat' dir='ltr'><strong>enim</strong></span> <span class='ocrx_word' id='word_1_619' title='bbox 702 5174 794 5238; x_wconf 89' lang='lat' dir='ltr'><strong>ﬁt,</strong></span> <span class='ocrx_word' id='word_1_620' title='bbox 842 5175 1109 5232; x_wconf 85' lang='lat' dir='ltr'><strong>divisibilc</strong></span> <span class='ocrx_word' id='word_1_621' title='bbox 1145 5188 1255 5241; x_wconf 89' lang='lat' dir='ltr'><strong>est;</strong></span> <span class='ocrx_word' id='word_1_622' title='bbox 1306 5177 1446 5247; x_wconf 89' lang='lat' dir='ltr'><strong>quod</strong></span> <span class='ocrx_word' id='word_1_623' title='bbox 1495 5187 1671 5232; x_wconf 85' lang='lat' dir='ltr'><strong>autent</strong></span> <span class='ocrx_word' id='word_1_624' title='bbox 1723 5178 1918 5234; x_wconf 65' lang='lat' dir='ltr'><strong>factum</strong></span> 
     </span>
    </p>
   </div>
   <div class='ocr_carea' id='block_1_71' title="bbox 339 5263 1921 5339">
    <p class='ocr_par' dir='ltr' id='par_1_71' title="bbox 339 5263 1921 5339">
     <span class='ocr_line' id='line_1_71' title="bbox 339 5263 1921 5339; baseline 0.003 -19"><span class='ocrx_word' id='word_1_625' title='bbox 339 5274 444 5333; x_wconf 81' lang='lat' dir='ltr'><strong>est,</strong></span> <span class='ocrx_word' id='word_1_626' title='bbox 468 5263 795 5322; x_wconf 88' lang='lat' dir='ltr'><strong>indivisibile</strong></span> <span class='ocrx_word' id='word_1_627' title='bbox 820 5277 923 5322; x_wconf 91' lang='lat' dir='ltr'><strong>est.</strong></span> <span class='ocrx_word' id='word_1_628' title='bbox 954 5267 1103 5325; x_wconf 88' lang='lat' dir='ltr'><strong>Sicut</strong></span> <span class='ocrx_word' id='word_1_629' title='bbox 1126 5268 1285 5339; x_wconf 88' lang='lat' dir='ltr'><strong>igitur</strong></span> <span class='ocrx_word' id='word_1_630' title='bbox 1314 5270 1450 5324; x_wconf 88' lang='lat' dir='ltr'><strong>linea</strong></span> <span class='ocrx_word' id='word_1_631' title='bbox 1483 5270 1547 5323; x_wconf 90' lang='lat' dir='ltr'><strong>ad</strong></span> <span class='ocrx_word' id='word_1_632' title='bbox 1578 5278 1829 5339; x_wconf 89' lang='lat' dir='ltr'><strong>punctum</strong></span> <span class='ocrx_word' id='word_1_633' title='bbox 1862 5286 1921 5325; x_wconf 88' lang='lat' dir='ltr'><strong>se</strong></span> 
     </span>
    </p>
   </div>
   <div class='ocr_carea' id='block_1_72' title="bbox 341 5356 1919 5431">
    <p class='ocr_par' dir='ltr' id='par_1_72' title="bbox 341 5356 1919 5431">
     <span class='ocr_line' id='line_1_72' title="bbox 341 5356 1919 5431; baseline 0.003 -19"><span class='ocrx_word' id='word_1_634' title='bbox 341 5356 534 5424; x_wconf 87' lang='lat' dir='ltr'><strong>habet,</strong></span> <span class='ocrx_word' id='word_1_635' title='bbox 560 5360 642 5416; x_wconf 90' lang='lat' dir='ltr'><strong>sic</strong></span> <span class='ocrx_word' id='word_1_636' title='bbox 661 5360 801 5430; x_wconf 86' lang='lat' dir='ltr'><strong>quod</strong></span> <span class='ocrx_word' id='word_1_637' title='bbox 834 5361 892 5415; x_wconf 90' lang='lat' dir='ltr'><strong>ﬁt</strong></span> <span class='ocrx_word' id='word_1_638' title='bbox 955 5361 1022 5416; x_wconf 90' lang='lat' dir='ltr'><strong>ad</strong></span> <span class='ocrx_word' id='word_1_639' title='bbox 1068 5363 1209 5431; x_wconf 91' lang='lat' dir='ltr'><strong>quod</strong></span> <span class='ocrx_word' id='word_1_640' title='bbox 1242 5360 1436 5416; x_wconf 86' lang='lat' dir='ltr'><strong>factum</strong></span> <span class='ocrx_word' id='word_1_641' title='bbox 1466 5369 1588 5425; x_wconf 88' lang='lat' dir='ltr'><strong>est,</strong></span> <span class='ocrx_word' id='word_1_642' title='bbox 1626 5371 1749 5416; x_wconf 90' lang='lat' dir='ltr'><strong>sunt</strong></span> <span class='ocrx_word' id='word_1_643' title='bbox 1776 5362 1919 5417; x_wconf 90' lang='lat' dir='ltr'><strong>enim</strong></span> 
     </span>
    </p>
   </div>
   <div class='ocr_carea' id='block_1_73' title="bbox 340 5450 1922 5524">
    <p class='ocr_par' dir='ltr' id='par_1_73' title="bbox 340 5450 1922 5524">
     <span class='ocr_line' id='line_1_73' title="bbox 340 5450 1922 5524; baseline 0.002 -18"><span class='ocrx_word' id='word_1_644' title='bbox 340 5450 545 5506; x_wconf 88' lang='lat' dir='ltr'><strong>inﬁnita</strong></span> <span class='ocrx_word' id='word_1_645' title='bbox 573 5453 707 5506; x_wconf 82' lang='lat' dir='ltr'><strong>facta</strong></span> <span class='ocrx_word' id='word_1_646' title='bbox 740 5452 792 5507; x_wconf 91' lang='lat' dir='ltr'><strong>in</strong></span> <span class='ocrx_word' id='word_1_647' title='bbox 815 5468 881 5508; x_wconf 89' lang='lat' dir='ltr'><strong>eo</strong></span> <span class='ocrx_word' id='word_1_648' title='bbox 905 5452 1047 5524; x_wconf 89' lang='lat' dir='ltr'><strong>quod</strong></span> <span class='ocrx_word' id='word_1_649' title='bbox 1069 5453 1147 5519; x_wconf 91' lang='lat' dir='ltr'><strong>ﬁt,</strong></span> <span class='ocrx_word' id='word_1_650' title='bbox 1176 5453 1515 5507; x_wconf 82' lang='lat' dir='ltr'><strong>manifestum</strong></span> <span class='ocrx_word' id='word_1_651' title='bbox 1545 5462 1721 5508; x_wconf 78' lang='lat' dir='ltr'><strong>autem</strong></span> <span class='ocrx_word' id='word_1_652' title='bbox 1755 5453 1922 5524; x_wconf 86' lang='lat' dir='ltr'><strong>magis</strong></span> 
     </span>
    </p>
   </div>
   <div class='ocr_carea' id='block_1_74' title="bbox 338 5544 1921 5613">
    <p class='ocr_par' dir='ltr' id='par_1_74' title="bbox 338 5544 1921 5613">
     <span class='ocr_line' id='line_1_74' title="bbox 338 5544 1921 5613; baseline 0.001 -14"><span class='ocrx_word' id='word_1_653' title='bbox 338 5544 501 5599; x_wconf 81' lang='lat' dir='ltr'><strong>estin</strong></span> <span class='ocrx_word' id='word_1_654' title='bbox 528 5544 950 5602; x_wconf 82' lang='lat' dir='ltr'><strong>universaiibos.</strong></span> <span class='ocrx_word' id='word_1_655' title='bbox 983 5544 1059 5600; x_wconf 89' lang='lat' dir='ltr'><strong>De</strong></span> <span class='ocrx_word' id='word_1_656' title='bbox 1089 5554 1235 5601; x_wconf 90' lang='lat' dir='ltr'><strong>motu</strong></span> <span class='ocrx_word' id='word_1_657' title='bbox 1263 5553 1475 5613; x_wconf 84' lang='lat' dir='ltr'><strong>Oportet</strong></span> <span class='ocrx_word' id='word_1_658' title='bbox 1501 5545 1682 5601; x_wconf 88' lang='lat' dir='ltr'><strong>dicere</strong></span> <span class='ocrx_word' id='word_1_659' title='bbox 1719 5546 1787 5601; x_wconf 91' lang='lat' dir='ltr'><strong>de</strong></span> <span class='ocrx_word' id='word_1_660' title='bbox 1816 5546 1921 5602; x_wconf 89' lang='lat' dir='ltr'><strong>his.</strong></span> 
     </span>
    </p>
   </div>
   <div class='ocr_carea' id='block_1_75' title="bbox 338 5634 1928 5709">
    <p class='ocr_par' dir='ltr' id='par_1_75' title="bbox 338 5634 1928 5709">
     <span class='ocr_line' id='line_1_75' title="bbox 338 5634 1928 5709; baseline 0.001 -17"><span class='ocrx_word' id='word_1_661' title='bbox 338 5634 510 5693; x_wconf 72' lang='lat' dir='ltr'><strong>lle-eu</strong></span> <span class='ocrx_word' id='word_1_662' title='bbox 532 5636 694 5707; x_wconf 87' lang='lat' dir='ltr'><strong>igitur</strong></span> <span class='ocrx_word' id='word_1_663' title='bbox 724 5636 997 5708; x_wconf 88' lang='lat' dir='ltr'><strong>quomodo</strong></span> <span class='ocrx_word' id='word_1_664' title='bbox 1020 5652 1141 5694; x_wconf 93' lang='lat' dir='ltr'><strong>cum</strong></span> <span class='ocrx_word' id='word_1_665' title='bbox 1172 5650 1238 5692; x_wconf 92' lang='lat' dir='ltr'><strong>eo</strong></span> <span class='ocrx_word' id='word_1_666' title='bbox 1273 5636 1414 5708; x_wconf 88' lang='lat' dir='ltr'><strong>quod</strong></span> <span class='ocrx_word' id='word_1_667' title='bbox 1443 5650 1836 5709; x_wconf 82' lang='lat' dir='ltr'><strong>consequenter</strong></span> <span class='ocrx_word' id='word_1_668' title='bbox 1868 5641 1928 5694; x_wconf 88' lang='lat' dir='ltr'><strong>lit</strong></span> 
     </span>
    </p>
   </div>
   <div class='ocr_carea' id='block_1_76' title="bbox 334 5728 1926 5801">
    <p class='ocr_par' dir='ltr' id='par_1_76' title="bbox 334 5728 1926 5801">
     <span class='ocr_line' id='line_1_76' title="bbox 334 5728 1926 5801; baseline 0.003 -18"><span class='ocrx_word' id='word_1_669' title='bbox 334 5729 685 5801; x_wconf 71' lang='lat' dir='ltr'><strong>generatione</strong></span> <span class='ocrx_word' id='word_1_670' title='bbox 715 5743 778 5784; x_wconf 88' lang='lat' dir='ltr'><strong>se</strong></span> <span class='ocrx_word' id='word_1_671' title='bbox 808 5728 1002 5784; x_wconf 86' lang='lat' dir='ltr'><strong>habeat</strong></span> <span class='ocrx_word' id='word_1_672' title='bbox 1028 5729 1200 5785; x_wconf 89' lang='lat' dir='ltr'><strong>media</strong></span> <span class='ocrx_word' id='word_1_673' title='bbox 1231 5742 1391 5784; x_wconf 82' lang='lat' dir='ltr'><strong>causa</strong></span> <span class='ocrx_word' id='word_1_674' title='bbox 1420 5772 1434 5797; x_wconf 93' lang='lat'><strong>,</strong></span> <span class='ocrx_word' id='word_1_675' title='bbox 1469 5728 1732 5786; x_wconf 89' lang='lat' dir='ltr'><strong>lntantum</strong></span> <span class='ocrx_word' id='word_1_676' title='bbox 1773 5744 1926 5788; x_wconf 81' lang='lat' dir='ltr'><strong>acce-</strong></span> 
     </span>
    </p>
   </div>
   <div class='ocr_carea' id='block_1_77' title="bbox 337 5822 1925 5894">
    <p class='ocr_par' dir='ltr' id='par_1_77' title="bbox 337 5822 1925 5894">
     <span class='ocr_line' id='line_1_77' title="bbox 337 5822 1925 5894; baseline 0.003 -18"><span class='ocrx_word' id='word_1_677' title='bbox 337 5828 489 5893; x_wconf 83' lang='lat' dir='ltr'><strong>ptum</strong></span> <span class='ocrx_word' id='word_1_678' title='bbox 517 5822 603 5889; x_wconf 90' lang='lat' dir='ltr'><strong>sit,</strong></span> <span class='ocrx_word' id='word_1_679' title='bbox 632 5836 853 5880; x_wconf 85' lang='lat' dir='ltr'><strong>necesse</strong></span> <span class='ocrx_word' id='word_1_680' title='bbox 880 5823 1024 5879; x_wconf 86' lang='lat' dir='ltr'><strong>enim</strong></span> <span class='ocrx_word' id='word_1_681' title='bbox 1057 5833 1111 5879; x_wconf 87' lang='lat' dir='ltr'><strong>et</strong></span> <span class='ocrx_word' id='word_1_682' title='bbox 1138 5822 1192 5879; x_wconf 91' lang='lat' dir='ltr'><strong>in</strong></span> <span class='ocrx_word' id='word_1_683' title='bbox 1222 5822 1304 5878; x_wconf 87' lang='lat' dir='ltr'><strong>his</strong></span> <span class='ocrx_word' id='word_1_684' title='bbox 1330 5823 1581 5884; x_wconf 89' lang='lat' dir='ltr'><strong>mediam.</strong></span> <span class='ocrx_word' id='word_1_685' title='bbox 1613 5831 1669 5880; x_wconf 90' lang='lat' dir='ltr'><strong>et</strong></span> <span class='ocrx_word' id='word_1_686' title='bbox 1701 5825 1925 5894; x_wconf 86' lang='lat' dir='ltr'><strong>primam</strong></span> 
     </span>
    </p>
   </div>
   <div class='ocr_carea' id='block_1_78' title="bbox 340 5916 1925 5989">
    <p class='ocr_par' dir='ltr' id='par_1_78' title="bbox 340 5916 1925 5989">
     <span class='ocr_line' id='line_1_78' title="bbox 340 5916 1925 5989; baseline 0.001 -16"><span class='ocrx_word' id='word_1_687' title='bbox 340 5916 645 5973; x_wconf 67' lang='lat' dir='ltr'><strong>immediate</strong></span> <span class='ocrx_word' id='word_1_688' title='bbox 669 5931 821 5985; x_wconf 65' lang='lat' dir='ltr'><strong>esse,</strong></span> <span class='ocrx_word' id='word_1_689' title='bbox 855 5927 965 5975; x_wconf 90' lang='lat' dir='ltr'><strong>uta</strong></span> <span class='ocrx_word' id='word_1_690' title='bbox 990 5918 1208 5983; x_wconf 83' lang='lat' dir='ltr'><strong>factum,</strong></span> <span class='ocrx_word' id='word_1_691' title='bbox 1240 5918 1489 5988; x_wconf 85' lang='lat' dir='ltr'><strong>quoniam</strong></span> <span class='ocrx_word' id='word_1_692' title='bbox 1519 5935 1546 5971; x_wconf 85' lang='lat' dir='ltr'><strong>c</strong></span> <span class='ocrx_word' id='word_1_693' title='bbox 1576 5918 1772 5975; x_wconf 84' lang='lat' dir='ltr'><strong>factum</strong></span> <span class='ocrx_word' id='word_1_694' title='bbox 1797 5931 1882 5977; x_wconf 85' lang='lat' dir='ltr'><strong>est</strong></span> <span class='ocrx_word' id='word_1_695' title='bbox 1912 5963 1925 5989; x_wconf 92' lang='lat'><strong>,</strong></span> 
     </span>
    </p>
   </div>
   <div class='ocr_carea' id='block_1_79' title="bbox 1998 1964 3576 2048">
    <p class='ocr_par' dir='ltr' id='par_1_79' title="bbox 1998 1964 3576 2048">
     <span class='ocr_line' id='line_1_79' title="bbox 1998 1964 3576 2048; baseline -0.013 -12"><span class='ocrx_word' id='word_1_696' title='bbox 1998 1983 2138 2037; x_wconf 88' lang='lat' dir='ltr'><strong>enim</strong></span> <span class='ocrx_word' id='word_1_697' title='bbox 2181 1988 2339 2035; x_wconf 90' lang='lat' dir='ltr'><strong>erunt</strong></span> <span class='ocrx_word' id='word_1_698' title='bbox 2384 1993 2504 2048; x_wconf 80' lang='lat' dir='ltr'><strong>qua:</strong></span> <span class='ocrx_word' id='word_1_699' title='bbox 2546 1975 2974 2030; x_wconf 84' lang='lat' dir='ltr'><strong>ernntcoutinua</strong></span> <span class='ocrx_word' id='word_1_700' title='bbox 3001 1969 3344 2034; x_wconf 70' lang='lat' dir='ltr'><strong>adiutricem,</strong></span> <span class='ocrx_word' id='word_1_701' title='bbox 3376 1964 3576 2036; x_wconf 83' lang='lat' dir='ltr'><strong>princi-</strong></span> 
     </span>
    </p>
   </div>
   <div class='ocr_carea' id='block_1_80' title="bbox 1999 2058 3575 2142">
    <p class='ocr_par' dir='ltr' id='par_1_80' title="bbox 1999 2058 3575 2142">
     <span class='ocr_line' id='line_1_80' title="bbox 1999 2058 3575 2142; baseline -0.011 -15"><span class='ocrx_word' id='word_1_702' title='bbox 1999 2074 2143 2142; x_wconf 92' lang='lat' dir='ltr'><strong>pium</strong></span> <span class='ocrx_word' id='word_1_703' title='bbox 2174 2082 2352 2125; x_wconf 89' lang='lat' dir='ltr'><strong>autem</strong></span> <span class='ocrx_word' id='word_1_704' title='bbox 2401 2080 2455 2124; x_wconf 84' lang='lat' dir='ltr'><strong>ct</strong></span> <span class='ocrx_word' id='word_1_705' title='bbox 2500 2068 2553 2123; x_wconf 91' lang='lat' dir='ltr'><strong>in</strong></span> <span class='ocrx_word' id='word_1_706' title='bbox 2603 2068 2684 2122; x_wconf 84' lang='lat' dir='ltr'><strong>Itis</strong></span> <span class='ocrx_word' id='word_1_707' title='bbox 2724 2067 2839 2121; x_wconf 89' lang='lat' dir='ltr'><strong>sine</strong></span> <span class='ocrx_word' id='word_1_708' title='bbox 2869 2064 3044 2121; x_wconf 89' lang='lat' dir='ltr'><strong>medio</strong></span> <span class='ocrx_word' id='word_1_709' title='bbox 3074 2058 3442 2132; x_wconf 88' lang='lat' dir='ltr'><strong>accipiendum</strong></span> <span class='ocrx_word' id='word_1_710' title='bbox 3474 2067 3575 2111; x_wconf 84' lang='lat' dir='ltr'><strong>est.</strong></span> 
     </span>
    </p>
   </div>
   <div class='ocr_carea' id='block_1_81' title="bbox 2001 2151 3575 2229">
    <p class='ocr_par' dir='ltr' id='par_1_81' title="bbox 2001 2151 3575 2229">
     <span class='ocr_line' id='line_1_81' title="bbox 2001 2151 3575 2229; baseline -0.011 -10"><span class='ocrx_word' id='word_1_711' title='bbox 2001 2163 2207 2219; x_wconf 89' lang='lat' dir='ltr'><strong>llabent</strong></span> <span class='ocrx_word' id='word_1_712' title='bbox 2235 2170 2413 2216; x_wconf 85' lang='lat' dir='ltr'><strong>autem</strong></span> <span class='ocrx_word' id='word_1_713' title='bbox 2440 2160 2515 2215; x_wconf 92' lang='lat' dir='ltr'><strong>sic</strong></span> <span class='ocrx_word' id='word_1_714' title='bbox 2544 2174 2601 2213; x_wconf 89' lang='lat' dir='ltr'><strong>se</strong></span> <span class='ocrx_word' id='word_1_715' title='bbox 2629 2159 2680 2213; x_wconf 92' lang='lat' dir='ltr'><strong>in</strong></span> <span class='ocrx_word' id='word_1_716' title='bbox 2708 2156 2986 2229; x_wconf 85' lang='lat' dir='ltr'><strong>operibus.</strong></span> <span class='ocrx_word' id='word_1_717' title='bbox 3015 2154 3071 2210; x_wconf 87' lang='lat' dir='ltr'><strong>Si</strong></span> <span class='ocrx_word' id='word_1_718' title='bbox 3100 2154 3233 2208; x_wconf 87' lang='lat' dir='ltr'><strong>facta</strong></span> <span class='ocrx_word' id='word_1_719' title='bbox 3256 2161 3335 2206; x_wconf 90' lang='lat' dir='ltr'><strong>est</strong></span> <span class='ocrx_word' id='word_1_720' title='bbox 3363 2151 3575 2217; x_wconf 79' lang='lat' dir='ltr'><strong>domus,</strong></span> 
     </span>
    </p>
   </div>
   <div class='ocr_carea' id='block_1_82' title="bbox 2000 2243 3581 2319">
    <p class='ocr_par' dir='ltr' id='par_1_82' title="bbox 2000 2243 3581 2319">
     <span class='ocr_line' id='line_1_82' title="bbox 2000 2243 3581 2319; baseline -0.008 -10"><span class='ocrx_word' id='word_1_721' title='bbox 2000 2267 2220 2309; x_wconf 87' lang='lat' dir='ltr'><strong>necesse</strong></span> <span class='ocrx_word' id='word_1_722' title='bbox 2251 2262 2333 2308; x_wconf 89' lang='lat' dir='ltr'><strong>est</strong></span> <span class='ocrx_word' id='word_1_723' title='bbox 2365 2251 2577 2307; x_wconf 84' lang='lat' dir='ltr'><strong>decisos</strong></span> <span class='ocrx_word' id='word_1_724' title='bbox 2609 2264 2729 2305; x_wconf 88' lang='lat' dir='ltr'><strong>esse</strong></span> <span class='ocrx_word' id='word_1_725' title='bbox 2756 2248 2991 2319; x_wconf 90' lang='lat' dir='ltr'><strong>lapides,</strong></span> <span class='ocrx_word' id='word_1_726' title='bbox 3018 2257 3070 2301; x_wconf 92' lang='lat' dir='ltr'><strong>et</strong></span> <span class='ocrx_word' id='word_1_727' title='bbox 3101 2246 3299 2301; x_wconf 85' lang='lat' dir='ltr'><strong>factum</strong></span> <span class='ocrx_word' id='word_1_728' title='bbox 3327 2256 3448 2298; x_wconf 85' lang='lat' dir='ltr'><strong>esse</strong></span> <span class='ocrx_word' id='word_1_729' title='bbox 3480 2243 3581 2297; x_wconf 83' lang='lat' dir='ltr'><strong>hoc</strong></span> 
     </span>
    </p>
   </div>
   <div class='ocr_carea' id='block_1_83' title="bbox 2001 2336 3579 2416">
    <p class='ocr_par' dir='ltr' id='par_1_83' title="bbox 2001 2336 3579 2416">
     <span class='ocr_line' id='line_1_83' title="bbox 2001 2336 3579 2416; baseline -0.008 -16"><span class='ocrx_word' id='word_1_730' title='bbox 2001 2355 2219 2416; x_wconf 90' lang='lat' dir='ltr'><strong>propter</strong></span> <span class='ocrx_word' id='word_1_731' title='bbox 2245 2342 2371 2414; x_wconf 92' lang='lat' dir='ltr'><strong>quid</strong></span> <span class='ocrx_word' id='word_1_732' title='bbox 2401 2355 2505 2409; x_wconf 89' lang='grc' dir='ltr'>εει,</span> <span class='ocrx_word' id='word_1_733' title='bbox 2534 2343 2785 2412; x_wconf 89' lang='lat' dir='ltr'><strong>quoniam</strong></span> <span class='ocrx_word' id='word_1_734' title='bbox 2816 2354 3040 2397; x_wconf 87' lang='lat' dir='ltr'><strong>necesse</strong></span> <span class='ocrx_word' id='word_1_735' title='bbox 3066 2348 3149 2395; x_wconf 86' lang='lat' dir='ltr'><strong>est</strong></span> <span class='ocrx_word' id='word_1_736' title='bbox 3179 2336 3579 2392; x_wconf 87' lang='lat' dir='ltr'><strong>fundamentum</strong></span> 
     </span>
    </p>
   </div>
   <div class='ocr_carea' id='block_1_84' title="bbox 2004 2429 3582 2506">
    <p class='ocr_par' dir='ltr' id='par_1_84' title="bbox 2004 2429 3582 2506">
     <span class='ocr_line' id='line_1_84' title="bbox 2004 2429 3582 2506; baseline -0.008 -12"><span class='ocrx_word' id='word_1_737' title='bbox 2004 2440 2198 2494; x_wconf 88' lang='lat' dir='ltr'><strong>factum</strong></span> <span class='ocrx_word' id='word_1_738' title='bbox 2248 2452 2400 2503; x_wconf 89' lang='lat' dir='ltr'><strong>esse,</strong></span> <span class='ocrx_word' id='word_1_739' title='bbox 2448 2436 2492 2491; x_wconf 89' lang='lat' dir='ltr'><strong>si</strong></span> <span class='ocrx_word' id='word_1_740' title='bbox 2520 2436 2735 2506; x_wconf 88' lang='lat' dir='ltr'><strong>quidem</strong></span> <span class='ocrx_word' id='word_1_741' title='bbox 2763 2443 2817 2490; x_wconf 83' lang='lat' dir='ltr'><strong>et</strong></span> <span class='ocrx_word' id='word_1_742' title='bbox 2857 2436 3050 2490; x_wconf 91' lang='lat' dir='ltr'><strong>domus</strong></span> <span class='ocrx_word' id='word_1_743' title='bbox 3078 2434 3213 2487; x_wconf 88' lang='lat' dir='ltr'><strong>facta</strong></span> <span class='ocrx_word' id='word_1_744' title='bbox 3240 2438 3356 2495; x_wconf 87' lang='lat' dir='ltr'><strong>est,</strong></span> <span class='ocrx_word' id='word_1_745' title='bbox 3385 2429 3429 2485; x_wconf 93' lang='lat' dir='ltr'><strong>si</strong></span> <span class='ocrx_word' id='word_1_746' title='bbox 3455 2442 3582 2483; x_wconf 86' lang='lat' dir='ltr'><strong>vero</strong></span> 
     </span>
    </p>
   </div>
   <div class='ocr_carea' id='block_1_85' title="bbox 2002 2525 3585 2597">
    <p class='ocr_par' dir='ltr' id='par_1_85' title="bbox 2002 2525 3585 2597">
     <span class='ocr_line' id='line_1_85' title="bbox 2002 2525 3585 2597; baseline -0.006 -11"><span class='ocrx_word' id='word_1_747' title='bbox 2002 2530 2405 2586; x_wconf 81' lang='lat' dir='ltr'><strong>fundamentum</strong></span> <span class='ocrx_word' id='word_1_748' title='bbox 2432 2537 2550 2594; x_wconf 91' lang='lat' dir='ltr'><strong>est,</strong></span> <span class='ocrx_word' id='word_1_749' title='bbox 2589 2528 2735 2597; x_wconf 87' lang='lat' dir='ltr'><strong>prius</strong></span> <span class='ocrx_word' id='word_1_750' title='bbox 2776 2527 2981 2597; x_wconf 89' lang='lat' dir='ltr'><strong>lapides</strong></span> <span class='ocrx_word' id='word_1_751' title='bbox 3005 2540 3124 2581; x_wconf 85' lang='lat' dir='ltr'><strong>esse</strong></span> <span class='ocrx_word' id='word_1_752' title='bbox 3168 2525 3335 2579; x_wconf 83' lang='lat' dir='ltr'><strong>factos</strong></span> <span class='ocrx_word' id='word_1_753' title='bbox 3366 2537 3585 2586; x_wconf 84' lang='lat' dir='ltr'><strong>necesse</strong></span> 
     </span>
    </p>
   </div>
   <div class='ocr_carea' id='block_1_86' title="bbox 2002 2617 3584 2687">
    <p class='ocr_par' dir='ltr' id='par_1_86' title="bbox 2002 2617 3584 2687">
     <span class='ocr_line' id='line_1_86' title="bbox 2002 2617 3584 2687; baseline -0.005 -11"><span class='ocrx_word' id='word_1_754' title='bbox 2002 2631 2082 2677; x_wconf 91' lang='lat' dir='ltr'><strong>est</strong></span> <span class='ocrx_word' id='word_1_755' title='bbox 2107 2636 2122 2687; x_wconf 91' lang='lat'><strong>;</strong></span> <span class='ocrx_word' id='word_1_756' title='bbox 2167 2622 2359 2675; x_wconf 89' lang='lat' dir='ltr'><strong>iterum</strong></span> <span class='ocrx_word' id='word_1_757' title='bbox 2401 2620 2443 2674; x_wconf 90' lang='lat' dir='ltr'><strong>si</strong></span> <span class='ocrx_word' id='word_1_758' title='bbox 2472 2620 2577 2675; x_wconf 84' lang='lat' dir='ltr'><strong>erit</strong></span> <span class='ocrx_word' id='word_1_759' title='bbox 2605 2618 2794 2673; x_wconf 89' lang='lat' dir='ltr'><strong>domus</strong></span> <span class='ocrx_word' id='word_1_760' title='bbox 2815 2660 2830 2686; x_wconf 88' lang='lat'><strong>,</strong></span> <span class='ocrx_word' id='word_1_761' title='bbox 2859 2619 3107 2673; x_wconf 88' lang='lat' dir='ltr'><strong>similiter</strong></span> <span class='ocrx_word' id='word_1_762' title='bbox 3135 2617 3284 2685; x_wconf 87' lang='lat' dir='ltr'><strong>prius</strong></span> <span class='ocrx_word' id='word_1_763' title='bbox 3311 2623 3467 2670; x_wconf 91' lang='lat' dir='ltr'><strong>erunt</strong></span> <span class='ocrx_word' id='word_1_764' title='bbox 3492 2628 3584 2686; x_wconf 80' lang='lat' dir='ltr'><strong>pa-</strong></span> 
     </span>
    </p>
   </div>
   <div class='ocr_carea' id='block_1_87' title="bbox 2006 2703 3584 2783">
    <p class='ocr_par' dir='ltr' id='par_1_87' title="bbox 2006 2703 3584 2783">
     <span class='ocr_line' id='line_1_87' title="bbox 2006 2703 3584 2783; baseline -0.006 -14"><span class='ocrx_word' id='word_1_765' title='bbox 2006 2714 2168 2770; x_wconf 86' lang='lat' dir='ltr'><strong>rietes</strong></span> <span class='ocrx_word' id='word_1_766' title='bbox 2208 2711 2638 2783; x_wconf 88' lang='lat' dir='ltr'><strong>(demoostratur</strong></span> <span class='ocrx_word' id='word_1_767' title='bbox 2666 2718 2844 2765; x_wconf 90' lang='lat' dir='ltr'><strong>autem</strong></span> <span class='ocrx_word' id='word_1_768' title='bbox 2878 2725 2971 2781; x_wconf 86' lang='lat' dir='ltr'><strong>per</strong></span> <span class='ocrx_word' id='word_1_769' title='bbox 2999 2708 3231 2765; x_wconf 90' lang='lat' dir='ltr'><strong>medium</strong></span> <span class='ocrx_word' id='word_1_770' title='bbox 3278 2703 3584 2775; x_wconf 68' lang='lat' dir='ltr'><strong>similiter),</strong></span> 
     </span>
    </p>
   </div>
   <div class='ocr_carea' id='block_1_88' title="bbox 2005 2786 3297 2873">
    <p class='ocr_par' dir='ltr' id='par_1_88' title="bbox 2005 2786 3297 2873">
     <span class='ocr_line' id='line_1_88' title="bbox 2005 2786 3297 2873; baseline -0.007 -11"><span class='ocrx_word' id='word_1_771' title='bbox 2005 2809 2103 2863; x_wconf 90' lang='lat' dir='ltr'><strong>erit</strong></span> <span class='ocrx_word' id='word_1_772' title='bbox 2129 2806 2271 2862; x_wconf 88' lang='lat' dir='ltr'><strong>enim</strong></span> <span class='ocrx_word' id='word_1_773' title='bbox 2303 2802 2706 2860; x_wconf 89' lang='lat' dir='ltr'><strong>fundamentum</strong></span> <span class='ocrx_word' id='word_1_774' title='bbox 2741 2804 2909 2873; x_wconf 56' lang='lat' dir='ltr'><strong>prius,</strong></span> <span class='ocrx_word' id='word_1_775' title='bbox 3294 2786 3297 2789; x_wconf 36' lang='grc'><strong>⁷</strong></span> 
     </span>
    </p>
   </div>
   <div class='ocr_carea' id='block_1_89' title="bbox 2601 2911 3002 2970">
    <p class='ocr_par' dir='ltr' id='par_1_89' title="bbox 2601 2911 3002 2970">
     <span class='ocr_line' id='line_1_89' title="bbox 2601 2911 3002 2970; baseline -0.007 -1"><span class='ocrx_word' id='word_1_776' title='bbox 2601 2912 2826 2970; x_wconf 82' lang='lat' dir='ltr'><strong>CAPUT</strong></span> <span class='ocrx_word' id='word_1_777' title='bbox 2864 2911 3002 2970; x_wconf 76' lang='lat' dir='ltr'><strong>Xlll.</strong></span> 
     </span>
    </p>
   </div>
   <div class='ocr_carea' id='block_1_90' title="bbox 2008 2982 3593 3081">
    <p class='ocr_par' dir='ltr' id='par_1_90' title="bbox 2008 2982 3593 3081">
     <span class='ocr_line' id='line_1_90' title="bbox 2008 2982 3593 3081; baseline -0.002 -15"><span class='ocrx_word' id='word_1_778' title='bbox 2008 3011 2074 3067; x_wconf 78' lang='lat' dir='ltr'><strong>In</strong></span> <span class='ocrx_word' id='word_1_779' title='bbox 2116 3012 2181 3066; x_wconf 81' lang='lat' dir='ltr'><strong>iis</strong></span> <span class='ocrx_word' id='word_1_780' title='bbox 2225 3025 2337 3081; x_wconf 82' lang='lat' dir='ltr'><strong>qua-</strong></span> <span class='ocrx_word' id='word_1_781' title='bbox 2404 3008 2595 3063; x_wconf 75' lang='lat' dir='ltr'><strong>circulo</strong></span> <span class='ocrx_word' id='word_1_782' title='bbox 2642 3010 2921 3078; x_wconf 82' lang='lat' dir='ltr'><strong>gignuntur</strong></span> <span class='ocrx_word' id='word_1_783' title='bbox 2958 2982 3440 3061; x_wconf 68' lang='lat' dir='ltr'><strong>demonstrationem</strong></span> <span class='ocrx_word' id='word_1_784' title='bbox 3486 3021 3593 3063; x_wconf 73' lang='lat' dir='ltr'><strong>esu</strong></span> 
     </span>
    </p>
   </div>
   <div class='ocr_carea' id='block_1_91' title="bbox 2642 3081 2964 3133">
    <p class='ocr_par' dir='ltr' id='par_1_91' title="bbox 2642 3081 2964 3133">
     <span class='ocr_line' id='line_1_91' title="bbox 2642 3081 2964 3133; baseline 0 -1"><span class='ocrx_word' id='word_1_785' title='bbox 2642 3081 2964 3133; x_wconf 83' lang='lat' dir='ltr'><strong>circnlarem.</strong></span> 
     </span>
    </p>
   </div>
   <div class='ocr_carea' id='block_1_92' title="bbox 2079 3191 3587 3266">
    <p class='ocr_par' dir='ltr' id='par_1_92' title="bbox 2079 3191 3587 3266">
     <span class='ocr_line' id='line_1_92' title="bbox 2079 3191 3587 3266; baseline -0.002 -15"><span class='ocrx_word' id='word_1_786' title='bbox 2079 3197 2340 3266; x_wconf 84' lang='lat' dir='ltr'><strong>Quoniam</strong></span> <span class='ocrx_word' id='word_1_787' title='bbox 2364 3204 2540 3249; x_wconf 88' lang='lat' dir='ltr'><strong>autem</strong></span> <span class='ocrx_word' id='word_1_788' title='bbox 2574 3195 2813 3249; x_wconf 81' lang='lat' dir='ltr'><strong>videmus</strong></span> <span class='ocrx_word' id='word_1_789' title='bbox 2843 3194 2893 3248; x_wconf 93' lang='lat' dir='ltr'><strong>in</strong></span> <span class='ocrx_word' id='word_1_790' title='bbox 2926 3193 2991 3250; x_wconf 92' lang='lat' dir='ltr'><strong>iis</strong></span> <span class='ocrx_word' id='word_1_791' title='bbox 3033 3208 3151 3266; x_wconf 62' lang='lat' dir='ltr'><strong>quas</strong></span> <span class='ocrx_word' id='word_1_792' title='bbox 3198 3194 3353 3259; x_wconf 91' lang='lat' dir='ltr'><strong>ﬁunt,</strong></span> <span class='ocrx_word' id='word_1_793' title='bbox 3384 3191 3587 3249; x_wconf 87' lang='lat' dir='ltr'><strong>circulo</strong></span> 
     </span>
    </p>
   </div>
   <div class='ocr_carea' id='block_1_93' title="bbox 2015 3287 3593 3361">
    <p class='ocr_par' dir='ltr' id='par_1_93' title="bbox 2015 3287 3593 3361">
     <span class='ocr_line' id='line_1_93' title="bbox 2015 3287 3593 3361; baseline -0.001 -17"><span class='ocrx_word' id='word_1_794' title='bbox 2015 3289 2298 3361; x_wconf 90' lang='lat' dir='ltr'><strong>quamdam</strong></span> <span class='ocrx_word' id='word_1_795' title='bbox 2330 3288 2731 3359; x_wconf 89' lang='lat' dir='ltr'><strong>generationem</strong></span> <span class='ocrx_word' id='word_1_796' title='bbox 2761 3302 2883 3343; x_wconf 89' lang='lat' dir='ltr'><strong>esse</strong></span> <span class='ocrx_word' id='word_1_797' title='bbox 2904 3328 2919 3353; x_wconf 89' lang='lat'><strong>,</strong></span> <span class='ocrx_word' id='word_1_798' title='bbox 2951 3296 3005 3342; x_wconf 91' lang='lat' dir='ltr'><strong>et</strong></span> <span class='ocrx_word' id='word_1_799' title='bbox 3034 3289 3293 3359; x_wconf 80' lang='lat' dir='ltr'><strong>contingit</strong></span> <span class='ocrx_word' id='word_1_800' title='bbox 3323 3287 3425 3344; x_wconf 90' lang='lat' dir='ltr'><strong>hoc</strong></span> <span class='ocrx_word' id='word_1_801' title='bbox 3452 3304 3593 3355; x_wconf 83' lang='lat' dir='ltr'><strong>esse,</strong></span> 
     </span>
    </p>
   </div>
   <div class='ocr_carea' id='block_1_94' title="bbox 2014 3378 3598 3449">
    <p class='ocr_par' dir='ltr' id='par_1_94' title="bbox 2014 3378 3598 3449">
     <span class='ocr_line' id='line_1_94' title="bbox 2014 3378 3598 3449; baseline 0.001 -15"><span class='ocrx_word' id='word_1_802' title='bbox 2014 3382 2057 3435; x_wconf 91' lang='lat' dir='ltr'><strong>si</strong></span> <span class='ocrx_word' id='word_1_803' title='bbox 2090 3379 2304 3449; x_wconf 88' lang='lat' dir='ltr'><strong>quidem</strong></span> <span class='ocrx_word' id='word_1_804' title='bbox 2337 3389 2733 3449; x_wconf 86' lang='lat' dir='ltr'><strong>consequantur</strong></span> <span class='ocrx_word' id='word_1_805' title='bbox 2774 3378 2837 3432; x_wconf 89' lang='lat' dir='ltr'><strong>ad</strong></span> <span class='ocrx_word' id='word_1_806' title='bbox 2887 3380 3111 3434; x_wconf 81' lang='lat' dir='ltr'><strong>invicem</strong></span> <span class='ocrx_word' id='word_1_807' title='bbox 3156 3380 3385 3435; x_wconf 88' lang='lat' dir='ltr'><strong>medium</strong></span> <span class='ocrx_word' id='word_1_808' title='bbox 3413 3392 3464 3435; x_wconf 89' lang='lat' dir='ltr'><strong>et</strong></span> <span class='ocrx_word' id='word_1_809' title='bbox 3495 3390 3598 3436; x_wconf 82' lang='lat' dir='ltr'><strong>ter-</strong></span> 
     </span>
    </p>
   </div>
   <div class='ocr_carea' id='block_1_95' title="bbox 2016 3471 3600 3538">
    <p class='ocr_par' dir='ltr' id='par_1_95' title="bbox 2016 3471 3600 3538">
     <span class='ocr_line' id='line_1_95' title="bbox 2016 3471 3600 3538; baseline 0.001 -12"><span class='ocrx_word' id='word_1_810' title='bbox 2016 3472 2180 3538; x_wconf 90' lang='lat' dir='ltr'><strong>mini,</strong></span> <span class='ocrx_word' id='word_1_811' title='bbox 2217 3473 2269 3525; x_wconf 91' lang='lat' dir='ltr'><strong>in</strong></span> <span class='ocrx_word' id='word_1_812' title='bbox 2313 3472 2394 3525; x_wconf 90' lang='lat' dir='ltr'><strong>his</strong></span> <span class='ocrx_word' id='word_1_813' title='bbox 2421 3472 2563 3525; x_wconf 89' lang='lat' dir='ltr'><strong>enim</strong></span> <span class='ocrx_word' id='word_1_814' title='bbox 2610 3471 2849 3525; x_wconf 88' lang='lat' dir='ltr'><strong>converti</strong></span> <span class='ocrx_word' id='word_1_815' title='bbox 2880 3480 2980 3537; x_wconf 87' lang='lat' dir='ltr'><strong>cst,</strong></span> <span class='ocrx_word' id='word_1_816' title='bbox 3010 3478 3282 3525; x_wconf 82' lang='lat' dir='ltr'><strong>ostensum</strong></span> <span class='ocrx_word' id='word_1_817' title='bbox 3315 3480 3489 3527; x_wconf 87' lang='lat' dir='ltr'><strong>autem</strong></span> <span class='ocrx_word' id='word_1_818' title='bbox 3516 3480 3600 3530; x_wconf 77' lang='lat' dir='ltr'><strong>est</strong></span> 
     </span>
    </p>
   </div>
   <div class='ocr_carea' id='block_1_96' title="bbox 2017 3563 3601 3635">
    <p class='ocr_par' dir='ltr' id='par_1_96' title="bbox 2017 3563 3601 3635">
     <span class='ocr_line' id='line_1_96' title="bbox 2017 3563 3601 3635; baseline -0.001 -15"><span class='ocrx_word' id='word_1_819' title='bbox 2017 3566 2118 3621; x_wconf 90' lang='lat' dir='ltr'><strong>hoc</strong></span> <span class='ocrx_word' id='word_1_820' title='bbox 2140 3566 2265 3635; x_wconf 78' lang='lat' dir='ltr'><strong>impr</strong></span> <span class='ocrx_word' id='word_1_821' title='bbox 2280 3566 2400 3618; x_wconf 85' lang='lat' dir='ltr'><strong>imis</strong></span> <span class='ocrx_word' id='word_1_822' title='bbox 2414 3566 2554 3633; x_wconf 85' lang='lat' dir='ltr'><strong>quod</strong></span> <span class='ocrx_word' id='word_1_823' title='bbox 2575 3572 2960 3618; x_wconf 83' lang='lat' dir='ltr'><strong>convertuntur</strong></span> <span class='ocrx_word' id='word_1_824' title='bbox 2980 3564 3372 3626; x_wconf 85' lang='lat' dir='ltr'><strong>conclusiones,</strong></span> <span class='ocrx_word' id='word_1_825' title='bbox 3395 3563 3601 3619; x_wconf 87' lang='lat' dir='ltr'><strong>circulo</strong></span> 
     </span>
    </p>
   </div>
   <div class='ocr_carea' id='block_1_97' title="bbox 2017 3655 3601 3726">
    <p class='ocr_par' dir='ltr' id='par_1_97' title="bbox 2017 3655 3601 3726">
     <span class='ocr_line' id='line_1_97' title="bbox 2017 3655 3601 3726; baseline 0 -13"><span class='ocrx_word' id='word_1_826' title='bbox 2017 3669 2193 3714; x_wconf 86' lang='lat' dir='ltr'><strong>autem</strong></span> <span class='ocrx_word' id='word_1_827' title='bbox 2220 3659 2318 3712; x_wconf 92' lang='lat' dir='ltr'><strong>hoc</strong></span> <span class='ocrx_word' id='word_1_828' title='bbox 2339 3669 2438 3711; x_wconf 88' lang='lat' dir='ltr'><strong>est.</strong></span> <span class='ocrx_word' id='word_1_829' title='bbox 2474 3658 2525 3711; x_wconf 91' lang='lat' dir='ltr'><strong>In</strong></span> <span class='ocrx_word' id='word_1_830' title='bbox 2550 3658 2800 3726; x_wconf 87' lang='lat' dir='ltr'><strong>operibus</strong></span> <span class='ocrx_word' id='word_1_831' title='bbox 2821 3664 2997 3710; x_wconf 87' lang='lat' dir='ltr'><strong>autem</strong></span> <span class='ocrx_word' id='word_1_832' title='bbox 3022 3656 3231 3710; x_wconf 86' lang='lat' dir='ltr'><strong>videtur</strong></span> <span class='ocrx_word' id='word_1_833' title='bbox 3256 3658 3356 3721; x_wconf 86' lang='lat' dir='ltr'><strong>sic,</strong></span> <span class='ocrx_word' id='word_1_834' title='bbox 3384 3655 3601 3724; x_wconf 69' lang='lat' dir='ltr'><strong>depluta</strong></span> 
     </span>
    </p>
   </div>
   <div class='ocr_carea' id='block_1_98' title="bbox 2020 3746 3597 3818">
    <p class='ocr_par' dir='ltr' id='par_1_98' title="bbox 2020 3746 3597 3818">
     <span class='ocr_line' id='line_1_98' title="bbox 2020 3746 3597 3818; baseline -0.002 -12"><span class='ocrx_word' id='word_1_835' title='bbox 2020 3765 2181 3818; x_wconf 81' lang='lat' dir='ltr'><strong>terra,</strong></span> <span class='ocrx_word' id='word_1_836' title='bbox 2227 3764 2443 3804; x_wconf 72' lang='lat' dir='ltr'><strong>necesse</strong></span> <span class='ocrx_word' id='word_1_837' title='bbox 2491 3758 2571 3801; x_wconf 83' lang='lat' dir='ltr'><strong>est</strong></span> <span class='ocrx_word' id='word_1_838' title='bbox 2604 3763 2852 3817; x_wconf 70' lang='lat' dir='ltr'><strong>vaporem</strong></span> <span class='ocrx_word' id='word_1_839' title='bbox 2896 3748 3033 3813; x_wconf 86' lang='lat' dir='ltr'><strong>ﬁeri,</strong></span> <span class='ocrx_word' id='word_1_840' title='bbox 3065 3746 3168 3801; x_wconf 87' lang='lat' dir='ltr'><strong>hoc</strong></span> <span class='ocrx_word' id='word_1_841' title='bbox 3216 3756 3394 3801; x_wconf 90' lang='lat' dir='ltr'><strong>autem</strong></span> <span class='ocrx_word' id='word_1_842' title='bbox 3438 3746 3597 3808; x_wconf 88' lang='lat' dir='ltr'><strong>facto.</strong></span> 
     </span>
    </p>
   </div>
   <div class='ocr_carea' id='block_1_99' title="bbox 2019 3839 3602 3909">
    <p class='ocr_par' dir='ltr' id='par_1_99' title="bbox 2019 3839 3602 3909">
     <span class='ocr_line' id='line_1_99' title="bbox 2019 3839 3602 3909; baseline 0 -13"><span class='ocrx_word' id='word_1_843' title='bbox 2019 3842 2238 3907; x_wconf 74' lang='lat' dir='ltr'><strong>nubem,</strong></span> <span class='ocrx_word' id='word_1_844' title='bbox 2269 3839 2366 3893; x_wconf 87' lang='lat' dir='ltr'><strong>hac</strong></span> <span class='ocrx_word' id='word_1_845' title='bbox 2396 3848 2571 3893; x_wconf 87' lang='lat' dir='ltr'><strong>autem</strong></span> <span class='ocrx_word' id='word_1_846' title='bbox 2601 3839 2760 3903; x_wconf 75' lang='lat' dir='ltr'><strong>facta,</strong></span> <span class='ocrx_word' id='word_1_847' title='bbox 2788 3856 3004 3909; x_wconf 73' lang='lat' dir='ltr'><strong>aquam,</strong></span> <span class='ocrx_word' id='word_1_848' title='bbox 3038 3839 3135 3895; x_wconf 87' lang='lat' dir='ltr'><strong>hac</strong></span> <span class='ocrx_word' id='word_1_849' title='bbox 3162 3855 3289 3894; x_wconf 90' lang='lat' dir='ltr'><strong>vero</strong></span> <span class='ocrx_word' id='word_1_850' title='bbox 3318 3840 3477 3906; x_wconf 77' lang='lat' dir='ltr'><strong>facta,</strong></span> <span class='ocrx_word' id='word_1_851' title='bbox 3507 3856 3602 3896; x_wconf 58' lang='lat' dir='ltr'><strong>nec</strong></span> 
     </span>
    </p>
   </div>
   <div class='ocr_carea' id='block_1_100' title="bbox 2017 3930 3603 4000">
    <p class='ocr_par' dir='ltr' id='par_1_100' title="bbox 2017 3930 3603 4000">
     <span class='ocr_line' id='line_1_100' title="bbox 2017 3930 3603 4000; baseline 0.001 -12"><span class='ocrx_word' id='word_1_852' title='bbox 2017 3948 2173 3988; x_wconf 90' lang='lat' dir='ltr'><strong>cessc</strong></span> <span class='ocrx_word' id='word_1_853' title='bbox 2201 3942 2282 3987; x_wconf 89' lang='lat' dir='ltr'><strong>est</strong></span> <span class='ocrx_word' id='word_1_854' title='bbox 2312 3942 2507 3986; x_wconf 88' lang='lat' dir='ltr'><strong>terram</strong></span> <span class='ocrx_word' id='word_1_855' title='bbox 2554 3930 2825 4000; x_wconf 65' lang='lat' dir='ltr'><strong>deplulam</strong></span> <span class='ocrx_word' id='word_1_856' title='bbox 2856 3948 2996 3988; x_wconf 84' lang='lat' dir='ltr'><strong>csse.</strong></span> <span class='ocrx_word' id='word_1_857' title='bbox 3042 3934 3153 3988; x_wconf 84' lang='lat' dir='ltr'><strong>lloc</strong></span> <span class='ocrx_word' id='word_1_858' title='bbox 3189 3943 3367 3989; x_wconf 90' lang='lat' dir='ltr'><strong>autem</strong></span> <span class='ocrx_word' id='word_1_859' title='bbox 3396 3942 3514 3999; x_wconf 79' lang='lat' dir='ltr'><strong>erat</strong></span> <span class='ocrx_word' id='word_1_860' title='bbox 3537 3949 3603 3989; x_wconf 80' lang='lat' dir='ltr'><strong>ex</strong></span> 
     </span>
    </p>
   </div>
   <div class='ocr_carea' id='block_1_101' title="bbox 2022 4024 3601 4094">
    <p class='ocr_par' dir='ltr' id='par_1_101' title="bbox 2022 4024 3601 4094">
     <span class='ocr_line' id='line_1_101' title="bbox 2022 4024 3601 4094; baseline 0.002 -15"><span class='ocrx_word' id='word_1_861' title='bbox 2022 4024 2301 4094; x_wconf 85' lang='lat' dir='ltr'><strong>principio,</strong></span> <span class='ocrx_word' id='word_1_862' title='bbox 2336 4038 2500 4092; x_wconf 87' lang='lat' dir='ltr'><strong>quare</strong></span> <span class='ocrx_word' id='word_1_863' title='bbox 2530 4025 2727 4078; x_wconf 75' lang='lat' dir='ltr'><strong>circulo</strong></span> <span class='ocrx_word' id='word_1_864' title='bbox 2755 4025 3032 4090; x_wconf 91' lang='lat' dir='ltr'><strong>circuivit,</strong></span> <span class='ocrx_word' id='word_1_865' title='bbox 3079 4040 3199 4079; x_wconf 87' lang='lat' dir='ltr'><strong>cum</strong></span> <span class='ocrx_word' id='word_1_866' title='bbox 3244 4026 3387 4080; x_wconf 87' lang='lat' dir='ltr'><strong>enim</strong></span> <span class='ocrx_word' id='word_1_867' title='bbox 3434 4043 3601 4082; x_wconf 89' lang='lat' dir='ltr'><strong>unum</strong></span> 
     </span>
    </p>
   </div>
   <div class='ocr_carea' id='block_1_102' title="bbox 2018 4114 3600 4185">
    <p class='ocr_par' dir='ltr' id='par_1_102' title="bbox 2018 4114 3600 4185">
     <span class='ocr_line' id='line_1_102' title="bbox 2018 4114 3600 4185; baseline 0.003 -16"><span class='ocrx_word' id='word_1_868' title='bbox 2018 4115 2210 4169; x_wconf 84' lang='lat' dir='ltr'><strong>horum</strong></span> <span class='ocrx_word' id='word_1_869' title='bbox 2232 4114 2508 4185; x_wconf 85' lang='lat' dir='ltr'><strong>quodlibet</strong></span> <span class='ocrx_word' id='word_1_870' title='bbox 2542 4124 2625 4169; x_wconf 88' lang='lat' dir='ltr'><strong>est</strong></span> <span class='ocrx_word' id='word_1_871' title='bbox 2651 4117 2875 4170; x_wconf 85' lang='lat' dir='ltr'><strong>alterum</strong></span> <span class='ocrx_word' id='word_1_872' title='bbox 2892 4127 2992 4183; x_wconf 76' lang='lat' dir='ltr'><strong>est,</strong></span> <span class='ocrx_word' id='word_1_873' title='bbox 3006 4124 3188 4170; x_wconf 90' lang='lat' dir='ltr'><strong>etcum</strong></span> <span class='ocrx_word' id='word_1_874' title='bbox 3210 4116 3335 4171; x_wconf 90' lang='lat' dir='ltr'><strong>illud</strong></span> <span class='ocrx_word' id='word_1_875' title='bbox 3353 4118 3600 4183; x_wconf 84' lang='lat' dir='ltr'><strong>alterum,</strong></span> 
     </span>
    </p>
   </div>
   <div class='ocr_carea' id='block_1_103' title="bbox 2021 4192 3607 4279">
    <p class='ocr_par' dir='ltr' id='par_1_103' title="bbox 2021 4192 3607 4279">
     <span class='ocr_line' id='line_1_103' title="bbox 2021 4192 3607 4279; baseline 0.001 -15"><span class='ocrx_word' id='word_1_876' title='bbox 2021 4218 2214 4264; x_wconf 85' lang='lat' dir='ltr'><strong>etcum</strong></span> <span class='ocrx_word' id='word_1_877' title='bbox 2246 4208 2345 4260; x_wconf 91' lang='lat' dir='ltr'><strong>hoc</strong></span> <span class='ocrx_word' id='word_1_878' title='bbox 2386 4209 2635 4276; x_wconf 90' lang='lat' dir='ltr'><strong>primum.</strong></span> <span class='ocrx_word' id='word_1_879' title='bbox 2659 4192 3025 4277; x_wconf 51' lang='lat' dir='ltr'><strong>,Suntautem</strong></span> <span class='ocrx_word' id='word_1_880' title='bbox 3056 4208 3297 4279; x_wconf 72' lang='lat' dir='ltr'><strong>qumdam</strong></span> <span class='ocrx_word' id='word_1_881' title='bbox 3328 4225 3447 4279; x_wconf 72' lang='lat' dir='ltr'><strong>qua:</strong></span> <span class='ocrx_word' id='word_1_882' title='bbox 3474 4211 3607 4267; x_wconf 86' lang='lat' dir='ltr'><strong>fiunt</strong></span> 
     </span>
    </p>
   </div>
   <div class='ocr_carea' id='block_1_104' title="bbox 2022 4298 3629 4371">
    <p class='ocr_par' dir='ltr' id='par_1_104' title="bbox 2022 4298 3629 4371">
     <span class='ocr_line' id='line_1_104' title="bbox 2022 4298 3629 4371; baseline 0.003 -16"><span class='ocrx_word' id='word_1_883' title='bbox 2022 4298 2418 4364; x_wconf 88' lang='lat' dir='ltr'><strong>universaliter,</strong></span> <span class='ocrx_word' id='word_1_884' title='bbox 2451 4315 2666 4371; x_wconf 82' lang='lat' dir='ltr'><strong>semper</strong></span> <span class='ocrx_word' id='word_1_885' title='bbox 2686 4302 2827 4361; x_wconf 85' lang='lat' dir='ltr'><strong>enim</strong></span> <span class='ocrx_word' id='word_1_886' title='bbox 2861 4311 2914 4356; x_wconf 90' lang='lat' dir='ltr'><strong>et</strong></span> <span class='ocrx_word' id='word_1_887' title='bbox 2940 4302 2992 4355; x_wconf 92' lang='lat' dir='ltr'><strong>in</strong></span> <span class='ocrx_word' id='word_1_888' title='bbox 3020 4303 3168 4357; x_wconf 92' lang='lat' dir='ltr'><strong>omni</strong></span> <span class='ocrx_word' id='word_1_889' title='bbox 3196 4311 3287 4356; x_wconf 91' lang='lat' dir='ltr'><strong>aut</strong></span> <span class='ocrx_word' id='word_1_890' title='bbox 3314 4304 3392 4359; x_wconf 86' lang='lat' dir='ltr'><strong>sic</strong></span> <span class='ocrx_word' id='word_1_891' title='bbox 3420 4319 3479 4359; x_wconf 90' lang='lat' dir='ltr'><strong>se</strong></span> <span class='ocrx_word' id='word_1_892' title='bbox 3508 4306 3629 4360; x_wconf 68' lang='lat' dir='ltr'><strong>ha-‘</strong></span> 
     </span>
    </p>
   </div>
   <div class='ocr_carea' id='block_1_105' title="bbox 2022 4391 3605 4465">
    <p class='ocr_par' dir='ltr' id='par_1_105' title="bbox 2022 4391 3605 4465">
     <span class='ocr_line' id='line_1_105' title="bbox 2022 4391 3605 4465; baseline 0.001 -17"><span class='ocrx_word' id='word_1_893' title='bbox 2022 4392 2169 4459; x_wconf 88' lang='lat' dir='ltr'><strong>bent,</strong></span> <span class='ocrx_word' id='word_1_894' title='bbox 2217 4400 2310 4446; x_wconf 92' lang='lat' dir='ltr'><strong>aut</strong></span> <span class='ocrx_word' id='word_1_895' title='bbox 2336 4392 2505 4457; x_wconf 91' lang='lat' dir='ltr'><strong>ﬁunt;</strong></span> <span class='ocrx_word' id='word_1_896' title='bbox 2538 4392 2640 4446; x_wconf 86' lang='lat' dir='ltr'><strong>alia</strong></span> <span class='ocrx_word' id='word_1_897' title='bbox 2668 4408 2796 4447; x_wconf 78' lang='lat' dir='ltr'><strong>vero</strong></span> <span class='ocrx_word' id='word_1_898' title='bbox 2828 4391 3042 4463; x_wconf 86' lang='lat' dir='ltr'><strong>quidem</strong></span> <span class='ocrx_word' id='word_1_899' title='bbox 3084 4409 3299 4465; x_wconf 79' lang='lat' dir='ltr'><strong>semper</strong></span> <span class='ocrx_word' id='word_1_900' title='bbox 3342 4410 3470 4463; x_wconf 90' lang='lat' dir='ltr'><strong>non,</strong></span> <span class='ocrx_word' id='word_1_901' title='bbox 3507 4398 3605 4453; x_wconf 87' lang='lat' dir='ltr'><strong>sed</strong></span> 
     </span>
    </p>
   </div>
   <div class='ocr_carea' id='block_1_106' title="bbox 2022 4486 3607 4556">
    <p class='ocr_par' dir='ltr' id='par_1_106' title="bbox 2022 4486 3607 4556">
     <span class='ocr_line' id='line_1_106' title="bbox 2022 4486 3607 4556; baseline 0 -14"><span class='ocrx_word' id='word_1_902' title='bbox 2022 4488 2158 4542; x_wconf 84' lang='lat' dir='ltr'><strong>sicut</strong></span> <span class='ocrx_word' id='word_1_903' title='bbox 2190 4487 2492 4556; x_wconf 85' lang='lat' dir='ltr'><strong>frequenter</strong></span> <span class='ocrx_word' id='word_1_904' title='bbox 2522 4495 2680 4552; x_wconf 88' lang='lat' dir='ltr'><strong>sunt,</strong></span> <span class='ocrx_word' id='word_1_905' title='bbox 2710 4496 2765 4539; x_wconf 94' lang='lat' dir='ltr'><strong>ut</strong></span> <span class='ocrx_word' id='word_1_906' title='bbox 2807 4502 2914 4541; x_wconf 90' lang='lat' dir='ltr'><strong>non</strong></span> <span class='ocrx_word' id='word_1_907' title='bbox 2941 4487 3117 4541; x_wconf 88' lang='lat' dir='ltr'><strong>omnis</strong></span> <span class='ocrx_word' id='word_1_908' title='bbox 3148 4486 3309 4543; x_wconf 78' lang='lat' dir='ltr'><strong>homo</strong></span> <span class='ocrx_word' id='word_1_909' title='bbox 3340 4488 3607 4544; x_wconf 81' lang='lat' dir='ltr'><strong>masculus</strong></span> 
     </span>
    </p>
   </div>
   <div class='ocr_carea' id='block_1_107' title="bbox 2026 4579 3608 4654">
    <p class='ocr_par' dir='ltr' id='par_1_107' title="bbox 2026 4579 3608 4654">
     <span class='ocr_line' id='line_1_107' title="bbox 2026 4579 3608 4654; baseline 0.002 -20"><span class='ocrx_word' id='word_1_910' title='bbox 2026 4580 2186 4636; x_wconf 90' lang='lat' dir='ltr'><strong>habet</strong></span> <span class='ocrx_word' id='word_1_911' title='bbox 2214 4581 2457 4644; x_wconf 86' lang='lat' dir='ltr'><strong>barbam,</strong></span> <span class='ocrx_word' id='word_1_912' title='bbox 2484 4582 2575 4634; x_wconf 80' lang='lat' dir='ltr'><strong>sed</strong></span> <span class='ocrx_word' id='word_1_913' title='bbox 2600 4588 2682 4634; x_wconf 86' lang='lat' dir='ltr'><strong>est</strong></span> <span class='ocrx_word' id='word_1_914' title='bbox 2704 4579 2839 4633; x_wconf 82' lang='lat' dir='ltr'><strong>sicut</strong></span> <span class='ocrx_word' id='word_1_915' title='bbox 2870 4582 3192 4649; x_wconf 84' lang='lat' dir='ltr'><strong>frequenter.</strong></span> <span class='ocrx_word' id='word_1_916' title='bbox 3217 4580 3422 4637; x_wconf 84' lang='lat' dir='ltr'><strong>Talium</strong></span> <span class='ocrx_word' id='word_1_917' title='bbox 3448 4583 3608 4654; x_wconf 88' lang='lat' dir='ltr'><strong>igitur</strong></span> 
     </span>
    </p>
   </div>
   <div class='ocr_carea' id='block_1_108' title="bbox 1948 4657 3607 4744">
    <p class='ocr_par' dir='ltr' id='par_1_108' title="bbox 1948 4657 3607 4744">
     <span class='ocr_line' id='line_1_108' title="bbox 1948 4657 3607 4744; baseline 0 -13"><span class='ocrx_word' id='word_1_918' title='bbox 1948 4657 1999 4719; x_wconf 78' lang='grc' dir='ltr'><strong>Ῐ)</strong></span> <span class='ocrx_word' id='word_1_919' title='bbox 2025 4690 2244 4731; x_wconf 84' lang='lat' dir='ltr'><strong>necesse</strong></span> <span class='ocrx_word' id='word_1_920' title='bbox 2270 4689 2347 4730; x_wconf 87' lang='lat' dir='ltr'><strong>est</strong></span> <span class='ocrx_word' id='word_1_921' title='bbox 2380 4685 2432 4729; x_wconf 83' lang='lat' dir='ltr'><strong>et</strong></span> <span class='ocrx_word' id='word_1_922' title='bbox 2454 4674 2687 4729; x_wconf 92' lang='lat' dir='ltr'><strong>medium</strong></span> <span class='ocrx_word' id='word_1_923' title='bbox 2719 4675 2855 4728; x_wconf 90' lang='lat' dir='ltr'><strong>sicut</strong></span> <span class='ocrx_word' id='word_1_924' title='bbox 2884 4675 3191 4744; x_wconf 82' lang='lat' dir='ltr'><strong>frequenter</strong></span> <span class='ocrx_word' id='word_1_925' title='bbox 3215 4689 3352 4730; x_wconf 89' lang='lat' dir='ltr'><strong>esse.</strong></span> <span class='ocrx_word' id='word_1_926' title='bbox 3381 4676 3434 4730; x_wconf 86' lang='lat' dir='ltr'><strong>Si</strong></span> <span class='ocrx_word' id='word_1_927' title='bbox 3464 4677 3607 4732; x_wconf 86' lang='lat' dir='ltr'><strong>enim</strong></span> 
     </span>
    </p>
   </div>
   <div class='ocr_carea' id='block_1_109' title="bbox 2025 4766 3610 4837">
    <p class='ocr_par' dir='ltr' id='par_1_109' title="bbox 2025 4766 3610 4837">
     <span class='ocr_line' id='line_1_109' title="bbox 2025 4766 3610 4837; baseline 0.001 -16"><span class='ocrx_word' id='word_1_928' title='bbox 2025 4785 2053 4821; x_wconf 74' lang='grc' dir='ltr'><em>α</em></span> <span class='ocrx_word' id='word_1_929' title='bbox 2083 4768 2148 4823; x_wconf 90' lang='lat' dir='ltr'><strong>de</strong></span> <span class='ocrx_word' id='word_1_930' title='bbox 2168 4768 2196 4821; x_wconf 90' lang='lat' dir='ltr'><strong>b</strong></span> <span class='ocrx_word' id='word_1_931' title='bbox 2228 4766 2547 4837; x_wconf 66' lang='lat' dir='ltr'><strong>praedicatur</strong></span> <span class='ocrx_word' id='word_1_932' title='bbox 2574 4767 2962 4830; x_wconf 89' lang='lat' dir='ltr'><strong>universaliter,</strong></span> <span class='ocrx_word' id='word_1_933' title='bbox 2991 4777 3043 4820; x_wconf 90' lang='lat' dir='ltr'><strong>et</strong></span> <span class='ocrx_word' id='word_1_934' title='bbox 3067 4766 3166 4820; x_wconf 90' lang='lat' dir='ltr'><strong>hoc</strong></span> <span class='ocrx_word' id='word_1_935' title='bbox 3193 4767 3258 4820; x_wconf 86' lang='lat' dir='ltr'><strong>dc</strong></span> <span class='ocrx_word' id='word_1_936' title='bbox 3282 4783 3308 4819; x_wconf 84' lang='lat' dir='ltr'><strong>c</strong></span> <span class='ocrx_word' id='word_1_937' title='bbox 3336 4766 3610 4823; x_wconf 65' lang='lat' dir='ltr'><strong>universa—</strong></span> 
     </span>
    </p>
   </div>
   <div class='ocr_carea' id='block_1_110' title="bbox 2026 4860 3678 4931">
    <p class='ocr_par' dir='ltr' id='par_1_110' title="bbox 2026 4860 3678 4931">
     <span class='ocr_line' id='line_1_110' title="bbox 2026 4860 3678 4931; baseline -0.001 -14"><span class='ocrx_word' id='word_1_938' title='bbox 2026 4863 2149 4917; x_wconf 90' lang='lat' dir='ltr'><strong>liter</strong></span> <span class='ocrx_word' id='word_1_939' title='bbox 2178 4876 2398 4917; x_wconf 89' lang='lat' dir='ltr'><strong>necesse</strong></span> <span class='ocrx_word' id='word_1_940' title='bbox 2425 4871 2527 4925; x_wconf 83' lang='lat' dir='ltr'><strong>est,</strong></span> <span class='ocrx_word' id='word_1_941' title='bbox 2560 4869 2615 4914; x_wconf 89' lang='lat' dir='ltr'><strong>et</strong></span> <span class='ocrx_word' id='word_1_942' title='bbox 2653 4876 2683 4911; x_wconf 89' lang='lat' dir='ltr'><strong>a</strong></span> <span class='ocrx_word' id='word_1_943' title='bbox 2710 4860 2777 4915; x_wconf 90' lang='lat' dir='ltr'><strong>de</strong></span> <span class='ocrx_word' id='word_1_944' title='bbox 2807 4877 2833 4913; x_wconf 91' lang='lat' dir='ltr'><strong>c</strong></span> <span class='ocrx_word' id='word_1_945' title='bbox 2862 4875 3097 4929; x_wconf 87' lang='lat' dir='ltr'><strong>semper,</strong></span> <span class='ocrx_word' id='word_1_946' title='bbox 3129 4870 3179 4915; x_wconf 88' lang='lat' dir='ltr'><strong>et</strong></span> <span class='ocrx_word' id='word_1_947' title='bbox 3207 4862 3272 4915; x_wconf 91' lang='lat' dir='ltr'><strong>de</strong></span> <span class='ocrx_word' id='word_1_948' title='bbox 3298 4862 3439 4915; x_wconf 88' lang='lat' dir='ltr'><strong>omni</strong></span> <span class='ocrx_word' id='word_1_949' title='bbox 3471 4876 3610 4931; x_wconf 77' lang='lat' dir='ltr'><strong>prze-</strong></span> <span class='ocrx_word' id='word_1_950' title='bbox 3668 4872 3678 4881; x_wconf 83' lang='grc'><em>’</em></span> 
     </span>
    </p>
   </div>
   <div class='ocr_carea' id='block_1_111' title="bbox 2025 4934 3611 5016">
    <p class='ocr_par' dir='ltr' id='par_1_111' title="bbox 2025 4934 3611 5016">
     <span class='ocr_line' id='line_1_111' title="bbox 2025 4934 3611 5016; baseline 0 -11"><span class='ocrx_word' id='word_1_951' title='bbox 2025 4950 2214 5014; x_wconf 80' lang='lat' dir='ltr'><strong>dicari,</strong></span> <span class='ocrx_word' id='word_1_952' title='bbox 2240 4951 2340 5003; x_wconf 89' lang='lat' dir='ltr'><strong>hoc</strong></span> <span class='ocrx_word' id='word_1_953' title='bbox 2361 4950 2503 5003; x_wconf 92' lang='lat' dir='ltr'><strong>enim</strong></span> <span class='ocrx_word' id='word_1_954' title='bbox 2525 4956 2609 5003; x_wconf 65' lang='lat' dir='ltr'><strong>est</strong></span> <span class='ocrx_word' id='word_1_955' title='bbox 2628 4949 3019 5014; x_wconf 86' lang='lat' dir='ltr'><strong>universaliter,</strong></span> <span class='ocrx_word' id='word_1_956' title='bbox 3043 4959 3089 5004; x_wconf 91' lang='lat' dir='ltr'><strong>et</strong></span> <span class='ocrx_word' id='word_1_957' title='bbox 3116 4952 3181 5005; x_wconf 88' lang='lat' dir='ltr'><strong>de</strong></span> <span class='ocrx_word' id='word_1_958' title='bbox 3204 4934 3372 5016; x_wconf 88' lang='lat' dir='ltr'><strong>omni,</strong></span> <span class='ocrx_word' id='word_1_959' title='bbox 3399 4960 3454 5006; x_wconf 91' lang='lat' dir='ltr'><strong>et</strong></span> <span class='ocrx_word' id='word_1_960' title='bbox 3473 4966 3611 5006; x_wconf 82' lang='lat' dir='ltr'><strong>sem-</strong></span> 
     </span>
    </p>
   </div>
   <div class='ocr_carea' id='block_1_112' title="bbox 2027 5041 3608 5115">
    <p class='ocr_par' dir='ltr' id='par_1_112' title="bbox 2027 5041 3608 5115">
     <span class='ocr_line' id='line_1_112' title="bbox 2027 5041 3608 5115; baseline 0.001 -18"><span class='ocrx_word' id='word_1_961' title='bbox 2027 5058 2142 5111; x_wconf 86' lang='lat' dir='ltr'><strong>per,</strong></span> <span class='ocrx_word' id='word_1_962' title='bbox 2161 5041 2255 5096; x_wconf 91' lang='lat' dir='ltr'><strong>sed</strong></span> <span class='ocrx_word' id='word_1_963' title='bbox 2277 5046 2609 5111; x_wconf 83' lang='lat' dir='ltr'><strong>suppositum</strong></span> <span class='ocrx_word' id='word_1_964' title='bbox 2632 5051 2715 5096; x_wconf 90' lang='lat' dir='ltr'><strong>est</strong></span> <span class='ocrx_word' id='word_1_965' title='bbox 2736 5044 2875 5097; x_wconf 88' lang='lat' dir='ltr'><strong>sicut</strong></span> <span class='ocrx_word' id='word_1_966' title='bbox 2898 5044 3205 5115; x_wconf 79' lang='lat' dir='ltr'><strong>frequenter</strong></span> <span class='ocrx_word' id='word_1_967' title='bbox 3225 5060 3361 5110; x_wconf 87' lang='lat' dir='ltr'><strong>esse;</strong></span> <span class='ocrx_word' id='word_1_968' title='bbox 3387 5059 3608 5100; x_wconf 77' lang='lat' dir='ltr'><strong>necesse</strong></span> 
     </span>
    </p>
   </div>
   <div class='ocr_carea' id='block_1_113' title="bbox 2028 5133 3613 5206">
    <p class='ocr_par' dir='ltr' id='par_1_113' title="bbox 2028 5133 3613 5206">
     <span class='ocr_line' id='line_1_113' title="bbox 2028 5133 3613 5206; baseline 0.003 -18"><span class='ocrx_word' id='word_1_969' title='bbox 2028 5144 2112 5189; x_wconf 80' lang='lat' dir='ltr'><strong>est</strong></span> <span class='ocrx_word' id='word_1_970' title='bbox 2142 5150 2270 5205; x_wconf 90' lang='lat' dir='ltr'><strong>ergo</strong></span> <span class='ocrx_word' id='word_1_971' title='bbox 2299 5133 2532 5189; x_wconf 86' lang='lat' dir='ltr'><strong>medium</strong></span> <span class='ocrx_word' id='word_1_972' title='bbox 2578 5135 2717 5189; x_wconf 88' lang='lat' dir='ltr'><strong>sicut</strong></span> <span class='ocrx_word' id='word_1_973' title='bbox 2747 5135 3056 5206; x_wconf 83' lang='lat' dir='ltr'><strong>frequenter</strong></span> <span class='ocrx_word' id='word_1_974' title='bbox 3096 5153 3215 5192; x_wconf 87' lang='lat' dir='ltr'><strong>esse</strong></span> <span class='ocrx_word' id='word_1_975' title='bbox 3264 5137 3404 5206; x_wconf 89' lang='lat' dir='ltr'><strong>quod</strong></span> <span class='ocrx_word' id='word_1_976' title='bbox 3437 5148 3519 5192; x_wconf 84' lang='lat' dir='ltr'><strong>est</strong></span> <span class='ocrx_word' id='word_1_977' title='bbox 3561 5139 3613 5192; x_wconf 90' lang='lat' dir='ltr'><strong>in</strong></span> 
     </span>
    </p>
   </div>
   <div class='ocr_carea' id='block_1_114' title="bbox 2026 5226 3616 5297">
    <p class='ocr_par' dir='ltr' id='par_1_114' title="bbox 2026 5226 3616 5297">
     <span class='ocr_line' id='line_1_114' title="bbox 2026 5226 3616 5297; baseline 0.003 -18"><span class='ocrx_word' id='word_1_978' title='bbox 2026 5242 2134 5296; x_wconf 89' lang='lat' dir='ltr'><strong>quo</strong></span> <span class='ocrx_word' id='word_1_979' title='bbox 2174 5229 2223 5280; x_wconf 85' lang='lat' dir='ltr'><strong>b.</strong></span> <span class='ocrx_word' id='word_1_980' title='bbox 2275 5226 2442 5281; x_wconf 85' lang='lat' dir='ltr'><strong>Erunt</strong></span> <span class='ocrx_word' id='word_1_981' title='bbox 2485 5242 2616 5296; x_wconf 86' lang='lat' dir='ltr'><strong>ergo</strong></span> <span class='ocrx_word' id='word_1_982' title='bbox 2661 5237 2715 5282; x_wconf 93' lang='lat' dir='ltr'><strong>et</strong></span> <span class='ocrx_word' id='word_1_983' title='bbox 2760 5244 2947 5283; x_wconf 90' lang='lat' dir='ltr'><strong>eorum</strong></span> <span class='ocrx_word' id='word_1_984' title='bbox 2999 5227 3255 5297; x_wconf 89' lang='lat' dir='ltr'><strong>principia</strong></span> <span class='ocrx_word' id='word_1_985' title='bbox 3305 5227 3616 5297; x_wconf 87' lang='lat' dir='ltr'><strong>frequenter</strong></span> 
     </span>
    </p>
   </div>
   <div class='ocr_carea' id='block_1_115' title="bbox 2029 5320 3616 5392">
    <p class='ocr_par' dir='ltr' id='par_1_115' title="bbox 2029 5320 3616 5392">
     <span class='ocr_line' id='line_1_115' title="bbox 2029 5320 3616 5392; baseline 0.001 -17"><span class='ocrx_word' id='word_1_986' title='bbox 2029 5323 2148 5377; x_wconf 90' lang='lat' dir='ltr'><strong>sine</strong></span> <span class='ocrx_word' id='word_1_987' title='bbox 2193 5320 2392 5387; x_wconf 85' lang='lat' dir='ltr'><strong>medio,</strong></span> <span class='ocrx_word' id='word_1_988' title='bbox 2439 5335 2769 5392; x_wconf 64' lang='lat' dir='ltr'><strong>quaecunque</strong></span> <span class='ocrx_word' id='word_1_989' title='bbox 2802 5330 2860 5376; x_wconf 92' lang='lat' dir='ltr'><strong>ut</strong></span> <span class='ocrx_word' id='word_1_990' title='bbox 2897 5321 3182 5391; x_wconf 83' lang='lat' dir='ltr'><strong>plurimum</strong></span> <span class='ocrx_word' id='word_1_991' title='bbox 3228 5320 3302 5375; x_wconf 84' lang='lat' dir='ltr'><strong>sic</strong></span> <span class='ocrx_word' id='word_1_992' title='bbox 3347 5329 3493 5387; x_wconf 79' lang='lat' dir='ltr'><strong>sunt,</strong></span> <span class='ocrx_word' id='word_1_993' title='bbox 3525 5334 3616 5381; x_wconf 77' lang='lat' dir='ltr'><strong>aut</strong></span> 
     </span>
    </p>
   </div>
   <div class='ocr_carea' id='block_1_116' title="bbox 2028 5414 2176 5469">
    <p class='ocr_par' dir='ltr' id='par_1_116' title="bbox 2028 5414 2176 5469">
     <span class='ocr_line' id='line_1_116' title="bbox 2028 5414 2176 5469; baseline -0.02 0"><span class='ocrx_word' id='word_1_994' title='bbox 2028 5414 2176 5469; x_wconf 85' lang='lat' dir='ltr'><strong>ﬁunt.</strong></span> 
     </span>
    </p>
   </div>
   <div class='ocr_carea' id='block_1_117' title="bbox 2610 5525 3015 5584">
    <p class='ocr_par' dir='ltr' id='par_1_117' title="bbox 2610 5525 3015 5584">
     <span class='ocr_line' id='line_1_117' title="bbox 2610 5525 3015 5584; baseline 0.005 -3"><span class='ocrx_word' id='word_1_995' title='bbox 2610 5525 2835 5583; x_wconf 79' lang='lat' dir='ltr'><strong>CAPUT</strong></span> <span class='ocrx_word' id='word_1_996' title='bbox 2878 5528 3015 5584; x_wconf 78' lang='lat' dir='ltr'><strong>XIV.</strong></span> 
     </span>
    </p>
   </div>
   <div class='ocr_carea' id='block_1_118' title="bbox 2327 5622 3305 5695">
    <p class='ocr_par' dir='ltr' id='par_1_118' title="bbox 2327 5622 3305 5695">
     <span class='ocr_line' id='line_1_118' title="bbox 2327 5622 3305 5695; baseline 0.011 -22"><span class='ocrx_word' id='word_1_997' title='bbox 2327 5622 2440 5687; x_wconf 82' lang='lat' dir='ltr'><strong>Quo</strong></span> <span class='ocrx_word' id='word_1_998' title='bbox 2469 5631 2614 5689; x_wconf 83' lang='lat' dir='ltr'><strong>pacto</strong></span> <span class='ocrx_word' id='word_1_999' title='bbox 2643 5622 2874 5691; x_wconf 75' lang='lat' dir='ltr'><strong>deﬁnitio</strong></span> <span class='ocrx_word' id='word_1_1000' title='bbox 2904 5624 3199 5695; x_wconf 68' lang='lat' dir='ltr'><strong>castiganda</strong></span> <span class='ocrx_word' id='word_1_1001' title='bbox 3218 5633 3305 5686; x_wconf 79' lang='lat' dir='ltr'><strong>stt.</strong></span> 
     </span>
    </p>
   </div>
   <div class='ocr_carea' id='block_1_119' title="bbox 2100 5736 3619 5813">
    <p class='ocr_par' dir='ltr' id='par_1_119' title="bbox 2100 5736 3619 5813">
     <span class='ocr_line' id='line_1_119' title="bbox 2100 5736 3619 5813; baseline 0.01 -23"><span class='ocrx_word' id='word_1_1002' title='bbox 2100 5736 2382 5805; x_wconf 85' lang='lat' dir='ltr'><strong>Quomodo</strong></span> <span class='ocrx_word' id='word_1_1003' title='bbox 2412 5738 2630 5807; x_wconf 82' lang='lat' dir='ltr'><strong>quidem</strong></span> <span class='ocrx_word' id='word_1_1004' title='bbox 2682 5740 2749 5791; x_wconf 85' lang='lat' dir='ltr'><strong>sit</strong></span> <span class='ocrx_word' id='word_1_1005' title='bbox 2794 5740 2932 5809; x_wconf 88' lang='lat' dir='ltr'><strong>quod</strong></span> <span class='ocrx_word' id='word_1_1006' title='bbox 2981 5741 3107 5813; x_wconf 89' lang='lat' dir='ltr'><strong>quid</strong></span> <span class='ocrx_word' id='word_1_1007' title='bbox 3144 5755 3226 5799; x_wconf 83' lang='lat' dir='ltr'><strong>est</strong></span> <span class='ocrx_word' id='word_1_1008' title='bbox 3256 5745 3307 5801; x_wconf 89' lang='lat' dir='ltr'><strong>itt</strong></span> <span class='ocrx_word' id='word_1_1009' title='bbox 3353 5749 3619 5805; x_wconf 77' lang='lat' dir='ltr'><strong>terminos</strong></span> 
     </span>
    </p>
   </div>
   <div class='ocr_carea' id='block_1_120' title="bbox 2031 5827 3620 5905">
    <p class='ocr_par' dir='ltr' id='par_1_120' title="bbox 2031 5827 3620 5905">
     <span class='ocr_line' id='line_1_120' title="bbox 2031 5827 3620 5905; baseline 0.006 -24"><span class='ocrx_word' id='word_1_1010' title='bbox 2031 5827 2438 5898; x_wconf 84' lang='lat' dir='ltr'><strong>assignandum,</strong></span> <span class='ocrx_word' id='word_1_1011' title='bbox 2475 5838 2527 5881; x_wconf 90' lang='lat' dir='ltr'><strong>et</strong></span> <span class='ocrx_word' id='word_1_1012' title='bbox 2557 5830 2784 5899; x_wconf 86' lang='lat' dir='ltr'><strong>qualiter</strong></span> <span class='ocrx_word' id='word_1_1013' title='bbox 2810 5830 3221 5905; x_wconf 85' lang='lat' dir='ltr'><strong>demonstratio,</strong></span> <span class='ocrx_word' id='word_1_1014' title='bbox 3252 5846 3344 5894; x_wconf 89' lang='lat' dir='ltr'><strong>aut</strong></span> <span class='ocrx_word' id='word_1_1015' title='bbox 3373 5837 3620 5895; x_wconf 72' lang='lat' dir='ltr'><strong>deﬁnito</strong></span> 
     </span>
    </p>
   </div>
   <div class='ocr_carea' id='block_1_121' title="bbox 2033 5920 3618 6001">
    <p class='ocr_par' dir='ltr' id='par_1_121' title="bbox 2033 5920 3618 6001">
     <span class='ocr_line' id='line_1_121' title="bbox 2033 5920 3618 6001; baseline -0.001 -25"><span class='ocrx_word' id='word_1_1016' title='bbox 2033 5921 2101 5976; x_wconf 80' lang='lat' dir='ltr'><strong>sit</strong></span> <span class='ocrx_word' id='word_1_1017' title='bbox 2134 5920 2324 5990; x_wconf 64' lang='lat' dir='ltr'><strong>ipsiuS,</strong></span> <span class='ocrx_word' id='word_1_1018' title='bbox 2354 5931 2445 5974; x_wconf 89' lang='lat' dir='ltr'><strong>aut</strong></span> <span class='ocrx_word' id='word_1_1019' title='bbox 2476 5937 2601 5985; x_wconf 86' lang='lat' dir='ltr'><strong>non,</strong></span> <span class='ocrx_word' id='word_1_1020' title='bbox 2648 5923 2845 5980; x_wconf 76' lang='lat' dir='ltr'><strong>dictum</strong></span> <span class='ocrx_word' id='word_1_1021' title='bbox 2879 5938 2959 5985; x_wconf 71' lang='lat' dir='ltr'><strong>est</strong></span> <span class='ocrx_word' id='word_1_1022' title='bbox 2998 5930 3163 5998; x_wconf 61' lang='lat' dir='ltr'><strong>prius.</strong></span> <span class='ocrx_word' id='word_1_1023' title='bbox 3208 5934 3489 6001; x_wconf 67' lang='grc' dir='ltr'>ριιοωοιιο</span> <span class='ocrx_word' id='word_1_1024' title='bbox 3520 5936 3618 5990; x_wconf 44' lang='lat' dir='ltr'><strong>ut”:</strong></span> 
     </span>
    </p>
   </div>
  </div>
