4112 6332
587 325 690 391 755

1820 336 1929 394 AN.
1972 337 2177 397 MANL.
2218 335 2370 393 SEV.
2410 336 2630 394 BOETII

3372 293 3431 300 a_,
3458 291 3519 302 σο...

3761 336 3859 390 756

593 461 703 507 tem
727 458 937 523 oportet
960 452 1138 508 venari
1166 451 1221 507 in
1251 465 1318 507 eo
1359 451 1501 521 quod
1528 451 1653 522 quid
1685 461 1769 507 est
1796 452 2162 521 praedicantia,
2195 453 2246 511 Α
2274 451 2432 520 plius,
2463 451 2595 506 nihil
2627 450 3033 523 relinquendum
3084 452 3136 508 in
3186 466 3255 508 eo
3282 456 3423 523 quod
3470 452 3598 524 quid
3650 462 3758 519 est,
3784 454 3859 510 sic

591 564 735 604 nunc
759 548 1018 605 dicemus.
1051 548 1247 603 Eorum
1278 546 1439 617 igitur
1458 561 1577 617 quae
1599 534 2015 614 insunt'semper
2045 546 2167 599 uni-

590 645 802 712 cuique,
844 641 1086 711 quardam
1131 655 1191 697 se
1233 640 1526 698 extendunt
1557 641 1609 694 in
1643 640 1781 709 plus,
1833 657 1937 695 non
1987 652 2164 695 tamen

589 745 741 789 extra
768 748 959 804 genus.
1011 732 1142 789 Dico
1168 742 1345 789 autem
1399 733 1450 787 in
1501 732 1620 802 plus
1660 747 1781 788 esse
1832 747 2167 803 quaicnnque

590 829 773 883 insunt
793 829 1008 900 quidem
1043 828 1327 901 unicuique
1367 828 1770 892 universaliter,
1801 838 1854 881 at
1905 841 2010 881 non
2041 841 2169 880 vero

584 930 642 977 et
670 922 779 987 alii,
810 929 867 976 ut
902 928 989 977 est
1016 919 1218 992 aliquid
1251 920 1393 991 quod
1420 921 1567 975 omni
1612 920 1828 974 trinitati
1876 918 2037 982 inesa,
2071 916 2167 975 sed

583 1022 639 1069 et
665 1029 769 1069 non
803 1014 1056 1081 trinitati;
1086 994 1225 1069 sicut
1248 1013 1385 1083 quod
1415 1024 1517 1081 est,
1552 1013 1692 1068 inest
1710 1011 1953 1076 trinitati,
1991 1008 2085 1065 sed
2115 1016 2169 1064 et

585 1122 691 1162 nco
722 1123 968 1177 numero,
1021 1107 1116 1163 sed
1167 1108 1340 1178 impar
1379 1108 1517 1162 inest
1544 1106 1689 1165 omni
1737 1104 1985 1171 trinitati,
2028 1104 2166 1158 etin

586 1202 701 1270 plus
735 1213 838 1265 est,
872 1210 926 1255 ct
957 1214 1186 1271 namque
1214 1200 1312 1270 ipsi
1338 1200 1581 1270 quinario
1610 1200 1771 1264 inest,
1805 1197 1899 1252 sed
1937 1213 2041 1252 non
2072 1213 2169 1252 ex-

583 1306 663 1350 tra
689 1309 877 1364 genus,
924 1294 1203 1364 quinarins
1250 1293 1465 1362 quidem
1516 1304 1769 1346 numerus
1819 1298 1921 1353 est,
1955 1289 2161 1344 nullum

581 1395 758 1440 autem
787 1394 938 1440 extra
971 1400 1275 1452 numerum,
1309 1384 1481 1453 impar
1518 1392 1624 1438 εει.
1654 1380 1969 1465 Γυυίυεηιοάἰ
2002 1380 2165 1465 igitur

581 1477 886 1547 accipienda
909 1486 1032 1531 sunt
1064 1492 1228 1548 usque
1265 1476 1331 1531 ad
1354 1477 1474 1539 hoc,
1497 1455 1772 1546 quousque
1791 1485 1868 1530 tot
1895 1455 2166 1543 accipiant:

580 1578 666 1621 tur
697 1567 921 1635 primum
955 1583 1178 1637 quorum
1230 1568 1644 1639 unumquodque
1674 1568 1725 1623 in
1772 1568 1893 1638 plus
1925 1567 2013 1635 sit,
2043 1584 2160 1622 oni-

580 1662 663 1716 aia
690 1672 866 1715 autem
900 1678 1003 1717 non
1054 1648 1272 1733 inpius,
1317 1665 1452 1719 hanc
1479 1665 1622 1721 enim
1667 1680 1888 1720 necesse
1922 1678 2004 1721 εει
2034 1666 2161 1721 sub-

576 1752 826 1805 stantiam
858 1753 933 1807 rei
961 1769 1097 1809 esse.
1152 1753 1218 1810 Ut
1269 1755 1490 1809 trinitati
1523 1755 1663 1810 inest
1690 1757 1860 1823 omni,
1906 1769 2161 1813 numerus

2273 544 2611 602 solummodo
2639 545 2925 615 contingit,
2951 560 3071 600 cum
3102 545 3244 600 enim
3291 545 3521 615 primum
3566 546 3859 615 accipiatur

2272 652 2462 709 genus,
2487 638 2530 692 si
2558 637 2770 707 quidem
2798 638 3019 707 alicujus
3044 636 3360 693 inferiorum
3376 637 3611 708 aliquam
3639 638 3859 693 divisio-

2272 746 2398 785 num
2430 730 2673 800 accipiat,
2701 745 2804 785 non
2838 730 3039 785 incidet
3060 745 3220 786 omne
3248 731 3302 785 iit
3328 731 3447 797 hoc,
3473 741 3529 805 ut
3561 747 3669 786 non
3698 747 3858 787 omne

2270 823 2488 889 animal,
2515 835 2605 878 aut
2632 833 2797 878 totum
2825 832 3114 893 pennatum
3137 834 3240 889 est,
3266 835 3357 879 aut
3379 824 3608 879 divisum
3640 826 3852 894 pennis,

2270 915 2364 969 sed
2398 922 2709 983 pennatum,
2737 915 2935 969 animal
2965 930 3143 971 omne.
3174 916 3342 987 Hujus
3364 918 3508 973 enim
3552 916 3856 974 differentia

2272 1005 2388 1061 haec
2408 1015 2510 1062 est.
2562 1007 2737 1062 Prima
2790 1017 2966 1063 autem
3015 1008 3313 1064 differentia
3362 1020 3443 1064 est
3488 1008 3758 1077 animalis,
3806 1011 3857 1065 in

2269 1114 2428 1167 quam
2483 1113 2642 1153 omne
2687 1099 2882 1154 animal
2938 1099 3145 1153 incidit.
3198 1099 3459 1155 Similiter
3487 1110 3664 1155 autem
3711 1108 3768 1154 et
3804 1100 3856 1155 in

2271 1207 2594 1263 unoquoque
2637 1193 2887 1261 aliorum,
2931 1203 2987 1249 ει
3015 1194 3068 1249 in
3121 1194 3188 1249 iis
3234 1210 3355 1265 qua:
3377 1204 3526 1251 extra
3552 1209 3774 1267 genera,
3807 1202 3859 1251 et

2268 1299 2385 1353 qute
2415 1283 2515 1339 sub
2542 1284 2673 1354 ipsis
2703 1293 2849 1348 sunt,
2884 1295 2941 1340 ut
2974 1286 3025 1339 in
3047 1301 3166 1351 ave,
3200 1287 3254 1341 in
3281 1302 3381 1354 qua
3404 1293 3487 1342 est
3515 1288 3693 1341 omnis
3718 1301 3854 1350 avis,

2268 1386 2318 1431 et
2354 1378 2405 1431 in
2438 1378 2602 1447 pisce,
2632 1378 2686 1434 in
2716 1394 2823 1448 quo
2868 1378 3043 1435 omnis
3085 1388 3167 1435 εει
3208 1380 3388 1449 piscis.
3439 1380 3528 1436 Sic
3581 1380 3747 1451 igitur
3776 1398 3857 1433 va-

2266 1465 2410 1522 denti
2438 1478 2743 1539 promptum
2775 1479 2858 1524 est
2884 1470 3024 1525 scire
3050 1471 3301 1541 quoniam
3326 1471 3454 1526 nihil
3480 1472 3726 1527 relictum
3749 1483 3850 1539 est,

2267 1560 2420 1615 aliter
2458 1570 2640 1616 autem
2692 1562 3000 1633 relinquere
3053 1577 3275 1619 necesse
3317 1573 3419 1628 est,
3451 1573 3503 1618 et
3533 1578 3640 1617 non
3690 1565 3852 1618 scire.

2265 1652 2406 1708 Nihil
2431 1663 2610 1709 autem
2654 1664 2869 1725 oportet
2915 1654 3260 1710 defiuientem
3291 1665 3344 1709 et
3372 1654 3697 1710 dividentem
3740 1670 3854 1708 om-

2266 1747 2352 1801 nia
2380 1747 2520 1803 scire
2547 1763 2667 1818 qua:
2693 1756 2841 1815 sunt,
2869 1758 2926 1804 et
2952 1757 3134 1804 tamen
3167 1747 3493 1818 impossibile
3521 1747 3708 1802 dicunt
3734 1761 3854 1802 esse

578 1841 750 1910 impar
769 1845 968 1911 primus
994 1846 1291 1914 utrobique,
1313 1858 1366 1901 et
1388 1849 1523 1903 sicut
1542 1848 1678 1917 quod
1703 1858 1783 1904 est
1810 1865 1912 1903 non
1941 1864 2154 1904 tnensu-
2184 1853 2234 1914 Β
2269 1838 2505 1909 quidam.
2532 1838 2860 1895 diﬂ'ereutias
2887 1854 3235 1916 cognoscas,
3259 1855 3378 1909 qua:
3408 1848 3533 1894 sunt
3559 1838 3628 1893 ad
3658 1855 3855 1894 unum-

577 1933 683 1987 rari
716 1950 962 2004 numero,
991 1945 1045 1992 et
1066 1937 1204 1993 sicut
1235 1954 1339 1994 non
1370 1941 1614 2007 componi
1643 1958 1708 1997 ex
1751 1943 2011 1999 numeris.
2046 1943 2158 1998 Hoc

577 2023 756 2093 itaque
781 2024 888 2092 jam
920 2026 1132 2081 trinitas
1161 2037 1264 2091 est,
1317 2044 1569 2084 numerus
1616 2033 1787 2099 impar
1838 2032 2061 2101 primus,
2105 2045 2159 2090 et

574 2112 653 2167 sic
680 2113 901 2181 primus.
929 2116 1131 2171 llorum
1185 2118 1328 2173 enim
1359 2121 1774 2189 unumquodque
1825 2124 1911 2178 illa
1941 2126 2156 2194 quidem

580 2206 877 2275 imparibus
904 2209 1157 2265 omnibus
1206 2211 1407 2280 insunt,
1442 2214 1683 2268 nltimutn
1727 2226 1906 2272 autem
1944 2227 2000 2273 et
2025 2218 2157 2273 dua-

578 2298 736 2364 litati,
768 2301 948 2357 omnia
978 2311 1157 2358 autem
1188 2304 1339 2360 nulli.
1372 2304 1633 2374 Quoniam
1674 2318 1849 2363 autem
1881 2321 2155 2369 ostensum

574 2405 604 2445 a
644 2391 799 2446 nobis
845 2393 900 2447 in
950 2395 1355 2463 superioribus,
1404 2399 1543 2467 quod
1589 2401 1893 2456 necessaria
1941 2403 2155 2472 quidem

572 2490 701 2538 sunt
722 2483 774 2537 in
797 2499 861 2537 co
885 2484 1025 2554 quod
1051 2485 1178 2557 quid
1205 2497 1286 2542 est
1320 2488 1685 2556 prredicantia,
1716 2493 2032 2555 universalia
2064 2513 2158 2552 au-

574 2582 681 2628 tem
712 2575 1017 2631 necessaria
1051 2586 1193 2643 sunt,
1229 2580 1452 2635 trinitati
1500 2592 1698 2650 autem,
1729 2593 1785 2639 et
1820 2587 2040 2643 cuilibet
2067 2590 2157 2645 alii

571 2664 649 2721 sic
674 2666 1009 2735 accipiuntur
1037 2667 1092 2723 in
1136 2684 1203 2724 eo
1230 2670 1372 2740 quod
1400 2673 1526 2743 quid
1560 2684 1644 2729 est
1689 2688 1928 2747 accepta,
1964 2680 2042 2734 sic
2087 2697 2153 2735 ex

571 2758 892 2812 necessitate
948 2759 1168 2829 quidem
1217 2762 1321 2817 erit
1369 2763 1579 2820 trinitas
1630 2765 1765 2823 haec.
1797 2768 1947 2834 Quod
1978 2781 2156 2827 autem

571 2847 863 2904 substantia
916 2851 1006 2917 sit,
1037 2868 1103 2907 ex
1159 2836 1251 2907 bis,
1289 2856 1628 2912 manifestum
1680 2870 1784 2925 est,
1832 2876 2049 2918 necesse
2073 2876 2157 2920 est

570 2938 716 2993 enim
765 2940 867 2994 nisi
898 2944 997 2996 hoc
1045 2944 1113 2996 sit
1145 2945 1396 3000 trinitatis
1442 2962 1591 3011 esse,
1630 2958 1685 3003 ut
1725 2964 1892 3019 genus
1941 2953 2154 3022 aliquod

570 3043 716 3096 esse;
740 3031 838 3085 hoc
865 3039 1043 3085 autem
1077 3034 1404 3090 nominatum
1424 3046 1525 3101 est,
1550 3047 1640 3092 aut
1666 3054 1769 3093 non
1800 3042 2150 3110 no:i.iuatum,

577 3119 683 3171 erit
714 3118 873 3188 igitur
902 3120 955 3174 in
987 3121 1103 3189 plus
1126 3138 1283 3191 quam
1312 3125 1536 3179 trinitati
1574 3126 1890 3187 inexistens.
1924 3132 2154 3209 Qonces-

2260 1931 2509 2002 quodque
2535 1949 2657 2001 non,
2675 1941 3085 2004 cognoscentem
3110 1932 3549 2003 unumquodque,
3609 1932 3730 1988 sine
3760 1946 3854 1986 au-

2261 2035 2366 2080 tem
2397 2023 2716 2080 differentiis
2737 2041 2843 2080 non
2874 2039 2995 2082 esse
3025 2025 3443 2096 unumquodque
3468 2024 3627 2089 scire,
3663 2039 3695 2079 a
3739 2040 3852 2096 quo

2259 2118 2529 2173 enimnon
2546 2117 2745 2184 differt,
2778 2116 2919 2172 idem
2950 2131 3072 2174 esse
3093 2116 3239 2184 huic,
3260 2131 3292 2172 a
3320 2131 3427 2187 quo
3440 2124 3619 2173 autem
3642 2115 3846 2179 diﬂcrt,

2256 2212 2484 2265 alterum
2516 2210 2585 2265 ab
2632 2210 2752 2266 hoc.
2804 2210 3045 2266 Primum
3086 2208 3301 2280 quidem
3355 2210 3460 2266 hoc
3490 2210 3681 2265 falsum
3722 2221 3849 2277 est,

2259 2320 2365 2358 non
2424 2305 2567 2359 enim
2614 2305 2908 2359 secundum
2955 2317 3169 2359 omnem
3219 2302 3573 2359 difl‘erentiam
3615 2304 3848 2358 alterum

2258 2406 2379 2461 est;
2418 2397 2599 2451 multm
2645 2397 2790 2451 enim
2823 2405 2948 2451 sunt
2975 2395 3291 2451 differentiae
3318 2396 3371 2449 in
3411 2395 3614 2450 eisdem
3642 2396 3847 2464 specie,

2258 2491 2353 2545 sed
2398 2506 2502 2545 non
2531 2491 2823 2546 secundum
2858 2489 3236 2554 substantiam,
3272 2504 3446 2558 neque
3482 2504 3576 2558 per
3623 2502 3702 2543 se.
3741 2488 3845 2543 Po-

2257 2593 2369 2638 stea
2401 2599 2521 2637 cum
2552 2582 2885 2652 accipiantur
2932 2582 3179 2651 opposita
3202 2590 3257 2637 et
3279 2580 3600 2646 differentia,
3626 2589 3679 2634 et
3700 2581 3845 2650 quod

2258 2690 2418 2731 mune
2465 2674 2652 2729 incidit
2700 2675 2825 2730 hinc
2875 2684 2964 2728 aut
3009 2673 3157 2741 inde,
3211 2683 3266 2727 et
3320 2673 3543 2743 accipiat
3572 2674 3628 2727 in
3671 2672 3847 2727 altero

2258 2769 2401 2838 quod
2424 2770 2681 2839 quarritnr
2703 2781 2847 2834 esse,
2893 2778 2948 2823 et
2998 2769 3100 2822 hoc
3149 2777 3459 2837 cognoscat,
3490 2765 3621 2821 nihil
3665 2766 3847 2822 differt

2259 2860 2398 2915 scire
2449 2868 2540 2913 aut
2598 2874 2706 2914 non
2747 2859 2890 2915 scire
2918 2858 2988 2915 de
3033 2860 3439 2929 quibuscunque
3482 2856 3848 2927 praedicantur

2259 2951 2381 3005 aliis
2421 2950 2756 3006 difl‘erentiae.
2798 2948 3134 3005 Manifestum
3183 2949 3330 3005 enim
3382 2950 3632 3019 estquod
3687 2950 3848 3006 sisic

2260 3042 2461 3097 vadens
2494 3043 2676 3097 veniat
2701 3041 2754 3096 in
2786 3041 2901 3096 haec
2929 3056 3160 3111 quorum
3213 3054 3320 3095 non
3371 3050 3451 3095 est
3479 3040 3713 3109 amplius
3738 3039 3846 3095 dif-

2259 3134 2511 3202 ferentia,
2549 3133 2764 3188 habebit
2807 3132 3069 3188 rationem
3102 3131 3436 3197 substantiae,
3463 3145 3625 3187 omne
3664 3141 3846 3188 autem

571 3222 690 3262 sum
724 3211 867 3264 enim
902 3209 1204 3279 hujusmodi
1253 3213 1323 3268 sit
1353 3230 1475 3272 esse
1503 3232 1692 3288 genus,
1738 3232 1795 3277 ut
1839 3224 1979 3292 quod
2029 3224 2229 3293 insitC
2262 3227 2501 3283 incidere
2532 3229 2585 3281 in
2616 3225 2966 3295 divisionem,
2997 3226 3043 3279 si
3084 3226 3193 3279 sint
3234 3224 3480 3294 opposita
3527 3223 3723 3293 quibus
3764 3225 3848 3278 ni-

571 3299 786 3370 quidem
817 3302 1112 3358 secundum
1147 3305 1435 3374 potentiam
1466 3309 1519 3363 in
1549 3310 1686 3379 plus,
1734 3313 1782 3368 si
1813 3315 1973 3385 igitur
2018 3320 2147 3375 nulli

569 3391 821 3447 inestalii
855 3410 1011 3462 quam
1042 3396 1233 3451 atomis
1290 3397 1639 3471 trinitatibus,
1683 3404 1781 3459 hoc
1813 3408 1997 3478 utique
2048 3413 2153 3468 erit

570 3479 979 3551 trinitatisesse;
1006 3498 1335 3557 supponatur
1363 3491 1505 3545 enim
1526 3490 1626 3547 hoc
1654 3494 1952 3552 substantia
1969 3501 2151 3557 unius-

569 3574 828 3646 cujusque
887 3592 1039 3643 esse,
1090 3593 1210 3649 quae
1262 3580 1312 3634 in
1359 3582 1554 3636 atomis
1592 3583 1832 3641 ttltimnm
1889 3568 2148 3658 prtedica-

567 3676 699 3737 tum,
735 3686 900 3741 quare
930 3670 1177 3728 similiter
1202 3683 1253 3727 et
1285 3675 1373 3729 alii
1417 3675 1655 3743 cuilibet,
1702 3679 1780 3732 sic
1815 3678 2151 3736 demonstra-

567 3769 745 3814 tortim
779 3762 1017 3829 quidem,
1070 3762 1145 3816 illi
1194 3779 1314 3819 esse
1343 3766 1465 3821 erit.
1515 3765 1817 3839 Congruum
1849 3780 2030 3827 autem
2068 3784 2152 3829 est

566 3866 686 3907 cum
718 3859 885 3906 totum
916 3853 1128 3924 aliquod
1184 3858 1487 3927 negotietur
1530 3860 1721 3930 aliquis
1769 3862 2023 3933 departiri
2058 3883 2151 3937 ge-

566 3955 665 3996 nus
694 3943 745 3996 in
779 3950 952 3996 atoma
984 3945 1160 4014 specie
1187 3945 1381 4015 prima,
1432 3958 1487 4002 ut
1528 3965 1805 4006 numerum
1838 3952 1891 4006 in
1941 3955 2151 4009 trinita-

567 4043 695 4104 tem,
725 4044 780 4092 et
806 4034 1139 4105 dualitatem,
1194 4050 1377 4110 postea
1431 4042 1508 4097 sic
1556 4043 1763 4100 illorum
1810 4047 2148 4105 definitiones

566 4130 814 4201 accipere
846 4141 1074 4202 tentare,
1107 4142 1164 4188 ut
1208 4145 1370 4190 rectae
1411 4136 1585 4206 linea},
1614 4148 1666 4194 et
1688 4141 1895 4209 circuli,
1930 4153 1983 4197 et
2014 4146 2146 4199 recti

566 4221 767 4291 anguli.
792 4222 918 4279 Post
948 4223 1066 4279 haec
1095 4235 1273 4281 autem
1313 4227 1664 4298 accipientem
1690 4231 1829 4301 quod
1861 4247 2028 4303 genus
2057 4230 2147 4301 sit,

567 4321 624 4368 ut
654 4324 828 4369 utrum
854 4317 1233 4385 quantitatum,
1264 4326 1356 4373 aut
1380 4320 1718 4389 qualitatum,
1750 4324 1993 4392 proprias
2024 4340 2146 4393 pas-

567 4403 747 4460 siones
785 4404 1051 4474 speculari
1101 4422 1196 4476 per
1241 4410 1543 4464 communia
1594 4413 1786 4480 prima,
1836 4414 2149 4481 compositis

566 4497 709 4552 enim
737 4513 800 4551 ex
830 4499 1023 4557 atomis
1051 4499 1444 4565 convenientia,
1468 4516 1531 4555 ex
1560 4500 1959 4559 definitionibus
1988 4514 2148 4560 erunt

2261 3318 2334 3373 bil
2364 3319 2602 3385 interest,
2639 3332 2743 3372 non
2770 3328 2852 3373 est
2882 3317 3069 3387 petitio
3094 3332 3110 3382 ;
3145 3330 3368 3372 necesse
3394 3324 3481 3371 est
3507 3316 3653 3372 enim
3682 3330 3850 3372 omne

2262 3412 2312 3465 in
2345 3412 2513 3466 altero
2544 3409 2779 3480 ipsorum
2825 3421 2967 3473 esse,
3012 3407 3056 3461 si
3105 3406 3322 3476 quidem
3372 3406 3514 3461 illius
3540 3405 3846 3462 difl'erentia

2258 3511 2359 3558 εει.
2396 3502 2474 3556 Ad
2501 3500 2833 3572 probandum
2860 3507 3039 3553 autem
3081 3500 3369 3554 terminum
3394 3514 3491 3569 per
3528 3496 3845 3562 divisiones,

2257 3596 2356 3649 tiia
2389 3604 2598 3666 oportet
2618 3596 3011 3663 conjecturare,
3066 3600 3123 3647 υι
3180 3591 3508 3662 accipiantur
3556 3591 3844 3661 praedicata

2259 3691 2309 3745 in
2334 3704 2399 3746 eo
2423 3688 2562 3759 quod
2594 3688 2718 3761 quid
2752 3697 2853 3757 est,
2887 3695 2941 3742 et
2990 3688 3105 3741 hinc
3156 3686 3399 3740 ordinate
3449 3684 3575 3756 quid
3608 3685 3843 3754 primum

2255 3791 2357 3846 εει,
2388 3791 2478 3836 aut
2505 3780 2820 3847 secundum,
2850 3788 2905 3835 et
2935 3779 3183 3849 quoniam
3214 3777 3329 3833 hac
3368 3778 3550 3831 omnia
3578 3776 3710 3832 sint.
3746 3775 3842 3832 Est

2253 3885 2431 3930 autem
2455 3889 2616 3928 unum
2643 3874 2831 3927 horum
2875 3880 2928 3926 et
2959 3871 3186 3941 primum
3240 3885 3336 3939 per
3363 3868 3415 3924 id
3464 3869 3606 3938 quod
3654 3883 3847 3939 possu-

2254 3982 2373 4022 mus
2415 3968 2551 4021 sicut
2601 3966 2666 4019 ad
2715 3964 2965 4019 accidens
3005 3964 3345 4035 syllogizare,
3390 3963 3644 4032 quoniam
3677 3971 3843 4017 estet

2256 4072 2350 4128 per
2376 4070 2544 4127 genus
2578 4056 2823 4124 probare.
2879 4055 3143 4111 Ordinare
3190 4064 3367 4108 autem
3411 4053 3550 4109 sicut
3602 4061 3840 4124 oportet,

2253 4149 2374 4211 erit,
2400 4148 2444 4201 si
2477 4148 2707 4214 primum
2738 4146 2985 4212 accipiat,
3020 4146 3121 4200 hoc
3148 4153 3327 4199 autem
3376 4145 3480 4199 erit
3526 4144 3577 4199 si
3607 4144 3841 4213 accipia-

2256 4249 2342 4294 tur
2366 4237 2507 4308 quod
2537 4237 2783 4301 omnibus
2832 4238 3093 4306 sequitur,
3139 4236 3211 4290 illi
3261 4245 3437 4290 autem
3482 4248 3586 4290 non
3634 4237 3840 4301 enauia,

2253 4345 2476 4388 necesse
2520 4339 2603 4385 est
2633 4330 2774 4383 enim
2814 4329 3027 4399 aliquod
3073 4343 3194 4384 esse
3237 4327 3566 4398 hujusmodi,
3612 4337 3840 4398 accepto

2250 4432 2428 4477 autem
2463 4424 2582 4489 hoc,
2611 4420 2720 4490 jam
2752 4420 2892 4474 idem
2921 4420 3262 4475 inletioribus
3295 4420 3505 4487 modus,
3539 4419 3838 4475 secundum

2250 4514 2415 4581 enim,
2440 4513 2670 4567 aliorum
2702 4513 2931 4582 primum
2961 4513 3082 4576 erit,
3113 4524 3167 4567 et
3197 4513 3413 4569 tertium
3435 4514 3837 4579 continuorutu.

570 4585 875 4684 manifesta,
901 4598 1183 4660 propterea
1226 4591 1368 4662 quod
1420 4592 1738 4661 principium
1792 4604 1872 4648 est
1906 4596 2144 4649 omnium
2174 4624 2229 4684 Β
2254 4613 2463 4657 remoto
2491 4604 2634 4659 enim
2657 4602 2798 4673 quod
2854 4613 2935 4657 cst
2977 4617 3213 4669 sursum,
3244 4605 3557 4660 continuum
3608 4604 3837 4660 aliorum

565 4680 827 4745 definitio.
858 4691 912 4739 et
939 4684 1078 4754 quod
1110 4684 1337 4755 simplex
1368 4695 1473 4752 est,
1503 4695 1553 4740 et
1583 4686 1917 4755 simplicibus
1949 4704 2043 4758 per
2083 4705 2143 4745 se

564 4771 741 4829 lncsse
768 4776 1136 4831 convenientia
1167 4776 1314 4841 solis,
1348 4775 1469 4832 aliis
1494 4786 1670 4833 autem
1703 4779 1996 4835 secundum
2029 4782 2140 4837 illa.

564 4864 670 4922 Sed
699 4865 992 4923 divisiones
1018 4884 1137 4940 quae
1158 4877 1282 4923 sunt
1311 4868 1603 4924 secundum
1635 4868 1985 4937 differentias,
2036 4873 2135 4927 uti-

563 4957 641 5014 les
666 4968 793 5014 sunt
819 4959 885 5014 ad
929 4962 1028 5015 hoc
1055 4962 1135 5016 sic
1162 4961 1487 5027 adeundum,
1522 4972 1577 5017 ut
1604 4972 1780 5019 tamen
1820 4975 2140 5034 monstrant,

562 5051 759 5107 dictum
787 5063 869 5107 est
900 5052 1065 5123 prius.
1095 5053 1265 5111 Utiles
1295 5070 1473 5113 autem
1520 5068 1678 5114 erunt
1703 5061 1780 5116 sic
1824 5062 2006 5133 utique
2052 5080 2140 5119 so-

561 5142 672 5199 lum
696 5143 761 5198 ad
788 5145 1146 5215 colligendum
1179 5148 1318 5219 quod
1353 5152 1480 5222 quid
1528 5161 1632 5222 est,
1663 5164 1716 5209 et
1745 5154 2010 5211 videbitur
2038 5157 2144 5211 uti-

562 5250 667 5306 que
697 5235 829 5291 nihil
859 5245 1185 5306 monstrare,
1215 5241 1307 5296 sed
1338 5260 1460 5299 mox
1490 5245 1740 5315 decipere
1775 5249 1978 5314 omnia,
2029 5258 2144 5305 tan-

561 5341 723 5397 quam
752 5329 797 5383 si
825 5345 887 5384 ex
921 5330 1183 5400 principio
1204 5337 1473 5405 acceperit
1492 5338 1687 5410 aliquis
1714 5342 1832 5397 sine
1858 5342 2141 5403 divisione.

567 5415 753 5473 Diﬂert
792 5431 971 5477 autem
992 5422 1193 5494 aliquid
1221 5427 1448 5490 primum
1478 5441 1533 5485 et
1582 5435 1849 5500 posterius
1886 5438 2145 5505 praedica-

563 5520 865 5568 mentorum
891 5516 1193 5584 prmdicari,
1223 5528 1285 5575 ut
1312 5529 1393 5577 cst
1438 5522 1619 5578 dicere
1661 5527 1857 5580 animal
1896 5542 2142 5584 mansue-

564 5608 673 5657 tum
708 5601 879 5672 bipes,
925 5609 1007 5662 vel
1058 5607 1209 5677 bipes
1253 5612 1448 5666 animal
1497 5626 1862 5680 mansuetum;
1916 5618 1958 5671 si
1999 5621 2141 5675 enim

564 5706 724 5750 omne
744 5710 813 5752 ex
835 5696 1048 5755 duobus
1069 5709 1171 5769 est,
1202 5711 1257 5756 et
1301 5718 1463 5758 unum
1493 5704 1622 5773 quid
1670 5706 1737 5759 sit
1766 5708 1960 5762 animal
1995 5726 2145 5765 man-

566 5793 798 5852 suetum,
827 5788 1019 5844 iterum
1046 5805 1113 5846 ex
1143 5792 1243 5848 hoc
1272 5803 1328 5848 et
1350 5794 1645 5849 differentia
1674 5797 1831 5851 homo
1857 5811 1944 5854 aut
1975 5802 2148 5870 quod-

567 5874 697 5932 libet
726 5890 891 5933 unum
917 5881 1007 5947 sit,
1030 5895 1247 5937 necesse
1285 5895 1370 5941 est
1415 5885 1736 5945 dividentem
1783 5899 1983 5959 petere.
2017 5891 2145 5949 Am-

2256 4696 2484 4765 primutn
2516 4699 2639 4761 erit,
2671 4696 2916 4751 similiter
2936 4706 3111 4752 autem
3133 4706 3189 4751 et
3219 4698 3272 4752 in
3301 4697 3442 4754 aliis.
3474 4696 3625 4764 Quod
3655 4706 3837 4754 autem

2251 4785 2430 4853 omnia
2460 4784 2574 4840 haec
2601 4786 2731 4849 sint,
2754 4784 3093 4840 manifestum
3131 4801 3197 4841 es
3230 4785 3332 4841 hoc
3352 4786 3495 4856 quod
3525 4786 3836 4855 recipimus.

2257 4878 2484 4945 primum
2507 4878 2720 4946 quidem
2744 4876 3035 4932 secundum
3047 4877 3648 4948 divisionem,quoniatn
3671 4892 3836 4932 omne

2208 4994 2215 5000 -
2252 4978 2343 5022 aut
2370 4972 2491 5033 hoc,
2517 4977 2608 5022 aut
2639 4969 2768 5022 illud
2796 4977 2900 5033 est,
2931 4977 3013 5024 est
3037 4979 3214 5062 autem
3263 4969 3387 5035 hoc,
3415 4982 3470 5026 et
3494 4969 3691 5025 iterum
3739 4969 3827 5024 hu-

2245 5060 2339 5128 jus
2370 5059 2531 5113 totius
2552 5058 2929 5125 difl'erentiam,
2961 5057 3189 5113 extre'mi
3233 5069 3408 5115 autem
3456 5076 3561 5115 non
3606 5060 3833 5128 amplius

2247 5168 2369 5208 esse
2397 5151 2775 5218 differentiam,
2801 5150 2884 5204 vel
2907 5150 3066 5206 etiam
3099 5152 3276 5205 statim
3303 5167 3425 5207 cum
3469 5152 3658 5207 ultima
3686 5150 3832 5206 diffe-

2249 5245 2476 5300 rentiaa
2508 5251 2619 5298 toto
2665 5258 2769 5297 non
2819 5242 3038 5298 differre
3088 5242 3291 5312 specie.
3336 5242 3449 5299 lloc
3495 5242 3832 5299 manifestum

2247 5338 2392 5392 enim
2420 5344 2525 5401 est,
2554 5336 2805 5405 quoniam
2838 5350 3011 5405 neque
3061 5329 3180 5405 plus
3211 5335 3313 5390 hoc
3360 5338 3669 5407 opponitur.
3703 5339 3832 5390 Um-

2250 5432 2334 5486 nia
2367 5432 2510 5487 enim
2539 5430 2591 5484 in
2619 5445 2686 5485 eo
2712 5430 2856 5499 quod
2885 5430 3011 5500 quid
3032 5441 3118 5487 est
3136 5432 3476 5501 accipiuntur
3502 5432 3714 5495 horum,
3741 5446 3831 5485 ηε·

2247 5540 2351 5595 que
2370 5524 2553 5580 deficit
2575 5522 2740 5592 nihil,
2772 5534 2864 5579 aut
2888 5524 3030 5580 enim
3072 5539 3260 5595 genus,
3290 5536 3382 5580 aut
3408 5525 3705 5581 differentia
3734 5527 3829 5579 nti-

2251 5629 2357 5683 que
2383 5615 2507 5678 erit,
2539 5628 2711 5685 genus
2748 5613 2963 5682 quidem
2992 5614 3157 5685 igitur
3202 5625 3287 5670 est
3324 5616 3579 5685 primum,
3620 5627 3674 5671 et
3709 5629 3829 5673 cum

2248 5708 2567 5764 differentiis
2597 5712 2701 5763 hoc
2726 5717 3001 5778 acceptum
3025 5717 3128 5772 est,
3157 5707 3477 5766 dilerentite
3507 5719 3685 5765 autem
3717 5724 3828 5762 om-

2252 5806 2349 5883 ijes
2379 5801 2671 5867 habentur,
2704 5817 2809 5857 non
2835 5802 2980 5857 enim
3012 5801 3242 5871 amplius
3270 5812 3354 5858 est
3382 5802 3664 5872 posterior.
3697 5799 3826 5870 Spe-

2250 5895 2332 5950 cie
2349 5892 2495 5948 enim
2519 5894 2700 5963 utique
2728 5891 2988 5960 differret,
3016 5903 3073 5951 ει
3094 5892 3359 5964 ultimum,
3390 5893 3493 5950 hoc
3532 5900 3708 5949 autem
3749 5889 3823 5949 di.
