4112 6332
378 327 486 389 757

920 324 1406 386 POSTERIORUM
1445 324 1985 381 ANALYTICORUM
2025 324 2475 387 ARISTOTELIS
2508 330 3084 389 lNTERPRE'I’ATIO.

3529 331 3635 388 758

378 458 523 506 ctum
550 454 636 505 εει
655 462 762 503 non
791 437 1032 502 ὤσει·νεῖ
1050 445 1301 513 Qumrerc
1332 452 1508 499 autem
1548 450 1762 512 oportet
1782 442 1953 496 inten-
1989 440 2037 501 Δ
2064 442 2274 510 quidem
2339 444 2633 500 secundum
2680 460 2744 500 ea
2792 462 2912 517 quae
2954 446 3293 515 assignantur
3338 446 3637 499 communia

378 542 595 599 dentem
623 540 677 596 in
706 541 921 607 similia,
953 544 1008 595 et
1034 535 1409 603 indiﬂ'erentia,
1439 537 1669 607 primum
1687 534 1814 605 quid
1842 548 1960 588 om-

378 637 469 693 nia
487 635 634 691 idem
658 634 907 699 habeant,
964 640 1147 702 postea
1203 631 1391 685 iterum
1441 631 1491 682 in
1538 629 1727 694 altera,
1757 642 1876 697 quae
1904 626 1958 680 in

377 728 573 784 eodem
604 725 821 797 quidem
848 738 1048 795 genere
1095 730 1225 778 sunt
1273 736 1394 776 cum
1445 719 1571 785 illis,
1616 729 1740 774 sunt
1783 728 1959 773 autem

377 821 511 892 ipsis
542 818 761 891 quidem
792 818 934 874 idem
959 817 1161 887 specie,
1192 814 1260 869 ab
1285 814 1391 869 illis
1412 822 1588 869 autem
1618 813 1806 878 altera,
1838 826 1961 866 cum

378 920 558 967 autem
601 910 655 965 in
700 906 785 964 his
820 907 1109 978 accipiatur
1155 904 1278 976 quid
1314 903 1537 958 omnino
1576 901 1755 970 idem,
1807 911 1859 956 et
1907 901 1965 956 in

377 1003 499 1058 aliis
528 1003 800 1070 similiter,
829 1002 882 1057 in
912 1000 1147 1068 acceptis
1170 1000 1360 1053 iterum
1390 994 1772 1051 intendendum
1806 1004 1887 1050 est
1916 994 1962 1049 si

376 1091 521 1149 idem
570 1094 656 1157 sit,
681 1105 958 1161 quousque
1004 1089 1059 1144 in
1110 1102 1269 1142 unam
1311 1086 1635 1142 conveniant
1676 1086 1960 1140 rationem.

378 1185 507 1241 Haec
530 1184 673 1245 enim
699 1185 804 1240 erit
829 1182 1093 1238 deﬁnitio.
1120 1182 1177 1237 Si
1208 1195 1335 1235 vero
1364 1195 1471 1234 non
1501 1178 1649 1233 vadit
1693 1178 1746 1232 in
1778 1192 1961 1243 unam,

375 1276 474 1333 sed
506 1278 560 1332 in
591 1277 746 1341 duas,
774 1284 866 1329 aut
908 1274 1112 1345 plures,
1171 1272 1510 1327 manifestum
1560 1280 1645 1326 est
1691 1271 1832 1340 quod
1864 1269 1963 1324 uti-

380 1383 488 1441 que
529 1382 635 1424 non
692 1375 777 1423 est
826 1380 991 1420 unum
1042 1363 1261 1435 aliquod
1313 1362 1456 1433 quod
1498 1361 1838 1432 praedicatur,
1868 1359 1961 1416 sed

327 1450 334 1467 '
376 1458 561 1529 plura.
593 1456 662 1513 Ut
687 1457 831 1524 dico,
858 1456 904 1511 si
930 1454 1057 1526 quid
1082 1464 1166 1510 est
1196 1452 1608 1523 magnanimitas
1650 1453 1960 1523 quaerimus,

378 1550 768 1607 intendendum
804 1558 891 1605 est
914 1548 969 1603 in
994 1546 1254 1619 quosdam
1285 1545 1677 1616 magnanimos,
1700 1560 1835 1614 quos
1854 1544 1962 1600 sci-

378 1662 500 1703 mus
528 1646 653 1717 quid
683 1647 912 1701 habeant
942 1658 1105 1699 unum
1138 1655 1329 1698 omnes
1359 1641 1671 1712 inquantum
1698 1648 1826 1696 sunt
1867 1640 1964 1695 hu-
1998 1652 2007 1655 ‘

377 1740 632 1813 jusmodi.
661 1738 730 1795 Ut
752 1739 797 1794 si
828 1736 1135 1793 Alcibiades
1163 1735 1557 1805 magnanimus,
1585 1741 1676 1788 aut
1702 1731 1960 1801 Achilles,

2063 533 2298 595 nomina,
2333 533 2580 590 dicimus.
2615 536 2840 606 Oportet
2882 543 3061 592 autem
3092 551 3196 591 non
3239 535 3413 591 solum
3461 536 3513 589 in
3558 535 3640 590 his

2061 626 2425 691 considerare,
2454 628 2550 684 sed
2581 636 2636 683 et
2664 630 2707 684 si
2735 629 2877 684 aliud
2900 629 3095 697 aliquid
3119 628 3328 684 videtur
3354 643 3639 683 commune

2062 718 2297 775 existens
2325 720 2702 790 accipientem,
2732 733 2910 793 postea
2934 724 3123 794 quibus
3146 725 3247 779 hoc
3275 724 3553 788 inhaereat,
3581 733 3639 779 et

2061 814 2237 882 qualia
2267 814 2393 869 huic
2420 828 2730 886 sequantur,
2773 827 2831 873 ut
2853 833 3052 874 cornua
3075 817 3393 873 habentibus
3439 818 3637 874 habere

2062 912 2300 974 ventres,
2326 916 2377 961 ct
2404 922 2508 960 non
2557 908 2839 979 utrobique
2887 910 3076 965 dentes
3114 925 3255 974 esse,
3286 910 3409 965 item
3441 909 3640 965 habere

2061 1014 2259 1056 cornua
2312 1000 2504 1070 quibus
2551 1002 2813 1072 sequitur,
2871 1002 3207 1059 manifestum
3239 1003 3379 1059 enim
3424 1011 3641 1074 propter

2062 1093 2188 1163 quid
2219 1094 2270 1148 in
2303 1094 2406 1148 illis
2436 1104 2518 1150 est
2546 1095 2686 1165 quod
2716 1095 2931 1163 dicitur,
2962 1106 3203 1171 propter
3228 1097 3279 1152 id
3308 1097 3453 1152 enim
3497 1097 3638 1168 quod

2061 1200 2259 1241 cornua
2287 1185 2682 1254 habent,inest.
2708 1188 2984 1258 Amplius,
3010 1190 3145 1243 alius
3195 1188 3382 1243 modus
3429 1200 3510 1244 est
3553 1203 3636 1243 se-

2062 1279 2293 1351 cundum
2321 1278 2603 1347 analogum
2637 1280 2858 1351 eligere,
2888 1297 3050 1335 unum
3079 1295 3220 1333 etum
3261 1281 3502 1349 accipere
3532 1296 3636 1334 non

2062 1380 2145 1427 est
2169 1370 2334 1437 idem,
2368 1372 2507 1445 quod
2538 1381 2753 1442 oportet
2779 1388 2971 1429 vocare
3005 1372 3263 1440 seipsum,
3314 1384 3365 1428 et
3409 1371 3636 1444 spinam,

2062 1469 2118 1516 et
2145 1476 2228 1528 os,
2256 1471 2381 1517 sunt
2409 1471 2586 1518 autem
2606 1479 2724 1533 qua:
2747 1477 3041 1535 sequuntur
3071 1476 3123 1519 et
3148 1464 3250 1532 his,
3276 1475 3523 1535 tanqutm
3545 1481 3639 1519 na-

2063 1561 2182 1609 tura
2210 1571 2313 1610 una
2340 1554 2646 1624 hujusmodi
2674 1558 2959 1611 existente.
2994 1557 3194 1610 Eadem
3244 1566 3417 1629 autem
3450 1572 3639 1626 prope.

2062 1645 2165 1702 sita
2189 1657 2333 1714 sunt,
2360 1663 2481 1718 quas
2511 1647 2723 1717 quidem
2753 1649 2891 1702 idem
2921 1650 3151 1703 medium
3185 1649 3399 1713 habent,
3428 1658 3483 1703 ιιι
3513 1664 3640 1718 quo-

2064 1740 2204 1796 niam
2238 1742 2416 1796 omnia
2446 1742 2700 1797 contrarii
2721 1750 2911 1807 status,
2944 1741 3134 1797 horum
3177 1751 3350 1797 autem
3398 1742 3638 1811 qutedam

375 1844 434 1890 et
460 1833 616 1901 Ajas,
634 1831 759 1902 quid
780 1842 1144 1886 unumomnes
1172 1828 1403 1883 habent?
1430 1844 1539 1884 non
1561 1828 1793 1883 tolerare
1815 1826 1961 1895 inju-
1989 1814 2038 1877 Β
2064 1846 2266 1901 genere
2293 1832 2482 1889 eadem
2513 1843 2660 1899 sunt,
2690 1850 3019 1906 qumcunque
3048 1836 3107 1888 ha
3122 1836 3247 1890 bent
3291 1834 3640 1892 ditl‘erentiaS.

380 1926 523 1981 tiati.
542 1926 635 1980 Hic
645 1926 786 1979 enim
802 1923 1090 1991 dimicavit,
1107 1922 1197 1978 ille
1210 1923 1476 1991 insanivit,
1505 1924 1591 1978 hic
1601 1931 1778 1978 autem
1794 1921 1959 1977 inter-

376 2019 507 2075 fecit
533 2020 791 2087 seipsum.
818 2017 1017 2071 lterum
1061 2016 1200 2070 idem
1228 2025 1313 2072 est
1342 2017 1393 2071 in
1436 2016 1642 2083 alteris,
1671 2027 1728 2071 ut
1756 2015 1957 2086 Lysan-

378 2110 499 2176 dro,
518 2118 575 2165 et
590 2109 837 2177 Socrate,
851 2102 1398 2179 sijamindiﬂerentes
1426 2122 1570 2171 esse,
1597 2116 1653 2163 et
1677 2106 1954 2171 fortunati,

380 2213 436 2260 et
459 2201 791 2267 iniortunati;
821 2200 934 2254 hac
955 2200 1062 2255 duo
1082 2199 1351 2270 accipiens
1372 2199 1619 2255 intendas
1660 2201 1787 2271 quid
1818 2201 1955 2256 idem

382 2294 603 2359 habent,
661 2300 753 2347 aut
804 2291 1204 2361 intpassihilitas
1244 2306 1364 2361 quae
1393 2300 1477 2347 est
1516 2292 1657 2348 circa
1692 2296 1952 2358 fortunas,

381 2396 473 2441 aut
502 2401 609 2441 non
642 2384 926 2441 tolerantia
970 2399 1090 2439 cum
1123 2384 1476 2453 injuriantur;
1507 2384 1551 2439 si
1581 2398 1713 2438 vero
1752 2385 1957 2439 nullum

381 2479 455 2532 sit
481 2491 787 2538 commune,
820 2475 942 2532 dum
971 2477 1180 2545 species
1205 2486 1360 2531 erunt
1391 2473 1577 2544 utique
1611 2475 1960 2544 magnanimi-

382 2568 529 2624 tatis.
549 2569 773 2638 Semper
783 2568 927 2623 enim
948 2568 1217 2623 estomnis
1236 2566 1472 2623 deﬁnitio
1494 2568 1828 2635 universalis,
1852 2584 1958 2623 non

381 2662 525 2717 enim
556 2658 640 2715 in'
658 2660 887 2731 quodam
920 2660 1077 2716 oculo
1114 2658 1245 2715 dicit
1282 2660 1522 2716 sanabile
1561 2660 1819 2727 medicus,
1863 2660 1957 2717 sed

380 2761 475 2807 aut
503 2753 559 2807 in
580 2751 748 2817 omni,
776 2761 869 2806 aut
893 2751 948 2806 in
977 2752 1161 2821 specie
1190 2751 1572 2807 determinans.

690 2894 695 2903 .
975 2842 1199 2899 CAPUT
1240 2842 1357 2898 XV.

663 2935 868 3005 Species
898 2934 1101 3005 facilius
1127 2952 1278 3007 quam
1307 2952 1491 3009 genera
1516 2936 1675 3007 ﬁniri.

454 3029 632 3085 Facile
658 3039 834 3084 autem
864 3030 945 3084 est
990 3032 1158 3099 magis
1200 3029 1468 3099 singulare
1508 3030 1749 3094 delinire,
1802 3044 1956 3099 quam

382 3120 707 3194 universale,
733 3119 875 3175 unde
917 3106 1135 3190 oportet
1159 3135 1188 3174 a
1216 3120 1573 3191 singularibus
1604 3122 1655 3174 in
1688 3121 1960 3176 universa-

383 3215 454 3271 lia
483 3216 793 3271 ascendere.
826 3214 891 3268 Et
935 3229 1166 3283 namque
1206 3213 1657 3284 aequivocationes
1690 3214 1856 3283 magis

383 3316 497 3364 tent
530 3308 583 3363 in
615 3307 1006 3363 universalibus
1044 3321 1200 3377 quam
1232 3305 1286 3379 in
1326 3305 1772 3361 indiﬂ'erentibus.
1815 3298 1962 3360 Sicut

383 3412 557 3456 autem
572 3399 624 3455 in
639 3399 1184 3455 demonstratiouibus
1207 3398 1729 3468 oportetsyllogizari
1760 3397 1958 3467 inesse,

383 3497 460 3549 sic
486 3504 537 3549 et
566 3494 620 3549 in
647 3491 890 3549 terminis
915 3493 1150 3547 clarum:
1178 3491 1279 3546 hoc
1300 3501 1477 3546 autem
1520 3491 1644 3555 erit,
1686 3491 1728 3544 si
1773 3506 1869 3560 per
1899 3505 1961 3544 ea

384 3601 501 3658 quae
532 3587 823 3643 secundum
854 3585 1269 3655 unumquodque
1297 3585 1563 3648 dicuntur,
1612 3585 1682 3638 sit
1730 3586 1782 3637 in
1830 3599 1965 3638 uno-

385 3696 595 3753 quoque
638 3694 837 3752 genere
894 3680 1104 3735 deliniri
1158 3680 1467 3749 separatim,
1528 3687 1585 3732 ut
1637 3677 1810 3732 simile
1857 3693 1963 3733 non

387 3787 563 3840 omne,
595 3773 691 3830 sed
714 3774 766 3828 in
794 3773 1064 3829 coloribus
1093 3780 1146 3827 et
1196 3772 1402 3842 ﬁguris,
1450 3781 1505 3827 et
1558 3780 1791 3836 acutum,
1823 3771 1964 3841 quod

388 3871 473 3919 est
502 3864 554 3918 in
575 3878 727 3929 voce,
759 3871 813 3919 et
834 3864 912 3919 sic
936 3863 990 3917 in
1016 3876 1301 3918 commune
1323 3865 1427 3917 erit
1457 3866 1557 3929 ire,
1592 3864 1869 3918 timentem
1900 3879 1965 3919 tte

387 3959 740 4028 tequivocatio
768 3958 1062 4029 contingat.
1092 3955 1148 4013 Si
1177 3968 1352 4013 autem
1385 3971 1489 4013 non
1530 3965 1741 4026 Oportet
1782 3958 1993 4028 dispu-,

389 4055 507 4104 tare
533 4048 585 4103 in
614 4050 999 4122 metbaphoris,
1035 4049 1375 4105 manit'estum
1418 4059 1501 4103 est
1530 4064 1704 4119 neque
1743 4050 1967 4105 delinire

391 4140 738 4212 metaphoris,
767 4159 939 4215 neque
965 4159 1295 4215 quaecunque
1321 4142 1568 4197 dicuntur
1595 4144 1646 4196 in
1689 4142 1967 4213 metapho-

391 4234 488 4300 ris,
512 4233 789 4306 disputare
815 4237 956 4292 enim
984 4238 1086 4292 erit
1110 4250 1332 4291 necesse
1360 4236 1411 4290 in
1434 4233 1784 4305 metaphoorjs.

971 4372 1199 4429 CAPUT
1236 4371 1374 4427 XVI.

394 4461 669 4518 Attatomcn
684 4471 731 4518 et
746 4462 1036 4536 analoyiam
1059 4462 1392 4536 terminandis
1403 4461 1728 4534 problematis
1747 4476 1966 4515 momen-

999 4545 1106 4588 tum
1131 4534 1332 4589 habere.

439 4642 506 4700 Ut
522 4644 810 4701 habeamus
829 4648 1120 4716 pr0posita,
1141 4648 1336 4718 eligere
1364 4657 1574 4715 oportet
1600 4644 1899 4699 decisioues
1919 4651 1975 4700 et

390 4740 785 4812 divisiones,sic
796 4755 972 4798 autem
985 4744 1182 4813 eligere
1196 4742 1489 4798 secundum
1501 4740 1794 4810 subjectum
1808 4754 1974 4813 genus

392 4845 675 4887 commune
689 4834 948 4888 omnium.
977 4834 1099 4888 Utsi
1114 4833 1356 4888 animalia
1373 4834 1481 4887 sint
1497 4848 1614 4903 qua:
1629 4829 1976 4887 consideran-

392 4932 497 4999 tur,
529 4925 706 4994 qualia
736 4925 882 4981 omni
909 4927 1125 4981 animali
1149 4926 1348 4980 insunt.
1381 4925 1630 4994 Acceptis
1655 4933 1831 4978 autem
1866 4922 1970 4999 his,

340 5072 345 5075 ,
392 5016 718 5083 reliquorum
745 5019 916 5088 primo
941 5019 1117 5088 qualia
1148 5018 1292 5074 omni
1317 5027 1627 5087 sequantur,
1682 5027 1739 5072 ut
1783 5018 1829 5072 si
1870 5016 1974 5072 hoc

391 5116 473 5161 est
493 5111 628 5173 avis,
658 5111 838 5179 qualia
865 5110 1010 5166 omni
1038 5119 1332 5180 sequantur
1355 5109 1441 5166 avi
1489 5110 1645 5165 etsic
1664 5124 1876 5180 semper
1897 5108 1975 5164 illi

340 5252 345 5253 ,
393 5201 657 5267 proxima.
681 5201 1018 5257 Manifestum
1062 5204 1207 5259 enim
1255 5211 1340 5258 est
1381 5200 1630 5273 quoniam
1664 5200 1978 5256 habebimus

388 5291 498 5360 jam
542 5293 722 5349 dicere
766 5306 982 5363 propter
1021 5296 1146 5365 quid
1208 5294 1388 5349 insunt
1429 5295 1704 5364 sequentia
1755 5294 1819 5347 iis
1858 5307 1977 5363 qua

393 5392 518 5439 sunt
545 5386 645 5440 sub
680 5389 973 5455 communi,
1006 5399 1064 5443 ut
1098 5397 1314 5456 pr0pter
1343 5387 1468 5457 quid
1500 5385 1700 5440 homini
1725 5394 1814 5439 aut
1838 5399 1977 5452 equo

394 5475 597 5531 insunt.
626 5477 709 5534 Sit
736 5486 913 5534 autem
940 5480 1133 5534 animal
1167 5478 1216 5531 itt
1257 5493 1364 5548 quo
1391 5494 1444 5541 a,
1479 5479 1508 5531 b
1544 5486 1721 5531 autem
1752 5491 1979 5545 sequen-

395 5571 465 5625 tia
485 5572 631 5626 omui
659 5571 900 5639 animali,
932 5573 984 5628 in
1015 5573 1207 5643 quibus
1233 5582 1408 5627 autem
1440 5582 1561 5627 sunt
1607 5586 1637 5627 ε
1687 5573 1717 5624 d
1755 5588 1800 5639 e,
1841 5572 1981 5628 sicut

336 5710 345 5714 -
394 5661 639 5730 quaedam
693 5664 970 5728 animalia,
1021 5661 1358 5717 manifestum
1416 5660 1577 5730 igitur
1627 5669 1710 5715 est
1764 5671 1981 5729 propter

392 5758 536 5827 quod
562 5768 646 5815 est
671 5760 700 5814 ό
731 5760 784 5815 in
813 5761 867 5825 d,
902 5769 1120 5830 propter
1147 5778 1179 5813 α
1208 5760 1373 5826 enim,
1423 5758 1669 5813 similiter
1716 5766 1893 5813 autem
1926 5765 1983 5812 et

394 5852 612 5918 inullis.
641 5862 935 5928 etsempcr
982 5855 1039 5912 in
1084 5844 1207 5912 aliis
1253 5850 1440 5911 eadem
1490 5862 1573 5909 est
1617 5849 1776 5910 ratio.
1828 5848 1981 5908 Nunc

2062 1939 2126 1980 ex
2152 1939 2259 1994 quo
2284 1925 2509 1981 aliorum
2563 1936 2655 1980 aut
2682 1926 2841 1981 aliter
2874 1937 3016 1990 sunt,
3068 1935 3126 1980 ιιι
3154 1936 3370 1995 prepter
3400 1925 3522 1994 quid
3556 1940 3640 1978 re-

2060 2026 2237 2083 sonat,
2287 2027 2378 2074 aut
2424 2027 2643 2088 propter
2694 2020 2820 2091 quid
2875 2029 3114 2089 apparet,
3166 2032 3216 2075 et
3249 2029 3464 2089 pmpter
3503 2017 3641 2088 quod

2061 2108 2407 2178 iris;omnia
2465 2114 2608 2166 enim
2674 2110 2787 2166 haec
2829 2112 3040 2180 quidem
3096 2124 3256 2164 unum
3317 2110 3643 2181 propositum

2060 2210 2187 2257 sunt
2213 2217 2433 2272 genere,
2458 2203 2635 2257 omnia
2666 2204 2807 2258 enim
2859 2203 3194 2272 repercussio
3218 2214 3361 2267 sunt,
3391 2200 3484 2257 sed
3528 2216 3644 2271 spe-

2061 2292 2144 2348 cie
2165 2293 2353 2349 altera.
2381 2293 2497 2369 Alia.
2526 2302 2703 2349 autem
2742 2309 2808 2348 ex
2858 2308 2923 2348 eo
2967 2293 3107 2364 quod
3151 2292 3384 2347 medium
3434 2292 3645 2361 quidem

2060 2385 2426 2439 subalternum
2452 2385 2684 2439 medium
2709 2392 2812 2450 est,
2844 2384 3098 2440 dtﬂ‘erunt
3141 2384 3557 2454 prepOsitorum,
3591 2392 3646 2441 ut

2063 2485 2278 2545 propter
2304 2477 2429 2546 quid
2460 2476 2608 2531 Nilus
2639 2477 2857 2531 ﬁniente
2910 2492 3095 2532 mense
3132 2478 3300 2549 magis
3347 2475 3497 2532 ﬂuit?
3526 2490 3646 2545 pro-

2064 2577 2181 2638 pter
2208 2567 2260 2623 id
2280 2570 2419 2636 quod
2453 2569 2722 2623 hibernior
2780 2577 2865 2624 est
2917 2569 3111 2625 ﬁniens
3155 2571 3374 2623 mensis.
3424 2568 3645 2638 Propter

2061 2659 2187 2729 quid
2213 2670 2389 2714 autem
2437 2660 2710 2737 hibernior
2739 2671 2821 2715 est
2850 2660 3039 2716 ﬁniens
3068 2660 3303 2715 mensis?
3345 2671 3559 2730 propter
3589 2659 3641 2713 id

2062 2752 2203 2823 quod
2221 2753 2342 2807 luna
2367 2746 2564 2809 deﬁcit.
2587 2754 2710 2808 Haec
2738 2754 2877 2808 enim
2900 2754 2978 2810 sic
2997 2769 3055 2810 se
3083 2754 3276 2809 habent
3305 2754 3369 2807 ad
3395 2754 3644 2813 invicem.

2635 2866 2864 2922 CAPUT
2904 2865 3065 2922 XVII.

2123 2958 2196 3013 De
2217 2960 2386 3014 causis
2411 2968 2456 3012 et
2483 2959 2696 3029 effectis,
2728 2970 2776 3015 et
2806 2978 2873 3015 an
2901 2962 3052 3015 unius
3080 2962 3254 3033 plures
3281 2962 3380 3015 sint
3407 2979 3594 3016 causa.

2138 3074 2214 3131 De
2234 3088 2395 3130 causa
2422 3085 2620 3143 autem,
2654 3087 2709 3133 et
2755 3076 2907 3148 cujus
2935 3093 3092 3133 causa
3141 3088 3223 3135 est
3251 3079 3515 3136 dubitabit
3552 3082 3645 3136 ali-

1887 3172 1961 3267 ὦ,
1985 3196 2035 3265 c
2063 3172 2206 3240 quis,
2236 3172 2474 3241 nunquid
2504 3186 2625 3226 cum
2663 3181 2941 3227 causatum
2967 3183 3071 3240 est,
3096 3183 3151 3227 et
3189 3188 3351 3228 causa
3392 3186 3495 3242 est,
3518 3186 3576 3229 ut
3600 3178 3647 3234 si

2067 3263 2189 3317 iolia
2220 3264 2412 3331 ﬂuunt,
2443 3274 2536 3317 aut
2565 3265 2747 3319 deﬁcit
2774 3263 2921 3331 luna,
2952 3276 3007 3321 et
3035 3280 3193 3320 causa
3224 3267 3530 3332 deﬁciendi,
3562 3268 3646 3324 vel

2065 3354 2189 3409 iulia
2220 3344 2443 3410 cadendi
2470 3357 2593 3419 erit,
2625 3357 2747 3411 utsi
2778 3357 2935 3427 hujus
2985 3368 3067 3411 est
3094 3358 3198 3411 lata
3251 3359 3451 3414 habere
3498 3359 3643 3424 folia,

2067 3440 2344 3503 deﬁciendi
2375 3458 2552 3501 autem
2585 3457 2782 3500 terram
2813 3449 2865 3501 in
2898 3450 3075 3503 medio
3102 3462 3242 3503 esse.
3276 3450 3329 3504 Si
3347 3451 3488 3504 enim
3518 3464 3644 3518 non,

2066 3541 2241 3609 aliqua
2270 3539 2370 3592 alia
2403 3540 2505 3594 erit
2532 3554 2692 3594 causa
2722 3542 2982 3608 ipsorum,
3016 3542 3060 3592 si
3110 3555 3237 3594 vero
3275 3555 3438 3595 causa
3475 3542 3565 3604 sit,
3594 3549 3648 3598 et

2067 3643 2341 3689 causatum
2364 3632 2545 3698 simul,
2570 3642 2629 3686 ut
2649 3634 2690 3685 si
2723 3632 2775 3685 in
2805 3632 2983 3687 medio
3006 3640 3091 3687 est
3117 3642 3281 3699 terra,
3313 3632 3513 3695 deﬁcit,
3534 3641 3649 3701 aut,

2068 3726 2113 3779 si
2142 3724 2303 3777 latum
2334 3732 2415 3777 est
2445 3722 2656 3789 folium,
2717 3722 2841 3777 folia
2898 3723 3109 3789 ﬂuunt;
3142 3723 3186 3777 si
3215 3733 3391 3778 autem
3422 3723 3515 3777 'sic
3542 3729 3646 3788 est,

2068 3818 2225 3873 simul
2250 3818 2432 3885 utique
2459 3827 2637 3881 erunt,
2667 3826 2717 3870 et
2742 3815 3252 3871 demonstrabuntur
3276 3830 3371 3884 per
3396 3814 3647 3871 invicem.

2070 3909 2153 3965 Sit
2175 3909 2317 3964 enim
2343 3909 2525 3963 folium
2554 3907 2721 3964 ﬂuere
2749 3908 2800 3961 in
2828 3922 2936 3977 quo
2981 3924 3037 3973 a,
3080 3908 3242 3961 latum
3263 3916 3439 3961 autem
3466 3905 3649 3960 folium

2070 4004 2121 4057 in
2153 4016 2259 4072 quo
2289 4002 2339 4068 ὁ,
2368 3999 2492 4055 vitis
2515 4015 2642 4055 vero
2666 4000 2719 4056 in
2748 4014 2855 4069 quo
2874 4016 2922 4065 c,
2952 4002 2995 4054 si
3026 3999 3185 4067 igitur
3207 4000 3258 4053 in
3289 4000 3318 4051 ὁ
3346 4007 3430 4052 εει
3455 4013 3508 4064 α,
3531 4012 3651 4051 om-

2072 4110 2139 4151 ne
2167 4095 2311 4151 enim
2340 4096 2506 4150 latum
2540 4094 2724 4148 folium
2783 4092 2983 4147 habens
3036 4091 3164 4145 folio
3217 4089 3353 4153 ﬂuit,
3404 4105 3433 4143 c
3473 4098 3651 4147 autem

2074 4189 2212 4243 inest
2232 4187 2284 4253 ὁ,
2303 4187 2477 4242 omnis
2493 4186 2638 4240 enim
2655 4187 2777 4239 vitis
2795 4183 3072 4239 ltabetlata
3097 4181 3242 4247 folia,
3271 4191 3326 4236 et
3353 4198 3384 4235 a
3417 4184 3469 4236 in
3494 4198 3522 4234 ε
3548 4187 3651 4245 est.

2074 4279 2253 4336 omnis
2277 4279 2400 4335 vitis
2424 4278 2551 4332 folio
2580 4276 2694 4333 ﬂuit
2721 4293 2747 4353 εί
2768 4291 2930 4331 causa
2957 4285 3039 4331 est
3084 4276 3114 4328 lt
3158 4274 3418 4330 medium.
3464 4273 3571 4329 Sed
3599 4281 3653 4337 et

2075 4356 2331 4441 quoniam
2357 4367 2483 4423 latis
2512 4367 2656 4421 foliis
2685 4366 2808 4421 vitis
2839 4365 2928 4432 sit,
2957 4373 3040 4420 est
3067 4376 3285 4435 propter
3314 4364 3367 4419 id
3400 4363 3541 4430 quod
3573 4362 3654 4417 lo-

2076 4462 2147 4517 lio
2173 4460 2288 4515 ﬂuit
2333 4460 2726 4514 demonstrare.
2755 4457 2839 4514 Sit
2882 4456 3024 4512 enim
3068 4458 3103 4510 d
3132 4457 3295 4510 latum
3335 4455 3549 4526 quidem
3579 4454 3655 4509 fo-

2003 4587 2060 4650 D
2083 4556 2234 4621 lium,
2257 4570 2284 4609 e
2309 4563 2485 4608 autem
2515 4551 2643 4607 folio
2671 4551 2857 4614 ﬂuere.
2910 4549 3031 4605 vitis
3084 4563 3209 4603 vero
3255 4548 3307 4601 in
3355 4561 3459 4616 quo
3482 4550 3523 4618 f.
3557 4547 3657 4616 in]

2083 4646 2243 4719 igitur
2268 4654 2352 4700 est
2375 4661 2423 4711 e,
2449 4644 2645 4699 etenim
2677 4641 2807 4697 i’olio
2836 4641 2951 4696 ﬂuit
2976 4640 3153 4694 omnis
3176 4640 3323 4705 vitis,
3354 4639 3408 4693 in
3433 4656 3459 4693 e
3481 4647 3656 4695 autem

2077 4738 2112 4789 Δ
2141 4746 2243 4806 εει,
2272 4752 2431 4790 omne
2458 4736 2598 4789 enim
2639 4734 2809 4789 ﬂuens
2839 4732 2988 4800 folio,
3020 4732 3182 4787 latum
3212 4741 3295 4787 est
3336 4731 3520 4786 folium
3568 4730 3658 4784 ha-

2076 4828 2209 4883 bens
2236 4844 2251 4894 ;
2281 4828 2456 4883 omnis
2497 4829 2675 4896 itaque
2706 4824 2828 4879 vitis
2884 4824 3047 4878 latum
3079 4833 3161 4877 est
3200 4822 3383 4877 folium
3432 4821 3657 4886 habens,

2075 4935 2235 4977 causa
2265 4932 2443 4976 autem
2474 4928 2569 4986 est,
2586 4917 2721 4973 folio
2744 4918 2931 4973 ﬂuere.
2965 4917 3020 4973 Si
3050 4926 3225 4971 autem
3257 4931 3363 4969 non
3400 4915 3659 4986 contingit

2081 5033 2238 5074 casus
2265 5033 2389 5074 esse
2418 5017 2482 5071 ad
2515 5015 2765 5079 inticem,
2818 5028 2977 5069 causa
3009 5012 3151 5068 enim
3184 5012 3329 5081 prius
3358 5019 3440 5065 est
3468 5024 3533 5064 eo
3557 5025 3660 5065 cu-

2078 5113 2167 5182 jus
2189 5122 2476 5175 estcausa,
2503 5121 2556 5165 et
2586 5108 2866 5165 deﬁeiendi
2897 5108 3112 5178 quidem
3135 5116 3217 5162 est
3246 5119 3428 5167 causa,
3463 5114 3660 5159 terram

2080 5218 2201 5258 esse
2228 5202 2280 5256 in
2310 5200 2509 5267 medio,
2536 5199 2652 5269 ejus
2680 5208 2855 5252 autem
2903 5198 3041 5268 quod
3070 5205 3151 5252 est
3175 5196 3226 5250 in
3252 5194 3429 5250 medio
3460 5203 3657 5248 terram

2082 5312 2226 5361 esse,
2254 5310 2357 5350 non
2411 5305 2493 5349 est
2533 5307 2692 5348 causa
2722 5291 2969 5346 deiicere.
3014 5289 3069 5345 Si
3111 5289 3275 5361 igitur
3304 5302 3398 5357 per
3441 5300 3660 5341 causam

2030 5438 2033 5439 ν
2078 5389 2462 5448 demonstratio
2481 5396 2581 5453 est,
2616 5395 2832 5457 prOptcr
2859 5384 2984 5455 quid
3016 5391 3119 5448 est,
3158 5381 3205 5435 si
3251 5394 3381 5435 vero
3408 5394 3516 5433 non
3568 5392 3663 5447 per

2083 5497 2301 5537 causam
2334 5480 2517 5550 ipsius,
2548 5479 2695 5548 quia,
2723 5477 2971 5547 quoniam
3001 5471 3216 5553 quidem
3239 5480 3379 5525 terra
3403 5472 3452 5523 in
3481 5467 3659 5523 medio

2082 5583 2166 5630 est
2193 5573 2463 5643 cognovit,
2497 5580 2713 5641 propter
2738 5568 2862 5637 quid
2903 5552 3095 5621 autem
3127 5580 3253 5618 non.
3282 5564 3432 5632 Quod
3480 5571 3649 5621 autem

2082 5681 2211 5731 non,
2241 5664 2474 5720 deiicere
2501 5677 2656 5718 causa
2687 5661 2755 5715 sit
2785 5661 2839 5715 in
2886 5657 3061 5713 medio
3110 5671 3250 5721 esse,
3282 5656 3374 5710 sed
3409 5658 3530 5720 hoc,
3565 5654 3661 5709 de-
3744 5660 3752 5713 ἶ

2086 5756 2296 5811 ﬁciendi
2322 5753 2659 5809 manifestum
2690 5762 2773 5806 est
2802 5767 2816 5815 ;
2843 5752 2895 5804 in
2930 5749 3131 5802 ratione
3161 5748 3304 5802 enim
3351 5746 3655 5812 deﬁciendi,
3744 5740 3748 5750 “

2088 5850 2225 5904 inest
2244 5846 2387 5919 quod
2413 5852 2495 5901 est
2521 5845 2576 5903 in
2604 5841 2803 5910 medio,
2834 5855 2998 5916 quare
3027 5836 3364 5897 manifestum
3407 5847 3489 5895 est
3517 5836 3668 5913 quod.
