4056 6330
523 342 621 400 759
1736 339 1845 395 AN.
1892 339 2101 396 MANL.

2216 340 2269 392 λ’
2282 378 2297 394 .
2343 338 2565 395 ΒΟΕΤΙΙ
3688 342 3788 399 7ου

517 474 614 527 per
637 459 740 515 hoc
769 459 894 516 illud
923 468 1292 531 cognoscatur,
1342 459 1456 512 sed.
1485 473 1593 512 non
1651 456 1752 510 hoe
1800 469 1896 525 per
1943 452 2094 508 illud.
2130 453 2554 519 Aconvertitur,
2593 455 2823 522 primum
2866 464 3047 511 autem
3103 456 3425 525 universale,
3470 460 3558 512 cui
3600 473 3787 525 unumg

517 557 598 608 An
632 551 894 621 contingit
919 551 1076 605 unius
1107 549 1287 620 plures
1313 562 1435 607 esse
1463 547 1692 604 causas?
1715 557 1770 602 et
1796 560 2028 616 namque
2055 543 2102 599 si

518 651 600 699 est
622 644 764 700 idem
788 643 860 698 de
884 641 1128 713 pluribus
1158 641 1342 711 primis
1364 640 1640 712 praedicari
1674 639 1864 711 primo,
1898 637 1967 692 sit
1994 653 2026 690 a
2049 637 2103 691 in

447 712 457 735 '
517 739 547 792 b
579 738 757 808 primo
777 712 1034 802 existens,
1065 736 1192 790 etin
1221 752 1247 788 ε
1274 734 1379 790 alio
1401 734 1594 804 primo,
1615 741 1670 787 et
1700 732 1800 786 hoc
1841 732 1908 786 sit
1953 730 2006 785 in
2043 731 2101 795 ά,

517 831 622 887 hoc
648 845 776 887 vero
807 828 875 885 sit
896 830 949 885 in
968 846 1018 895 e,
1049 829 1153 884 erit
1177 827 1356 899 itaque
1383 844 1415 881 a
1448 828 1500 883 in
1548 827 1583 880 ά
1630 835 1686 881 ει
1737 826 1789 879 in
1845 840 1892 891 ε,
1941 837 2101 878 causa

517 933 697 981 autem
726 922 868 994 quod
898 940 930 977 α
960 922 1029 977 sit
1056 923 1108 976 in
1138 922 1173 975 ά
1200 920 1414 991 quidem
1437 920 1488 985 b,
1517 921 1569 974 in
1600 935 1626 972 ε
1650 927 1826 973 autem
1850 930 1911 979 c;
1937 931 2105 987 quare

516 1032 641 1073 cum
671 1031 831 1073 causa
862 1016 954 1083 sit,
990 1028 1211 1070 necesse
1238 1020 1320 1068 est
1348 1027 1460 1067 rem
1493 1024 1707 1067 omnem
1735 1023 1876 1072 esse,
1900 1008 1992 1064 sed
2015 1022 2103 1064 res

517 1134 639 1173 cum
671 1118 764 1184 sit,
796 1132 901 1171 non
934 1130 1158 1172 necesse
1185 1124 1269 1171 est
1292 1129 1414 1171 esse
1442 1128 1605 1170 omne
1650 1111 2008 1184 quodcunque
2035 1111 2105 1166 sit

516 1232 698 1285 causa,
723 1217 817 1273 sed
840 1232 1056 1273 causam
1086 1214 1301 1286 quidem
1335 1227 1558 1270 necesse
1585 1223 1668 1269 est
1697 1227 1838 1279 esse,
1872 1227 1977 1268 non
2026 1221 2105 1266 ta-

516 1326 639 1368 men
667 1327 906 1367 omnem.
931 1315 1011 1367 Au
1059 1311 1103 1365 si
1135 1324 1350 1381 semper
1391 1307 1692 1364 universale
1745 1307 2099 1377 propositum,

522 1415 576 1460 et
607 1419 767 1461 causa
796 1413 965 1458 totum
995 1403 1250 1474 quiddam
1284 1410 1387 1467 est,
1415 1411 1467 1456 et
1511 1401 1662 1470 cujus
1704 1410 1786 1456 est
1808 1416 1967 1455 causa
1991 1400 2105 1455 uni-

515 1496 756 1552 versale?
787 1503 844 1548 ιιι
866 1493 993 1548 folio
1014 1493 1183 1548 t‘luere
1210 1493 1261 1547 in
1287 1502 1399 1547 toto
1424 1491 1655 1562 quodam
1687 1491 2102 1547 determinatum

516 1598 623 1654 est,
651 1598 701 1642 et
728 1587 774 1643 si
802 1588 1010 1657 species
1030 1586 1199 1654 ipsius
1223 1587 1350 1642 sint.
1387 1586 1778 1642 Universaiiter
1806 1586 1967 1655 igitur
2014 1595 2103 1641 aut

518 1680 734 1750 plantis,
764 1688 856 1734 aut
884 1678 1423 1749 hujusmodiplantis,
1450 1694 1620 1750 quare
1648 1687 1703 1734 et.
1741 1678 1976 1734 medium
2026 1695 2102 1734 a3-

516 1774 674 1843 quale
698 1782 912 1843 oportet
936 1788 1055 1828 esse
1079 1774 1132 1828 iu
1159 1772 1244 1830 his
1272 1783 1325 1829 et
1352 1773 1505 1843 cujus
1535 1782 1619 1828 est
1663 1787 1845 1842 causa,
1879 1783 1935 1830 et
1967 1789 2102 1830 con-

2207 544 2455 618 quodque
2531 544 2749 616 quidem
2821 562 2927 603 non
3002 550 3362 617 convertitur,
3445 551 3625 607 omnia
3699 567 3789 608 au-

2208 649 2314 695 tem
2387 649 2788 704 convertuntur,
2872 653 2926 697 et
3000 658 3105 698 non
3188 643 3493 710 excedunt,
3571 646 3700 715 ipsis
3760 648 3805 705 dt

2206 734 2368 804 igitur
2420 749 2580 790 causa
2646 734 2817 805 ipsius
2873 753 2905 790 a
2956 746 3039 792 est
3100 738 3148 792 b.
3239 738 3467 809 Oportet
3528 740 3706 811 itaque
3764 760 3794 797 ιι

2207 825 2261 879 in
2295 825 2413 895 plus
2463 840 2623 898 quam
2677 826 2706 880 b
2754 827 2976 883 extendi
3007 845 3021 891 ;
3055 829 3098 883 si
3136 844 3266 885 vero
3319 845 3451 896 non,
3479 832 3607 900 quid
3638 835 3795 905 magis

2205 932 2366 973 causa
2394 920 2499 974 erit
2528 918 2630 972 hoc
2688 918 2865 974 illius?
2915 918 2973 975 Si
3018 920 3180 987 igitur
3215 921 3267 976 in
3304 922 3560 979 omnibus
3588 942 3616 979 ο
3640 935 3723 980 est
3746 944 3793 992 α,

2207 1019 2367 1066 erunt
2391 1010 2589 1081 aliquid
2616 1010 2706 1065 illa
2733 1026 2896 1065 unum
2920 1013 3105 1067 omnia
3134 1014 3279 1069 aliud
3303 1030 3465 1085 quam
3497 1017 3548 1073 ι.
3580 1019 3639 1074 Si
3662 1020 3794 1076 enim

2206 1118 2333 1169 non,
2363 1103 2633 1175 quomodo
2660 1105 2764 1159 erit
2814 1103 2994 1160 dicere
3031 1106 3286 1174 quoniam
3333 1107 3388 1162 in
3418 1124 3524 1178 quo
3556 1120 3636 1164 est
3665 1129 3693 1164 ε
3738 1112 3793 1166 sit

2206 1214 2260 1262 a,
2290 1196 2474 1252 omni?
2521 1197 2573 1251 iu
2620 1212 2727 1268 quo
2751 1208 2930 1252 autem
2975 1216 3007 1253 a
3052 1213 3160 1253 non
3206 1200 3351 1253 omni
3406 1200 3473 1256 sit
3503 1204 3570 1255 εἰ)
3592 1213 3799 1272 propter

2206 1286 2334 1359 quid
2359 1292 2501 1344 enim
2529 1305 2633 1344 non
2663 1290 2770 1344 erit
2798 1304 2958 1344 causa
3001 1291 3177 1361 aliqua
3212 1300 3269 1346 ut
3298 1308 3330 1345 α
3357 1293 3429 1347 sit
3459 1294 3513 1348 in
3556 1295 3798 1351 omnibus

2208 1382 2285 1437 Μ
2308 1382 2403 1438 sed
2431 1383 2669 1452 nunquid
2701 1392 2755 1437 et
2782 1398 2901 1454 qua;
2931 1392 3057 1438 sunt
3085 1400 3111 1438 ε
3149 1393 3311 1438 erunt
3355 1387 3571 1455 aliquod
3608 1389 3797 1443 unum?

2206 1474 2549 1530 considerare
2579 1483 2791 1544 oportet
2816 1474 3009 1540 hoc,et
3032 1474 3100 1530 sit
3124 1492 3173 1540 ε,
3198 1477 3461 1547 contingit
3487 1478 3653 1549 igitur
3669 1480 3799 1548 ejus-

2205 1569 2328 1623 dem
2358 1568 2534 1638 plures
2560 1582 2751 1623 causas
2780 1568 3047 1638 esse,.sed
3096 1583 3200 1625 non
3256 1570 3461 1627 eisdem
3501 1572 3703 1642 specie.
3743 1574 3800 1629 Ut

2206 1661 2377 1732 longa:
2406 1661 2937 1732 vitaequadrupedia,
2967 1677 3073 1716 non
3099 1661 3299 1719 habere
3328 1664 3609 1719 choleram
3633 1680 3792 1721 causa

2205 1763 2307 1817 est,
2339 1752 2574 1808 volatilia
2601 1762 2802 1816 autem,
2833 1753 2974 1807 sicca
3018 1767 3138 1809 esse
3176 1765 3270 1808 aut
3295 1756 3461 1810 altera
3510 1757 3716 1825 aliqua,
3763 1759 3800 1813 si

517 1841 676 1931 θοαί,
706 1841 763 1920 υί
794 1874 1012 1935 propter
1036 1864 1165 1934 quid
1201 1841 1431 1920 “bore;
1451 1864 1579 1919 folio
1628 1841 1835 1932 unum;
1875 1867 1922 1921 si
1973 1880 2104 1937 ergo
2133 1841 2182 1903 Β
2208 1854 2388 1899 autem
2421 1844 2475 1899 in
2505 1854 2743 1937 atomum
2774 1844 3084 1937 nourstatim
3114 1844 3354 1913 veniunt,
3387 1856 3442 1902 et
3496 1864 3603 1903 non
3631 1850 3800 1905 solum

514 1966 735 2031 propter
764 1958 1081 2014 densitatem
1097 1959 1323 2024 humidi,
1343 1959 1458 2014 sive
1481 1959 1609 2013 l’olio
1631 1958 1938 2026 iluitarbor,
1955 1975 2107 2031 opor-

516 2061 593 2106 tet
619 2066 738 2106 esse
763 2051 1109 2120 densitatem,
1140 2052 1253 2109 sive
1282 2052 1519 2108 densitas
1547 2061 1631 2107 est
1673 2067 1780 2107 non
1829 2053 1884 2108 iu
1934 2054 2107 2124 quali-

516 2147 629 2211 bet.
653 2145 748 2201 sed
776 2146 829 2200 in
862 2146 1078 2212 arbore,
1129 2156 1211 2203 est
1265 2147 1393 2201 lolio
1446 2147 1632 2202 ﬂuere.
1686 2147 1872 2203 Utrum
1926 2158 2103 2203 autem

517 2238 789 2310 contingat
816 2255 922 2295 non
937 2240 1183 2296 eamdem
1209 2254 1330 2295 esse
1350 2253 1566 2296 causam
1592 2238 1835 2308 ejusdem
1866 2240 1916 2296 in
1933 2242 2107 2297 omni-

519 2344 644 2403 ous,
666 2334 759 2390 sed
787 2334 1030 2403 alteram,
1056 2350 1125 2391 an
1168 2335 1311 2390 non?
1356 2348 1422 2389 an
1464 2334 1728 2405 siquidem
1776 2350 1872 2405 per
1923 2350 1983 2392 se
2013 2335 2109 2391 de-

521 2434 871 2492 monstretur,
903 2438 994 2481 aut
1017 2443 1124 2483 non
1147 2426 1443 2482 secundum
1473 2426 1680 2497 signum
1706 2435 1797 2481 aut
1820 2426 2104 2482 accidens?

516 2535 625 2575 non
659 2528 831 2589 potest
877 2534 1020 2577 esse.
1073 2520 1226 2577 Ratio
1255 2520 1399 2576 enim
1443 2519 1693 2588 extremi,
1756 2519 2028 2584 medium;
2059 2519 2102 2575 si

519 2627 648 2669 vero
673 2628 783 2669 non
812 2614 889 2670 sic
913 2615 1196 2685 contingit.
1248 2624 1329 2671 est
1357 2624 1535 2669 autem
1574 2625 1626 2669 et
1678 2614 1833 2685 cujus
1863 2629 2023 2671 causa
2052 2623 2107 2670 et

515 2704 624 2771 cui,
651 2706 994 2762 considerare
1020 2706 1318 2765 secundum
1368 2707 1637 2776 accidens,
1684 2722 1789 2762 non
1822 2716 2001 2762 tamen
2029 2707 2107 2762 vi-

518 2797 716 2854 dentur
740 2800 1011 2869 proposita
1036 2814 1175 2854 esse.
1198 2798 1447 2853 Siautem
1479 2815 1609 2865 non,
1644 2798 1893 2855 similiter
1922 2813 1981 2854 se
2014 2799 2107 2853 ha-

516 2891 665 2948 bebit
692 2889 954 2956 medium,
992 2889 1256 2959 siquidem
1282 2901 1401 2945 sunt
1448 2891 1741 2961 :equivoca,
1774 2891 2106 2961 tequivocum

516 2984 755 3041 medium
784 2993 891 3051 est,
916 2983 963 3038 si
988 2997 1117 3038 vero
1144 2981 1280 3037 sicut
1312 2982 1365 3037 in
1392 2997 1612 3052 genere,
1646 2983 1895 3038 similiter
1926 2999 1984 3039 se
2013 2984 2107 3038 ha-

514 3078 686 3144 hebit,
730 3086 786 3131 ut
830 3085 1050 3145 propter
1100 3074 1228 3144 quid
1271 3074 1746 3142 commutabiliter,
1795 3076 2102 3146 analogum,

518 3173 623 3228 alia
652 3173 796 3229 enim
824 3180 1086 3227 estcausa
1113 3171 1170 3225 in
1191 3171 1450 3239 numeris,
1481 3171 1603 3225 etin
1624 3170 1799 3239 lineis,
1832 3182 1886 3227 et
1915 3172 2102 3229 eadem

518 3265 735 3337 quidem
766 3266 1081 3334 inquantum
1107 3263 1285 3330 lineas,
1317 3233 1447 3331 alia,
1468 3233 1986 3335 inquanlum'autem
2008 3265 2101 3320 ba-
2129 3233 2175 3296 Ο

516 3360 653 3419 hens
685 3368 1029 3432 augmentum
1059 3357 1389 3430 huiusmodi,
1416 3359 1627 3429 eadem,
1652 3360 1730 3417 sic
1756 3361 1807 3415 in
1831 3361 2100 3418 omnibus.

517 3451 765 3509 Similem
795 3461 973 3508 autem
1004 3467 1125 3508 esse
1150 3451 1391 3508 colorem
1421 3452 1613 3517 colori,
1639 3464 1693 3510 et
1725 3455 1947 3524 ﬁguram
1975 3454 2106 3527 ligu-

522 3560 625 3612 rae',
655 3545 817 3601 aliam
844 3560 964 3601 esse
990 3560 1207 3601 causam
1253 3543 1366 3612 alii,
1398 3544 1731 3615 :equivocum
1761 3548 1903 3602 enim
1934 3557 2013 3603 est
2041 3549 2108 3603 si-

520 3638 651 3695 mile
679 3638 732 3692 in
765 3636 869 3701 his,
902 3637 988 3692 hic
1015 3637 1232 3707 quidem
1260 3645 1344 3692 est
1374 3635 1616 3693 fortassis
1655 3639 1949 3695 secundum
1979 3655 2107 3696 ana-

519 3730 940 3804 logiam-habere
966 3732 1131 3787 latera
1163 3739 1219 3788 et
1247 3731 1481 3802 aequales
1531 3734 1775 3805 angulus.
1828 3735 1881 3789 in
1911 3734 2108 3790 colori-

520 3823 624 3879 bus
646 3831 825 3877 autem
857 3837 1020 3875 unum
1042 3836 1258 3877 sensum
1286 3838 1430 3890 esse,
1473 3832 1566 3879 aut
1591 3825 1791 3895 aliquid
1832 3827 1978 3882 aliud
2010 3827 2109 3883 hu-

519 3913 937 3986 jusmodi,rquae
955 3921 1131 3966 autem
1186 3913 1482 3968 secundum
1519 3915 1818 3986 analogiam
1867 3929 1992 3973 sunt
2022 3934 2111 3973 ea-

521 4012 668 4076 dem.
701 4020 754 4067 et
777 4010 1009 4066 medium
1040 4009 1237 4065 habent
1267 4012 1561 4068 secundum
1598 4015 1918 4087 analogiam.
1944 4019 2115 4075 Habet
2159 4023 2169 4033 ‘

525 4113 703 4158 autem
730 4103 809 4158 sic
838 4103 1094 4172 consequi
1122 4117 1281 4157 causa
1335 4103 1402 4158 ad
1449 4104 1695 4174 invicem,
1754 4117 1809 4164 et
1848 4110 2002 4180 cuju‘s
2031 4122 2143 4168 est~

523 4208 710 4261 causa,
728 4193 876 4250 ctcui
892 4205 1141 4249 estcausa
1160 4195 1572 4266 unumquodque
1585 4199 1795 4269 quidem
1811 4202 2112 4273 accipienti,

522 4298 575 4346 et
588 4289 739 4359 cujus
751 4284 997 4343 estcausa
1014 4287 1067 4341 in
1086 4288 1204 4357 plus
1218 4299 1318 4354 est,
1335 4298 1635 4362 utquatuor
1646 4294 1878 4363 mquales
1891 4298 1978 4367 qui
1992 4305 2117 4352 sunt

524 4401 697 4460 extra,
712 4396 764 4449 in
782 4394 898 4463 plus
913 4405 1038 4450 sunt
1058 4409 1214 4465 quam
1241 4393 1557 4463 triangulus,
1580 4403 1672 4448 aut
1697 4395 2114 4467 quadrangulus,

524 4489 579 4542 in
594 4488 841 4544 omnibus
852 4500 1028 4543 autem
1048 4487 1170 4542 utin
1184 4486 1479 4557 aequalibus
1490 4495 1594 4552 est,
1608 4502 1938 4565 quaecunque
1949 4491 2114 4555 enim,

2210 1951 2375 1991 unum
2406 1935 2666 2003 medium,
2723 1936 2816 1991 sed
2851 1936 3023 2004 plura,
3079 1944 3133 1990 et
3188 1950 3366 1991 causa!
3423 1938 3605 2007 plures
3659 1952 3799 1995 sunt.

2213 2027 2401 2084 Utrum
2429 2036 2609 2085 autem
2637 2042 2802 2084 causa
2827 2028 3149 2090 mediorum.
3197 2028 3339 2097 quod
3385 2028 3450 2083 ad
3501 2030 3801 2086 universale

2210 2122 2440 2190 primum
2487 2130 2601 2189 est,
2641 2129 2733 2175 aut
2785 2121 2931 2192 quod
2983 2118 3051 2175 ad
3089 2119 3363 2190 singulare
3411 2120 3803 2192 singularibus!

2208 2213 2545 2269 Manifestum
2595 2213 2758 2285 igitur
2786 2223 2870 2268 est
2899 2227 2966 2268 ea
3022 2225 3165 2276 esse,
3213 2228 3334 2283 qua:
3384 2214 3637 2283 proxima
3685 2217 3802 2272 uui-

2220 2307 2415 2378 cuiquc
2431 2306 2517 2362 cui
2532 2321 2690 2362 causa
2713 2316 2820 2371 est,
2841 2306 3066 2375 primum
3087 2305 3232 2361 enim
3246 2305 3349 2359 sub
3367 2308 3804 2375 universali‘csse.

2212 2399 2327 2454 haec
2351 2407 2435 2454 est
2460 2413 2645 2465 causa,
2673 2408 2731 2453 ut
2752 2399 2804 2453 in
2819 2399 2876 2465 ά,
2899 2398 2968 2453 sit
2987 2397 3128 2469 quod
3152 2407 3233 2452 est
3254 2414 3311 2464 α,
3327 2411 3487 2453 causa
3514 2408 3600 2454 est
3627 2417 3676 2467 ε,
3698 2402 3757 2457 in
3775 2404 3805 2455 ιι

2214 2494 2431 2565 quidem
2479 2495 2639 2565 igitur
2668 2509 2789 2550 esse
2814 2513 2867 2559 a,
2899 2508 3059 2550 causa
3090 2503 3171 2549 est
3196 2509 3245 2559 c,
3275 2492 3330 2549 in
3356 2511 3383 2547 c
3438 2504 3618 2551 autem
3659 2497 3711 2560 ι,
3757 2496 3805 2550 in

2212 2587 2315 2642 hoc
2343 2598 2546 2655 autem,
2596 2589 2785 2644 eadem
2814 2597 2918 2644 est.
2953 2588 3027 2644 De
3077 2587 3392 2659 syllogismo
3440 2589 3620 2659 igitur,
3652 2599 3707 2646 et
3746 2591 3807 2647 de

2211 2680 2691 2746 demonstratione,
2717 2681 2954 2752 quidque
2980 2681 3404 2751 unumquodque
3426 2684 3545 2748 est,“
3574 2691 3632 2738 et
3672 2699 3806 2752 quo-

2211 2774 2373 2830 modo
2401 2773 2482 2836 lit.
2514 2775 2859 2829 manifestum
2880 2783 2985 2841 est,
3001 2773 3164 2829 simul
3195 2782 3377 2829 autem
3407 2783 3462 2832 et
3486 2774 3556 2830 de
3580 2775 3805 2832 scientia

2211 2867 2650 2938 demoitstt’ativa,
2684 2870 2827 2925 idem
2847 2871 2995 2925 enim
3025 2879 3133 2924 est.

2784 3004 3011 3062 CAPUT
3050 3004 3235 3061 XVIII.

2217 3120 2482 3187 Quomodo
2502 3121 2753 3193 principia
2784 3130 3176 3194 cognoscuntur,
3206 3128 3251 3175 et
3277 3135 3392 3191 quis
3423 3119 3802 3190 principiorum

2846 3192 2911 3246 sit
2942 3192 3161 3247 habitus.

2288 3302 2364 3359 De
2394 3303 2667 3374 principiis
2701 3312 2878 3359 autem
2911 3303 3143 3373 qualiter
3172 3304 3304 3359 liuut
3338 3305 3574 3375 Cognita,
3606 3313 3662 3361 et
3686 3305 3803 3375 quis

2211 3408 2294 3453 est
2324 3412 2654 3467 cognoscens
2698 3398 2937 3466 habitus,
2970 3398 3093 3453 hinc
3121 3406 3205 3454 est
3247 3398 3613 3463 manifestum,
3644 3398 3801 3455 dubio

2213 3496 2446 3551 tantibus
2478 3495 2729 3562 primum.
2775 3492 2926 3561 Quod
2962 3491 3179 3563 q'uidem
3208 3492 3368 3563 igitur
3399 3507 3507 3548 non
3545 3491 3803 3563 contingit

2212 3589 2354 3646 scire
2382 3604 2479 3659 per
2503 3586 3039 3654 demonstrationem,
3064 3602 3169 3641 non
3201 3597 3614 3657 cognoscentem
3635 3585 3802 3654 prima

2214 3682 2473 3754 principia
2522 3678 2851 3744 immediata,
2883 3677 3085 3734 dictum
3117 3689 3202 3735 est
3241 3679 3410 3749 prius,
3457 3679 3801 3759 immediate-

2215 3789 2334 3829 rum
2364 3782 2545 3828 autem
2595 3769 2953 3841 cognitionem
3009 3778 3184 3825 utrum
3229 3772 3417 3826 eadem
3449 3778 3553 3834 est,
3599 3785 3670 3823 an
3700 3783 3804 3824 non

2215 3864 2427 3931 eadem,
2461 3862 2725 3918 dubitabit
2751 3860 2931 3931 utique
2953 3861 3163 3933 aliquis.
3197 3861 3261 3916 Et
3293 3872 3467 3916 utrum
3498 3861 3723 3915 scientia
3748 3860 3801 3916 in

2217 3967 2449 4025 utroque
2477 3965 2580 4021 est,
2608 3970 2675 4010 an
2706 3971 2834 4021 non,
2867 3970 2935 4008 an
2970 3955 3127 4025 hujus
3153 3954 3367 4026 quidem
3389 3955 3639 4020 scientia,
3665 3955 3801 4010 illius

2217 4058 2396 4104 autem
2423 4048 2653 4105 alterum
2683 4048 2902 4120 aliquod
2929 4064 3096 4119 genus
3122 4049 3213 4103 sit.
3240 4048 3309 4103 Et
3340 4060 3518 4103 tttrum
3553 4063 3676 4103 cum
3702 4063 3802 4103 nou

2220 4141 2388 4197 insint
2418 4141 2653 4207 habitus,
2686 4141 2835 4207 ﬁant,
2876 4156 2945 4196 an
2987 4157 3108 4196 cum
3137 4140 3324 4208 insint,
3384 4140 3606 4196 lateant.
3636 4140 3804 4211 Siqui-

2220 4235 2342 4291 dem
2373 4235 2533 4306 igitur
2560 4234 2817 4290 habemus
2846 4234 3014 4304 ipsos,
3048 4234 3435 4289 inconveniens
3464 4243 3569 4301 est,
3601 4233 3803 4289 contin-

2219 4330 2297 4399 git
2318 4329 2460 4385 enim
2478 4306 2736 4383 certiores
2763 4327 2960 4382 habere
2983 4327 3315 4397 cognitiones
3328 4326 3798 4394 demonstratione,

2221 4435 2277 4478 et
2304 4423 2489 4489 latere,
2523 4422 2568 4476 si
2595 4431 2773 4478 autem
2818 4422 3141 4490 accipiamus
3183 4436 3289 4475 non
3334 4420 3595 4477 habentes
3637 4421 3797 4490 prius,

2223 4514 2449 4584 qualiter
2475 4514 2657 4583 utique
2685 4528 3085 4583 cognoscamus,
3131 4522 3183 4566 et
3227 4511 3568 4568 addiscamus
3597 4528 3668 4567 ex
3703 4526 3800 4567 non

529 4588 758 4687 auaui“:
785 4580 1016 4649 ωηυίηθε
1168 4588 1293 4635 sum
1320 4586 1501 4683 εἴωθ’,
1520 4587 1578 4681 εξ
1606 4578 1841 4687 ωῗάίυηξ
1868 4580 2121 4638 “imum”
2144 4624 2198 4687 ι)
2224 4578 2588 4675 prteexistenti
2618 4578 2957 4674 cognitione?
2995 4603 3324 4672 impossibile
3367 4604 3508 4659 enim
3535 4615 3641 4669 est,
3673 4605 3803 4660 sicut

527 4682 629 4727 est.
665 4672 758 4725 Est
786 4682 965 4725 autem
995 4670 1227 4726 medium
1258 4672 1395 4725 ratio
1425 4668 1580 4739 primi
1608 4670 1856 4739 extremi,
1905 4686 1972 4727 ex
2010 4688 2117 4743 quo

528 4777 717 4820 omnes
739 4762 980 4818 scientia:
998 4778 1091 4833 per
1120 4762 1485 4819 deﬁnitionem
1517 4763 1670 4830 ﬁunt,
1703 4772 1762 4819 ut
1793 4764 1918 4821 lolio
1946 4764 2117 4823 ﬂuere

530 4856 779 4912 similiter
821 4855 1067 4926 sequitur
1094 4856 1210 4923 viti,
1238 4864 1293 4913 et
1312 4857 1551 4925 excellit,
1577 4866 1632 4913 et
1654 4856 1799 4927 (icui,
1853 4869 1908 4914 et
1938 4859 2115 4916 excel-

530 4950 612 5015 lit.
644 4950 739 5006 sed
767 4964 872 5004 non
895 4947 1093 5025 omnia,
1126 4947 1221 5004 sed
1245 4949 1470 5019 aequalia
1498 4959 1641 5016 sunt;
1664 4953 1707 5006 si
1735 4966 1864 5005 vero
1881 4952 2115 5021 accipias

532 5046 761 5114 primum
788 5044 1043 5111 medium,
1071 5044 1209 5099 ratio
1235 5044 1432 5099 ﬂuendi
1482 5044 1621 5101 l'oliis
1665 5053 1775 5112 est,
1826 5046 1926 5101 erit
1972 5045 2115 5101 enim

531 5140 765 5210 primum
796 5137 1010 5209 quidem
1037 5138 1090 5192 ia
1129 5137 1300 5193 altera
1327 5137 1585 5206 medium,
1634 5138 1884 5207 quoniam
1933 5136 2117 5207 hujus-

534 5232 679 5287 modi
730 5238 855 5285 sunt
881 5231 1083 5296 omnia,
1132 5229 1325 5284 deinde
1373 5228 1531 5299 hujus
1564 5228 1821 5292 medium,
1864 5232 2116 5299 quoniam

534 5339 731 5381 succus
761 5324 1039 5389 densatur,
1070 5332 1160 5378 aut
1184 5321 1438 5393 quiddam
1460 5321 1605 5378 aliud
1627 5323 1954 5392 bujusmodi.
1978 5321 2116 5391 Quid

536 5429 716 5474 autem
742 5427 825 5472 est
855 5415 983 5470 lolio
1010 5414 1207 5471 ﬂuere?
1239 5413 1448 5469 densari
1494 5414 1547 5468 in
1596 5423 1844 5469 contactu
1892 5413 2118 5470 seminis

539 5523 777 5564 succum.
811 5506 866 5563 In
894 5508 1077 5576 liguris
1114 5514 1291 5561 autem
1321 5505 1398 5560 sic
1439 5504 1731 5575 assignabit
1756 5504 2119 5575 qmerentibus

464 5606 469 5611 ’
539 5600 976 5657 censecutionem
993 5614 1190 5664 causae,
1223 5607 1276 5653 et
1304 5596 1457 5667 cujus
1487 5606 1773 5661 estcausa.
1803 5598 1874 5651 sit
1918 5614 1951 5649 α
1996 5596 2119 5665 qui-
2166 5632 2181 5637 ι

542 5695 664 5753 dem
700 5695 758 5751 in
789 5696 816 5750 b
841 5697 1013 5759 omni,
1045 5695 1075 5748 ιι
1102 5703 1281 5749 autem
1313 5700 1365 5749 In
1412 5708 1731 5763 unoquoque
1784 5705 1969 5747 eorum
1998 5705 2121 5761 qua:

543 5798 668 5843 sunt
699 5788 756 5854 ά,
784 5788 836 5843 in
868 5789 986 5859 plus
1014 5801 1215 5853 autem,
1244 5786 1273 5840 b
1305 5787 1466 5858 igitur
1496 5785 1801 5843 universale
1828 5783 2012 5855 utique
2039 5784 2124 5855 ip-

542 5879 618 5943 sis
659 5880 821 5938 inerit
862 5878 920 5946 ἀς
951 5880 1051 5936 hoc
1082 5890 1258 5936 autem
1303 5880 1424 5936 dico
1452 5880 1772 5947 universale,
1827 5878 1968 5949 quod
2015 5893 2124 5935 non

2226 4700 2281 4754 in
2334 4697 2795 4755 demonstratione
2844 4697 3097 4753 diximus.
3148 4695 3484 4751 Manifestum
3526 4697 3692 4767 igitur
3729 4706 3804 4752 est

2226 4791 2479 4862 quoniam
2507 4803 2680 4860 neque
2703 4788 2903 4843 habere
2929 4788 3180 4857 possibile
3208 4797 3293 4843 est
3325 4792 3527 4857 (neque
3562 4788 3806 4857 ignorau-

2230 4882 2394 4953 tibus)
2428 4893 2481 4938 et
2524 4898 2698 4952 neque
2738 4897 2843 4937 non
2895 4874 3212 4937 haben'tibus
3257 4880 3496 4936 habitum
3529 4882 3668 4937 ﬁeri.
3714 4881 3808 4937 Ne-

2226 4986 2385 5027 cesse
2413 4982 2494 5027 est
2521 4972 2701 5042 itaque
2723 4971 2919 5026 habere
2942 4971 3223 5042 quamdam
3244 4971 3459 5042 quidem
3489 4973 3805 5043 potentiam,

2232 5082 2335 5119 non
2372 5064 2674 5135 hujusmodi
2724 5073 2900 5120 autem
2949 5062 3146 5119 habere
3204 5079 3320 5133 quzc
3360 5072 3443 5118 est
3472 5063 3556 5118 his
3586 5062 3807 5119 honora-

2229 5154 2392 5210 bilior
2438 5154 2729 5211 secundum
2774 5154 3167 5209 certitudincm.
3211 5145 3435 5207 videtur
3476 5162 3654 5207 autem
3699 5152 3807 5208 hac

2231 5245 2481 5302 omnibus
2520 5245 2696 5302 inesse
2724 5240 3063 5308 animalibus,
3094 5243 3292 5299 habent
3317 5243 3462 5297 enim
3492 5255 3805 5298 connatura-

2232 5340 2339 5395 lem
2355 5340 2644 5410 potentiam
2656 5338 3021 5407 judicativam,
3037 5351 3194 5407 quam
3220 5346 3413 5390 vocant
3428 5350 3664 5391 sensum.
3678 5334 3803 5389 Cum

2234 5429 2359 5485 insit
2385 5439 2562 5484 autem
2593 5442 2801 5492 sensus,
2834 5427 2886 5481 in
2919 5426 2983 5481 iis
3005 5425 3215 5495 quidem
3241 5425 3551 5480 animalium
3584 5425 3639 5479 (it
3661 5440 3804 5479 mane

2233 5520 2316 5577 sio
2346 5518 2636 5588 ‘sensibilis,
2671 5519 2722 5571 in
2743 5516 2863 5572 aliis
2891 5527 3067 5571 autem
3095 5531 3201 5571 non
3224 5515 3300 5579 lit,
3318 5517 3381 5571 ‘in
3412 5516 3807 5586 quibuscunque

2234 5616 2397 5686 igitur
2423 5629 2529 5670 non
2562 5612 2641 5678 lit,
2671 5620 2763 5667 aut
2785 5612 3023 5678 omnino,
3043 5619 3134 5665 aut
3161 5610 3301 5664 circa
3331 5624 3451 5679 qua!
3476 5625 3581 5665 non
3611 5608 3687 5673 lit,
3713 5622 3805 5664 nec

2233 5716 2314 5763 est
2343 5706 2396 5762 in
2426 5706 2508 5760 his
2531 5704 2762 5775 cognitio
2784 5713 2933 5759 extra
2961 5701 3099 5773 quod
3126 5702 3382 5767 sentiunt;
3413 5702 3467 5756 in
3498 5700 3689 5772 quibus
3715 5715 3804 5753 auo

2236 5806 2341 5852 tem
2388 5797 2527 5851 inest
2554 5793 2907 5851 sentientibus
2938 5793 3135 5847 habere
3157 5806 3318 5847 unum
3337 5790 3586 5862 quiddam
3614 5790 3665 5846 in
3696 5790 3804 5844 ani-

2235 5904 2346 5955 ma,
2394 5887 2577 5944 multis
2603 5886 2816 5959 quidem
2869 5884 3024 5942 factis
3053 5881 3351 5955 hnjusmodi
3377 5883 3488 5953 jam
3512 5881 3805 5941 dill‘ereutia

3990 608 3997 703 ὲ

3995 638 3997 769 t

3995 830 3999 1013 Ι
