4056 6330
298 328 404 391 761

1125 326 1584 384 INTRODUCTIO
1625 328 1712 383 AD
1750 324 2227 384 SYLLOGISMOS
2277 325 2748 383 CATEGORICOS

3458 328 3568 385 762

296 448 543 521 quaedam
580 441 663 509 nt,
691 452 750 499 ut
777 444 831 497 in
862 442 946 497 his
974 440 1258 511 quamdam
1289 442 1356 496 sit
1387 440 1501 496 lieri
1528 440 1788 496 rationem
1816 455 1881 495 ex
1910 442 1962 503 Α
1989 449 2047 494 ut
2100 439 2400 509 hujusmodi
2451 441 2670 509 animal,
2721 458 3000 515 quousque
3046 444 3264 511 animal,
3297 454 3349 499 et
3377 445 3430 499 in
3460 445 3568 503 hoc

299 540 487 598 talium
515 538 793 604 memoria,
822 535 875 592 in
903 536 1023 591 aliis
1049 551 1179 607 vero
1205 550 1335 592 non.
1361 534 1437 591 Ex
1461 535 1803 605 sensu'igitur
1828 534 1886 589 fit

300 628 585 694 memoria,
621 629 759 685 sicut
784 628 1035 686 dicimus.
1070 628 1146 684 Ex
1197 628 1453 684 memoria
1489 637 1666 685 autem
1694 628 1887 683 multo-

304 725 408 781 ties
444 723 686 795 ejusdem
717 721 877 789 facta,
908 722 1351 792 experimentum.
1389 721 1570 777 Multae
1596 721 1741 777 enim
1774 736 1886 776 me-

302 816 490 874 moriae
526 830 750 872 numero
797 815 1222 885 experimentum
1250 824 1333 871 est
1367 829 1553 880 unum,
1585 828 1653 869 ex
1679 814 1888 883 experi-

303 919 487 966 mento
514 917 606 964 aut
635 925 701 964 ex
730 907 879 966 omni
908 910 1219 980 quiescente
1266 908 1555 965 universali
1602 910 1655 964 in
1687 908 1883 975 anima,

302 1009 637 1075 uno‘prteter
667 1000 831 1055 multa
866 999 1030 1071 (quod
1070 1014 1191 1055 cum
1232 1000 1287 1056 in
1321 989 1573 1056 omnibus
1612 1014 1773 1054 unum
1816 999 1888 1054 sit

304 1091 434 1148 illud
462 1091 627 1163 idem)
657 1092 789 1146 artis
821 1092 1159 1163 principium,
1190 1101 1247 1149 et
1288 1092 1546 1158 scientir,
1586 1093 1630 1147 si
1671 1091 1884 1163 quidem

306 1185 469 1256 igitur
488 1186 631 1242 circa
653 1189 1078 1257 generationem.
1105 1188 1237 1243 artis
1257 1195 1361 1256 est,
1388 1188 1433 1241 si
1456 1202 1585 1243 vero
1604 1186 1747 1242 circa
1764 1201 1884 1253 ens,

304 1279 564 1343 scientia.
620 1280 803 1351 Neque
855 1272 1015 1351 igitur
1044 1282 1226 1337 insunt
1273 1280 1611 1336 determinati
1652 1280 1883 1350 habitus,

306 1386 480 1441 neque
505 1371 573 1427 ab
593 1372 713 1427 aliis
740 1372 1007 1428 habilibus
1033 1375 1164 1428 liunt
1194 1373 1510 1450 notioribus,
1536 1373 1630 1429 sed
1653 1387 1682 1427 a
1701 1387 1883 1429 sensu.

309 1463 375 1521 Ut
405 1465 456 1519 in
493 1480 666 1536 pugna
695 1467 978 1522 eversione
1010 1466 1164 1533 facta,
1195 1482 1301 1522 uno
1330 1475 1523 1532 stante,
1555 1470 1690 1523 alter
1719 1461 1883 1533 stetit,

307 1566 485 1627 postea
516 1559 670 1623 alter,
693 1574 970 1630 quousque
999 1559 1052 1614 in
1080 1560 1403 1630 principium
1428 1561 1665 1627 veniant,
1707 1560 1884 1615 anima

303 1660 482 1705 autem
533 1650 861 1721 hujusmodi,
906 1665 1028 1708 cum
1071 1652 1142 1708 sit
1178 1652 1353 1725 qualis
1391 1652 1558 1723 possit
1606 1653 1709 1722 pati
1760 1653 1879 1707 hoc.

304 1743 460 1810 Quod
490 1753 663 1799 autem
691 1742 893 1800 dictum
922 1755 1025 1814 est,
1070 1753 1215 1813 ante,
1248 1746 1341 1801 sed
1373 1760 1481 1800 non
1511 1746 1654 1801 clare
1683 1744 1882 1801 dictum

1987 529 2255 586 similiter.
2280 530 2611 587 Manilestum
2636 532 2795 603 igitur
2814 543 2896 589 est
2936 536 3187 604 quoniam
3214 535 3369 592 nobis
3394 539 3564 606 prima

1988 623 2300 679 induetione
2352 638 2678 694 cognoscere
2708 625 3070 681 necessarium
3100 635 3213 693 est,
3245 635 3300 681 et
3336 642 3567 699 namque

1987 722 2042 770 et
2070 728 2262 769 sensus
2292 713 2372 769 sic
2397 715 2700 770 universale
2745 714 2890 770 facit.
2925 716 3187 784 Quoniam
3217 726 3393 772 autem
3421 719 3564 775 circa
3609 710 3614 715 ’

1987 811 2395 881 intelligentiam
2428 809 2700 866 habituum
2749 811 2943 882 quibus
2979 826 3161 868 verum
3197 812 3443 877 dicimus,
3475 814 3563 871 alii

1986 907 2200 979 quidem
2248 921 2463 977 semper
2489 908 2601 963 veri
2653 916 2798 973 sunt,
2830 906 2921 962 alii
2956 909 3224 978 recipiunt
3254 906 3560 976 falsitatem,

1988 1011 2043 1056 ut
2064 999 2244 1068 opinio
2275 1017 2289 1054 :
2319 1008 2372 1054 et
2406 1000 2563 1065 ratio,
2595 1015 2720 1056 vera
2749 1010 2924 1059 autem
2956 1015 3170 1072 semper
3189 1005 3313 1059 sunt
3340 1003 3563 1061 scientia

1986 1100 2042 1149 ει
2061 1092 2385 1158 intellectus,
2402 1101 2455 1147 et
2483 1092 2610 1148 nihil
2636 1103 2721 1148 est
2739 1092 2962 1149 scientia
2985 1094 3184 1151 certius
3211 1095 3356 1152 aliud
3395 1112 3565 1168 genus

1987 1200 2145 1257 quam
2172 1184 2494 1251 intellectus,
2529 1184 2787 1255 principia
2809 1193 2988 1241 autem
3020 1186 3565 1245 demonstrationibus

1991 1279 2201 1335 notiora
2231 1287 2372 1343 sunt,
2406 1277 2629 1334 scientia
2659 1288 2837 1333 autem
2867 1279 3043 1333 omnis
3068 1292 3189 1334 cum
3224 1278 3437 1338 ratione
3457 1292 3561 1346 est.

1988 1370 2371 1443 principiorum
2401 1369 2626 1426 scientia
2655 1370 2868 1439 quidem
2898 1385 3003 1426 non
3045 1371 3226 1442 utique
3273 1372 3393 1429 erit.
3422 1373 3562 1442 Quo.

1988 1465 2130 1519 niam
2157 1473 2332 1519 autem
2359 1463 2491 1518 nihil
2513 1463 2691 1519 verius
2719 1462 2977 1533 contingit
3005 1477 3126 1519 esse
3154 1462 3378 1521 scientia
3406 1480 3565 1537 quam

1989 1546 2338 1628 intellectum,
2374 1560 2676 1617 intellectus
2703 1560 2887 1632 utique
2918 1561 3021 1615 erit
3045 1560 3453 1631 principiorum.
3487 1562 3564 1621 Ex

1988 1654 2071 1711 his
2093 1654 2556 1711 considerantibus
2583 1665 2637 1711 et
2664 1654 2914 1726 quoniam
2932 1654 3404 1710 demonstrationis
3423 1655 3564 1725 prin-

1987 1749 2183 1820 cipium
2209 1765 2313 1805 non
2338 1750 2747 1818 demonstratio,
2766 1764 2930 1820 quare
2956 1764 3127 1820 neque
3144 1750 3381 1806 scientia:
3398 1750 3565 1806 scien-.

302 1843 407 1901 est.
441 1834 632 1889 iterum
662 1834 922 1903 dicamus;
941 1845 1119 1894 stante
1148 1838 1290 1892 enim
1317 1852 1423 1892 uno
1443 1836 1882 1903 indiﬂ‘erenlium.
1916 1820 1965 1883 Β
1996 1845 2089 1913 tia,
2114 1846 2159 1900 si
2179 1844 2339 1914 igitur
2368 1844 2571 1899 nullum
2600 1843 2744 1899 aliud
2777 1855 2969 1915 praeter
3006 1843 3283 1900 scientiam
3316 1843 3568 1904 habemus

302 1926 534 1995 primum
563 1926 787 1997 quidem
811 1929 861 1985 in
888 1931 1067 1986 anima
1108 1931 1408 1987 universale
1437 1942 1540 1996 est,
1572 1941 1627 1987 et
1655 1947 1883 2003 namque

301 2016 504 2075 sentire
544 2018 761 2088 quidem
792 2022 1082 2091 singulare,
1130 2037 1320 2079 sensus
1346 2033 1522 2079 autem
1571 2024 1884 2082 universalis

300 2119 403 2176 est,
435 2123 491 2167 ut
518 2114 770 2181 hominis,
803 2132 906 2172 nou
955 2119 1139 2174 Callia:
1164 2118 1413 2175 hominis.
1456 2120 1653 2176 lterum
1698 2122 1748 2176 in
1798 2120 1881 2178 bis

301 2212 492 2275 statur,
522 2200 799 2280 quousque
827 2211 904 2266 uti
932 2211 1273 2283 impartibilia
1297 2222 1439 2269 stent
1462 2225 1515 2270 et
1538 2216 1881 2280 universalia,

1990 1951 2159 2009 genus
2187 1952 2395 2003 verum,
2426 1936 2730 1992 intellectus
2758 1937 2941 2007 utique
2977 1936 3081 1991 erit
3105 1936 3345 1993 scientiae
3373 1935 3568 2006 princi~

1991 2031 2162 2101 pium,
2188 2038 2244 2085 et
2285 2028 2603 2100 principium
2656 2027 2873 2099 quidem
2928 2027 3172 2098 principii
3220 2028 3321 2082 erit
3351 2026 3567 2097 utique:

1992 2136 2154 2178 omne
2181 2129 2359 2178 autem
2386 2120 2637 2178 similiter
2658 2134 2717 2177 se
2741 2120 2901 2176 habet
2925 2119 2991 2175 ad
3020 2136 3132 2177 rem
3165 2134 3401 2176 omnem.

952 2540 1223 2646 ΑΝ.
1300 2542 1790 2705 MANu.
1883 2542 2245 2650 SEV.
2329 2544 2863 2649 BOETII

305 2804 1282 2921 INTRODUCTIO
1312 2804 1499 2919 AD
1528 2804 2511 2923 SYLLOG'ISMOS
2537 2807 3555 2932 CATEGORIGOS.

375 3168 537 3223 Multa
570 3173 780 3221 veteres
810 3163 1161 3237 philosophiae
1187 3163 1351 3219 duces
1384 3164 1741 3234 posteriorum
1771 3172 1890 3219 stu-
1998 3163 2283 3235 prehendit
2329 3162 2569 3220 discendi
2604 3171 2757 3219 vetus
2800 3177 2863 3218 ac
2894 3163 3047 3233 longa
3099 3163 3375 3234 segnities,
3425 3172 3480 3219 ut
3516 3161 3568 3219 al

304 3259 408 3314 diis
432 3257 795 3322 contulerunt,
841 3256 893 3311 in
939 3255 1133 3325 quibus
1166 3255 1473 3325 priusquam
1521 3253 1588 3309 ad
1644 3268 1731 3309 res
1761 3270 1892 3324 pro-

304 3352 471 3425 funda
501 3367 707 3407 mersas
738 3350 966 3421 caligine
1006 3351 1348 3420 pervenirent
1373 3348 1598 3420 quadam
1628 3351 1780 3420 quasi
1817 3350 1897 3405 in-

306 3445 614 3517 telligentia:
634 3442 928 3500 luctatione
946 3441 1302 3514 prmludereut
1322 3458 1333 3494 :
1356 3440 1481 3495 hinc
1503 3441 1893 3495 institutionum

305 3538 519 3597 brevior
558 3524 861 3610 compendii
917 3534 1170 3591 facilitate
1215 3534 1481 3599 doctrina,
1526 3534 1651 3588 hinc
1700 3549 1795 3604 per
1829 3549 1893 3589 ea

304 3649 425 3707 qua:
452 3633 525 3688 illi
555 3633 899 3709 προλεγόμενα
928 3639 1141 3697 vocant,
1174 3628 1240 3683 ad
1272 3627 1676 3698 intelligentiam
1707 3643 1890 3699 proni.

303 3726 447 3801 ptior
476 3725 560 3781 via
590 3727 846 3781 munitur.
894 3723 1063 3794 Hujus
1092 3723 1251 3793 igitur
1281 3722 1506 3777 aemulus
1545 3723 1894 3791 providentiae

303 3821 465 3879 statui
481 3819 826 3877 obscurarum
842 3817 1017 3873 aditus
1033 3814 1398 3873 doctrinarum
1424 3815 1712 3885 przemissa:
1741 3815 1893 3871 insti-

306 3911 532 3968 tutionis
559 3910 675 3967 luce
705 3924 967 3974 reserare,
996 3920 1050 3965 et
1104 3916 1422 3977 praesentem
1465 3922 1685 3976 operam
1726 3908 1891 3979 syllo-

305 4001 490 4074 gismis
510 4016 738 4071 quorum
755 3999 1183 4056 oonnexionibus
1206 3999 1381 4055 omnis
1397 3999 1536 4053 ratio
1557 4000 1888 4069 continetur,

305 4093 575 4159 addicere,
607 4093 932 4164 modumque
959 4106 1079 4147 eum
1108 4092 1378 4147 custodire
1410 4090 1645 4158 dicendi,
1679 4100 1737 4145 ut
1765 4091 1891 4147 faci-

305 4186 441 4243 litati
490 4194 648 4255 atque
678 4183 1042 4255 intelligentiae
1093 4184 1415 4249 servientes,
1460 4186 1820 4254 astringantus
1861 4199 1891 4238 a

306 4271 578 4335 veteiibus
607 4276 746 4331 dicta
779 4277 958 4341 latius,
988 4276 1261 4331 enuntiata
1285 4274 1504 4329 brevius
1531 4276 1887 4345 porrigamus,

304 4372 589 4427 obscurata
622 4370 898 4441 improprii
922 4370 1161 4424 novitate
1183 4369 1449 4424 sermonis
1470 4369 1709 4423 consueti
1735 4384 1905 4423 voca-‘

305 4462 416 4519 buli
468 4462 792 4534 proprietate
837 4463 1155 4532 pandemus.
1210 4461 1313 4517 Sed
1355 4458 1442 4530 qui
1488 4461 1553 4515 ad
1609 4460 1707 4517 hoc
1758 4478 1892 4533 Opus

2000 3259 2231 3330 arreptis
2254 3259 2421 3314 semel
2456 3258 2799 3330 opinionibus
2824 3272 2930 3313 non
2952 3256 3227 3325 recedant,
3259 3273 3327 3313 ne
3347 3256 3401 3313 itt
3429 3272 3560 3313 sene

2000 3360 2145 3405 ctute
2174 3351 2455 3419 discendo,
2490 3350 2620 3405 nihil
2662 3365 2830 3420 usque
2859 3349 2911 3404 in
2958 3360 3290 3407 senectutem
3330 3347 3578 3408 didicisse

2000 3443 2333 3514 videantur),
2384 3445 2454 3513 si,
2488 3444 2722 3513 inquam,
2754 3438 2957 3497 malunt
2983 3442 3254 3499 vindicare
3282 3458 3442 3513 quam
3471 3459 3562 3504 ver

2002 3546 2119 3593 tere
2157 3552 2278 3608 qua:
2310 3535 2543 3606 vulgatis
2588 3535 2756 3589 semel
2803 3534 2992 3589 studiis
3040 3534 3385 3602 itnbiberuut,
3428 3550 3578 3596 neme

1998 3629 2196 3700 expetit
2236 3641 2290 3683 ut
2327 3613 2502 3699 priora
2555 3628 2937 3690 condetnnent,
2970 3627 3063 3683 sed
3109 3636 3165 3681 ut
3194 3626 3396 3697 majora
3442 3645 3578 3700 qua:-

1998 3722 2121 3777 dnm
2163 3731 2476 3775 consuuant
2507 3731 2665 3789 atquc
2699 3718 2889 3772 altiora
2919 3716 3266 3790 conjungant.
3294 3715 3408 3773 Non
3438 3718 3581 3780 enim

1998 3829 2101 3870 una
2148 3824 2310 3882 atque
2358 3811 2546 3867 eadem
2600 3809 2932 3865 diversarum
2974 3809 3113 3866 ratio
3154 3810 3581 3881 disciplinarum,

1996 3922 2119 3962 cum
2155 3906 2227 3961 sit
2271 3904 2656 3975 diversissimis
2706 3902 3007 3973 disciplinis
3053 3918 3157 3957 una
3200 3912 3359 3973 atque
3398 3902 3582 3964 eadem

1995 4001 2295 4057 substantia
2333 4000 2604 4055 materies.
2641 3998 2813 4053 Aliter
2837 3997 2980 4051 enim
3020 3994 3088 4051 de
3115 3995 3352 4065 qualibet
3384 3996 3581 4053 oratio-

1996 4092 2081 4146 nis
2129 4099 2280 4161 parte
2304 4090 2678 4161 grammatico,
2710 4090 2866 4145 aliter
2895 4088 3174 4142 dialcc:ico
3214 4087 3582 4149 disserendum

1996 4193 2099 4250 est,
2126 4198 2224 4238 nec
2249 4182 2441 4239 eodem
2471 4181 2630 4237 modo
2654 4182 2851 4236 lineam
2879 4179 2964 4235 vel
3001 4177 3345 4249 superficiem
3377 4181 3582 4237 mathe-

1996 4279 2226 4333 maticus
2256 4291 2321 4330 ac
2352 4276 2603 4346 physicus
2637 4282 2888 4330 ttactant.
2931 4274 3049 4342 Quo
3078 4274 3137 4328 lit
3166 4284 3222 4328 ιιι
3260 4275 3423 4331 altera
3453 4276 3605 4334 alte-.

1998 4386 2111 4425 rant
2141 4386 2246 4424 non
2272 4369 2529 4440 impediat
2560 4368 2864 4437 disciplina,
2894 4367 2988 4423 sed
3018 4367 3306 4423 multorum
3334 4368 3583 4426 conside-

1999 4463 2207 4517 ratione
2237 4464 2522 4531 conjuncta
2550 4460 2640 4517 fiat
2670 4476 2794 4516 vera
2825 4470 3029 4515 natura:
3060 4467 3220 4531 atque
3240 4475 3307 4517 es
3337 4462 3584 4520 omnibus

305 4555 474 4612 lector
519 4555 746 4620 accedit,
777 4554 846 4611 ab
891 4570 956 4609 eo
1020 4555 1262 4624 primitus
1293 4554 1512 4626 petitum
1562 4555 1780 4611 velimus
1824 4572 1892 4612 ne
1921 4562 1973 4624 ι)
1997 4555 2259 4625 eXplioata
2288 4556 2542 4625 cognitio.
2572 4554 2678 4611 Sed
2700 4553 2769 4610 de
2790 4552 2874 4609 his
2894 4553 3183 4622 hactenus;
3207 4571 3349 4612 nunc
3369 4557 3438 4614 de
3464 4573 3584 4630 pro.

308 4647 363 4703 in
392 4648 473 4703 his
499 4664 620 4719 qua:
650 4663 920 4720 nunquam
948 4648 1081 4703 alias
1123 4649 1357 4719 attigerit
1385 4650 1564 4704 statim
1594 4649 1785 4704 audeat
1803 4649 1890 4719 ju-

306 4740 507 4807 dicare,
539 4755 672 4797 neve
702 4739 748 4795 si
777 4741 903 4811 quid
934 4741 984 4796 in
1015 4740 1143 4796 ludo
1187 4740 1466 4811 puerilium
1491 4739 1890 4811 disciplinarum

306 4834 457 4890 rudis
514 4832 688 4889 adhuc
732 4842 789 4887 et
834 4830 1069 4888 nondum
1121 4833 1307 4887 firmus
1351 4832 1640 4904 acceperit,
1686 4832 1738 4887 id
1775 4848 1892 4888 am-

306 4925 629 4996 plexandutn
670 4934 829 4994 atque
873 4926 1035 4981 etiam
1077 4925 1361 4982 colendum
1391 4934 1571 4997 putet;
1604 4925 1707 4979 alia
1751 4926 1892 4981 enim

309 5019 512 5076 teneris
541 5030 697 5089 atque
726 5018 1031 5076 imbuendis
1059 5019 1234 5073 adhuc
1257 5018 1477 5073 auribus
1520 5019 1892 5074 accommoda-

312 5123 386 5180 ta,
419 5112 520 5167 alia
570 5112 735 5168 firmis
780 5126 843 5167 ac
887 5109 1281 5166 robustioribus
1309 5108 1555 5165 doctrina
1600 5108 1891 5175 mentibus,

307 5212 629 5263 reservatur.
648 5205 825 5272 Quare
840 5204 884 5259 si
907 5203 1030 5275 quid
1051 5210 1132 5258 est
1152 5202 1291 5274 quod
1312 5202 1602 5271 discrepet,
1630 5216 1697 5256 ne
1713 5202 1892 5255 statim

309 5300 603 5365 obstrepat,
635 5298 727 5353 sed
748 5296 954 5352 ratione
974 5294 1240 5366 consulta,
1256 5293 1387 5366 quid
1414 5294 1527 5364 ipse
1550 5294 1744 5349 sentiat
1766 5296 1892 5364 quid

310 5406 407 5447 nos
447 5388 752 5456 aderamus,
783 5390 995 5444 veriore
1019 5386 1213 5443 mentis
1244 5386 1488 5442 acumine
1514 5395 1568 5441 et
1610 5385 1896 5441 subtiliore

296 5483 741 5555 consideratione
791 5482 1064 5552 dijudicet.
1110 5480 1252 5536 Idem
1292 5495 1523 5550 namque
1570 5477 1802 5546 eveniet,
1839 5488 1895 5533 ut

308 5592 427 5649 qua:
448 5576 502 5631 in
534 5574 703 5646 primo
732 5574 912 5631 statim
939 5572 1183 5629 studendi
1217 5572 1363 5627 aditu
1387 5571 1712 5635 didicerunt,
1744 5583 1893 5638 pers-

309 5676 462 5736 pecta
495 5666 706 5735 penitus
734 5680 797 5720 ac
831 5665 1007 5736 potius
1043 5663 1377 5734 deprehensa
1420 5669 1785 5716 contemnant.
1826 5664 1898 5716 At

305 5763 351 5817 si
372 5762 483 5829 jam
514 5760 738 5831 quisque
776 5775 888 5816 sure
930 5758 1169 5815 scientiae
1198 5756 1451 5814 defensor
1493 5768 1615 5811 esse
1664 5753 1893 5823 cupidus

307 5855 457 5909 malit
500 5854 723 5923 (habent
759 5854 859 5909 hoc
904 5868 1114 5925 quoque
1141 5853 1251 5908 vitii
1285 5851 1529 5907 homines
1569 5864 1706 5919 quos
1749 5863 1899 5905 conto

1999 4648 2187 4718 positis
2238 4648 2569 4703 ordinantur.
2603 4646 2868 4716 Quoniam
2914 4645 3077 4718 igitur
3103 4647 3257 4704 nobis
3308 4647 3410 4706 hoc
3455 4666 3585 4720 opus

1999 4749 2081 4795 est
2110 4740 2160 4794 in
2211 4740 2544 4810 categoricos
2584 4739 2948 4811 syllogismos,
2987 4738 3423 4813 syllo‘gismorum
3459 4756 3585 4799 vero

1998 4845 2259 4902 compago
2281 4831 2737 4901 prepositionibus
2760 4832 2977 4901 texitur,
3009 4834 3432 4903 propositionum
3460 4844 3601 4891 vero

1999 4936 2178 4996 partes
2207 4936 2331 4981 Sunt
2361 4940 2558 4981 nomen
2589 4935 2644 4981 et
2672 4925 2918 4992 verbum,
2949 4942 3072 4998 pars
3101 4939 3279 4983 autem
3309 4928 3378 4983 ab
3404 4943 3469 4984 eo
3490 4942 3586 4985 cu-

1994 5021 2084 5091 jus
2128 5036 2253 5091 pars
2278 5033 2382 5089 est,
2436 5022 2589 5091 prior.
2621 5030 2704 5077 est
2735 5041 2749 5088 ;
2782 5022 2850 5078 de
2892 5024 3108 5079 nomine
3150 5036 3204 5081 et
3234 5023 3420 5090 verbo,
3468 5040 3587 5095 qua:

2000 5113 2172 5182 prima
2210 5122 2355 5176 sunt,
2405 5112 2700 5178 disputatio
2741 5116 2912 5186 prima
2966 5127 3219 5186 ponatur,
3275 5115 3471 5174 dehinc
3516 5118 3588 5175 de

2000 5204 2362 5272 prOImSlllmle
2419 5203 2486 5258 ad
2541 5205 2787 5261 ultimum
2830 5205 2897 5262 de
2968 5208 3406 5278 syllogismorum
3460 5225 3587 5265 con-

2001 5296 2597 5365 ttexiottelraclubilur.
2631 5295 2834 5355 Nomen
2872 5307 2955 5353 est
2982 5314 3083 5353 vox
3116 5298 3467 5369 significativa
3498 5316 3584 5357 se-

2002 5388 2233 5443 cundum
2267 5388 2515 5456 placitum
2548 5388 2665 5444 sine
2696 5398 2958 5460 tempore,
2991 5390 3143 5460 cujus
3172 5380 3313 5445 nulla
3351 5407 3476 5462 pars
3507 5392 3586 5446 si-

1997 5478 2302 5550 gnificativa
2350 5489 2433 5535 est
2463 5490 2735 5550 separata;
2768 5498 2887 5549 qua:
2923 5480 3173 5536 difiinitio
3204 5483 3364 5552 paulo
3389 5483 3586 5539 enode;

2002 5571 2107 5624 tius
2150 5570 2466 5641 explicanda
2499 5581 2604 5627 est.
2637 5570 2839 5628 Nomen
2885 5572 3030 5628 enim
3068 5587 3249 5649 vocem
3293 5588 3413 5629 csse
3454 5573 3585 5629 dici-

2000 5678 2157 5731 nius,
2225 5665 2478 5735 quoniam
2530 5680 2632 5719 vos
2689 5665 2964 5722 nominum
3018 5681 3187 5739 genus
3257 5679 3366 5735 est;
3427 5685 3588 5726 omne

1998 5762 2178 5811 autem
2216 5771 2385 5826 genus
2428 5758 2494 5813 de
2535 5774 2631 5816 sua
2678 5758 2861 5829 specie
2911 5756 3257 5829 praedicatur,
3306 5758 3591 5831 omnisque

2000 5847 2252 5905 dilliuitio
2294 5865 2325 5903 a
2353 5866 2551 5920 genere
2590 5853 2839 5919 sumitur,
2887 5862 2942 5910 ut
2970 5852 3016 5909 si
3045 5848 3282 5910 difiinias
3314 5850 3587 5912 homines;
