4056 6330
517 302 627 366 ’ῖὲὶῦ
1739 311 1850 369 ΑΝ.
1889 309 2101 366 κΑΝι.

2217 306 2293 363 ιν.
2338 308 2559 367 BOETII
3684 308 3783 362 766

519 432 671 505 prius
700 434 892 491 animal
922 436 1091 502 dicas,
1115 437 1255 507 quod
1283 445 1367 493 est
1393 452 1583 508 genus.
1617 438 1745 492 Post
1778 450 1907 491 vero
1933 434 2093 489 diﬁ'e-
2120 435 2174 493 Δ
2199 434 2342 502 quod
2371 436 2451 490 vir
2476 436 2631 490 [ortis
2671 450 2795 491 cum
2825 436 2981 491 unius
3035 414 3290 491 accentus
3318 432 3619 490 intentione
3664 446 3784 502 pro-

521 529 728 586 rentias
761 530 953 600 jungas
980 545 1101 601 qua
1147 540 1273 585 sunt
1318 530 1584 586 rationale
1629 540 1685 585 et
1730 529 1980 585 mortale.
2023 530 2098 583 Ita

524 622 687 691 igitur
712 636 811 677 nos
845 638 1055 693 quoque
1083 625 1132 677 in
1162 623 1393 677 nominis
1422 622 1746 678 dil‘ﬁnitionc
1771 638 1958 677 vocem
1981 624 2103 692 qui-

522 713 644 771 dem
667 724 722 768 ut
742 729 908 785 genus
936 717 1215 782 sumimus,
1247 723 1443 771 caetera
1468 724 1647 769 autem
1673 715 1787 769 voci
1818 715 1969 785 quasi
1992 713 2099 768 dif-

522 804 776 861 ferentias
797 821 1164 877 aggregamus,
1200 807 1342 862 velut
1368 807 1511 878 quod
1542 820 1737 863 nomen
1764 806 2099 877 designativa

522 910 625 953 vox
662 898 877 955 dicitur.
925 899 1061 956 Sunt
1089 901 1232 955 enim
1277 915 1436 955 voces
1465 914 1586 969 qua:
1626 898 1759 954 nihil
1798 898 2098 968 designant,

522 998 583 1047 ut
599 991 852 1061 syllabas,
874 1006 1067 1048 nomen
1088 1007 1216 1059 vero
1237 992 1568 1061 designativa
1589 1008 1690 1047 vox
1715 1000 1817 1056 est,
1848 990 2100 1061 quoniam

525 1098 720 1138 nomen
733 1083 976 1155 designat
996 1085 1049 1140 id
1065 1100 1276 1155 semper
1292 1085 1448 1157 cujus
1460 1101 1655 1141 nomen
1674 1094 1778 1140 est.
1795 1083 2099 1139 Secundum

525 1178 773 1247 piacitnm
795 1192 924 1235 vero
945 1180 1252 1248 adjunctnm
1281 1189 1385 1240 est.
1409 1180 1659 1249 quoniam
1677 1177 1880 1233 nullum
1902 1192 2101 1232 nomen

527 1279 714 1324 natura
727 1269 1010 1340 signiﬁcat,
1024 1270 1119 1325 sed
1134 1270 1426 1325 secundum
1442 1272 1690 1341 placitum
1710 1269 1959 1338 portentis
1973 1282 2099 1323 con-

524 1361 903 1431 stituentisque
926 1361 1273 1416 voluntatem.
1313 1362 1445 1416 Illud
1479 1361 1624 1416 enim
1655 1373 1988 1428 unaquaeque
2014 1370 2103 1412 res

525 1451 721 1509 dicitur
761 1454 902 1524 quod
928 1454 977 1509 ei
1002 1453 1198 1523 placuit
1218 1457 1309 1525 qui
1328 1457 1531 1524 primus
1551 1453 1628 1509 rei
1657 1467 1852 1507 nomen
1877 1453 2104 1520 impres-

526 1544 612 1601 sit.
626 1547 757 1602 Alia!
767 1548 908 1602 enim
921 1559 1043 1602 sunt
1058 1564 1217 1605 voces
1230 1549 1540 1605 naturaliter
1551 1546 1938 1615 signiﬁcantes,
1953 1554 2010 1599 ut
2021 1558 2106 1599 ca-

529 1653 656 1694 uum
668 1640 911 1707 latratus,
932 1641 1038 1696 iras
1048 1656 1237 1696 canum
1252 1642 1533 1713 signiﬁcat,
1547 1650 1600 1695 et
1615 1638 1716 1694 alia
1731 1638 1849 1709 ejus
1859 1639 2103 1709 quaedam

528 1743 632 1784 vox
662 1728 1052 1795 blandimenta;
1083 1733 1316 1800 gemitus
1345 1732 1505 1785 etiam
1529 1730 1812 1800 designant
1835 1730 2101 1791 dolorem,

2205 528 2370 590 latum
2399 542 2505 583 non
2535 536 2621 585 est
2656 529 2858 595 oratio,
2889 528 2985 585 sed
3021 541 3251 595 nomen,
3290 527 3441 596 cujus
3473 533 3653 595 partes
3684 540 3780 579 no-

2204 629 2347 683 mina
2377 639 2496 681 esse
2521 638 2625 679 non
2648 633 2917 693 poterunt,
2955 634 3021 676 ac
3040 621 3085 676 si
3118 620 3331 674 nomina
3354 634 3461 673 non
3483 626 3630 681 sunt,
3658 630 3781 670 cum

2205 736 2381 792 neque
2411 718 2683 775 naturales
2702 715 2925 772 aﬁ‘ectus
2947 730 3118 784 neque
3143 723 3319 778 actus,
3345 720 3404 767 ut
3426 711 3593 766 verba
3619 709 3783 780 signi.

2204 813 2396 882 ﬁcent,
2429 812 2653 868 omnino
2688 826 2797 865 non
2827 807 2959 864 nihil
2986 808 3293 881 designant.
3352 805 3532 873 Quare
3558 806 3775 859 conclu-

2190 904 2440 969 dendum
2463 913 2566 967 est,
2600 918 2720 959 cum
2750 900 3002 972 quaelibet
3023 913 3182 954 voces
3214 900 3481 968 propriam
3513 894 3780 964 signiﬁca-

2206 997 2403 1051 tionem
2434 1004 2642 1061 tenent,
2691 1010 2797 1049 non
2829 1004 3008 1063 partes
3057 990 3350 1055 nominum,
3382 988 3480 1044 sed
3528 990 3645 1058 ipsa
3665 1001 3787 1041 esse

2205 1090 2444 1155 nomina,
2469 1102 2591 1144 eum
2618 1102 2748 1142 vero
2775 1088 2934 1141 unius
2970 1084 3198 1153 formam
3229 1082 3461 1138 nominis
3487 1072 3783 1149 cupulavea

2204 1182 2333 1247 rint,
2364 1195 2430 1235 eo
2463 1178 2872 1236 considerantur
2912 1188 2963 1231 ut
2999 1185 3178 1245 partes
3214 1176 3325 1230 vim
3358 1173 3586 1243 propriae
3624 1171 3786 1238 signi-

2205 1271 2468 1326 ﬁcationis
2494 1271 2765 1325 amittere.
2807 1268 2914 1323 Sed
2939 1268 3008 1323 de
3033 1267 3116 1321 his
3145 1267 3200 1320 in
3240 1265 3633 1321 commentario
3662 1260 3784 1315 libri

2206 1367 2323 1439 Περὶ
2350 1365 2623 1440 Epponinae;
2651 1362 2955 1418 Aristotelis
2985 1361 3115 1415 satis
3141 1360 3343 1415 dictum
3374 1367 3454 1413 est
3476 1399 3493 1425 ,
3527 1364 3582 1411 et
3616 1353 3784 1423 major

2203 1458 2324 1522 ejus
2352 1456 2430 1509 rei
2463 1461 2719 1510 tractatus
2758 1462 2843 1509 est
2868 1467 3027 1523 quam
3057 1459 3114 1506 ut
3163 1466 3303 1505 nunc
3330 1457 3471 1504 totus
3495 1445 3673 1500 valeat
3698 1460 3786 1497 ex-

2211 1548 2402 1616 pediri.
2435 1547 2541 1603 Sed
2568 1546 2819 1616 quoniam
2846 1554 2967 1600 sunt
3000 1543 3242 1614 quaedam
3271 1556 3429 1595 voces
3459 1555 3580 1610 quae
3612 1548 3667 1592 et
3695 1536 3784 1590 de-

2213 1641 2487 1711 signativte
2525 1649 2649 1695 sunt
2699 1649 2754 1695 et
2782 1639 3074 1694 secundum
3102 1637 3351 1705 placitum
3369 1676 3385 1701 ,
3437 1641 3493 1688 ει
3514 1634 3636 1686 sine
3662 1638 3784 1685 tem-

2212 1749 2363 1804 pore,
2386 1748 2719 1803 quarumque
2748 1741 2925 1801 partes
2953 1728 3084 1782 nihil
3127 1738 3278 1783 extra
3322 1724 3648 1795 signiﬁcant,
3698 1738 3787 1777 ne-

528 1820 623 1876 sed
675 1836 780 1875 non
811 1836 929 1875 sunt
957 1823 1195 1889 nomina,
1224 1824 1346 1891 quia
1373 1837 1476 1876 non
1502 1822 1787 1890 designant
1805 1820 2099 1875 secundum
2130 1821 2182 1881 Β
2206 1843 2312 1898 que
2343 1837 2521 1882 tamen
2554 1825 2907 1895 proprietates
2958 1822 3184 1875 nominis
3226 1829 3579 1885 naturamque
3609 1816 3788 1871 obser.

529 1911 802 1981 placitum,
826 1912 919 1967 sed
949 1914 1238 1967 secundum
1254 1924 1517 1968 naturam.
1543 1913 1669 1969 Sine
1684 1921 1924 1984 tempore
1952 1928 2101 1975 vero.

528 2003 669 2073 quod
699 2013 754 2058 et
783 2003 944 2066 verba
977 2020 1135 2061 voces
1172 2016 1297 2062 sunt
1340 2006 1704 2077 signiﬁcativa:
1730 2018 1784 2061 et
1811 2007 2104 2062 secundum

529 2096 802 2165 placitum.
828 2098 923 2154 sed
948 2097 1148 2153 distant
1175 2114 1206 2153 a
1233 2100 1566 2167 nominibus,
1594 2101 1717 2170 quia
1746 2099 1960 2156 nomina
1989 2100 2107 2171 qui-

529 2189 648 2243 dem
700 2190 817 2245 sine
848 2201 1087 2261 tempore
1117 2202 1271 2252 sunt.
1306 2193 1466 2247 verba
1515 2207 1644 2248 vero
1670 2207 1792 2247 cum
1844 2202 2103 2263 tempore.

534 2283 699 2352 Cujus
722 2286 862 2337 nulla
900 2302 1019 2354 pars
1048 2287 1400 2357 signiﬁcativa
1440 2296 1522 2341 est
1559 2295 1799 2357 separata
1822 2329 1838 2355 ,
1890 2288 2106 2341 nomina

528 2372 594 2429 ab
620 2376 857 2431 oratione
882 2376 1155 2448 disjungit.
1196 2380 1379 2433 Oratio
1411 2394 1640 2449 namque
1676 2394 1781 2433 vox
1814 2389 1899 2434 est
1939 2378 2107 2449 signi-

533 2467 741 2521 ﬁcativa
785 2470 1074 2524 secundum
1106 2471 1357 2541 placitum
1408 2480 1463 2526 et
1504 2472 1791 2542 aliquoties
1820 2472 1938 2527 sine
1976 2483 2109 2526 tem-

531 2573 680 2627 pore,
708 2571 762 2613 ut
784 2561 871 2615 hic
894 2576 1078 2619 versus
1104 2579 1119 2619 :
1151 2564 1349 2620 Nerine
1370 2562 1623 2620 Galzithea
1646 2568 1831 2636 thymo
1844 2563 1974 2620 mihi
1992 2564 2113 2618 dul-

526 2653 642 2705 cior
670 2651 877 2724 Hyblae.
925 2655 1027 2710 Sed
1052 2656 1311 2711 orationis
1354 2666 1565 2726 partes,
1610 2665 1872 2726 separata:
1926 2670 1956 2710 a
2001 2664 2111 2711 tota

528 2746 783 2811 oratione,
811 2746 1129 2820 designant:
1184 2750 1464 2804 nominum
1501 2765 1633 2805 vero
1668 2750 1801 2806 nihil
1829 2761 1979 2805 extra
2013 2749 2112 2806 de-

528 2835 722 2907 signat,
753 2849 916 2907 atque
964 2839 1017 2892 in
1046 2839 1153 2895 illis
1200 2838 1419 2910 quidem
1449 2842 1757 2896 nominibus
1781 2856 1901 2911 qum
1930 2842 2114 2913 ﬁgura

532 2935 656 2980 sunt
680 2928 934 2996 simplicis
974 2929 1108 2985 nihil
1150 2947 1273 3001 pars
1302 2933 1522 2987 omnino
1547 2932 1850 3004 signiﬁcare
1889 2935 2114 2988 manife-

530 3028 670 3071 stum
701 3029 803 3085 est,
831 3030 887 3074 ut
916 3022 967 3074 in
998 3035 1065 3076 eo
1095 3022 1236 3091 quod
1264 3032 1348 3078 est
1376 3023 1566 3079 Cicero
1585 3064 1601 3089 ,
1638 3024 1783 3079 nulla
1810 3039 1934 3095 pars
1959 3039 2115 3094 sepa-

531 3119 642 3165 rata
673 3113 1141 3184 designat‘neqne
1183 3117 1252 3181 ci,
1286 3132 1459 3187 neque
1511 3133 1589 3185 ce,
1637 3133 1811 3190 neque
1839 3136 1917 3173 ro.
1967 3123 2035 3175 At
2064 3123 2112 3177 si

2209 1928 2356 1985 vent,
2389 1916 2760 1973 discernenda:
2794 1920 2939 1981 prius
2962 1926 3085 1968 sunt
3109 1954 3124 1980 ,
3150 1913 3450 1980 additisque
3479 1908 3789 1968 differentiis

2209 2025 2239 2063 a
2269 2002 2487 2065 nomine
2533 2007 2905 2079 segreganda,
2950 2014 3007 2058 ut
3048 2019 3167 2072 qua:
3208 2004 3277 2057 sit
3312 2002 3392 2057 vis
3424 2002 3659 2056 nominis
3688 1998 3793 2054 cvi.

2210 2101 2402 2157 denter
2427 2108 2700 2169 appareat.
2749 2098 2973 2168 Adjecta
3013 2095 3157 2150 enim
3214 2109 3430 2164 semper
3454 2092 3677 2163 negatio
3705 2098 3787 2145 no-

2211 2196 2365 2263 mini,
2396 2209 2580 2250 vocem
2611 2193 2824 2247 dubiam
2876 2191 3034 2255 facit,
3087 2203 3206 2258 qua:
3232 2202 3401 2257 neque
3432 2184 3598 2239 verbo
3629 2198 3790 2252 neque

2212 2287 2463 2351 orationi,
2487 2282 2589 2342 etsi
2606 2284 2829 2340 interius
2858 2282 3253 2336 eonsideratum
3272 2279 3360 2343 sit,
3387 2293 3561 2347 neque
3585 2276 3790 2329 nomini

2214 2381 2380 2450 possit
2402 2379 2636 2443 annecti,
2690 2390 2745 2431 ut
2782 2376 2827 2431 si
2854 2375 2973 2447 quis
2996 2373 3159 2440 dicat,
3191 2388 3298 2427 non
3342 2371 3523 2438 homo,
3581 2384 3685 2422 vox
3719 2374 3792 2423 est

2213 2470 2589 2541 signiﬁcativa.
2664 2468 2912 2533 Designat
2964 2466 3108 2520 enim
3164 2462 3417 2534 quidquid
3475 2460 3638 2513 homo
3694 2473 3792 2514 non

2214 2563 2408 2629 fuerit,
2431 2558 2726 2617 secundum
2752 2560 3026 2630 placitum.
3069 2556 3171 2612 Eas
3205 2556 3347 2611 enim
3376 2553 3597 2607 omnino
3623 2560 3794 2620 partes

2216 2655 2378 2710 habet
2421 2668 2556 2725 quas
2582 2653 2645 2706 ad
2671 2651 3117 2722 signiﬁcationem
3150 2649 3230 2702 vel
3274 2646 3573 2717 negationis
3593 2644 3682 2699 vel
3713 2643 3795 2698 bo-

2215 2748 2375 2802 minis
2416 2746 2667 2816 placitum
2710 2743 2969 2797 vocabula
3021 2741 3265 2810 ponentis
3314 2737 3625 2805 assumpsit.
3676 2736 3797 2791 Sine

2217 2851 2483 2912 tempore,
2533 2851 2652 2909 qua:
2684 2850 2770 2892 res
2799 2849 2917 2891 eam
2941 2849 3126 2889 vocem
3159 2848 3276 2903 qua:
3314 2830 3444 2888 dicit
3493 2846 3599 2885 non
3639 2829 3796 2885 homo

2217 2940 2430 3004 separat
2450 2945 2515 2985 ac
2540 2928 2772 3000 sejungit
2794 2942 2823 2981 a
2862 2928 3029 2983 verbo
3050 2967 3066 2991 ,
3095 2925 3247 2995 cujus
3278 2935 3456 2994 partes
3487 2923 3619 2978 nihil
3650 2933 3795 2979 extra

2217 3026 2540 3095 significant,
2573 3039 2639 3078 ne
2660 3014 2835 3076 oratio
2861 3035 2982 3075 esse
3006 3018 3267 3073 videatur.
3324 3018 3440 3071 Non
3466 3016 3627 3070 homo
3656 3016 3793 3069 enim

2218 3136 2322 3175 vox
2349 3120 2591 3188 seiuncta
2637 3127 2721 3172 est
2764 3133 2831 3171 ex
2860 3117 3102 3185 negativa
3149 3115 3404 3184 particula
3454 3124 3507 3168 et
3554 3113 3792 3176 homine,

532 3212 726 3253 nomen
759 3202 1112 3271 compositum
1148 3200 1273 3267 ﬁat,
1306 3205 1608 3276 signiﬁcare
1630 3188 1825 3277 aliquid
1850 3216 2111 3279 separatas
2134 3188 2186 3256 ο
2218 3228 2337 3281 qua:
2369 3210 2423 3266 in
2456 3210 2644 3265 eodem
2673 3209 2890 3263 nomine
2932 3215 3176 3277 separata
3205 3205 3337 3260 nihil
3379 3205 3700 3275 designant,
3727 3206 3796 3259 si-

535 3302 711 3361 partes
738 3294 1013 3361 videntur;
1046 3297 1138 3351 sed
1171 3295 1227 3351 in
1248 3297 1435 3353 eodem
1459 3299 1675 3355 nomine
1692 3298 1834 3371 quod
1862 3316 1927 3357 ex
1951 3302 2114 3358 utris-

448 3382 463 3391 “
536 3398 640 3454 que
663 3386 1014 3456 compositum
1044 3378 1146 3456 est,
1179 3401 1439 3462 separatae
1471 3391 1605 3447 nihil
1638 3391 1949 3463 designant,
1983 3404 2039 3449 ut
2066 3396 2114 3451 si

535 3472 708 3529 dicam
757 3478 1032 3547 magister,
1069 3488 1247 3548 partes
1275 3480 1391 3549 ejus
1414 3482 1644 3536 nominis
1672 3492 1798 3538 sunt
1838 3484 2006 3556 magis
2035 3495 2115 3539 at-

536 3583 639 3636 que
666 3578 764 3635 ter,
792 3586 911 3640 qua:
938 3582 1150 3644 sumpta
1179 3574 1543 3631 exstrinsecus
1569 3587 1621 3632 et
1653 3591 1683 3631 a
1705 3576 1939 3633 nominis
1966 3589 2116 3647 parte

536 3668 795 3727 separata:
823 3660 1209 3729 signiﬁcatione
1235 3679 1340 3717 non
1369 3675 1573 3734 carent,
1604 3675 1829 3736 utraque
1853 3669 1995 3723 enim
2022 3668 2116 3722 ad-

535 3749 844 3804 verbialiter
876 3750 1550 3823 signiﬁcatquantitatem;
1584 3755 1679 3811 sed
1708 3771 1828 3811 cum
1862 3758 2118 3830 magister

537 3839 679 3907 quod
707 3848 789 3892 est
837 3840 1191 3908 compositum
1229 3858 1421 3899 nomen
1452 3844 1683 3915 alicujus
1712 3848 1842 3902 artis
1888 3846 2116 3919 peritum

534 3929 911 3999 ductoremque
935 3928 1220 4001 signiﬁcet,
1254 3932 1419 4003 magis
1469 3949 1643 4005 neque
1685 3947 1888 4005 partem
1928 3938 2118 3992 docto-

537 4019 635 4085 tis,
664 4035 833 4091 neque
866 4030 1031 4075 totum
1056 4021 1329 4079 doctorem
1366 4025 1561 4095 ροιει·ἱι
1582 4026 1884 4097 designare.
1917 4029 2117 4087 Eodem

538 4127 747 4183 quoque
775 4114 934 4169 modo
967 4123 1074 4179 ter,
1105 4130 1276 4185 neque
1309 4118 1362 4170 in
1389 4127 1501 4172 toto
1528 4118 1821 4190 signiﬁcat,
1851 4137 2025 4193 neque
2064 4123 2119 4178 in

540 4214 693 4274 parte
719 4206 1019 4273 doctorem,
1047 4208 1097 4263 id
1131 4218 1233 4275 est,
1277 4226 1390 4265 rem
1421 4210 1567 4267 illam
1604 4228 1723 4284 quae
1753 4218 1993 4286 magistri
2023 4233 2119 4273 vo-

538 4297 729 4352 cabulo
754 4299 991 4370 subjecta
1022 4311 1106 4355 est
1132 4303 1276 4357 nulla
1300 4304 1507 4359 ratione
1538 4305 1799 4377 designat.
1839 4308 2121 4379 Composi-

541 4398 714 4443 tornm
737 4404 865 4461 ergo
917 4392 1190 4447 nominum
1222 4406 1398 4463 partes
1448 4396 1580 4451 nihil
1626 4398 1742 4467 ejus
1771 4399 1844 4453 rei
1876 4415 2033 4469 quam
2065 4400 2119 4456 in

540 4494 703 4536 unum
730 4484 1114 4540 convenientes
1162 4487 1481 4543 vocabulum
1534 4490 1883 4561 designabant
1917 4493 2121 4563 disjnn-

539 4584 637 4628 etne
670 4575 1046 4645 dis-tractaeque
1096 4580 1430 4648 signiﬁcant;
1485 4583 1590 4637 alia
1640 4599 1767 4639 vero
1814 4561 2201 4655 signiﬁcare”

541 4673 782 4734 possunt,
810 4666 903 4721 sed
933 4678 1059 4724 tunc
1087 4684 1193 4724 non
1227 4680 1407 4740 partes
1434 4672 1690 4741 uomitus,
1720 4675 1815 4732 sed
1845 4676 1959 4747 ipsa
1988 4687 2116 4734 sunt

540 4760 774 4813 nomina.
803 4759 957 4827 Quod
990 4764 1131 4817 enim
1175 4764 1461 4834 conjuncta
1491 4768 1818 4841 signiﬁcant,
1868 4771 1923 4827 id
1950 4772 2118 4828 divisa

539 4862 697 4923 atque
717 4854 947 4921 seposita
993 4870 1096 4909 non
1132 4854 1433 4927 designant.
1491 4858 1681 4916 Juncta
1722 4871 1902 4919 autem
1953 4860 2119 4937 magis

538 4955 590 5000 et
642 4957 719 5000 ter
743 4947 977 5003 doctoris
1032 4948 1473 5015 signiﬁcationem
1527 4955 1815 5021 tenebant,
1875 4968 2118 5026 separata

539 5039 699 5111 igitur
724 5054 937 5096 omnem
962 5040 1404 5112 signiﬁcationem
1440 5043 1675 5102 doctoris
1701 5048 1971 5103 amittunt.
2009 5048 2116 5104 Sed

540 5152 606 5189 ne
645 5135 767 5204 quis
818 5136 1065 5205 superius
1096 5136 1273 5207 posito
1301 5139 1658 5196 calumnietur
1685 5143 1935 5213 exemplo
1956 5186 1970 5211 ,
2019 5158 2117 5199 nec

538 5230 791 5297 magister
820 5228 1175 5297 compositum
1208 5243 1402 5285 nomen
1429 5245 1550 5287 esse
1588 5233 1879 5298 concedat,
1907 5236 1986 5289 vir
2011 5234 2121 5289 for-

539 5321 605 5373 tis
631 5333 752 5374 esse
791 5320 1144 5390 compositum
1189 5336 1381 5377 nomen
1407 5364 1420 5389 ,
1470 5324 1515 5379 si
1544 5340 1647 5379 uno
1701 5326 2001 5396 proferatur
2030 5341 2121 5382 ac-

538 5423 695 5467 centu
746 5414 927 5467 nullus
967 5413 1215 5482 negabit,
1268 5416 1420 5483 cujus
1454 5425 1635 5485 partes
1662 5417 1748 5471 vir
1768 5428 1927 5487 atque
1967 5417 2117 5473 fortis

537 5504 676 5574 quod
710 5505 760 5557 in
792 5518 858 5559 eo
882 5504 1025 5574 quod
1063 5515 1146 5561 est
1193 5505 1274 5561 vir
1302 5505 1454 5563 fortis
1496 5507 1797 5579 signiﬁcare
1849 5509 2114 5578 dicantur,

539 5613 643 5653 non
664 5599 774 5667 jam
801 5597 1033 5655 nominis
1063 5611 1263 5670 partes,
1310 5602 1404 5658 sed
1430 5603 1541 5674 ipsa
1571 5612 1698 5658 sunt
1740 5603 1955 5659 nomina
1975 5647 1989 5669 ,
2019 5621 2118 5661 nec

538 5692 619 5745 vir
645 5691 798 5747 fortis
846 5694 1002 5749 unius
1029 5696 1130 5749 erit
1158 5711 1380 5765 nomen,
1412 5697 1505 5753 sed
1554 5698 1731 5769 potius
1757 5699 1961 5762 oratio,
1997 5715 2115 5770 qua:

538 5784 761 5840 duorum
797 5783 1069 5847 nominum
1100 5785 1293 5845 .coilata
1335 5788 1727 5860 signiﬁcatione
1756 5789 2116 5857 convincitur,

2220 3301 2434 3373 gniﬁcat
2455 3301 2596 3356 enim
2630 3316 2737 3354 non
2762 3300 2942 3365 homo,
2990 3298 3075 3353 vel
3103 3314 3321 3367 equum,
3356 3298 3440 3351 vel
3470 3312 3682 3363 canem,
3718 3296 3794 3351 vel

2220 3394 2478 3466 quidquid
2507 3396 2600 3464 (ut
2622 3393 2823 3449 dictum
2844 3390 2960 3462 est)
2999 3407 3102 3446 non
3139 3391 3301 3446 homo
3323 3406 3426 3445 non
3453 3390 3631 3445 fuerit.
3699 3386 3797 3445 Sed

2221 3504 2341 3560 quas
2370 3498 2453 3543 est
2481 3487 2743 3558 negativa,
2770 3500 2944 3554 neque
2971 3484 3223 3551 hominis,
3258 3500 3429 3553 neque
3455 3485 3602 3553 equi,
3632 3497 3799 3551 neque

2223 3580 2383 3635 ullius
2445 3578 2758 3634 substantia:
2798 3575 3240 3645 signiﬁcationem
3281 3585 3443 3633 tenet.
3484 3575 3613 3629 Item
3646 3574 3800 3629 homo

2222 3686 2395 3741 neque
2424 3686 2632 3735 canem,
2691 3684 2866 3740 neque
2888 3668 3147 3737 quidquid
3181 3668 3339 3722 homo
3363 3681 3465 3719 non
3499 3666 3691 3730 fuerit,
3734 3665 3800 3718 si«

2230 3767 2483 3838 gniﬁcare
2516 3761 2736 3837 potest;
2772 3765 3021 3836 quocirca
3072 3764 3124 3818 in
3175 3780 3235 3817 ea
3265 3777 3392 3818 voce
3421 3778 3539 3832 qua:
3586 3772 3670 3815 est
3702 3776 3802 3817 non

2227 3860 2387 3915 homo
2413 3869 2587 3930 partes
2607 3856 2734 3913 nihil
2765 3868 3026 3925 separata:
3053 3856 3351 3927 signiﬁcant
3375 3855 3487 3925 ejus
3515 3856 3594 3910 rei
3645 3868 3802 3924 quam

2224 3962 2333 4009 tota
2362 3955 2510 4009 vocis
2551 3953 2868 4023 compositio
2890 3952 3221 4022 designabat.
3264 3950 3439 4021 Atque
3472 3949 3595 4005 ideo
3624 3966 3725 4004 nec
3754 3951 3802 4004 in

2223 4047 2464 4103 oratione
2486 4046 2699 4117 quidem
2753 4045 2877 4118 poni
2911 4055 3109 4115 potest.
3149 4044 3205 4099 Si
3236 4038 3353 4116 quis
3391 4046 3537 4100 enim
3564 4060 3685 4100 eam
3716 4059 3803 4099 vo-

2223 4156 2338 4195 cem
2368 4156 2485 4210 quae
2528 4152 2608 4195 est
2642 4156 2747 4193 non
2794 4139 2956 4193 homo
2984 4138 3282 4193 orationem
3338 4138 3623 4203 concedat,
3676 4136 3803 4190 nihil

2222 4232 2365 4287 aliud
2388 4245 2508 4286 eam
2538 4247 2659 4287 esse
2698 4231 2950 4287 fatebitur
2979 4246 3134 4301 qnam
3160 4230 3520 4300 negationem.
3583 4231 3800 4302 Negatio

2222 4334 2399 4379 autem
2424 4324 2595 4378 omnis
2624 4340 2745 4378 vera
2772 4322 2859 4379 vel
2885 4324 3012 4378 falsa
3042 4333 3144 4378 est.
3176 4322 3275 4390 Qui
3320 4332 3497 4376 autem
3529 4321 3665 4375 dicit
3701 4336 3799 4376 non

2226 4413 2418 4481 homo,
2450 4429 2618 4484 neque
2648 4413 2923 4467 veritatem
2954 4415 3189 4476 nuntiat,
3228 4428 3399 4481 neque
3445 4411 3799 4466 mendacium.

2226 4504 2490 4559 Prmterea
2519 4504 2585 4557 ab
2614 4505 2758 4557 omni
2792 4505 3070 4574 negatione
3086 4504 3126 4557 si
3152 4505 3270 4573 quis
3297 4504 3599 4573 negativnm
3621 4504 3800 4572 sejun-

2224 4606 2315 4665 gat
2340 4596 2679 4667 adverbium,
2704 4596 2985 4650 afﬁrmatio
3023 4598 3379 4664 relinquetur;
3437 4596 3506 4652 ab
3541 4612 3603 4650 ea
3627 4605 3801 4649 autem

2229 4705 2362 4745 voce
2388 4706 2506 4759 qna-
2532 4701 2614 4745 est
2646 4706 2750 4744 non
2777 4690 2969 4754 homo,
3016 4692 3058 4743 si
3094 4690 3211 4760 quis
3252 4690 3426 4744 aufert
3463 4689 3513 4744 id
3553 4689 3693 4758 quod
3724 4697 3801 4743 est

2230 4782 2531 4851 negativum
2554 4775 2869 4834 9dverhium
2893 4822 2907 4843 ,
2941 4780 3099 4835 homo
3124 4781 3477 4849 relinquetur,
3513 4779 3650 4849 quod
3673 4794 3800 4833 non-

2226 4874 2351 4928 dum
2376 4885 2455 4929 est
2487 4873 2794 4927 afﬁrmatio.
2838 4873 3097 4939 Quocirca
3130 4875 3173 4926 si
3214 4888 3315 4925 non
3350 4872 3508 4924 homo
3549 4872 3662 4924 tunc
3701 4884 3799 4923 vox

2226 4964 2435 5033 negatio
2466 4978 2585 5019 esse
2612 4979 2714 5017 non
2750 4972 2953 5033 potest,
2979 4962 3108 5016 nihil
3142 4971 3319 5015 autent
3344 4962 3490 5015 aliud
3513 4976 3634 5016 esse
3661 4961 3800 5015 vide-

2227 5066 2370 5110 retur
2400 5059 2445 5111 si
2476 5066 2619 5111 esset
2650 5056 2842 5121 oratio,
2870 5049 3294 5110 concludendum
3344 5067 3426 5108 est
3469 5056 3799 5124 negationem

2220 5147 2459 5217 junctam
2490 5164 2609 5202 cum
2644 5148 2860 5202 nomine
2880 5147 3177 5202 orationem
3198 5161 3319 5202 esse
3344 5161 3448 5199 non
3475 5161 3651 5215 posse.
3694 5146 3797 5201 No-

2224 5258 2343 5296 men
2369 5242 2510 5296 enim
2543 5257 2701 5296 omne
2736 5250 2940 5297 certum
2978 5241 3176 5311 aliquid
3224 5238 3613 5307 deﬁnitumque
3642 5240 3798 5308 signi-

2224 5335 2365 5399 ﬁcat,
2401 5346 2458 5388 ut
2493 5337 2682 5401 homo,
2716 5351 2914 5405 equus,
2954 5337 3103 5389 canis
3138 5326 3191 5388 et
3219 5342 3448 5397 caetera;
3501 5347 3609 5386 non
3644 5331 3798 5385 homo

2224 5437 2401 5480 autem
2433 5442 2527 5479 vox
2562 5426 2738 5481 aufert
2766 5426 2979 5497 quidem
2996 5426 3136 5495 quod
3154 5425 3532 5496 signiﬁcatttra
3565 5424 3793 5488 nomine,

2227 5532 2324 5572 nec
2350 5518 2643 5587 praescribit
2673 5518 2796 5587 quid
2826 5520 2937 5585 ipse
2958 5518 3240 5587 signiﬁcet.
3260 5516 3520 5583 Quocirca
3552 5498 3796 5584 quoniam

2228 5608 2491 5685 signiﬁcat
2529 5607 2743 5676 quidem
2799 5607 3017 5678 aliquid,
3063 5608 3155 5662 sed
3201 5621 3305 5661 non
3355 5606 3558 5659 [initum
3592 5601 3794 5673 negatio

2222 5681 2403 5769 juncta
2434 5714 2551 5753 cum
2586 5699 2821 5764 homine,
2880 5699 3139 5753 inﬁnitum
3173 5715 3364 5754 nomen
3406 5707 3641 5751 vocetur.
3687 5693 3791 5749 Ad-
3855 5680 3859 5689 ί

2228 5793 2399 5848 denda
2432 5800 2513 5846 est
2538 5805 2666 5872 ergo
2689 5789 2992 5848 dilﬁnitioni
3030 5792 3262 5853 nominis
3291 5789 3586 5855 diﬁcrentia
3606 5827 3621 5854 ,
3651 5786 3789 5847 scili-
