4112 6332
1081 218 1113 229 ορ

1016 236 1045 253 ,-

453 309 556 376 ἳὸὔ

1279 314 1738 372 INTRODUCTIO
1773 311 1864 370 AD
1902 308 2371 370 SYLLOGISMOS
2421 307 2915 373 GATEGORICOS.

3044 212 3131 226 μὴν
3180 224 3183 225 ν

3520 368 3525 371 ,
3605 308 3712 373 766

452 443 533 490 cet
555 440 615 488 ut
657 445 852 488 nomen
891 429 964 487 sit
989 429 1134 501 quod
1170 443 1292 485 cum
1330 427 1542 483 caeteris
1564 442 1681 497 quae
1721 426 1859 482 dicta
1903 433 2028 481 sunt
2053 421 2104 482 Δ
2134 424 2390 480 vocabula
2419 427 2759 483 manifestum
2784 438 2889 496 est,
2914 436 3057 485 recte
3093 428 3227 484 dicis
3248 430 3465 486 verbum
3496 445 3713 501 semper

450 528 515 583 sit
548 526 786 585 deﬁnita
807 523 1241 594 signiﬁcationis.
1268 522 1385 578 Jam
1409 538 1537 577 vero
1559 536 1717 577 casus
1749 520 2027 575 nominum

456 634 557 674 ron
582 619 742 674 altius
762 618 1091 675 intuentibus
1124 619 1341 672 nomina
1370 616 1666 671 videantur.
1701 614 1837 682 Quid
1881 613 2025 668 enim

450 714 696 778 Catonis,
722 723 778 768 et
803 712 1011 777 Catoni,
1044 721 1201 780 atque
1216 709 1522 780 hujusmodi
1550 723 1710 763 voces
1730 721 1848 777 quae
1865 707 2027 762 rectis

449 805 757 862 nominibus
830 799 1211 870 inﬂectuntur,
1273 804 1491 858 nomina
1547 816 1669 857 esse
1710 816 1814 858 non
1842 798 2028 855 ett-isti-

444 907 557 953 met
587 897 609 951 *ἔ
647 894 755 953 Sed
785 894 871 951 ita:
899 912 1111 966 quoque
1136 910 1296 950 voces
1322 909 1353 950 a
1385 893 1600 949 nomine
1625 893 1850 963 quadam
1874 891 2028 947 dtﬂ‘e-

448 991 621 1045 rentia
672 988 1079 1058 discrepabunt.
1120 988 1292 1043 Omne
1336 987 1479 1043 enim
1535 1001 1730 1042 nomen
1782 985 2026 1055 junctum

446 1092 568 1133 cum
590 1087 672 1133 est
696 1078 883 1144 verbo,
906 1078 1327 1134 enuntiationem
1348 1077 1521 1132 reddit
1538 1092 1602 1132 ac
1630 1076 1853 1146 suscipit
1877 1091 2029 1131 men-

448 1171 582 1227 dacii
604 1172 953 1243 veritatisque
983 1179 1251 1237 naturam,
1282 1180 1342 1226 ut
1366 1170 1498 1227 Cato
1519 1182 1632 1237 est,
1656 1170 1744 1227 vel
1773 1171 1888 1225 dies
1918 1179 2021 1241 est,

448 1274 502 1319 at
524 1264 572 1318 si
603 1275 684 1319 est
713 1263 930 1320 verbum
963 1264 1177 1319 casibus
1199 1263 1548 1334 adjungatur,
1578 1278 1751 1334 neque
1780 1265 2026 1318 enuntia-

444 1358 521 1413 tio
547 1358 640 1426 sit,
690 1373 861 1428 neque
892 1357 1046 1428 plena
1096 1359 1366 1414 sententia
1403 1358 1664 1413 orationis
1707 1357 2022 1424 absolvitur,

447 1460 499 1503 ut
528 1446 747 1504 Catonis
768 1459 874 1512 est,
915 1463 1015 1504 nec
1042 1446 1361 1504 sententiam
1389 1449 1551 1506 habet
1576 1450 1897 1514 absolutam,
1925 1464 2025 1505 nec

444 1539 555 1593 veri
601 1538 798 1605 aliquid
842 1549 1017 1608 potest
1044 1550 1231 1594 notare
1263 1554 1364 1596 nec
1409 1540 1553 1607 falsi,
1607 1551 1767 1611 atque
1822 1542 2025 1598 idcitco

442 1645 545 1685 non
578 1633 814 1699 nomina,
839 1632 931 1687 sed
955 1645 1115 1687 casus
1138 1630 1415 1687 nominum
1445 1642 1841 1699 nuncupantur.
1889 1632 2023 1688 Nam

441 1739 561 1779 cum
586 1724 637 1779 id
667 1741 695 1779 a
726 1741 832 1794 quo
856 1725 1146 1796 quidquam
1206 1724 1438 1780 ﬂectitur
1481 1725 1711 1794 primum
1759 1727 1850 1794 sit,
1892 1724 2019 1780 illud

2134 518 2580 590 signiﬁcationem
2614 523 2871 594 temporis
2894 522 3091 579 habere
3118 523 3395 593 prcesentis
3416 565 3431 590 ,
3463 534 3519 579 ut
3541 523 3711 579 currit

2130 621 2225 667 aut
2255 611 2435 667 vincit.
2466 612 2654 669 Curret
2680 624 2859 672 autem
2876 626 2966 671 aut
2993 616 3184 681 vincet,
3210 628 3263 672 et
3292 616 3589 673 cucurrerit
3618 626 3709 673 aut

2082 726 2085 729 ί
2135 708 2345 774 vicerit,
2370 723 2477 763 non
2506 720 2632 763 sunt
2656 710 2836 775 verba,
2861 711 2954 766 sed
2984 712 3267 766 verborum
3295 727 3471 775 casus,
3502 712 3709 767 scilicet

2128 801 2253 870 quia
2282 816 2312 853 a
2344 801 2622 869 praesentis
2666 803 2921 872 temporis
2963 802 3351 873 signiﬁcatione
3381 805 3702 871 ﬂectuntur;

2130 901 2214 948 est
2241 906 2369 961 ergo
2422 891 2569 946 verbi
2597 893 2751 964 plena
2786 892 3032 948 dilﬁnitio
3067 895 3148 950 sic
3178 911 3192 948 :
3228 894 3459 950 Verbum
3492 906 3576 951 est
3602 910 3704 952 vox

2128 985 2478 1056 signiﬁcativa
2510 987 2804 1041 secundum
2851 987 3101 1057 placitum
3147 1004 3267 1043 cum
3318 988 3706 1060 signiﬁcatione

2132 1079 2413 1150 temporis,
2435 1080 2591 1148 cujus
2619 1081 2762 1136 nulla
2796 1097 2919 1152 pars
2940 1082 3289 1152 signiﬁcativa
3321 1092 3405 1139 est
3434 1093 3701 1150 separata,

2127 1172 2328 1245 aliquid
2356 1174 2561 1229 ﬁnitum
2588 1173 2881 1244 designans
2906 1184 2957 1229 et
2978 1190 3238 1245 praesens.
3266 1176 3448 1231 Restat
3470 1175 3629 1246 igitur
3646 1184 3705 1233 ut

2120 1265 2194 1341 de
2210 1266 2456 1321 oratione
2476 1267 2734 1333 dicamus,
2750 1266 2845 1321 sed
2870 1270 3015 1336 prius
3039 1267 3247 1323 videtur
3263 1282 3381 1323 esse
3400 1276 3702 1323 monstran-

2126 1360 2251 1414 dum
2297 1369 2544 1416 utrumne
2575 1375 2769 1415 nomen
2785 1373 2836 1415 et
2856 1361 3079 1415 verbum
3102 1361 3214 1416 sola
3253 1362 3303 1415 in
3320 1363 3558 1432 partibus
3577 1378 3703 1417 ora-

2128 1452 2286 1506 tionis
2315 1460 2597 1521 ponantur,
2629 1467 2695 1506 an
2723 1461 2779 1506 ut
2805 1453 3133 1522 grammatici
3157 1454 3339 1507 volunt.
3383 1464 3437 1509 et
3482 1456 3703 1523 reliqum

2127 1543 2386 1598 orationis
2448 1544 2685 1611 partibus
2728 1544 2957 1600 debeant
3008 1546 3305 1616 aggregari.
3359 1546 3704 1601 Grammatici

2124 1635 2267 1691 enim
2294 1635 2692 1692 considerantes
2718 1654 2907 1694 vocum
2934 1640 3148 1709 ﬁguras,
3169 1649 3289 1694 octo
3312 1639 3564 1694 orationis
3592 1656 3705 1709 par-

2128 1736 2211 1782 tes
2231 1740 2602 1784 annumerant.
2634 1730 2943 1801 Philosophi
2968 1747 3114 1798 vero,
3145 1748 3369 1800 quorum
3418 1734 3591 1787 omnis
3639 1733 3707 1788 de

442 1833 569 1873 vero
590 1818 727 1887 quod
749 1819 817 1874 ab
845 1818 1135 1874 inﬂexione
1156 1818 1311 1888 primi
1334 1817 1570 1873 nascitur
1611 1817 1679 1872 sit
1700 1818 2015 1883 secundum,
2046 1793 2101 1861 Β
2129 1821 2345 1874 nomine
2367 1819 2635 1891 verboque
2668 1830 2920 1877 tractatus
2953 1824 3002 1877 in
3032 1824 3420 1894 signiﬁcatione
3462 1836 3543 1880 εει
3577 1840 3707 1880 con-

443 1929 613 1982 neque
642 1914 781 1970 idem
815 1916 1041 1984 primum
1068 1931 1132 1971 ac
1159 1914 1451 1972 secundum
1481 1928 1602 1971 esse
1633 1916 1822 1985 possit,
1852 1914 2024 1969 mani-

438 2005 632 2061 festum
650 2016 732 2061 est
752 2023 908 2063 casus
936 2010 1209 2063 nominum
1233 2024 1339 2063 non
1363 2007 1504 2063 idem
1533 2024 1654 2064 esse
1679 2008 1819 2077 quod
1851 2009 2023 2063 nomi-

440 2113 504 2153 na
531 2117 543 2152 :
571 2097 770 2155 idcirco
794 2109 1022 2157 c'eteros
1049 2099 1264 2171 quidem
1300 2100 1616 2172 genitivum,
1641 2100 1904 2169 dativum,
1926 2118 2022 2156 ac-

437 2192 759 2259 cusativum,
789 2206 948 2246 casus
977 2191 1250 2261 appellant
1279 2194 1640 2261 grammatici,
1668 2195 1899 2261 primum
1930 2210 2022 2250 ve-

437 2295 497 2336 ro
523 2290 725 2336 rectum
748 2298 807 2337 ac
821 2285 1205 2339 nominativum
1231 2284 1370 2354 quod
1395 2283 1483 2339 hic
1514 2285 1688 2339 locum
1720 2286 2020 2356 principem

438 2372 489 2426 in
518 2372 902 2443 significatione
922 2375 1243 2444 possederit.
1282 2374 1547 2432 Facienda
1591 2385 1674 2432 est
1706 2376 1868 2447 igitur
1919 2392 2018 2430 no-

439 2462 599 2519 minis
647 2465 799 2535 plena
842 2480 1013 2536 neque
1041 2466 1152 2521 ullo
1179 2465 1439 2523 diminuta
1470 2466 1718 2522 dilﬁnitio
1750 2470 1829 2524 sic
1862 2484 1878 2523 :
1912 2468 2021 2523 No:

438 2568 559 2610 men
609 2568 691 2615 est
716 2574 816 2612 vox
858 2559 1209 2629 signiﬁcativa
1264 2560 1559 2614 secundum
1602 2561 1852 2629 placitum
1901 2560 2019 2617 sine

439 2659 710 2720 tempore,
741 2650 893 2721 cujus
920 2651 1062 2707 nulla
1096 2666 1220 2722 pars
1248 2651 1599 2721 signiﬁcativa
1628 2662 1712 2707 est
1747 2662 2015 2720 separata,

434 2742 629 2812 aliquid
672 2740 879 2797 ﬁnitunt
911 2743 1219 2815 designans,
1252 2758 1373 2798 cum
1419 2754 1502 2799 est
1537 2743 1701 2800 verbo
1730 2746 2016 2814 conjuncta

434 2836 636 2892 l‘aciens
679 2836 1127 2893 enuntiationem.
1185 2836 1411 2909 Separat
1464 2837 1623 2905 igitur
1670 2851 1865 2892 nomen
1909 2853 2015 2893 vox

430 2929 647 2999 quidem
669 2928 737 2983 ab
765 2928 1007 2984 articulis
1031 2937 1193 3000 atque
1219 2928 1524 2984 inanimatis
1567 2930 1744 2993 sonis;
1768 2928 2016 3000 designa-

435 3023 538 3078 tiva
569 3039 697 3079 vero
722 3038 751 3077 a
779 3024 1002 3079 vocibus
1030 3039 1151 3093 qua:
1180 3023 1311 3080 nihil
1348 3024 1685 3093 signiﬁcant;
1711 3026 2009 3081 secundum

430 3118 679 3191 placitum
731 3133 761 3172 a
809 3117 1032 3174 vocibus
1080 3118 1278 3190 aliquid
1334 3130 1520 3175 natura
1554 3121 2006 3192 signiﬁcantibus;

2127 1913 2335 1979 stituta,
2367 1910 2500 1967 duas
2526 1923 2726 1968 tantum
2756 1916 3013 1970 orationis
3044 1926 3223 1986 partes
3246 1932 3365 1972 esse
3386 1916 3703 1986 docuerunt,

2125 2005 2380 2076 quidquid
2413 2007 2624 2076 plenam
2647 2006 3087 2079 signiﬁcationem
3109 2020 3272 2076 tenet,
3298 2011 3558 2082 siquidem
3591 2012 3708 2068 sine

2127 2108 2366 2170 tempore
2392 2099 2674 2171 signiﬁcat,
2717 2116 2907 2155 nomen
2967 2110 3250 2167 vocantes,
3299 2102 3520 2158 verbum
3576 2117 3708 2157 vero

2123 2188 2167 2245 si
2197 2204 2318 2244 cum
2340 2196 2581 2260 tempore
2613 2209 2625 2243 :
2657 2202 2816 2261 atque
2844 2192 2962 2246 ideo
3002 2192 3246 2247 advetbia
3279 2192 3493 2263 quidem
3548 2202 3706 2261 atque

2125 2286 2442 2354 pronomina
2471 2285 2779 2341 nominibus
2803 2287 3053 2359 jungunt,
3106 2288 3221 2343 sine
3270 2284 3508 2358 tempore
3559 2288 3703 2343 cnim

2121 2375 2371 2445 quiddam
2395 2378 2744 2432 constitutum
2800 2378 3186 2449 deﬁnitumque
3236 2379 3554 2449 signiﬁcant,
3606 2376 3705 2438 nec

2122 2468 2344 2523 interest
2363 2466 2506 2539 quod
2534 2468 2673 2523 ﬂecti
2703 2469 2917 2523 casibus
2939 2470 3225 2539 nequeunt,
3258 2487 3362 2524 non
3385 2479 3467 2525 est
3491 2473 3591 2526 ltoc
3618 2484 3703 2524 no-

2120 2560 2322 2615 minum
2352 2559 2625 2631 proprium
2659 2571 2715 2614 ut
2740 2559 2951 2614 casibus
2989 2560 3345 2614 inﬂectantur.
3399 2559 3532 2615 Sunt
3559 2560 3702 2615 enim

2120 2652 2335 2708 nomina
2366 2664 2486 2723 quae
2512 2667 2540 2707 a
2562 2654 2926 2723 grammaticis
2972 2662 3280 2723 metwptota
3336 2654 3698 2719 nominantur,

2118 2744 2452 2816 participium
2483 2759 2613 2802 vero
2648 2746 2768 2818 quia
2832 2746 3088 2813 temporis
3117 2744 3557 2815 signiﬁcationem
3594 2754 3700 2799 tra-

2119 2838 2216 2904 bit,
2245 2837 2346 2893 etsi
2367 2838 2582 2894 casibus
2611 2834 2853 2904 eﬂertur,
2879 2835 3043 2892 verbo
3094 2840 3271 2891 tamen
3302 2846 3445 2892 recte
3471 2839 3698 2907 conjun-

2114 2931 2276 3003 gitur.
2301 2930 2701 3001 luterjectiones
2725 2943 2900 2985 autem
2946 2931 3239 3001 siquidem,
3268 2931 3581 2986 naturaliter
3622 2933 3697 2987 si-

2114 3024 2387 3095 gniﬁcent,
2423 3039 2522 3079 nec
2568 3018 2751 3089 verbo,
2800 3020 2899 3079 nec
2931 3024 3130 3079 nomini
3184 3022 3495 3091 c0pnlanda:
3536 3032 3692 3090 Sunt;

2114 3116 2261 3173 verbi
2286 3118 2423 3171 enim
2450 3131 2515 3171 ac
2541 3116 2772 3171 nominis
2802 3109 3153 3170 difﬁnitiones
3189 3130 3291 3168 non
3340 3114 3537 3169 habent
3576 3129 3695 3171 csse

426 3211 798 3280 sinetcmpore
829 3228 857 3265 a
890 3211 1054 3267 verbo
1099 3211 1246 3283 quod
1279 3226 1308 3266 a
1332 3215 1589 3282 tcmpnris
1618 3191 2008 3284 signiﬁcatione
2034 3191 2086 3263 ε
2117 3206 2397 3273 naturalia,
2421 3208 2514 3264 sed
2546 3204 2609 3261 ad
2638 3207 2884 3277 portentis
2907 3206 3157 3277 placitum
3188 3207 3495 3271 constituta,
3536 3214 3693 3274 atque

426 3322 530 3362 non
562 3303 788 3369 recedit,
834 3304 986 3374 cujus
1011 3304 1156 3385 nulla
1189 3319 1317 3373 pars
1351 3317 1596 3376 separata
1622 3306 1906 3378 signiﬁcat,
1938 3311 2006 3366 ab

426 3397 684 3462 oratione,
724 3395 877 3467 cujus
906 3396 1359 3467 quemadmodum
1394 3409 1579 3468 partes
1617 3409 1767 3454 extra
1794 3401 2001 3471 signiﬁ-

425 3504 544 3548 cent
571 3536 584 3557 ,
642 3494 798 3560 paulo
842 3494 1110 3563 posterius
1137 3492 1441 3557 disseram;
1482 3493 1682 3563 aliquid
1723 3494 2000 3549 deﬁnitum

423 3567 731 3658 designatis,
776 3588 842 3641 ab
896 3587 978 3642 his
1008 3587 1226 3642 vocibus
1251 3602 1370 3656 qua:
1417 3602 1612 3642 nomen
1641 3588 2003 3656 negationem-

422 3696 527 3749 quc
556 3681 888 3750 conjungunt
927 3688 979 3733 et
1008 3677 1226 3733 nomina
1258 3678 1455 3732 faciunt
1478 3678 1709 3742 inﬁnita,
1764 3693 1883 3732 cum
1921 3672 2003 3735 est

422 3771 585 3826 verbo
620 3771 817 3827 faciens
856 3772 1311 3837 enuntiationem,
1346 3786 1375 3825 a
1415 3771 1628 3845 casibus
1656 3775 1740 3842 qui
1771 3787 1893 3827 cum
1920 3782 2003 3828 est

421 3864 648 3934 copulati
701 3878 805 3918 non
847 3872 1072 3933 possunt
1109 3862 1318 3934 plenam
1364 3862 1619 3934 perﬁcere
1644 3876 1803 3935 atque
1834 3866 2002 3935 expli-

423 3971 547 4011 care
583 3956 921 4011 sententiam.
970 3957 1027 4012 ln
1057 3958 1224 4012 verbo
1263 3974 1476 4028 quoque
1507 3958 1693 4014 eadem
1727 3958 1841 4014 fere
1871 3975 2001 4015 cun-

422 4055 507 4100 (λιιι
526 4048 869 4115 conveniunt,
925 4048 1025 4102 nisi
1070 4048 1212 4118 quod
1242 4049 1295 4103 in
1328 4049 1716 4119 signiﬁcatione
1744 4052 2001 4121 temporis

422 4142 689 4196 anomine
711 4150 1009 4212 separatur.
1064 4143 1236 4198 Omne
1264 4144 1407 4197 enim
1458 4145 1675 4200 verbum
1730 4149 1996 4203 actionem

418 4233 789 4303 passionemve
803 4235 1069 4304 designat,
1108 4250 1227 4304 quae
1262 4234 1378 4289 ﬁeri
1407 4234 1527 4290 sine
1557 4236 1812 4305 temporis
1846 4248 1997 4293 nota-

417 4327 561 4382 tione
603 4342 707 4382 non
768 4335 963 4398 potest.
1014 4326 1113 4382 Est
1155 4328 1333 4395 itaque
1377 4328 1525 4383 verbi
1556 4328 1805 4385 difﬂuitio
1839 4330 1995 4387 haec:

418 4416 635 4472 verbum
684 4427 767 4473 est
831 4433 931 4473 vos
988 4417 1340 4488 signiﬁcativa
1400 4418 1694 4473 secundum
1744 4420 1995 4490 placitum

416 4524 533 4565 cum
558 4519 820 4578 tempore,
844 4510 997 4578 cujus
1028 4509 1167 4563 nulla
1200 4523 1321 4578 pars
1355 4508 1706 4578 signiﬁcativa
1733 4523 1813 4566 est
1843 4528 1998 4583 sepa-

417 4611 548 4665 rata,
578 4609 632 4653 ut
658 4599 844 4665 currit,
900 4586 1105 4666 vincit;
1150 4599 1242 4654 sed
1287 4599 1330 4655 si
1354 4599 1533 4655 verbis
1565 4602 1807 4670 negativa
1831 4618 1993 4672 c0pu-

418 4692 593 4745 lentur
626 4690 899 4753 adverbia,
930 4688 1068 4743 ﬁunt
1108 4689 1315 4745 inﬁnita
1367 4692 1561 4751 verba.
1594 4690 1732 4746 sicut
1763 4693 1874 4747 ﬁeri
1900 4710 1994 4747 no-

418 4782 558 4838 mina
610 4784 845 4838 diximus
891 4782 1094 4837 inﬁnita
1120 4824 1136 4850 ,
1178 4791 1237 4837 ut
1283 4797 1401 4837 cum
1442 4772 1640 4849 curth,
1674 4795 1762 4839 aut
1806 4785 1989 4855 vincit,

414 4885 620 4932 certum
648 4874 847 4945 aliquid
880 4873 1157 4928 ﬁnitumve
1183 4874 1425 4944 designet
1444 4918 1458 4942 ,
1487 4874 1661 4928 addita
1688 4877 1989 4945 negatione,

412 4968 462 5023 id
502 4967 715 5041 quidem
740 4964 881 5035 quad
920 4980 950 5019 a
975 4966 1137 5019 verbo
1193 4964 1503 5034 designatur
1548 4966 1839 5034 Intercipit,
1866 4960 1994 5035 quid

346 5106 351 5113 .
413 5075 542 5115 vero
571 5056 712 5112 aliud
743 5056 858 5112 ﬁeri
887 5056 1029 5112 dicat
1060 5056 1149 5110 tali
1177 5054 1565 5125 signiﬁcatione
1588 5070 1692 5110 non
1720 5057 1991 5125 terminat;

417 5158 676 5223 praeterea
707 5150 922 5221 negatio
943 5146 1131 5221 juncta
1154 5162 1275 5203 cum
1301 5147 1469 5202 verbo
1507 5148 1622 5203 sive
1660 5147 1712 5202 in
1762 5163 1828 5204 eo
1854 5148 1992 5219 quod

409 5257 513 5313 est,
547 5245 665 5301 sive
694 5243 747 5297 in
777 5256 842 5296 eo
868 5239 1009 5309 quod
1040 5255 1146 5294 non
1167 5249 1281 5304 est,
1334 5248 1478 5294 recte
1525 5236 1629 5292 dici
1672 5247 1848 5308 pOlesl
1868 5281 1883 5306 ,
1939 5250 1995 5295 ut

410 5340 570 5393 homo
618 5353 724 5393 non
774 5335 963 5390 currit.
1022 5332 1136 5387 Non
1179 5347 1300 5387 esse
1349 5339 1525 5386 autem
1553 5332 1847 5386 orationem
1902 5343 1994 5389 aut

409 5429 832 5487 enuntiationem
900 5423 1200 5496 negativam
1264 5421 1351 5477 illa
1411 5438 1632 5493 prorsus
1679 5436 1989 5494 argumenta

408 5529 819 5590 monstrabunt,
852 5540 973 5597 qua:
1000 5526 1264 5579 inﬁnitum
1309 5538 1502 5577 nomen
1531 5523 1598 5576 ab
1627 5521 1867 5577 oratione
1898 5530 1989 5576 aut

408 5619 694 5690 negatione
747 5617 1079 5673 dividebant.
1149 5614 1257 5670 Sed
1318 5612 1565 5684 quoniam
1626 5612 1989 5683 principaliter

410 5712 691 5783 prtesentia
722 5720 947 5781 qucque
972 5707 1254 5772 sentimus,
1314 5707 1396 5762 his
1427 5716 1603 5761 autem
1643 5706 1811 5761 rebus
1849 5712 1983 5776 quas

404 5803 657 5879 praesenti
688 5804 851 5863 Sensu
879 5799 1212 5875 concipimus
1248 5798 1413 5858 indita
1462 5798 1581 5856 esse
1610 5816 1637 5855 a
1671 5798 1982 5859 mortalibus

2110 3303 2349 3359 ideonec
2372 3300 2422 3358 in
2451 3302 2709 3357 orationis
2734 3298 2972 3374 partibus
3026 3303 3467 3367 nurnerabttntur.
3511 3302 3693 3357 Oratio

2108 3397 2250 3450 enim
2282 3396 2547 3467 positione
2574 3394 2857 3465 signiﬁcat,
2886 3411 3008 3449 nam
3030 3394 3075 3450 si
3123 3392 3437 3450 naturaliter
3486 3393 3690 3465 signiﬁ-

2106 3489 2465 3556 caretoratio,
2499 3504 2603 3542 non
2633 3486 2842 3542 diversa
2880 3496 3066 3555 gentes
3108 3490 3347 3541 oratione
3396 3486 3683 3554 loqueren-

2108 3591 2211 3637 tur.
2245 3582 2298 3635 Si
2322 3595 2444 3650 qua:
2461 3576 2591 3635 vero
2615 3579 3040 3647 interjectionem
3075 3578 3336 3647 positione
3361 3578 3682 3645 signiﬁcant,

2104 3677 2356 3746 quoniam
2388 3668 2591 3752 ﬁnitam
2624 3673 2739 3727 sine
2761 3668 3001 3742 tempore
3021 3668 3353 3726 aﬂ'ectinnem
3383 3666 3682 3739 designant,

2105 3778 2252 3824 recte
2290 3766 2595 3829 nominibus
2624 3772 3063 3818 annumerantur.
3091 3758 3220 3833 Qua:
3243 3778 3368 3816 vero
3398 3762 3524 3832 ipsa:
3560 3760 3681 3832 qni-

2104 3861 2224 3916 dem
2244 3858 2385 3915 nulla
2418 3858 2628 3929 prapria
2656 3855 3045 3928 signiﬁcatione
3092 3857 3348 3920 nituntur,
3385 3860 3504 3910 cum
3559 3854 3679 3909 aliis

2104 3956 2448 4026 verojunctaa
2479 3953 2780 4025 designant,
2807 3962 2863 4006 ut
2888 3950 3287 4023 coniunctiones
3337 3952 3495 4018 atque
3544 3964 3674 4019 pra:-

2105 4049 2418 4121 positiones,
2443 4044 2550 4101 illa:
2579 4061 2645 4101 ne
2671 4056 2849 4118 partes
2876 4042 3016 4115 quid:
3038 4061 3088 4099 m
3134 4038 3394 4097 orationis
3438 4054 3498 4097 es
3529 4056 3559 4097 e
3601 4041 3681 4095 di-

2102 4144 2288 4196 cendaa
2326 4139 2681 4205 sunt;0tatio
2738 4138 2877 4192 enim
2929 4152 2994 4192 ex
3035 4134 3396 4205 Signiﬁcativis
3446 4130 3683 4204 partibus

2096 4233 2279 4304 juncta
2310 4241 2411 4287 est.
2442 4231 2701 4298 Quocirca
2758 4239 2900 4283 recte
2933 4243 3129 4283 nomen
3175 4236 3236 4281 ac
3270 4227 3485 4281 verbum
3553 4220 3683 4280 solm

2102 4322 2359 4379 orationis
2383 4333 2561 4392 partes
2587 4335 2707 4376 esse
2738 4321 3001 4375 dicuntur.
3038 4321 3219 4375 Oratio
3248 4328 3329 4374 est
3356 4326 3453 4373 vox
3483 4316 3682 4388 signiﬁ-

2104 4415 2273 4470 cativa
2303 4412 2593 4469 secundum
2622 4412 2891 4481 placitum,
2917 4410 3068 4481 cujus
3102 4419 3279 4479 partes
3308 4409 3508 4478 aliquid
3534 4416 3683 4465 extra

2102 4504 2404 4575 signiﬁcant
2436 4510 2491 4557 ut
2520 4502 2713 4570 dictio,
2733 4518 2836 4556 non
2867 4514 2921 4556 ut
2948 4503 3255 4559 afﬁrmatio.
3289 4503 3472 4558 Oratio
3527 4500 3684 4571 igitur

2024 4571 2265 4652 1Ἠιτιιιει
2290 4595 2445 4650 simul
2476 4609 2594 4649 cum
2626 4592 2789 4647 verbo
2820 4600 2875 4648 et
2923 4594 3139 4647 nomine
3178 4606 3485 4656 commune,
3541 4590 3682 4662 quod

2102 4705 2203 4743 vox
2226 4696 2330 4757 est,
2358 4687 2496 4757 quod
2522 4686 2867 4755 signllicatlva
2895 4694 2995 4749 est,
3028 4684 3168 4756 Quod
3200 4684 3493 4740 secundum
3524 4684 3684 4753 placi-

2103 4795 2214 4840 tum
2240 4790 2345 4840 est.
2374 4780 2674 4851 Separatim
2700 4786 2827 4834 vero
2847 4792 2967 4835 cum
3011 4779 3227 4834 nomine
3255 4778 3328 4833 illi
3373 4792 3682 4843 commune,

2103 4886 2185 4932 est
2214 4874 2355 4947 quod
2386 4872 2675 4943 aliquando
2706 4872 2823 4926 sine
2852 4880 3092 4941 tempere
3121 4882 3220 4935 cst,
3255 4878 3311 4924 ut
3364 4866 3680 4938 Virgilianos

2101 4983 2257 5039 quem
2286 4978 2445 5037 supra
2472 4964 2701 5020 diximus
2730 4976 2915 5019 versus
2949 4962 3182 5019 :Neritte
3211 4962 3466 5018 Galatltea
3495 4964 3682 5034 tbynto

2102 5060 2233 5116 mihi
2270 5057 2481 5114 dulcior
2509 5056 2714 5129 llyblte.
2745 5067 2798 5111 et
2825 5058 2914 5127 qui
2951 5060 3187 5127 sequitur
3216 5074 3229 5109 :
3257 5054 3545 5110 Candidior
3590 5070 3680 5125 cy-

2100 5150 2471 5227 gnis,‘hedera
2499 5153 2783 5209 formosior
2810 5152 2948 5209 alba.
2977 5155 3104 5209 Cum
3138 5150 3299 5207 verbo
3331 5161 3507 5205 autem
3537 5148 3678 5220 quod

2100 5248 2367 5302 interdum
2399 5248 2520 5299 cuni
2554 5246 2809 5315 temporis
2837 5244 3222 5315 signiﬁcatione
3254 5246 3539 5313 prefcrtttr,
3574 5253 3627 5296 ιιι
3661 5260 3676 5297 :

2098 5337 2155 5395 Si
2187 5355 2291 5410 qua
2320 5338 2390 5393 tui
2422 5336 2702 5393 Coridonis
2735 5338 2894 5393 habet
2943 5346 2993 5392 te
3038 5352 3187 5401 cura,
3241 5337 3441 5390 venito.
3495 5332 3678 5391 Dim-rt

2098 5445 2273 5491 autem
2307 5434 2374 5489 ab
2393 5444 2618 5504 uttoque
2653 5435 2792 5504 quod
2828 5442 3003 5500 partes
3034 5430 3293 5486 orationis
3333 5444 3362 5485 a
3395 5440 3497 5485 tota
3524 5446 3677 5495 sepa-

2098 5538 2227 5583 rata:
2257 5520 2498 5582 oratione
2521 5527 2840 5599 signiﬁcant.
2875 5524 3010 5580 Sunt
3038 5526 3179 5578 enim
3222 5532 3400 5595 partes
3421 5524 3678 5577 orationis

2096 5636 2292 5676 nomen
2322 5630 2373 5676 et
2404 5610 2623 5675 verbum
2653 5635 2771 5690 quze
2800 5616 3147 5688 signiﬁcativa
3176 5634 3297 5673 esse.
3326 5616 3448 5673 dttnt
3491 5634 3549 5672 ea
3572 5617 3677 5671 dir-

2094 5708 2370 5769 ﬂttiremus
2395 5712 2746 5767 ostendimus.
2777 5706 3087 5780 Signiﬁcant
3118 5710 3276 5781 igitur
3328 5710 3504 5779 partes
3553 5724 3675 5764 ora-

2096 5804 2253 5867 tionis
2278 5812 2333 5861 ttt
2360 5804 2543 5874 dictio,
2571 5814 2676 5860 non
2706 5812 2761 5859 ut
2789 5800 3093 5869 afﬁrmatio,
3114 5814 3414 5880 quanquam
3464 5801 3673 5878 aliquo-‘-
