4056 6330
519 338 621 400 ’16⁸1

1751 341 1859 396 AN.
1895 336 2095 393 MANL.
2131 335 2280 393 εει.
2320 340 2536 399 ΒΟΕΤΙΙ

3682 363 3777 424 733

518 456 621 514 ties
650 458 864 529 quidem
922 468 979 514 ut
1012 458 1325 548 afﬁrmatio,
1357 435 1450 514 sed
1499 472 1605 512 non
1631 470 1845 526 semper
1888 463 2090 518 tamen,
2199 454 2338 511 lares
2365 472 2493 514 vero
2515 477 2633 531 quas
2666 465 2743 521 vel
2796 466 3114 526 afllrmando
3186 475 3267 531 vel
3314 464 3561 548 negando
3612 483 3777 538 ambi-

522 566 738 623 semper
763 564 937 611 autem
962 562 1021 609 ut
1047 553 1228 610 dictio.
1248 535 1349 609 Ἑει
1364 553 1506 609 enim
1525 552 1690 609 dictio
1703 551 1927 623 simplex
1950 549 2099 605 verbi

518 659 585 701 ac
615 647 846 703 nominis
884 647 1227 718 nuncupatio.
1260 645 1391 702 Nam
1418 660 1539 703 cum
1583 644 1834 710 dicimus,
1890 644 1934 697 si
1983 641 2098 698 dies

516 741 737 809 est,lu.v
782 750 883 807 est,
932 744 1069 797 hanc
1115 751 1279 796 totam
1335 740 1632 797 orationem
1687 740 1732 793 si
1764 738 2000 794 dividere
2044 737 2097 792 in

517 842 697 903 partes
721 832 970 900 velimus,
1003 834 1206 889 scilicet
1260 833 1379 888 dies
1426 841 1530 899 est,
1582 832 1672 887 lux
1716 839 1821 900 est,
1871 840 2098 900 utraque

516 939 639 996 pars
671 935 727 980 ut
746 925 1031 981 afﬁrmatio
1056 926 1394 997 signiﬁcabit,
1421 925 1536 982 dies
1566 935 1670 997 est,
1704 926 1789 980 lux
1820 933 1921 991 est,
1948 922 2093 979 afﬁr-

514 1019 779 1075 mationes
807 1034 928 1075 esse
956 1021 1297 1075 manifestum
1325 1030 1429 1077 est.
1460 1021 1529 1076 At
1556 1020 1598 1075 si
1632 1019 1931 1075 minutatim
1988 1025 2093 1073 tota

510 1114 773 1170 orationis
803 1115 1042 1169 membra
1093 1129 1400 1184 carpamus,
1456 1129 1624 1183 usque
1673 1114 1724 1168 in
1774 1113 1989 1167 nomina
2031 1127 2095 1167 ac

508 1205 669 1261 verba
698 1219 964 1276 postrema
990 1207 1075 1261 iiet
1107 1207 1383 1264 resolutio.
1424 1206 1675 1262 Dicemus
1726 1205 1866 1260 enim
1916 1213 2094 1275 partes

507 1315 628 1355 esse
644 1302 891 1371 superius
924 1301 1108 1370 positae
1124 1301 1401 1368 orationis,
1433 1301 1546 1357 dies
1571 1309 1626 1356 et
1653 1300 1739 1353 lux
1758 1313 1809 1353 ct
1842 1306 1954 1364 est,
1974 1312 2092 1368 qua:

508 1406 605 1462 per
624 1408 684 1447 se
711 1393 911 1462 prolata
956 1409 1061 1449 non
1094 1404 1220 1449 sunt
1262 1393 1676 1461 alﬁrmationes,
1729 1392 1823 1447 sed
1884 1400 2088 1447 tantunt

505 1481 784 1539 dictiones.
827 1484 1011 1539 Omnis
1042 1500 1174 1540 vero
1196 1488 1390 1551 oratio,
1410 1486 1660 1556 quoniam
1684 1501 1745 1542 ea
1791 1484 1968 1540 verbis
1996 1499 2089 1538 no-

507 1575 849 1648 minibusque
877 1577 1139 1643 consistit,
1166 1578 1220 1632 in
1239 1579 1452 1633 nomina
1477 1588 1530 1635 et
1546 1580 1705 1633 verba
1734 1578 1868 1633 solvi
1892 1584 2082 1649 potest.

501 1664 618 1723 Non
650 1669 791 1724 enim
814 1684 1027 1725 omnem
1063 1671 1359 1725 orationem
1388 1671 1441 1726 in
1490 1670 1905 1727 alﬁrmationem
1966 1672 2083 1727 cedi

500 1762 755 1832 possibile
779 1774 881 1830 est,
910 1764 1070 1820 veluti
1101 1764 1147 1819 si
1170 1764 1290 1836 quis
1314 1765 1456 1821 dicat
1495 1765 1586 1821 lux
1618 1776 1720 1835 est,
1768 1764 1926 1836 hujus
1961 1782 2081 1837 par-

2201 556 2311 603 tum
2342 551 2568 622 subjecti
2600 556 2915 617 universalis
2951 563 3002 617 in
3031 573 3232 634 partem
3251 568 3520 641 redigunt,
3570 583 3626 629 ut
3659 577 3777 646 qui-

2197 638 2320 694 dam
2335 641 2496 701 homo
2516 647 2730 718 sapiens
2751 662 2851 718 est,
2876 653 3092 722 quidam
3121 657 3284 715 homo
3304 638 3520 733 sapiens
3548 679 3653 721 non
3676 638 3777 734 est,

2199 731 2287 789 hic
2307 737 2448 791 enim
2483 741 2860 799 universalitas
2909 744 3162 817 hominis,
3210 731 3420 823 adjecta
3473 731 3778 827 particulari

2196 825 2639 889 determinatione
2667 837 2866 891 minuta
2897 849 2999 907 est,
3030 851 3191 912 atque
3217 843 3271 900 in
3303 825 3510 916 partem
3535 851 3772 911 redeem.

2198 922 2490 982 lndelinitte
2527 943 2656 985 vero
2706 941 2832 987 sunt
2877 949 2996 1005 qua:
3048 937 3249 1009 absque
3286 941 3781 1007 universalitatiset

2196 1021 2632 1089 particularitatis
2663 1025 3108 1089 determinatione
3136 1033 3405 1104 dicuntur,
3434 1049 3489 1094 ut
3514 1049 3598 1094 est
3620 1040 3780 1100 homo

2196 1115 2431 1182 sapiens,
2464 1132 2568 1171 non
2594 1126 2677 1174 est
2692 1119 2853 1177 homo
2876 1125 3112 1195 sapiens.
3163 1127 3474 1200 Singulares
3502 1147 3632 1189 vero
3656 1146 3779 1192 sunt

2195 1222 2315 1275 qua:
2342 1209 2409 1263 de
2436 1209 2687 1280 singulari
2713 1214 2913 1282 aliquid
2940 1226 2993 1271 et
3019 1218 3086 1275 de
3130 1218 3407 1277 individuo
3460 1224 3779 1286 afﬁrmando

2196 1298 2505 1367 uegandove
2535 1317 2857 1373 proponunt,
2903 1318 2962 1363 ιιι
2988 1310 3239 1369 Socrates
3289 1314 3505 1384 sapiens
3542 1329 3649 1385 est,
3679 1319 3775 1377 So-

2191 1400 2369 1447 crates
2408 1395 2621 1461 sapiens
2668 1412 2774 1453 non
2828 1411 2932 1455 est.
2974 1402 3159 1460 Diﬂ‘ert
3201 1416 3381 1462 autem
3438 1409 3773 1478 particularis

2194 1486 2487 1555 propositio
2508 1504 2536 1541 a
2558 1489 2834 1560 singulari,
2859 1494 2999 1563 quod
3025 1498 3360 1566 particularis
3376 1500 3590 1571 quidem
3613 1519 3773 1563 unum

2190 1578 2419 1649 aliquem
2449 1581 2683 1653 subjicit,
2718 1602 2816 1641 nec
2843 1588 2961 1659 quis
2982 1591 3051 1645 sit
3095 1593 3194 1649 iste
3245 1596 3504 1667 designat,
3557 1606 3616 1651 ut
3663 1606 3773 1676 qui-

2189 1678 2311 1731 dam
2343 1678 2502 1733 homo
2524 1681 2737 1750 sapiens
2753 1694 2855 1751 εει,
2886 1687 3004 1756 quis
3034 1688 3134 1744 iste
3157 1690 3319 1749 homo
3344 1696 3433 1764 sit,
3480 1701 3773 1769 propositio

2188 1784 2294 1825 non
2325 1770 2585 1827 declarat.
2609 1771 2904 1845 Singularis
2937 1794 3067 1836 vero
3100 1798 3263 1840 unum
3303 1787 3535 1859 aliquem
3590 1796 3771 1861 sumit,

500 1866 581 1913 tes
608 1868 748 1923 sunt,
782 1858 867 1915 lus
900 1870 1059 1931 atque
1084 1870 1186 1926 est,
1217 1876 1350 1932 quas
1380 1875 1484 1917 non
1524 1876 1645 1918 esse
1675 1861 2078 1927 artirmatioues,
2111 1857 2160 1920 B
2187 1876 2238 1921 et
2264 1867 2380 1937 quis
2417 1867 2516 1924 iste
2550 1870 2620 1924 sit
2668 1870 2961 1940 signiﬁcat,
3011 1887 3067 1929 ut
3115 1877 3366 1937 Socrates
3396 1857 3625 1956 sapiens
3667 1900 3770 1957 est,

496 1950 592 2006 sed
646 1950 920 2021 simplices
947 1952 1204 2008 dictiones
1255 1953 1433 2009 nullus
1477 1954 1705 2024 ignorat.
1745 1954 1880 2009 Cum
1922 1954 2082 2024 igitur

496 2043 667 2098 oratio
714 2043 927 2114 quidem
956 2060 1062 2101 non
1116 2062 1330 2117 semper
1380 2048 1431 2103 in
1490 2047 1902 2105 aflirmationem
1945 2047 2077 2103 solvi

495 2147 676 2208 queat.
698 2152 912 2209 semper
936 2149 1114 2197 autem
1147 2141 1200 2197 in
1222 2142 1489 2212 simplices
1520 2144 1801 2209 dictiones,
1832 2143 1954 2212 jure
1995 2143 2077 2197 di-

493 2237 636 2285 ctum
662 2239 744 2289 est
773 2232 1030 2287 orationis
1052 2244 1231 2303 partes
1254 2245 1403 2290 extra
1430 2236 1631 2307 aliquid
1663 2236 1943 2307 designare
1972 2253 2077 2292 nnn

492 2339 550 2384 ut
579 2328 983 2402 amrmationes,
1017 2335 1109 2390 sed
1143 2336 1318 2405 potius
1374 2345 1434 2390 ut
1480 2335 1762 2391 dictiones.
1807 2334 2077 2393 Orationis

492 2433 666 2478 autem
696 2428 903 2495 species
934 2427 1014 2497 (ut
1045 2428 1344 2483 arctissime
1372 2427 1694 2497 dividamus)
1745 2438 1869 2484 sunt
1916 2429 2075 2498 quin-

491 2529 613 2584 que,
643 2513 1046 2588 interrogatira,
1071 2527 1130 2574 ιιι
1175 2518 1291 2586 Quo
1315 2528 1385 2588 te,
1414 2521 1566 2589 Meri,
1621 2520 1817 2591 pedr-s‘.’
1850 2536 1915 2575 an
1969 2532 2077 2592 quo

490 2607 574 2660 via
605 2607 749 2664 ducit
802 2608 855 2664 in
911 2610 1144 2667 urbem?
1196 2612 1537 2682 lmperativa,
1587 2623 1641 2667 ιιι
1685 2613 1924 2685 Suggere
1974 2614 2075 2669 tela

491 2698 640 2755 tnilti.
677 2699 1000 2769 lnvocativa,
1034 2714 1089 2759 ut
1121 2704 1198 2758 Dii
1229 2706 1393 2760 maris
1442 2714 1497 2759 et
1554 2714 1732 2771 terra},
1785 2715 2072 2775 tempesta-

487 2799 708 2863 tumque
739 2804 1002 2865 putentcs.
1029 2795 1395 2865 Deprecativa,
1416 2796 1575 2855 Ferte
1606 2800 1768 2867 viam,
1797 2801 1963 2866 venti,
1999 2798 2073 2853 fa-

488 2883 669 2950 cilem,
695 2891 750 2940 et
788 2885 986 2955 spirate
1016 2888 1259 2945 secundi.
1294 2889 1659 2959 Enuntiativa,
1691 2890 1786 2945 Est
1811 2890 1938 2946 mihi
1966 2890 2075 2946 dis-

487 2977 707 3047 paribus
761 2989 965 3049 septem
1006 2995 1284 3053 compacta
1329 2984 1518 3040 cicutis
1556 2983 1783 3041 Fistula.
1839 2985 2072 3052 Quarum

492 3065 704 3138 quidem
728 3082 922 3141 praeter
947 3074 1373 3131 enuntiationem
1423 3076 1563 3132 nulla
1590 3078 1671 3133 vel
1703 3092 1822 3133 esse
1850 3077 2069 3146 aliquid,

489 3164 571 3215 vel
594 3162 709 3217 non
748 3178 869 3218 esse
893 3163 1158 3236 designat.
1189 3164 1413 3223 Cat-tera:
1442 3184 1671 3239 namque
1710 3168 1792 3224 vel
1845 3168 2071 3222 interro-

485 3262 638 3323 gant,
680 3254 761 3309 vel
817 3235 1086 3325 invocant,
1154 3260 1238 3316 vel
1292 3261 1575 3332 imperant,
1632 3261 1713 3317 vel
1765 3270 2067 3332 precantur.
2100 3235 2148 3301 (ἶ

489 3344 797 3403 Enuntiatio
826 3356 953 3405 ve‘ro
978 3365 1192 3423 semper
1213 3369 1331 3410 esse
1360 3356 1560 3425 aliquid
1581 3365 1672 3410 aut
1718 3370 1823 3410 non
1851 3371 1973 3411 esse
2002 3358 2072 3411 si-

486 3438 719 3510 gniﬁcat.
748 3443 921 3515 Atque
944 3442 1065 3500 ideo
1090 3447 1203 3501 sola
1230 3448 1530 3503 enuntiatio
1573 3456 1655 3503 est
1692 3448 1746 3504 in
1792 3461 1896 3519 qua
1930 3452 2072 3502 veri-

487 3540 568 3588 tas
595 3535 676 3590 vel
706 3535 909 3593 falsitas
937 3539 1180 3596 inveniri
1204 3551 1424 3613 queant.
1464 3540 1617 3599 Unde
1646 3541 2072 3598 etiam’euuntia-

395 3606 403 3617 ’
486 3624 647 3681 tionis
675 3630 913 3685 nascitur
938 3629 1210 3699 dil‘tinitio,
1238 3643 1322 3689 est
1345 3632 1489 3689 enim
1523 3635 1819 3690 enuntiatio
1846 3649 1961 3704 qua:
1985 3647 2071 3688 ve.

484 3728 601 3773 rum
634 3716 897 3777 l'alsumve
918 3722 1215 3780 denuntiat.
1251 3724 1399 3780 Hanc
1424 3726 1585 3782 etiam
1614 3727 1955 3799 proloquium
1987 3724 2072 3779 vel

484 3816 907 3884 propositionem
936 3816 1141 3872 Tullius
1164 3828 1335 3881 vocat,
1360 3836 1479 3891 qua:
1496 3821 1711 3890 quidem
1735 3824 1925 3892 partim
1946 3826 2073 3879 sitn-

486 3905 638 3976 plex,
664 3906 857 3975 partim
881 3909 1198 3975 composita.
1222 3908 1462 3979 Simplex
1493 3923 1576 3967 est
1619 3930 1738 3983 quae
1767 3915 2073 3971 conditione

486 4001 719 4070 seposita
733 4016 853 4059 esse
866 4002 1062 4074 aliquid
1076 4004 1157 4058 vel
1173 4018 1279 4059 non
1296 4019 1415 4060 esse
1437 4009 1705 4076 proponit,
1720 4018 1779 4063 ιιι
1795 4008 1943 4065 Plato
1957 4008 2073 4080 phi-

486 4091 742 4163 losojvbus
760 4104 865 4152 est.
886 4096 1187 4168 Composita
1219 4111 1347 4152 vero
1387 4115 1504 4168 quae
1531 4114 1595 4154 ex
1618 4101 1823 4156 duabus
1869 4104 2079 4173 simpli?

482 4186 635 4244 cibus
658 4190 942 4259 copulante
963 4190 1273 4248 conditione
1290 4192 1554 4261 consistit,
1573 4193 1792 4250 utPlato
1816 4196 1859 4250 si
1882 4196 2072 4254 doctus

481 4290 585 4348 est,
625 4282 972 4354 philosophus
994 4296 1098 4343 est.
1127 4286 1457 4358 Simplicium
1487 4305 1615 4345 vero
1639 4291 2069 4351 enuntiationum

472 4371 677 4429 aliasin
706 4364 957 4445 qualitate
980 4380 1128 4446 sitas,
1154 4382 1285 4435 alias
1314 4380 1369 4437 in
1407 4385 1701 4452 quantitate
1731 4384 2066 4443 diﬂ'creutias

480 4464 802 4524 invenimus.
834 4469 891 4524 In
914 4473 1169 4541 qualitate
1189 4473 1404 4543 quidem
1432 4474 1574 4545 quod
1605 4477 1707 4531 alia
1724 4478 2066 4549 afﬁrmativa,

480 4556 848 4630 nlianegativa
890 4564 1323 4621 est.Enuntiatio
1388 4566 1706 4624 aiiirmativa
1757 4580 1840 4625 est
1892 4586 2065 4627 enun-

2188 1974 2351 2015 unum
2381 1960 2526 2015 enim
2555 1972 2607 2016 et
2630 1959 2774 2019 hunc
2800 1964 3073 2022 Socratem
3097 1974 3393 2039 sapientem
3422 1991 3544 2033 esse
3582 1996 3771 2051 propo-

2185 2051 2313 2107 suit.
2345 2053 2591 2122 Amplius
2611 2058 2945 2123 particularis
2966 2062 3140 2118 omnis
3169 2065 3529 2126 universalem
3557 2075 3769 2145 quidem

2185 2142 2473 2199 terminum
2496 2146 2665 2215 ponit,
2695 2149 2787 2203 sed
2811 2151 2858 2204 ei
2886 2149 3119 2209 detrahit
3136 2142 3614 2234 universa!itatem,
3640 2169 3763 2225 dum

2182 2237 2490 2306 qualitatem
2506 2241 2895 2308 particu‘aritas
2924 2246 3184 2318 adjnngit,
3209 2260 3264 2305 ut
3285 2253 3337 2307 in
3369 2258 3728 2326 propositione
3746 2308 3762 2330 ,

2182 2329 2398 2399 quidam
2436 2329 2599 2387 honto
2624 2333 2837 2403 sapiens
2861 2344 2962 2392 est.
2996 2337 3165 2393 Homo
3197 2343 3517 2403 universalis
3550 2359 3636 2406 est
3661 2362 3763 2408 ter-

2181 2422 2384 2488 minus,
2414 2424 2614 2480 multos
2664 2424 2809 2481 enim
2863 2430 3074 2500 propria
3127 2434 3508 2502 praedicatione
3558 2445 3765 2502 conclu~

2180 2514 2283 2571 dit.
2310 2513 2417 2571 Sed
2448 2517 2567 2586 quia
2585 2519 2779 2575 dicitur
2799 2522 3035 2592 quidam,
3070 2512 3137 2580 ad
3167 2542 3331 2583 unum
3366 2530 3529 2589 homo
3576 2539 3765 2609 redigi-

2181 2621 2288 2677 tur,
2336 2613 2425 2682 qui
2474 2614 2780 2670 universale
2829 2618 3161 2686 persisteret,
3218 2621 3318 2677 nisi
3366 2630 3759 2695 particularitas

2178 2704 2368 2761 fuisset
2392 2705 2673 2777 adjuncta;
2699 2707 2753 2763 in
2776 2709 3133 2780 singularibus
3160 2728 3288 2770 vero
3319 2724 3764 2792 propositionibus

2178 2798 2475 2870 praedicam
2505 2802 2735 2856 termino
2785 2818 2998 2873 semper
3042 2804 3371 2865 individuum
3426 2820 3758 2887 supponitur,

2177 2901 2234 2943 ut
2264 2888 2516 2946 Socrates
2543 2894 2756 2963 sapiens
2782 2906 2882 2961 est,
2926 2895 3172 2953 Socrates
3200 2904 3343 2960 enim
3370 2905 3659 2978 singu‘arls
3686 2922 3761 2967 est

2176 2992 2337 3054 atque
2361 2984 2660 3043 individuus
2687 3006 2702 3056 ;
2732 2990 2929 3049 idcirco
2961 2995 3117 3065 igitur
3143 3000 3233 3055 illa
3267 3003 3610 3072 particularis
3643 3022 3759 3078 pro-

2181 3076 2376 3145 positio
2397 3095 2515 3148 quze
2575 3091 2777 3149 partem
2800 3100 2864 3140 ex
2911 3089 3309 3150 universalitate
3352 3096 3609 3168 detrahit,
3647 3076 3758 3157 btet:

2178 3173 2460 3242 singularis
2490 3177 2683 3244 quteiu
2730 3179 3012 3249 singularis
3060 3197 3220 3257 atque
3263 3188 3755 3264 individui'pmdi-

2178 3265 2391 3319 catione
2436 3268 2704 3323 consistit.
2746 3270 3081 3341 Simplicium
3135 3293 3262 3335 vero
3336 3274 3756 3342 enuntiationum

2179 3366 2359 3424 partes
2380 3367 2502 3411 sunt
2532 3360 2831 3430 subjectum
2856 3375 3016 3435 atque
3044 3372 3406 3438 prtedicatum.
3454 3376 3755 3444 Subjectum

2177 3456 2260 3504 est
2284 3450 2424 3517 quod
2458 3453 2726 3520 prtedicati
2755 3457 2976 3526 suscipit
3010 3459 3319 3532 dictionem,
3349 3476 3407 3521 ut
3450 3469 3501 3522 in
3541 3486 3605 3525 ea
3641 3487 3756 3543 pro-

2176 3541 2444 3609 positione
2472 3559 2591 3613 quze
2620 3553 2722 3610 est,
2754 3546 2902 3602 Plato
2932 3550 3281 3623 philosophus
3305 3564 3407 3625 est;
3445 3559 3596 3616 Plato
3638 3541 3756 3619 sub.

2169 3629 2373 3700 jectnm
2431 3645 2533 3699 est,
2572 3635 2639 3690 de
2670 3636 2787 3705 ipso
2834 3641 2973 3695 enim
3024 3644 3374 3716 philospphus
3420 3655 3757 3721 prmdicatur,

2176 3733 2225 3779 et
2275 3725 2329 3779 in
2358 3740 2422 3780 eo
2454 3726 2759 3797 philosophi
2789 3734 3009 3801 suscipit
3050 3737 3359 3797 dictionem.
3411 3743 3757 3803 Prmdicatum

2175 3830 2305 3871 vero
2331 3829 2412 3873 εει
2434 3820 2573 3890 quod
2596 3821 2789 3878 dicitur
2817 3825 2883 3881 de
2905 3826 3167 3897 subjecto,
3200 3834 3327 3888 utin
3356 3835 3543 3892 eadem
3571 3857 3757 3911 propo-

2174 3910 2390 3979 sitione,
2452 3913 2803 3985 philosophus
2844 3918 3040 3976 dicitur
3089 3923 3158 3979 de
3231 3925 3456 3985 Platone
3498 3910 3754 4004 subjecto,

2174 4006 2545 4072 sempereuim
2570 4008 2710 4072 quod
2729 4008 3030 4080 subjectum
3080 4026 3165 4071 est
3188 4019 3273 4073 vel
3325 4022 3500 4077 minus
3522 4036 3627 4092 est,
3680 4029 3757 4084 vel

2173 4096 2377 4166 aequale
2408 4098 2695 4167 prmdicato
2716 4120 2728 4156 :
2750 4103 2926 4159 minus
2946 4106 3162 4175 quidem
3194 4120 3250 4165 ιιι
3271 4112 3323 4166 in
3347 4129 3409 4168 ea
3440 4120 3757 4187 prapositio-

2173 4202 2241 4243 ne
2268 4189 2335 4243 de
2360 4205 2460 4260 qua
2487 4193 2641 4260 paulo
2670 4203 2794 4250 ante
2833 4200 3199 4257 tractavimus.
3239 4204 3391 4261 Plato
3416 4210 3557 4262 enim
3585 4210 3753 4279 philo-

2172 4281 2325 4349 s0phi
2346 4297 2539 4338 nomen
2557 4300 2663 4339 non
2681 4295 2853 4354 potest
2872 4304 3108 4362 aequare,
3127 4309 3300 4366 neque
3310 4297 3461 4354 solus
3474 4298 3623 4355 Plato
3636 4303 3725 4371 phi
3736 4335 3752 4345 -

2172 4369 2427 4441 losOphus
2442 4384 2554 4441 est;
2589 4378 2807 4446 aequalis
2830 4394 2956 4435 vero
2971 4391 3051 4436 est
3063 4383 3333 4453 subjectus
3350 4391 3615 4446 terminus
3631 4369 3755 4465 pra:-

2172 4462 2368 4535 dicato,
2400 4468 2528 4521 utsi
2578 4468 2696 4537 quis
2748 4470 2910 4539 dicat,
2971 4474 3133 4530 homo
3184 4479 3403 4535 risibilis
3444 4492 3545 4549 est,
3599 4486 3755 4544 homo

2172 4557 2313 4612 enim
2365 4563 2453 4631 qui
2477 4562 2752 4632 subjectus
2787 4575 2870 4620 est
2920 4570 3182 4625 terminus
3230 4574 3521 4642 pra-dicato
3565 4580 3751 4635 risibili

482 4648 631 4704 tiatio
656 4650 853 4724 aliquid
894 4652 960 4709 de
989 4655 1166 4725 aliquo
1191 4656 1521 4729 signiﬁcans,
1551 4670 1608 4715 ιιι
1637 4662 1787 4717 Plato
1812 4644 2064 4733 .philoso-

2179 4666 2504 4725 coasquatur.
2524 4656 2675 4712 Unde
2700 4659 2757 4712 lit
2780 4672 2835 4714 ut
2856 4662 3023 4731 possit
3066 4639 3523 4739 reddi‘reciproca
3559 4677 3743 4743 praedio

481 4740 623 4813 phus
659 4754 762 4807 εει,
788 4744 1162 4817 philosophum
1189 4749 1256 4805 de
1281 4750 1504 4810 Platone
1533 4757 1903 4823 praedicamus.
1962 4758 2067 4814 Νε-

483 4835 654 4904 gativa
685 4850 815 4892 vero
840 4845 926 4892 est
946 4839 1239 4895 enuntiatio
1260 4841 1459 4913 aliquid
1484 4845 1552 4899 ab
1592 4844 1770 4917 aliquo
1810 4848 2066 4918 praedica-

482 4925 627 4981 tione
651 4928 957 5000 sejungens,
988 4939 1046 4985 ut
1071 4932 1218 4988 Plato
1244 4934 1595 5006 philosophus
1631 4953 1740 4994 non
1790 4948 1891 5007 cst,
1946 4940 2063 5008 phi-

482 5015 761 5087 losophum
787 5021 929 5075 enim
954 5035 983 5074 a
1005 5021 1227 5079 Platone
1274 5025 1363 5081 tali
1414 5028 1797 5098 praedicatione
1822 5033 2059 5102 sejunxic

481 5123 619 5163 mus.
652 5111 954 5168 Secundum
977 5118 1323 5186 quantitatem
1346 5134 1474 5174 vero
1526 5121 1841 5181 diﬂereutitc
1886 5142 2062 5183 enun-

482 5201 759 5260 tiationum
788 5214 934 5273 sunt,
965 5208 1105 5278 quod
1140 5209 1257 5265 alia:
1308 5212 1524 5280 quidem
1577 5217 2061 5286 universales,ali:e

480 5295 855 5367 particulares,
896 5298 1015 5354 alia:
1043 5300 1354 5371 indelinitae,
1402 5306 1523 5361 alia:
1566 5307 1883 5378 singulares.
1934 5312 2062 5368 Uni-

482 5386 713 5441 versales
739 5400 863 5444 sunt
883 5406 1003 5460 qua:
1029 5392 1447 5467 sit'eal‘iirment,
1469 5401 1580 5453 sive
1610 5414 1823 5472 negent,
1848 5407 2061 5461 univer-

480 5478 665 5534 saliter
694 5488 868 5538 tamen
899 5486 1178 5542 enuntiant
1230 5488 1524 5547 universale
1577 5494 1897 5564 subjectum,
1954 5508 2057 5553 ut:

479 5570 653 5626 omnis
679 5570 839 5629 homo
864 5579 1078 5647 sapiens
1106 5590 1212 5646 est,
1271 5582 1447 5640 nullus
1504 5584 1664 5641 homo
1684 5589 1899 5656 sapiens
1951 5602 2052 5660 est,

479 5660 641 5719 homo
670 5666 969 5725 universale
992 5670 1245 5743 quiddam
1274 5683 1374 5733 est.
1418 5675 1611 5733 Multos
1654 5680 1795 5734 enim
1844 5682 1944 5736 sub
1998 5698 2056 5740 se

477 5756 780 5819 individuus
798 5774 1011 5821 coercet
1030 5776 1084 5822 et
1103 5767 1363 5842 continet,
1382 5770 1471 5842 qui
1494 5771 1870 5830 universaliter
1887 5789 2055 5831 enun-

478 5853 699 5923 tientur.
725 5857 849 5914 dum
879 5859 929 5914 ei
951 5861 1128 5919 omnis
1154 5862 1237 5920 vel
1262 5864 1439 5923 nullus
1466 5864 1791 5937 adiungitur.
1816 5868 2055 5926 Particu-

2172 4748 2331 4818 catio,
2361 4750 2586 4818 scilicet,
2644 4762 2701 4807 ιιι
2746 4755 2889 4810 vices
2942 4758 3243 4829 subjectum
3302 4764 3752 4839 prmdicatumque

2170 4850 2496 4912 permutem,
2528 4844 2934 4916 subjectumque
2962 4850 3053 4904 ﬁat
3085 4852 3226 4922 quod
3240 4864 3357 4910 erat
3380 4868 3538 4913 antea
3570 4860 3750 4929 pradi-

2168 4948 2368 5007 catnm,
2393 4955 2656 5011 versoque
2687 4942 2873 4998 ordine
2898 4945 3217 5014 przedicetur
3245 4950 3386 5020 quod
3434 4951 3609 5009 fuerat
3628 4966 3749 5011 ante

2167 5031 2488 5100 subjectum,
2522 5034 2638 5089 utsi
2670 5034 2878 5091 dicatur
2907 5038 3047 5107 quod
3076 5041 3279 5098 risibile
3305 5055 3385 5099 est
3437 5045 3601 5104 homo
3645 5060 3745 5115 est;

2166 5122 2348 5178 omnia
2376 5126 2519 5180 enim
2542 5142 2660 5197 qua:
2683 5138 2807 5182 sunt
2832 5132 3052 5199 :equalia
3107 5132 3175 5190 de
3195 5150 3255 5191 se
3297 5135 3525 5193 invicem
3562 5142 3740 5212 pradi-

2166 5229 2377 5273 cantur.
2407 5217 2475 5275 Ut
2504 5235 2633 5275 vero
2656 5220 2705 5274 id
2731 5222 2871 5292 quod
2901 5224 3196 5295 subjectum
3224 5240 3307 5284 est
3355 5232 3529 5303 majus
3581 5239 3743 5306 possit

2168 5325 2288 5366 esse
2316 5310 2623 5380 prazdicatn,
2658 5315 2797 5369 nulla
2821 5332 3039 5385 prorsus
3074 5318 3437 5381 enuntiatione
3469 5330 3740 5401 contingit,

2166 5403 2282 5472 ipsa
2308 5405 2447 5458 enim
2478 5406 2761 5475 prmdicnta
2796 5419 2982 5465 natura
3008 5417 3213 5471 minora
3241 5432 3360 5475 csse
3398 5437 3503 5477 non
3530 5424 3634 5492 pati
3661 5442 3738 5481 ur.

2166 5498 2274 5553 Sed
2296 5504 2435 5571 quod
2457 5504 2660 5574 mquale
2681 5506 2762 5561 vel
2789 5506 2961 5579 majus
2986 5521 3089 5576 est,
3122 5512 3171 5567 id
3224 5527 3437 5587 semper
3466 5521 3535 5576 de
3561 5521 3739 5591 aequali

2166 5590 2250 5645 vel
2296 5592 2506 5649 minore
2586 5595 2929 5665 praedicatur.
2988 5601 3098 5658 Has
3145 5619 3271 5661 vero
3315 5590 3737 5668 enuntiationum

2164 5694 2365 5759 partes,
2427 5688 2478 5743 id
2517 5700 2601 5746 est
2662 5692 3004 5761 prcedicatum
3062 5709 3226 5770 atque
3284 5702 3586 5774 Snbjectum
3638 5717 3737 5763 ter-

2164 5778 2338 5834 minos
2393 5781 2744 5849 appellamus.
2810 5784 3047 5844 Termini
3104 5805 3233 5848 vero
3294 5792 3546 5853 dicuntur
3602 5796 3735 5869 quod

2164 5870 2218 5926 in
2264 5890 2359 5928 eos
2409 5885 2678 5939 postrema
2730 5880 2799 5934 sit
2863 5884 3163 5941 resolutio:
3223 5890 3405 5961 itaque
3463 5893 3517 5949 in
3565 5891 3734 5963 singu-
