4112 6332
406 385 510 444 769

409 502 608 559 laribus
663 502 742 560 vel
816 501 1108 560 indeﬁnitis
1161 500 1614 573 propositionibus
1668 499 1802 554 duos

407 595 583 651 minos
630 610 845 664 semper
895 595 1234 663 invenimus,
1288 604 1345 649 et
1395 594 1617 649 verbum
1669 593 1809 663 quod
1863 606 1988 662 pro-

408 686 692 758 positionis
724 686 1046 744 determinet
1079 687 1409 757 qualitatem,
1445 697 1502 741 ut
1544 688 1596 741 in
1629 686 1991 757 pr0positione

408 794 508 850 qua
542 779 790 844 dicimus,
822 778 1071 835 Socrates
1097 780 1313 850 sapiens
1343 789 1444 845 est,
1482 777 1733 835 Socrates
1773 777 1989 849 quidem

409 883 471 924 ac
516 870 731 940 sapiens
765 871 1022 927 terminos
1062 886 1181 927 esse
1229 872 1566 928 manifestum
1598 880 1697 926 est.
1738 870 1828 924 Est
1868 885 1992 925 vero

410 962 634 1019 verbum
671 980 777 1020 non
836 975 920 1021 est
942 965 1221 1033 terminus,
1249 967 1342 1023 sed
1376 966 1670 1038 designatio
1698 965 1990 1036 qualitatis,

409 1067 461 1113 et
488 1057 657 1128 qualis
689 1059 980 1129 proliositio
1007 1062 1075 1115 sit
1107 1061 1346 1130 negativa
1378 1077 1444 1116 an
1484 1062 1797 1117 afﬁrmativa
1830 1061 1995 1131 signi-

412 1152 551 1219 ﬁcat,
584 1163 638 1209 et
669 1170 811 1211 nunc
838 1156 1051 1226 quidem
1079 1158 1193 1213 solo
1221 1168 1302 1215 est
1329 1160 1492 1215 verbo
1522 1157 1878 1231 propositioni
1907 1172 1996 1212 ac-

353 1319 365 1332 .
410 1246 748 1302 commodata
775 1248 911 1304 facta
941 1257 1025 1305 est
1053 1249 1354 1307 affirmatio.
1399 1255 1467 1309 At
1498 1252 1541 1307 si
1569 1268 1700 1321 non,
1743 1250 1882 1323 quod
1914 1260 1996 1305 est

412 1334 721 1391 adverbium
748 1338 1076 1409 negativum,
1093 1350 1237 1399 esset
1256 1342 1586 1413 adjunctum,
1605 1345 1673 1399 ita
1690 1344 1988 1399 diceretur:

412 1427 658 1485 Socrates
698 1431 911 1499 sapiens
953 1447 1056 1488 non
1096 1444 1201 1501 est,
1250 1444 1409 1505 atque
1451 1436 1552 1491 hoc
1593 1440 1752 1491 modo
1795 1446 1995 1491 mutata

412 1521 669 1590 qualitate
700 1522 853 1579 ﬁeret
884 1525 952 1581 de
990 1526 1345 1585 afﬁrmatione
1374 1532 1603 1601 negatio.
1635 1530 1728 1586 Est
1759 1531 1918 1601 igitur
1944 1541 1998 1587 et

414 1630 517 1669 non
546 1625 647 1680 est,
678 1632 781 1673 non
816 1627 940 1674 sunt
981 1622 1212 1690 termini,
1245 1622 1359 1689 sed,
1391 1633 1449 1678 ut
1474 1624 1670 1679 dictum
1703 1634 1804 1688 est,
1835 1625 2000 1694 signi-

414 1706 590 1761 ﬁcatio
630 1710 921 1777 qualitatis.
956 1711 1153 1767 Eadem
1198 1715 1375 1770 omnia
1418 1719 1576 1772 etiam
1624 1716 1677 1771 in
1724 1718 1997 1773 indeﬁnita

414 1799 776 1868 propositione
802 1804 1157 1872 conveniunt;
1184 1807 1323 1872 quod
1346 1809 1391 1863 si
1414 1808 1519 1863 sint
1545 1809 1680 1865 tales
1706 1811 1996 1877 orationes,

1218 385 1671 444 INTRODUCTIO
1710 384 1800 441 AD
1841 380 2315 442 SYLLOGISMOS
2346 380 2849 440 CATEGORICOS.

3569 389 3669 447 770

1881 507 1987 552 ter-
2016 500 2062 559 Α
2092 494 2233 549 enim
2269 496 2558 564 propositio
2590 496 2859 552 hominem
2907 494 3141 567 subjicit,
3186 505 3241 554 et
3288 496 3544 568 praedicat
3581 514 3671 555 sa-

2096 585 2453 655 pientiam,:et
2494 601 2613 642 cum
2663 596 2891 658 utroque
2941 590 3171 645 termino
3202 600 3515 661 congruant,
3546 600 3673 646 sunt

2096 689 2272 734 tamen
2303 678 2550 745 diversae,
2584 681 2835 749 quoniam
2866 681 2981 738 haec
3009 681 3298 737 afﬁrmatio
3322 691 3423 747 est,
3456 681 3546 737 illa
3576 696 3672 736 ne-

2095 771 2255 842 gatio.
2293 772 2356 826 Et
2385 772 2483 826 hoc
2513 772 2726 842 quidem
2756 772 2988 842 exempli
3016 774 3182 844 gratia
3210 772 3406 829 dictum
3437 773 3527 840 sit,
3555 773 3674 843 ple-

2098 864 2218 918 nius
2265 878 2393 918 vero
2440 864 2532 918 ﬁet
2578 864 2647 920 de
2697 864 2786 919 tali
2831 867 3234 937 participatione
3280 876 3533 923 tractatus
3574 866 3674 922 hoc

2099 957 2278 1012 modo.
2321 958 2645 1013 Cunctarum
2698 959 3014 1030 simplicium
3061 961 3484 1033 propositionum
3524 962 3677 1018 diffe-

2099 1049 2316 1109 rentias.
2349 1050 2427 1105 vel
2460 1050 2512 1104 in
2530 1044 2973 1121 quafitate,velin
2990 1055 3284 1123 quantitate
3299 1054 3427 1109 sitas
3440 1069 3559 1111 esse
3582 1069 3672 1110 os-
3746 1113 3754 1120 ,

2101 1144 2400 1208 tendimus;
2427 1143 2479 1199 in
2496 1148 2791 1214 quantitate
2813 1161 2933 1201 cum
2956 1147 3326 1203 universaliter
3361 1147 3667 1217 pronuntiat

2100 1235 2186 1309 [F.
2205 1235 2752 1307 pronuntiantur],vel
2766 1237 3173 1307 particulariter,
3191 1239 3275 1295 vel
3290 1238 3685 1305 indeﬁnite,vel'

2098 1327 2439 1397 singulariter
2454 1328 2813 1399 proferuntur,
2838 1330 2888 1385 in
2912 1330 3307 1402 qualitateﬁero
3319 1346 3438 1387 cum
3454 1334 3533 1388 ha:
3556 1331 3678 1402 qui-

2100 1420 2222 1476 dem
2252 1422 2586 1477 alﬁrmativa:
2616 1434 2763 1492 sunt,
2810 1423 2916 1479 illre
2952 1440 3077 1481 vero
3105 1426 3385 1496 negativae.
3422 1426 3477 1481 Si
3515 1426 3676 1498 igitur

2102 1511 2234 1567 duas
2260 1513 2609 1568 allirmativas
2623 1528 2994 1586 aggregamus,
3024 1516 3156 1571 ﬁunt
3179 1518 3357 1573 mixta:
3395 1533 3515 1574 cum
3543 1519 3678 1575 utris

2081 1599 2203 1678 'que
2221 1620 2343 1665 octo
2371 1608 2686 1666 diﬁ‘erentiac
2709 1655 2722 1678 ,
2748 1626 2865 1681 qum
2890 1611 3047 1666 simul
3079 1612 3390 1681 qualitatem
3417 1614 3682 1683 quantita-

2104 1714 2317 1777 temque
2346 1707 2676 1761 contineant.
2700 1706 2835 1762 Sunt
2856 1713 3033 1760 autem
3063 1706 3244 1761 mixta:
3273 1706 3376 1772 bar,
3402 1705 3686 1762 afﬁrmatio

2105 1797 2453 1861 universalis,
2481 1798 2693 1867 negatio
2739 1798 3077 1863 universalis,
3130 1798 3412 1853 afﬁrmatio
3455 1800 3684 1868 particu-

415 1887 663 1946 Socrates
689 1904 795 1958 est,
819 1894 933 1949 dies
954 1905 1057 1963 est,
1085 1907 1166 1953 est
1194 1899 1240 1952 vi
1269 1914 1313 1970 gi
1338 1900 1483 1955 mina
1508 1900 1764 1973 fungitur,
1796 1904 1999 1960 scilicet

2111 1891 2253 1958 laris,
2285 1892 2498 1962 negatio
2542 1891 2900 1962 particularis,
2938 1890 3223 1947 afﬁrmatio
3260 1890 3552 1956 indeﬁnita,
3588 1906 3686 1947 ne-

415 1982 711 2051 prtedit-ati,
755 1997 838 2043 cst
873 1990 1016 2044 enim
1050 1991 1267 2047 verbum
1298 1994 1362 2049 de
1394 1996 1615 2051 Socrate
1642 2005 1699 2053 et
1729 1997 1818 2053 die
1858 1999 1995 2067 pra:-

415 2075 667 2143 dieatum,
700 2092 751 2136 et
780 2083 916 2153 signi
948 2086 1244 2155 qualitatis,
1272 2088 1409 2144 idem
1443 2106 1669 2162 namque
1704 2099 1786 2147 est
1823 2092 1997 2150 Solum

416 2172 643 2243 positum
676 2174 1085 2257 afﬁrmationem
1123 2179 1310 2247 efﬁcit,
1336 2196 1457 2237 cum
1500 2183 1748 2254 negativo
1805 2184 2002 2241 adver-

417 2264 505 2319 bio
537 2266 900 2337 negationem.
951 2274 1021 2325 At
1054 2272 1099 2327 si
1139 2274 1247 2329 sint
1278 2277 1670 2345 propositiones
1705 2295 1822 2349 qua:
1850 2279 2000 2335 diﬁc-

416 2360 614 2449 rentias
660 2375 842 2416 secum
878 2358 1108 2421 habeant
1136 2368 1515 2438 quantitatum,
1547 2381 1604 2425 ut
1633 2383 1754 2428 sunt
1786 2373 2000 2429 univer-

417 2450 553 2505 sales
583 2466 645 2505 ac
676 2454 1047 2525 particulares,
1076 2460 1262 2514 eadem
1304 2461 1384 2516 vis
1431 2472 1710 2532 permanet
1748 2465 2003 2521 termino-

417 2555 559 2607 rum;
590 2546 767 2600 omnis
795 2548 940 2602 enim
966 2563 1026 2603 ae
1050 2550 1246 2620 nullus,
1279 2561 1334 2608 et
1362 2553 1599 2624 quidam,
1626 2556 1869 2611 terminis
1896 2573 2002 2613 non

418 2647 855 2705 annumerantur,
888 2640 981 2697 sed
1024 2645 1447 2701 enuntiationum
1492 2647 1795 2719 signiﬁcant
1832 2652 2003 2718 quali-

418 2737 601 2783 tatem.
628 2732 804 2802 Atque
827 2733 947 2789 ideo
970 2744 1114 2792 recte
1138 2738 1277 2808 quod
1302 2740 1581 2810 subjicitur
1598 2757 1661 2799 ac
1685 2743 2003 2813 prtcdicatur

419 2824 631 2878 termini
667 2828 955 2899 nuncupati
999 2839 1147 2898 sunt,
1176 2836 1426 2903 quoniam
1458 2836 1511 2891 in
1556 2852 1650 2893 eos
1680 2847 1882 2894 tantum
1914 2854 2005 2896 re-

419 2913 639 2971 solvitur
693 2923 1008 2991 propositio.
1056 2925 1263 2983 Caetera
1315 2931 1458 2985 enim
1506 2947 1624 3002 qua:
1673 2912 2013 3003 simplicibus.

421 3011 875 3112 enuntiatiouihus
921 3018 1299 3090 adjunguntur,
1331 3036 1422 3080 aut
1457 3026 1768 3097 qualitatem
1813 3043 2006 3099 propo-

421 3106 673 3158 sitionum
726 3106 975 3176 retinent,
1008 3119 1101 3166 aut
1134 3116 1485 3179 quantitatem
1522 3117 1843 3187 signiﬁcant.
1876 3119 1987 3175 Pro

421 3194 738 3262 positionum
772 3215 896 3255 vero
931 3200 1258 3273 simplicium
1298 3207 1418 3263 alite
1447 3218 1570 3264 sunt
1601 3225 1721 3281 quas
1750 3211 1801 3266 in
1859 3212 2002 3267 nulla

422 3297 570 3357 parte
598 3293 941 3366 conveniunt,
968 3306 1026 3351 ut
1054 3296 1206 3353 Plato
1245 3300 1596 3373 philosophus
1626 3314 1729 3368 est,
1761 3313 1816 3360 et
1840 3306 2008 3361 virtus
2116 3301 2448 3372 particularis
2476 3302 2784 3359 afﬁrmatio.

424 3378 557 3435 bona
584 3391 688 3449 est;
719 3394 945 3456 utraque
973 3389 1115 3445 enim
1142 3390 1287 3447 aliud
1310 3393 1562 3463 quiddam
1585 3396 1651 3452 de
1681 3395 1787 3452 alio
1818 3396 2009 3465 prtedi-

425 3484 594 3544 catur,
625 3494 722 3534 nec
750 3479 1166 3555 habentaliquid
1194 3485 1246 3539 in
1276 3488 1607 3556 pmponendi
1636 3492 1844 3546 ratione
1862 3505 2010 3548 com-

426 3580 603 3623 mune.
652 3568 742 3625 llla
787 3573 931 3629 enim
982 3573 1263 3632 Platonem
1318 3580 1694 3649 pltilOSOphum
1738 3583 1884 3649 dicit,
1919 3584 2008 3639 illa

425 3657 671 3716 virtutem
702 3661 895 3719 bonam
921 3681 1040 3723 esse
1069 3672 1399 3739 pronuntiat.
1432 3674 1562 3727 Alia!
1593 3689 1721 3730 vero
1746 3684 1870 3731 sunt
1889 3691 2010 3746 qua)

426 3750 598 3821 aliqua
630 3755 980 3812 terminorum
1014 3761 1420 3832 participatione
1452 3764 1771 3835 junguntur.
1816 3768 1871 3823 id
1905 3754 2007 3824 'au-

426 3852 530 3900 tem
564 3846 770 3903 duobus
807 3850 922 3906 ﬁeri
963 3854 1135 3910 modis
1181 3864 1375 3925 potest,
1408 3866 1501 3913 aut
1528 3859 1671 3915 enim
1702 3861 1893 3918 ordine
1918 3875 2013 3918 eo-

427 3935 566 4003 dem,
599 3950 690 3994 aut
731 3955 825 4011 per
857 3942 1062 3999 ordinis
1097 3949 1589 4006 commutationem.
1638 3952 1837 4007 Eodem
1884 3967 2012 4008 vero

430 4033 616 4091 ordine
664 4036 861 4108 duplici
912 4042 1092 4107 modo,
1133 4046 1177 4098 si
1224 4047 1304 4100 vel
1358 4047 1628 4117 simplices
1670 4049 1925 4105 terminos
1956 4047 2010 4103 in

432 4129 668 4199 utrisque
695 4137 1011 4203 constituas,
1043 4138 1125 4193 vel
1156 4138 1203 4193 si
1232 4155 1327 4209 per
1353 4142 1744 4211 oppositionem
1775 4142 1866 4198 ﬁat
1889 4158 2013 4214 par-

432 4219 668 4291 ticipatio
723 4228 1110 4285 terminorum:
1141 4231 1284 4300 quod
1340 4233 1510 4287 tribus
1564 4249 1735 4302 neque
1783 4234 2014 4304 amplius

429 4316 699 4388 continget
738 4320 931 4387 modis,
977 4338 1098 4378 nam
1144 4324 1224 4379 vel
1272 4324 1577 4393 pracd'cato,
1621 4326 1708 4380 vel
1752 4326 2012 4403 subjecto,

429 4410 512 4465 vel
568 4413 808 4484 utrisque
867 4416 1112 4472 terminis
1167 4416 1381 4488 negatio
1443 4419 1740 4489 copulatur.
1801 4420 2014 4476 Ordinis

430 4504 588 4560 etiam
632 4513 1051 4566 commutatione
1087 4513 1416 4570 conveniunt
1457 4513 1666 4569 duobus
1696 4515 1890 4581 modis,
1924 4524 2016 4570 aut

431 4597 571 4652 enim
598 4614 692 4669 per
720 4602 1019 4672 simplicem
1050 4606 1400 4662 terminorum
1437 4596 1895 4677 prtedicationem,
1923 4618 2014 4665 aut

2101 1985 2249 2054 gatio
2278 1984 2576 2053 indeﬁnita,
2607 1983 2895 2040 afﬁrmatio
2934 1986 3239 2056 singularis,
3271 1984 3481 2056 negatio
3508 1984 3686 2057 singu-

2101 2079 2250 2135 laris.
2293 2079 2527 2146 Quarum
2569 2078 2785 2150 quidem
2830 2077 3134 2134 indeﬁnitas
3171 2078 3574 2149 singularesque
3601 2093 3686 2135 se-

2101 2185 2418 2242 gregemus,
2469 2180 2524 2227 et
2572 2172 2640 2229 de
2706 2169 3101 2226 universalibus
3155 2185 3218 2226 ac
3278 2170 3691 2242 particularibus

2103 2261 2451 2318 disseramus.
2508 2262 2855 2319 Describatur
2900 2278 3027 2333 ergo
3084 2261 3404 2317 universalis
3459 2261 3688 2333 primum

2105 2353 2411 2419 affirmatio,
2450 2354 2625 2409 omnis
2667 2357 2827 2411 homo
2857 2353 3038 2426 justus
3075 2362 3176 2419 est,
3209 2355 3362 2425 cujus
3403 2353 3690 2411 adversum

2106 2453 2253 2499 tenet
2294 2446 2469 2500 locum
2516 2446 2757 2516 negativa
2805 2446 3101 2516 propositio
3137 2444 3476 2512 universalis,
3515 2444 3692 2501 nullus

2106 2534 2269 2591 homo
2310 2534 2488 2606 justus
2533 2547 2635 2605 est,
2692 2538 2821 2617 item
2869 2537 2971 2593 sub
3017 2537 3301 2593 universali
3340 2535 3695 2593 afﬁrmatione

2108 2634 2339 2697 ponatur
2372 2627 2707 2696 particularis
2744 2627 3047 2692 afﬁrmatio,
3080 2629 3298 2698 quidam
3327 2629 3489 2684 homo
3518 2629 3695 2697 justus

2106 2728 2211 2787 est,
2244 2717 2381 2773 hanc
2414 2719 2639 2774 adversa
2674 2719 2849 2775 fronte
2888 2720 3160 2790 respiciat,
3190 2721 3366 2791 sitque
3403 2718 3694 2776 universali

2109 2812 2369 2883 negativa:
2398 2811 2673 2883 supposita
2703 2812 3041 2883 particularis
3073 2813 3305 2886 negatio,
3340 2812 3557 2882 quidam
3598 2811 3695 2867 bo~

2109 2918 2198 2959 mo
2224 2905 2401 2973 justus
2429 2917 2533 2958 non
2560 2912 2661 2959 est.

2111 3019 2443 3077 Universalis
2472 3021 2758 3078 afﬁrmatio
2791 3039 2806 3077 :
2873 3010 3199 3078 Universalis'
3228 3022 3473 3092 negatio:

2109 3112 2297 3168 Omnis
2321 3111 2674 3183 homojustus
2701 3122 2803 3169 est.
2860 3112 3043 3169 Nullus
3071 3113 3232 3169 homo
3268 3112 3443 3183 justus
3469 3122 3569 3169 est.

2111 3204 2335 3273 Quidam
2349 3204 2696 3275 homojustus
2707 3213 2809 3272 est,
2859 3204 3082 3274 Quidam
3102 3205 3261 3260 homo
3277 3204 3453 3275 justus
3469 3220 3572 3261 non
3593 3215 3696 3273 est,

2874 3302 3211 3372 particularis
3238 3303 3472 3375 negatio.

2116 3412 2313 3469 llarum
2356 3414 2515 3485 igitur
2561 3415 2851 3470 afﬁrmatio
2906 3423 3064 3487 atque
3112 3417 3325 3486 negatio
3373 3417 3699 3473 universalis

2113 3504 2367 3573 qualitate
2399 3506 2614 3574 quidem
2655 3505 2989 3573 discrepant,
3022 3504 3119 3561 sed
3149 3508 3443 3574 quantitate
3477 3522 3701 3563 concor-

2115 3595 2265 3664 dant;
2300 3613 2421 3653 nam
2445 3597 2586 3668 quod
2610 3597 2724 3652 haec
2751 3597 2965 3668 quidem
3009 3597 3295 3652 afﬁrmatio
3323 3606 3426 3663 est,
3456 3598 3545 3654 illa
3571 3611 3701 3655 vero

2115 3687 2357 3757 negativa
2394 3697 2478 3751 est
2503 3727 2520 3755 ,
2570 3696 2698 3743 sunt
2736 3688 2788 3743 in
2818 3687 3074 3756 qualitate
3102 3686 3331 3743 diversae
3358 3727 3373 3752 ,
3414 3688 3535 3759 quia
3572 3702 3703 3743 vero

2117 3785 2340 3847 utraque
2363 3776 2678 3832 universalis
2694 3787 2797 3841 est,
2820 3778 3115 3847 quantitate
3135 3778 3480 3834 conveniunt.
3502 3777 3701 3835 Harum

2117 3868 2282 3940 igitur
2310 3869 2390 3925 vel
2417 3879 2669 3937 utrasque
2705 3865 2884 3934 falsas,
2916 3868 2997 3924 vel
3029 3883 3187 3923 unam
3219 3883 3399 3924 veram
3425 3909 3441 3935 ,
3474 3868 3700 3925 alteram

2117 3960 2305 4016 falsam
2343 3961 2585 4031 recipere
2623 3962 2878 4032 possibile
2915 3969 3029 4028 est,
3072 3972 3311 4033 utraeque
3340 3967 3513 4017 autem
3540 3961 3700 4018 simul

2118 4070 2259 4111 verae
2300 4064 2574 4124 nequeunt
2611 4054 2837 4110 inveniri
2862 4094 2878 4116 .
2924 4068 3046 4108 nam
3090 4054 3145 4109 in
3185 4051 3453 4123 proposita
3496 4052 3704 4108 descri-

2118 4149 2298 4211 ptione
2326 4147 2615 4204 afﬁrmatio
2642 4163 2762 4217 quae
2790 4154 2896 4212 est,
2925 4147 3101 4201 onmis
3128 4145 3289 4201 homo
3310 4144 3487 4214 justus
3513 4155 3617 4212 est,
3646 4154 3702 4201 et

2120 4242 2331 4310 negatio
2358 4256 2477 4312 quae
2516 4249 2617 4306 cst,
2653 4241 2830 4294 nullus
2870 4239 3029 4293 homo
3051 4237 3228 4308 justus
3258 4250 3361 4310 est,
3391 4253 3513 4294 cum
3544 4238 3704 4296 utra;

2117 4347 2223 4403 que
2250 4333 2359 4389 sint
2391 4331 2739 4399 universales,
2774 4340 2961 4391 neutra
2993 4340 3168 4387 tamen
3193 4339 3280 4387 est
3305 4347 3450 4389 vera.
3475 4333 3545 4387 At
3563 4330 3610 4387 si
3634 4331 3705 4388 sit

2119 4426 2424 4491 afﬁrmatio,
2457 4426 2633 4481 omnis
2662 4426 2822 4480 homo
2850 4423 3048 4479 animal
3078 4433 3162 4479 est
3188 4465 3202 4490 ,
3235 4432 3395 4496 atque
3433 4424 3705 4481 universa-

2118 4519 2242 4576 liter
2271 4520 2564 4591 denegatur
2593 4519 2696 4585 ita,
2729 4519 2904 4574 nullus
2932 4518 3095 4573 homo
3122 4518 3319 4574 animal
3349 4528 3465 4587 est,
3494 4518 3579 4575 vel
3607 4519 3704 4587 ita,

2124 4613 2300 4668 omnis
2331 4612 2493 4667 homo
2522 4611 2656 4680 lapis
2685 4618 2798 4677 est,
2825 4608 3005 4665 nullus
3045 4609 3206 4664 homo
3239 4609 3372 4681 lapis
3398 4619 3511 4679 est,
3543 4626 3701 4668 unam

434 4704 529 4760 per
553 4693 864 4748 eorumdem
901 4697 1249 4754 terminorum
1284 4702 1697 4770 oppositionem.
1730 4702 1855 4758 llaec
1880 4718 2014 4773 quo-
2039 4681 2091 4743 Ῑ)
2121 4720 2300 4761 veram
2328 4744 2344 4771 ,
2386 4704 2609 4760 alteram
2638 4702 2827 4758 falsam
2853 4717 2974 4758 esse
3001 4717 3221 4759 necesse
3245 4712 3346 4759 est.
3387 4706 3559 4772 Atque
3585 4704 3706 4761 ideo

433 4799 535 4853 que
558 4787 823 4856 oppositio
852 4790 1198 4848 terminorum
1243 4794 1503 4864 triplicem
1548 4796 1740 4867 recipit
1770 4798 2008 4865 modum,

432 4891 552 4932 cum
584 4881 791 4951 negatio
814 4883 899 4939 vel
931 4884 1239 4953 prmdicato,
1265 4887 1349 4943 vel
1370 4877 1633 4959 subjecto,
1662 4890 1743 4944 vel
1776 4891 2013 4962 utrisque

432 4971 788 5044 conjungitur;
822 4975 929 5031 illa:
975 4992 1104 5034 vero
1144 4994 1267 5049 qua:
1308 4981 1483 5036 altero
1524 4983 1755 5038 termino
1795 4984 2011 5054 partici-

434 5075 560 5133 pant
588 5077 643 5123 et
670 5068 841 5124 tribus
884 5070 1078 5137 modis,
1109 5072 1193 5127 vel
1237 5086 1357 5128 eum
1399 5073 1453 5128 in
1499 5090 1599 5128 una
1646 5075 2011 5145 propositione

435 5158 574 5226 quod
619 5160 937 5229 praedicatur
979 5163 1032 5218 in
1076 5163 1245 5220 altera
1288 5165 1585 5235 subjectum
1627 5175 1727 5227 est.
1769 5167 1853 5222 vel
1893 5180 2012 5223 cum

435 5246 572 5304 idem
607 5248 661 5306 in
693 5252 932 5324 utrisque
964 5254 1304 5325 prtrdicatur,
1335 5256 1420 5311 vel
1450 5271 1570 5312 cum
1604 5256 1743 5311 idem
1773 5257 1824 5310 in
1852 5258 2012 5312 utris-

434 5357 540 5415 quc
590 5345 864 5415 subjectus
914 5358 1015 5404 est.
1079 5350 1142 5404 Et
1193 5349 1447 5420 quoniam
1502 5350 1740 5404 omnium
1793 5350 2007 5407 sibimet

433 5436 863 5493 convenientium
914 5440 1338 5511 propositionum
1395 5441 1842 5497 ordinatissimam
1889 5441 1989 5497 feci

435 5542 554 5582 rutis
582 5527 924 5598 divisionem,
956 5547 1100 5588 nunc
1126 5533 1194 5587 de
1236 5532 1458 5604 singulis
1495 5533 1788 5603 quibusque
1821 5545 2016 5591 tracte-

437 5635 575 5687 mus,
608 5636 671 5678 ac
704 5623 935 5693 primum
966 5624 1034 5681 de
1065 5638 1127 5680 ea
1170 5625 1589 5695 propositionum
1618 5627 2015 5693 convenientia,

436 5727 554 5780 quae
591 5729 710 5768 cum
755 5716 992 5788 utrisque
1031 5716 1311 5787 participet
1359 5719 1621 5785 terminis,
1666 5719 2016 5788 participandi

441 5815 615 5861 tamen
663 5807 906 5864 ordinem
959 5818 1193 5879 servent,
1240 5824 1303 5865 ea
1352 5820 1433 5865 est
1478 5808 1804 5879 hnjusmodi,
1847 5811 2019 5866 omnis

442 5898 600 5953 1.‹,›;ιιο
625 5902 838 5961 sapiens
867 5909 969 5959 est,
1001 5901 1180 5958 nullus
1210 5902 1369 5981 homo
1401 5904 1614 5967 sapiens
1643 5912 1747 5962 est.
1784 5901 2018 5966 Utraque

2122 4799 2331 4869 quoties
2353 4813 2414 4853 ea
2449 4796 2806 4867 praedicantur
2832 4811 2954 4868 qua:
2982 4807 3034 4852 et
3063 4798 3355 4855 convenire
3384 4798 3625 4869 subjecto
3649 4809 3703 4856 et

2122 4891 2189 4945 ab
2204 4905 2269 4947 eo
2286 4891 2499 4945 valeant
2517 4889 2809 4959 segregari,
2827 4898 2881 4945 et
2900 4889 3270 4946 universaliter
3286 4889 3376 4945 illa
3398 4889 3704 4959 conﬁrmat,

2124 4984 2238 5038 haec
2262 4982 2518 5053 denegat,
2550 4994 2804 5052 utrasque
2838 4981 3002 5037 falsas
3044 4982 3337 5052 contingit,
3370 4991 3425 5036 et
3453 4982 3705 5052 superius

2118 5074 2312 5144 positis
2336 5073 2640 5128 declaratur
2670 5073 2949 5143 exemplis.
3000 5072 3212 5128 Justitia
3258 5073 3399 5129 enim
3430 5087 3552 5127 cum
3586 5088 3706 5131 esse

2124 5164 2180 5218 in
2206 5163 2511 5218 hominibus
2539 5163 2739 5233 possit,
2770 5179 2876 5218 non
2904 5173 3078 5218 tamen
3110 5164 3180 5219 ita
3208 5163 3511 5219 hominibus
3541 5163 3709 5221 inhae-

2124 5254 2226 5322 sit,
2258 5263 2314 5310 ut
2342 5254 2419 5309 ab
2438 5255 2518 5311 eis
2546 5255 2779 5325 separari
2804 5255 2951 5310 nullo
2978 5254 3139 5310 modo
3166 5262 3365 5325 queat,
3398 5266 3556 5325 atque
3586 5256 3707 5311 ideo

2125 5358 2299 5414 neque
2341 5344 2516 5401 omnis
2564 5345 2726 5400 homo
2768 5345 2945 5415 justus
2973 5352 3095 5411 est,
3143 5358 3315 5413 neque
3342 5344 3518 5400 omnis
3546 5344 3705 5398 homo

2121 5440 2296 5511 justus
2328 5455 2433 5494 non
2460 5449 2565 5506 est,
2593 5440 2853 5509 contingit
2877 5448 3128 5508 utrasque
3165 5436 3414 5501 mentiri;
3444 5446 3499 5491 at
3525 5438 3570 5492 si
3603 5435 3704 5491 tale

2125 5533 2193 5588 sit
2224 5533 2364 5604 quod
2403 5549 2432 5587 a
2463 5534 2706 5603 subjecto
2731 5531 2969 5587 abstrahi
3000 5530 3343 5601 scpararique
3372 5545 3477 5585 non
3515 5528 3700 5599 possit,

2124 5625 2205 5679 vel
2244 5625 2383 5693 quod
2420 5639 2689 5696 nunquam
2735 5622 2907 5694 possit
2933 5621 3151 5677 evenire
3180 5621 3448 5693 subjecto,
3495 5631 3549 5677 et
3581 5634 3702 5692 qua:

2124 5715 2497 5772 universaliter
2523 5713 2842 5771 aflirmativa
2884 5721 2967 5767 est
3005 5712 3381 5770 universaliter
3414 5714 3697 5779 abnuatur,

2123 5807 2414 5863 evenituni
2443 5809 2722 5862 veritatem
2752 5845 2768 5870 ,
2811 5804 2966 5860 alteri
3014 5818 3224 5877 semper
3267 5806 3457 5864 adesse
3485 5804 3703 5862 menda-

2124 5903 2265 5963 cium
2291 5943 2304 5959 .
2340 5900 2432 5954 sed
2463 5900 2532 5953 ita
2575 5907 2633 5954 ut
2660 5898 2703 5954 si
2736 5914 2765 5952 a
2794 5896 3033 5969 subjecto
3063 5899 3203 5969 quod
3251 5900 3564 5971 prtedicatur
3595 5912 3699 5953 non
