4112 6332
447 423 552 485 7⁷11

1664 409 1774 474 ΑΝ.
1817 413 2025 472 unus.
2064 400 2219 467 sEv.
2261 398 2486 468 somn

3605 398 3716 470 772

447 550 624 615 potest
662 554 969 612 segregari,
1018 551 1143 595 vera
1166 536 1237 593 sit
1281 550 1486 608 semper
1537 533 1847 599 afﬁrmatio,
1899 529 2029 584 falsa
2053 523 2111 587 Δ
2134 526 2321 598 siquis
2342 530 2603 598 enuntiet,
2647 528 2865 601 quidam
2907 529 3072 587 homo
3098 530 3296 586 animal
3341 537 3446 595 est,
3482 539 3536 586 et
3573 530 3717 589 alius

447 636 688 708 negatio;
729 644 784 688 at
822 634 869 691 si
904 632 1047 702 quod
1073 631 1291 699 evenire
1326 645 1434 687 non
1465 637 1643 698 potest
1682 626 2025 699 prmdicatur,

445 726 731 786 afﬁrmatio
757 724 969 793 quidem
998 722 1129 778 falsa
1155 724 1244 787 sit,
1270 723 1366 777 sed
1388 737 1513 777 vera
1540 722 1611 777 sit
1639 721 1870 791 negatio.
1895 718 2026 774 Nam

446 818 696 891 quoniam
716 816 913 873 animal
936 830 1041 869 non
1065 814 1132 871 ab
1153 814 1367 871 homine
1397 823 1570 883 potest
1597 811 1885 883 segregari,
1906 825 2033 882 quae,

448 910 721 966 hominem
753 908 945 963 animal
979 922 1099 963 esse
1125 905 1406 962 conﬁrmat
1432 919 1559 959 vera
1581 912 1685 968 cst,
1717 904 1846 958 falsa
1897 916 2027 957 vero

446 1000 532 1057 illa
564 1015 685 1073 qua:
714 999 969 1069 denegat;
1003 999 1130 1054 item
1158 998 1203 1053 si
1233 996 1372 1068 quod
1405 1010 1513 1051 noa
1546 1003 1719 1066 potest
1747 994 1862 1055 ﬁcri
1891 1008 2027 1063 prae-

446 1092 691 1156 dicetur,
737 1093 932 1160 fiatque
973 1088 1259 1149 afﬁrmatio
1286 1129 1301 1151 ,
1341 1101 1554 1143 omnem
1597 1086 1865 1140 hominem
1905 1098 2027 1137 esse

446 1181 701 1254 lapidem,
733 1180 893 1250 idque
922 1181 1145 1249 advena
1176 1179 1469 1250 propositio
1501 1185 1677 1251 neget,
1712 1175 2023 1243 nullumque

447 1276 717 1332 hominem
748 1273 978 1343 lapidem
1008 1288 1128 1329 esse
1155 1272 1435 1339 concedat,
1460 1271 1672 1339 negatio
1691 1269 1905 1340 quidem
1936 1283 2024 1325 ve-

446 1365 591 1425 ritati
614 1408 628 1431 ,
670 1363 955 1419 afﬁrmatio
985 1372 1161 1420 autem
1187 1361 1371 1434 juncta
1400 1371 1483 1418 est
1513 1361 1790 1416 mendacio
1816 1378 1831 1415 :
1863 1360 2023 1417 simul

445 1467 621 1519 autem
646 1470 805 1523 veras
821 1470 943 1511 esse
970 1454 1375 1510 afﬁrmationcm
1405 1453 1781 1521 universalem,
1807 1453 2023 1508 univer-

445 1550 718 1618 salemque
756 1547 1091 1615 negationem
1138 1546 1277 1603 nulla
1310 1555 1560 1613 poterunt
1598 1544 1841 1613 exempla
1872 1560 2024 1603 mone

446 1650 638 1713 strare.
666 1628 671 1631 ’
701 1646 874 1711 Atque
917 1639 1036 1694 ideo
1084 1638 1402 1693 universalis
1439 1636 1657 1707 quidem
1704 1636 2020 1705 affirmatio,

447 1726 867 1801 universalisque
896 1732 1104 1801 negatio
1130 1730 1395 1786 contraria
1427 1729 1701 1796 dicuntur,
1730 1743 1851 1784 nam
1882 1737 1939 1787 ut
1967 1728 2023 1784 in

444 1823 729 1880 contrariis
767 1822 962 1894 aliquid
1001 1823 1228 1877 medium
1267 1823 1659 1878 continentibus
1695 1831 1865 1891 potest
1892 1837 2025 1877 neu-

2131 630 2311 692 neget,
2344 624 2562 694 quidam
2589 624 2751 680 homo
2770 625 2970 680 animal
2992 640 3105 681 non
3124 633 3226 691 est,
3258 626 3343 680 vel
3375 624 3472 689 ita,
3495 623 3715 692 quidam

2130 715 2292 773 homo
2324 719 2458 789 lapis
2477 730 2581 786 est,
2604 719 2822 791 quidam
2853 718 3018 774 homo
3044 720 3178 789 lapis
3218 735 3323 774 non
3348 728 3455 781 est.
3487 726 3717 787 utraque

2129 809 2546 868 afﬁrmationum
2572 813 3028 883 negationumque
3051 813 3320 883 oppositio
3365 829 3551 867 verum
3576 812 3717 867 inter

2128 902 2435 973 falsumque
2456 905 2710 975 partitur.
2733 905 2838 961 Sed
2862 904 2911 959 in
2946 905 3217 975 prioribus
3238 902 3717 973 quidem‘afﬁrma-

2130 994 2226 1061 tio,
2251 994 2305 1050 in
2360 997 2751 1067 posterioribus
2797 1004 2977 1053 autem
3025 1012 3147 1051 vera
3197 995 3406 1066 negatio
3426 1004 3529 1051 est.
3570 996 3639 1051 At
3668 994 3715 1050 si

2126 1085 2271 1157 quod
2313 1089 2531 1143 evenire
2560 1088 2776 1159 quidem
2826 1088 3018 1160 possit,
3062 1087 3157 1144 sed
3185 1103 3214 1141 a
3242 1087 3487 1156 subjecto
3530 1098 3712 1143 tamen

2133 1178 2422 1248 aliquando
2475 1181 2652 1236 valeat
2691 1183 2978 1252 segregari,
3030 1179 3312 1237 afﬁrmatio
3353 1180 3710 1250 particularis,

2128 1275 2447 1346 uegatioque
2484 1277 2891 1345 pronuntietur,
2944 1286 3199 1344 utrasque
3242 1290 3397 1330 veras
3444 1289 3569 1330 esse
3617 1290 3716 1331 ne-

2126 1378 2282 1420 cesse
2306 1373 2390 1421 est
2414 1405 2431 1431 ,
2457 1376 2514 1419 ut
2540 1367 2755 1436 quidam
2785 1367 2945 1421 homo
2971 1367 3147 1435 justus
3167 1375 3280 1432 est,
3302 1366 3518 1436 quidam
3550 1366 3717 1421 homo

2121 1452 2298 1524 justus
2326 1471 2430 1511 non
2460 1467 2543 1514 est
2576 1474 2591 1524 ;
2627 1467 2686 1513 ut
2729 1474 2860 1515 vero
2888 1469 3126 1529 utrmque
3176 1458 3323 1515 falsa:
3378 1459 3507 1525 sint,
3566 1460 3715 1515 nulla

2129 1557 2379 1613 poterunt
2396 1551 2636 1620 exempla
2657 1566 2978 1622 congruere.
3001 1552 3258 1621 Quocirca
3285 1569 3352 1608 ne
3370 1553 3466 1609 ista
3495 1554 3713 1623 quidem

2126 1655 2261 1710 quas
2317 1642 2715 1698 subcontrarias
2765 1644 3100 1714 appellamus
3152 1661 3369 1717 semper
3394 1661 3516 1702 sese
3572 1647 3713 1703 invi-

2126 1746 2243 1787 cem
2279 1736 2566 1804 perimunt,
2598 1732 3031 1804 quandoquidem
3062 1738 3347 1806 aliquoties
3378 1740 3429 1792 in
3479 1740 3715 1795 veritate

2127 1823 2478 1878 concordant.
2527 1828 2595 1881 At
2634 1827 2679 1881 si
2723 1828 2975 1882 omnibus
3031 1827 3344 1897 differentiis
3386 1829 3713 1886 dissidenth

448 1924 585 1970 trum
630 1915 806 1981 inesse
853 1912 1094 1983 subjecto
1119 1953 1136 1981 ,
1181 1922 1239 1968 ut
1276 1927 1471 1984 corpus
1516 1926 1689 1983 neque
1718 1913 1924 1983 nigrum
1956 1912 2027 1967 sit
2058 1912 2105 1979 Β
2130 1927 2193 1967 ac
2235 1914 2464 1970 invicem
2512 1915 2853 1973 destruentcs
2916 1918 3159 1975 invenire
3201 1935 3497 1985 conemur,
3541 1922 3712 1987 respi-

447 2023 621 2078 neque
643 2007 846 2069 album,
877 2006 1128 2078 quoniam
1160 2013 1243 2061 est
1270 2006 1409 2076 quod
1440 2019 1550 2075 pra}
1575 2020 1635 2059 er
1660 2019 1722 2060 ea
1750 2019 1869 2059 esse
1900 2019 2026 2074 pos-

448 2098 538 2165 sit,
568 2108 625 2153 ut
653 2098 867 2169 rubrum
892 2138 907 2162 ,
947 2096 1183 2169 itemque
1221 2096 1273 2150 in
1303 2096 1589 2165 contrariis
1621 2095 1906 2159 medietate
1933 2110 2026 2150 ca-

448 2190 688 2246 rentibus
715 2203 937 2259 neccsse
962 2196 1046 2245 est
1072 2188 1297 2255 alterum
1324 2203 1538 2257 semper
1566 2188 1739 2243 inesse
1763 2186 2025 2256 subjecto,

450 2291 510 2339 ut
530 2297 689 2337 omne
708 2281 905 2336 animal
928 2291 1017 2335 aut
1044 2280 1242 2336 dormit
1266 2289 1357 2334 aut
1385 2278 1589 2350 vigilat,
1611 2277 1860 2351 quoniam
1888 2278 2030 2333 inter

448 2373 683 2429 dormire
705 2389 767 2429 ac
791 2372 1012 2443 vigilare
1040 2370 1169 2426 nihil
1203 2368 1437 2426 medium
1458 2377 1564 2435 est;
1590 2376 1647 2423 ut
1667 2377 1845 2424 autem
1869 2367 2026 2422 simul

449 2478 607 2540 atque
636 2469 691 2535 in
727 2467 917 2526 eodem
958 2476 1180 2539 utraque
1219 2467 1484 2537 contraria
1531 2464 1866 2536 reperiantur
1911 2464 2033 2531 ﬁeri

449 2560 649 2630 nequit.
683 2558 756 2613 lta
786 2557 946 2614 etiam
973 2558 1024 2611 in
1053 2557 1443 2614 universalibus
1462 2557 1821 2612 affirmatione
1847 2571 1909 2621 ac
1934 2573 2029 2613 ne-

450 2654 661 2727 gatione
696 2669 709 2707 :
741 2660 802 2708 ut
829 2662 1066 2722 utrmque
1097 2650 1244 2707 falsae
1293 2652 1421 2723 sint,
1452 2650 1698 2721 exemplo
1730 2650 2026 2719 contrario-

452 2760 567 2800 rum
598 2742 797 2815 aliquid
828 2742 1058 2799 medium
1089 2742 1375 2808 claudunt;
1406 2740 1489 2794 Vel
1520 2740 1684 2794 altera
1716 2755 1869 2805 vera,
1900 2739 2026 2794 falsa

451 2850 578 2894 vero
602 2838 794 2903 altera,
816 2837 957 2892 sicut
985 2840 1035 2892 in
1061 2837 1344 2892 contrariis
1364 2852 1481 2907 quae
1510 2837 1686 2893 medio
1709 2846 1893 2895 carent
1914 2834 2031 2899 ﬁeri

452 2942 607 3002 posse
627 2930 965 2985 manifestum
986 2938 1065 2984 est
1081 2944 1096 2994 ;
1114 2929 1208 2983 sed
1232 2929 1301 2983 im
1311 2929 1559 2996 possibile
1576 2939 1657 2984 est
1679 2938 1735 2983 ut
1755 2928 2030 2998 utriusque

453 3020 721 3077 sententia
748 3021 803 3075 in
831 3020 1053 3076 veritate
1080 3022 1395 3083 conveniat,
1435 3022 1568 3074 sicut
1596 3020 1740 3075 nulla
1764 3021 2029 3075 contraria

453 3112 608 3168 simul
633 3127 751 3167 esse
774 3111 1066 3182 patiuntur.
1098 3112 1271 3181 Atque
1301 3111 1425 3166 ideo
1451 3111 1771 3166 universalis
1794 3111 1999 3166 affirma
2016 3142 2030 3153 -

455 3203 530 3258 tio
587 3201 1008 3273 universalisque
1083 3201 1294 3271 negatio
1337 3202 1621 3257 contrariae
1668 3202 2028 3257 nominantur.

2129 2005 2334 2062 ciendte
2354 2015 2479 2063 sunt
2504 2009 2789 2080 angulares
2807 2026 2821 2074 ;
2843 2009 2926 2065 hae
2939 2026 3067 2066 vero
3083 2023 3207 2066 sunt
3232 2013 3549 2068 universalis
3569 2014 3712 2068 afﬁr-

2129 2097 2294 2151 matio
2321 2105 2375 2152 et
2396 2088 2609 2171 negatio
2636 2099 3003 2170 particularis,
3037 2102 3120 2157 vel
3151 2103 3472 2159 universalis
3500 2105 3712 2176 negatio

2128 2198 2183 2245 et
2220 2188 2502 2244 afﬁrmatio
2532 2191 2899 2259 particularis;
2953 2193 3036 2247 bis
3084 2192 3228 2249 enim
3279 2204 3422 2250 tanta
3473 2196 3613 2251 inter
3653 2210 3714 2252 se

2128 2278 2396 2337 discordia
2439 2283 2722 2338 manifesta
2768 2296 2884 2353 est,
2931 2297 2989 2340 ut
3031 2302 3206 2356 neque
3244 2288 3297 2343 in
3338 2288 3572 2344 falsitate
3615 2305 3713 2343 un-

2128 2387 2309 2441 quam,
2338 2388 2509 2443 neque
2536 2373 2589 2428 in
2621 2376 2845 2430 veritate
2880 2378 3223 2446 conveniant,
3270 2392 3591 2450 semperque
3622 2397 3715 2437 ne-

2129 2479 2283 2520 cesse
2311 2475 2395 2519 est
2416 2481 2560 2519 cum
2588 2465 2877 2522 afﬁrmatio
2905 2470 2975 2524 sit
3026 2485 3172 2537 vera,
3225 2473 3560 2541 negationem
3592 2489 3719 2529 esse

2130 2550 2467 2625 mendacem,
2501 2575 2622 2615 cum
2653 2561 2920 2631 negationi
2941 2562 3082 2618 adsit
3105 2565 3333 2632 veritas,
3367 2564 3717 2623 afﬁrtnationi

2130 2667 2252 2706 esse
2278 2653 2544 2722 propriam
2577 2651 2880 2707 falsitatem.
2934 2654 3002 2709 At
3029 2653 3264 2725 primum
3317 2672 3439 2713 cum
3471 2658 3717 2730 geminas

2130 2758 2251 2800 esse
2278 2743 2701 2813 propositionum
2724 2744 3053 2801 differentias
3075 2746 3369 2803 dixerimus
3388 2749 3441 2803 in
3460 2749 3717 2818 qualitate

2131 2836 2210 2892 sci
2234 2837 2335 2892 icet
2362 2845 2416 2892 et
2440 2838 2759 2907 quantitate,
2792 2837 2979 2893 barum
3010 2847 3065 2895 et
3105 2839 3335 2908 qualitas
3381 2840 3552 2897 divisa
3595 2856 3716 2898 esse

2132 2928 2391 2997 probatur
2420 2940 2472 2983 ct
2502 2930 2806 3000 quantitas:
2838 2944 2960 2984 nam
2991 2931 3132 3001 quod
3156 2931 3269 2987 haec
3297 2932 3582 2989 afﬁrmatio
3611 2941 3712 2999 est,

2131 3018 2220 3074 illa
2253 3019 2484 3091 negatio,
2515 3021 2565 3074 in
2591 3021 2845 3090 qualitate
2868 3021 3229 3089 dissentiunt;
3261 3024 3401 3092 quod
3439 3038 3570 3079 vero
3596 3024 3715 3081 haec

2136 3111 2474 3177 universalis,
2507 3110 2598 3166 illa
2656 3111 2994 3181 particularis
3043 3115 3342 3185 quantitate
3379 3114 3727 3171 discordant.

2138 3202 2268 3258 item
2299 3219 2472 3275 neque
2504 3204 2557 3258 in
2598 3203 2853 3274 falsitate,
2907 3219 3080 3274 neque
3108 3205 3163 3261 in
3213 3206 3439 3262 veritate
3486 3222 3717 3277 unquam

457 3293 549 3349 Hm
579 3293 737 3363 igitur
765 3306 871 3348 non
896 3308 1012 3348 eam
1038 3294 1144 3347 vim
1171 3294 1284 3363 ipsa
1310 3306 1524 3362 semper
1546 3292 1865 3349 adversitate
1897 3308 2030 3348 con-
2061 3284 2110 3354 ε
2138 3301 2390 3366 poterunt
2411 3294 2722 3350 convenire.
2758 3294 2883 3350 Sive
2903 3297 3047 3350 enim
3078 3296 3147 3351 dc
3177 3295 3259 3350 bis
3282 3312 3400 3367 qua:
3428 3312 3455 3350 a
3479 3298 3721 3365 subjecto

456 3392 690 3452 servant,
718 3391 775 3439 ut
801 3383 879 3438 eis
907 3384 977 3440 sit
1006 3392 1257 3454 perpetua
1279 3392 1438 3455 atque
1467 3383 1800 3439 inconciliata
1828 3382 2035 3439 discor-

457 3476 566 3544 dia,
596 3491 695 3533 nec
718 3491 779 3534 se
805 3491 1015 3548 semper
1040 3477 1267 3534 invicem
1296 3477 1584 3548 perimunt,
1611 3493 1734 3549 qua:
1758 3492 1881 3534 cum
1908 3492 2033 3535 sen-

457 3572 619 3629 tentia
631 3570 945 3638 dissideant,
957 3572 1231 3626 communi
1245 3580 1418 3627 tamen
1439 3571 1668 3627 falsitate
1680 3571 2030 3629 concordant.

458 3662 516 3718 Si
545 3663 703 3732 igitur
728 3678 913 3720 earum
944 3678 1047 3717 una
1076 3663 1322 3717 submota
1349 3662 1440 3729 sit,
1476 3677 1581 3718 non
1614 3678 1835 3720 necesse
1860 3672 1945 3719 est
1978 3672 2036 3718 ut

461 3769 583 3811 esse
608 3755 774 3811 altera
804 3763 1164 3824 consequatur
1196 3770 1212 3809 :
1241 3754 1355 3809 ﬁeri
1403 3754 1544 3809 enim
1590 3764 1768 3826 potest
1815 3763 1873 3809 ut
1902 3769 2038 3810 neu-

461 3856 541 3902 tra
577 3848 665 3912 sit,
715 3847 858 3900 velut
907 3847 951 3900 si
995 3860 1207 3899 omnem
1248 3840 1448 3914 justum
1479 3860 1602 3901 esse
1644 3846 1913 3901 hominem
1942 3845 2036 3901 do—

461 3945 652 4003 struat,
711 3951 815 3992 non
846 3945 929 3992 est
955 3950 1289 4007 consequens
1329 3945 1389 3992 ut
1431 3938 1612 3992 nullus
1654 3937 1813 3993 homo
1841 3937 1910 3993 sit
1944 3937 2036 4008 ju-

462 4039 595 4085 stus.
619 4028 748 4096 Quae
771 4036 947 4084 autem
971 4027 1069 4084 sub
1099 4029 1181 4083 bis
1206 4028 1656 4097 propositionibus
1685 4029 2034 4101 collocantur,

463 4120 515 4176 id
559 4129 644 4176 est
689 4119 1023 4189 particularis
1067 4119 1386 4176 afﬁrmativa
1428 4130 1590 4192 atque
1637 4123 1872 4193 negatio,
1912 4124 2041 4178 sub-

463 4213 742 4267 contrarite
774 4225 965 4267 nomen
995 4210 1211 4276 habent,
1246 4211 1446 4268 idcirco
1474 4212 1616 4283 quod
1650 4212 2038 4268 universelitati

462 4304 781 4375 particulare
802 4302 1414 4373 communesubjectum
1442 4312 1555 4370 est;
1587 4318 1708 4359 cum
1742 4302 1904 4375 igitur
1926 4303 2043 4358 uni-

465 4403 698 4459 versales
731 4402 1095 4471 intelliguntur
1138 4415 1260 4456 esse
1296 4400 1604 4463 contrarias,
1638 4400 2044 4455 subcontrarias

434 4488 587 4553 esse
619 4509 835 4551 necesse
879 4503 962 4550 est
1007 4507 1128 4565 quas
1171 4493 1273 4548 sub
1314 4492 1706 4549 universalibus
1758 4491 2044 4549 contrariis

464 4588 808 4644 collocantur.
864 4585 1062 4641 Horum
1110 4599 1325 4656 quoque
1369 4585 1643 4655 quantitas
1691 4593 1778 4639 est
1827 4582 2040 4649 eadem,

2134 3386 2324 3441 abesse
2342 3402 2446 3441 n0l|
2471 3396 2715 3456 possunt,
2733 3401 2895 3442 unam
2920 3401 3136 3457 semper
3155 3402 3337 3441 veram
3355 3403 3476 3444 esse
3500 3403 3720 3445 necesse

2134 3488 2238 3545 eet,
2263 3478 2485 3533 alteram
2519 3477 2732 3545 falsam,
2780 3494 2901 3532 nam
2945 3479 2991 3533 si
3021 3478 3143 3534 talis
3170 3481 3432 3535 terminus
3463 3480 3721 3549 praedica-

2139 3579 2245 3637 tur,
2280 3580 2336 3625 ut
2364 3584 2485 3625 cum
2512 3570 2595 3625 vel
2618 3570 2810 3625 adesse
2836 3568 3079 3640 subjecto
3116 3570 3203 3627 vel
3235 3586 3341 3625 non
3371 3570 3564 3627 adesse
3593 3586 3722 3625 con-

2137 3663 2326 3733 tingat,
2373 3662 2700 3717 universales
2753 3676 2968 3733 semper
3002 3661 3146 3717 falsa:
3177 3669 3337 3730 sunt,
3373 3663 3724 3732 particulares

2137 3768 2280 3808 vera:
2310 3761 2432 3807 sunt
2460 3792 2477 3819 ,
2500 3752 2548 3806 si
2599 3753 2720 3821 quis
2750 3752 2891 3806 enim
2918 3751 2988 3806 ita
3037 3760 3329 3822 pmponat,
3360 3750 3534 3807 omnis
3564 3751 3723 3807 homo

2134 3845 2312 3915 justus
2333 3855 2436 3913 est,
2468 3854 2628 3913 atque
2658 3844 2795 3899 alius
2840 3854 3019 3914 neget,
3064 3843 3281 3914 quidam
3334 3844 3496 3901 homo
3546 3844 3723 3914 justus

2142 3953 2245 3993 non
2274 3946 2379 4003 est,
2406 3936 2722 3991 universalis
2748 3936 3038 3992 afﬁrmatio
3070 3938 3200 3991 falsa
3232 3947 3335 4002 est,
3387 3937 3725 4007 particularis

2141 4041 2224 4087 est
2245 4045 2368 4085 vera
2399 4031 2631 4099 negatio,
2663 4028 2912 4085 similiter
2941 4038 3117 4085 autem
3145 4029 3189 4084 si
3228 4030 3351 4100 quis
3374 4030 3443 4084 ita
3482 4042 3717 4099 pronun-

2142 4125 2259 4190 tiet,
2292 4120 2470 4176 nullus
2493 4120 2654 4175 homo
2697 4118 2875 4189 justus
2917 4130 3023 4186 est,
3075 4121 3392 4176 universalis
3431 4119 3725 4190 negationis

2143 4202 2303 4283 falsa,
2332 4212 2668 4283 particularis
2709 4212 3079 4267 afﬁrmationis
3127 4227 3251 4268 vera
3300 4213 3567 4267 sententia
3597 4221 3724 4277 est;

2145 4306 2295 4362 itain
2317 4304 2400 4360 his
2441 4319 2561 4375 qua:
2588 4304 2671 4357 vel
2716 4303 2906 4358 adesse
2953 4302 3215 4373 subjecto,
3246 4303 3332 4359 vel
3361 4303 3553 4358 abesse
3594 4319 3726 4358 con-

2145 4396 2372 4464 tingant,
2394 4395 2723 4449 universales
2748 4393 2962 4448 falsitati
3016 4393 3316 4463 conjuncta:
3371 4403 3519 4470 sunt,
3558 4394 3724 4464 parti-

2144 4485 2357 4541 culares
2380 4484 2620 4539 obtinent
2646 4483 2946 4539 veritatem.
2997 4484 3067 4539 At
3092 4483 3135 4538 si
3191 4484 3328 4539 tales
3352 4484 3567 4538 termini
3597 4485 3725 4551 sint,

2147 4578 2236 4649 qui
2264 4560 2686 4648 separari-atque
2725 4593 2754 4631 a
2791 4574 3036 4648 subjecto
3075 4577 3238 4632 dividi
3288 4585 3575 4649 nequeant,
3612 4577 3725 4634 sive

465 4679 715 4750 quoniam
760 4686 1003 4747 utrmque
1057 4684 1183 4731 sunt
1232 4675 1616 4746 particulares;
1649 4672 1863 4729 diversa
1911 4688 2041 4743 qua.
2069 4666 2123 4734 Β
2146 4668 2233 4723 illa
2262 4669 2331 4722 sit
2360 4668 2698 4733 universalis,
2723 4668 2839 4724 sive
2861 4668 3218 4737 particularis,
3251 4668 3478 4724 haerebit
3509 4684 3727 4739 semper

464 4769 590 4847 litas
626 4769 955 4839 intelligitur,
1001 4773 1258 4839 quoniam
1301 4767 1586 4823 afﬁrmatio
1633 4768 1749 4823 haec
1799 4775 1902 4833 est,
1952 4766 2041 4821 illa

467 4879 592 4921 vero
636 4863 878 4935 negatio;
926 4862 1021 4918 sed
1071 4874 1374 4933 quanquam
1426 4858 1714 4915 contrariis
1761 4858 2046 4915 videantur

464 4974 585 5015 esse
625 4958 901 5033 subjectae,
943 4968 1205 5011 converso
1256 4962 1435 5008 tamen
1483 4951 1646 5007 modo
1688 4950 2047 5022 particulares

466 5048 521 5105 in
542 5050 769 5105 veritate
785 5047 1021 5111 sibimet,
1046 5060 1152 5099 non
1179 5045 1233 5099 in
1264 5043 1495 5098 falsitate
1516 5043 1879 5101 consentiunt.
1907 5041 2043 5098 Nam

467 5151 527 5201 ut
542 5141 658 5198 hac
684 5154 891 5205 verum,
916 5136 1107 5193 falsum
1134 5136 1221 5190 illa
1242 5136 1574 5206 pronuntiet,
1601 5146 1766 5207 atque
1796 5145 2041 5207 utraeque

467 5232 575 5289 sint
599 5246 742 5289 verte
777 5229 934 5286 facile
978 5227 1264 5300 propositis
1306 5227 1612 5284 declaratur
1647 5229 1952 5300 exemplis;
1985 5236 2042 5284 ut

466 5337 595 5377 vero
622 5330 863 5393 utraeque
890 5319 1037 5377 falsa:
1064 5318 1193 5387 sint,
1220 5333 1326 5374 non
1357 5328 1531 5389 potest
1554 5319 1813 5375 inveniri.
1842 5318 1972 5374 Nam
1994 5318 2041 5374 si

468 5414 609 5489 quod
631 5428 800 5485 neque
824 5412 1084 5483 separari,
1114 5426 1286 5485 neque
1318 5412 1490 5483 possit
1534 5411 1725 5469 adesse
1774 5412 2039 5483 subjecto,

466 5507 723 5561 alterutra
747 5505 997 5560 enuntiet.
1011 5503 1325 5574 propositio,
1355 5518 1459 5559 una
1486 5514 1572 5559 est
1596 5503 1841 5568 veritati,
1873 5504 2044 5559 altera

376 5615 409 5700 ι
467 5608 691 5700 cognata
710 5597 1010 5654 mendacio.
1044 5597 1110 5653 Et
1136 5596 1401 5700 siquidem
1432 5597 1643 5700 quodat
1691 5594 1936 5700 subjecto
1950 5610 2051 5700 .se-

470 5692 648 5766 parari
667 5706 772 5748 non
820 5700 996 5762 potest
1024 5691 1362 5762 prmdieetur,
1394 5690 1680 5747 afﬁrmatio
1708 5690 1824 5745 sola
1850 5690 2047 5745 verita-

473 5784 546 5840 tis
569 5785 829 5840 calculum
860 5792 1038 5850 tenet;
1069 5794 1125 5839 at
1174 5786 1220 5841 si
1265 5785 1405 5854 quod
1435 5784 1680 5854 subjecto
1709 5782 2042 5853 impossibile

472 5875 668 5935 adesse
711 5874 936 5942 dicatur,
966 5876 1081 5931 sola
1123 5876 1327 5933 obtinet
1375 5878 1591 5949 negatio
1643 5879 1947 5945 veritatem,
1985 5887 2047 5934 ut

1278 6030 1363 6039 σ-μιιιι
1556 6025 1585 6038 ἢ

2146 4761 2487 4819 afﬁrmationi
2532 4762 2767 4828 veritas,
2825 4763 3094 4832 negationi
3136 4762 3471 4818 mendacium
3499 4806 3513 4831 ,
3571 4771 3630 4817 ut
3686 4762 3728 4817 si

2147 4854 2269 4923 quis
2314 4853 2690 4909 universaliter
2718 4840 2964 4908 enuntiet
3023 4867 3238 4909 omnem
3286 4852 3557 4909 hominem
3607 4866 3729 4908 esse

2147 4946 2365 5016 animal,
2396 4945 2636 5017 aliusque
2678 4945 3073 5016 particulariter
3102 4957 3282 5017 neget,
3326 4947 3613 5017 quemdam
3638 4948 3729 5002 ho~

2150 5037 2349 5095 minem
2371 5053 2474 5092 non
2503 5053 2625 5094 esse
2651 5038 2871 5107 animai,
2902 5037 3191 5094 afﬁrmatio
3212 5040 3524 5095 universalis
3546 5056 3731 5097 verum

2153 5135 2405 5207 loquitur,
2461 5135 2798 5205 particularis
2852 5135 3114 5206 negativae
3143 5133 3587 5191 falsasententia
3626 5146 3729 5191 est.

2151 5230 2280 5287 Item
2308 5231 2355 5285 si
2380 5230 2500 5301 quis
2526 5230 2905 5285 uuiversaliter
2932 5228 3182 5300 negando
3209 5237 3473 5299 proponat
3524 5229 3733 5285 nullum

2155 5322 2426 5379 hominem
2463 5337 2587 5379 esse
2616 5325 2837 5391 animal,
2890 5323 3270 5395 particularem
3323 5321 3734 5378 afﬁrmationem

2154 5412 2350 5468 veritas
2376 5413 2640 5484 sequitur,
2689 5415 2858 5470 haeret
2887 5415 3209 5471 universalis
3238 5416 3454 5487 negatio
3482 5413 3731 5478 falsitati;

2150 5506 2291 5576 quod
2316 5507 2359 5561 si
2389 5507 2500 5563 sint
2522 5524 2641 5579 qua:
2692 5508 3049 5579 pmdieantur
3102 5518 3161 5566 ut
3221 5525 3495 5582 nunquam
3523 5513 3737 5584 possint

2151 5597 2343 5683 adesse
2368 5602 2632 5672 subjecto,
2655 5616 2751 5658 seu
2778 5602 2882 5657 illa
2922 5601 3301 5660 universaliter
3330 5619 3426 5660 seu
3452 5604 3739 5676 particula-

2154 5692 2287 5748 riter
2339 5703 2725 5764 preponantur,
2776 5696 3087 5765 negationes
3116 5707 3275 5753 ornat
3323 5702 3541 5770 veritas,
3593 5699 3737 5753 afﬁr-

2153 5787 2417 5843 tnationes
2442 5787 2646 5843 falsitas
2677 5789 2972 5844 decolorat.
3003 5789 3064 5846 Si
3089 5793 3213 5863 quis
3266 5792 3407 5847 enim
3456 5793 3737 5849 conﬁrmat

2151 5883 2333 5939 dicens
2394 5896 2607 5935 omnem
2663 5880 2933 5937 hominem
2981 5882 3213 5951 lapidem
3264 5898 3385 5939 esse
3418 5927 3433 5953 ,
3488 5885 3735 5955 aliusque
