  <div class='ocr_page' id='page_1' title='image "/cluster/home/n/w/nwhite01/storage/ocr_20150623/64/hvd.32044024222309/394.png"; bbox 0 0 4112 6332; ppageno 0'>
   <div class='ocr_carea' id='block_1_1' title="bbox 324 380 435 441">
    <p class='ocr_par' dir='ltr' id='par_1_1' title="bbox 324 380 435 441">
     <span class='ocr_line' id='line_1_1' title="bbox 324 380 435 441; baseline -0.036 1"><span class='ocrx_word' id='word_1_1' title='bbox 324 380 435 441; x_wconf 71' lang='grc'><strong>’175</strong></span> 
     </span>
    </p>
   </div>
   <div class='ocr_carea' id='block_1_2' title="bbox 1130 352 1936 435">
    <p class='ocr_par' dir='ltr' id='par_1_2' title="bbox 1130 360 1936 435">
     <span class='ocr_line' id='line_1_2' title="bbox 1130 360 1936 435; baseline -0.009 0"><span class='ocrx_word' id='word_1_2' title='bbox 1130 364 1584 435; x_wconf 79' lang='lat' dir='ltr'><strong>iNTRODUCTIO</strong></span> <span class='ocrx_word' id='word_1_3' title='bbox 1621 375 1713 433; x_wconf 67' lang='lat' dir='ltr'><strong>an</strong></span> <span class='ocrx_word' id='word_1_4' title='bbox 1748 360 1936 430; x_wconf 78' lang='lat' dir='ltr'><strong>vaLt</strong></span> 
     </span>
    </p>
   </div>
   <div class='ocr_carea' id='block_1_3' title="bbox 2037 352 3586 435">
    <p class='ocr_par' dir='ltr' id='par_1_3' title="bbox 2037 352 3586 429">
     <span class='ocr_line' id='line_1_3' title="bbox 2037 352 3586 429; baseline -0.005 -3"><span class='ocrx_word' id='word_1_5' title='bbox 2037 370 2217 429; x_wconf 61' lang='lat' dir='ltr'><strong>55KB</strong></span> <span class='ocrx_word' id='word_1_6' title='bbox 2264 365 2754 425; x_wconf 60' lang='lat' dir='ltr'><strong>CATEGURICOS.</strong></span> <span class='ocrx_word' id='word_1_7' title='bbox 3474 352 3586 419; x_wconf 63' lang='grc'><strong>774</strong></span> 
     </span>
    </p>
   </div>
   <div class='ocr_carea' id='block_1_4' title="bbox 325 479 3586 572">
    <p class='ocr_par' dir='ltr' id='par_1_4' title="bbox 325 479 3586 572">
     <span class='ocr_line' id='line_1_4' title="bbox 325 479 3586 572; baseline -0.006 -20"><span class='ocrx_word' id='word_1_8' title='bbox 325 500 610 572; x_wconf 77' lang='lat' dir='ltr'><strong>quemdam</strong></span> <span class='ocrx_word' id='word_1_9' title='bbox 654 499 922 559; x_wconf 83' lang='lat' dir='ltr'><strong>hominem</strong></span> <span class='ocrx_word' id='word_1_10' title='bbox 952 512 1073 563; x_wconf 82' lang='lat' dir='ltr'><strong>non</strong></span> <span class='ocrx_word' id='word_1_11' title='bbox 1111 512 1235 552; x_wconf 89' lang='lat' dir='ltr'><strong>esse</strong></span> <span class='ocrx_word' id='word_1_12' title='bbox 1288 495 1518 564; x_wconf 87' lang='lat' dir='ltr'><strong>lapidem</strong></span> <span class='ocrx_word' id='word_1_13' title='bbox 1559 491 1898 563; x_wconf 66' lang='lat' dir='ltr'><strong>respondeat,</strong></span> <span class='ocrx_word' id='word_1_14' title='bbox 1932 496 2123 553; x_wconf 65' lang='lat' dir='ltr'><strong>Aesse</strong></span> <span class='ocrx_word' id='word_1_15' title='bbox 2152 485 2380 556; x_wconf 87' lang='lat' dir='ltr'><strong>lapidem</strong></span> <span class='ocrx_word' id='word_1_16' title='bbox 2437 486 2505 538; x_wconf 84' lang='lat' dir='ltr'><strong>At</strong></span> <span class='ocrx_word' id='word_1_17' title='bbox 2525 483 2571 538; x_wconf 92' lang='lat' dir='ltr'><strong>si</strong></span> <span class='ocrx_word' id='word_1_18' title='bbox 2593 481 2915 537; x_wconf 89' lang='lat' dir='ltr'><strong>universalis</strong></span> <span class='ocrx_word' id='word_1_19' title='bbox 2967 480 3181 551; x_wconf 83' lang='lat' dir='ltr'><strong>negatio</strong></span> <span class='ocrx_word' id='word_1_20' title='bbox 3204 479 3333 535; x_wconf 84' lang='lat' dir='ltr'><strong>falsa</strong></span> <span class='ocrx_word' id='word_1_21' title='bbox 3387 494 3586 551; x_wconf 89' lang='lat' dir='ltr'><strong>pr0po-</strong></span> 
     </span>
    </p>
   </div>
   <div class='ocr_carea' id='block_1_5' title="bbox 326 584 1905 656">
    <p class='ocr_par' dir='ltr' id='par_1_5' title="bbox 326 584 1905 656">
     <span class='ocr_line' id='line_1_5' title="bbox 326 584 1905 656; baseline -0.008 -6"><span class='ocrx_word' id='word_1_22' title='bbox 326 592 688 650; x_wconf 86' lang='lat' dir='ltr'><strong>universalem</strong></span> <span class='ocrx_word' id='word_1_23' title='bbox 755 590 1163 644; x_wconf 80' lang='lat' dir='ltr'><strong>aftirmationem</strong></span> <span class='ocrx_word' id='word_1_24' title='bbox 1222 587 1423 645; x_wconf 77' lang='lat' dir='ltr'><strong>falsitas</strong></span> <span class='ocrx_word' id='word_1_25' title='bbox 1450 630 1465 650; x_wconf 86' lang='lat'><strong>,</strong></span> <span class='ocrx_word' id='word_1_26' title='bbox 1526 584 1905 656; x_wconf 88' lang='lat' dir='ltr'><strong>particularem</strong></span> 
     </span>
    </p>
   </div>
   <div class='ocr_carea' id='block_1_6' title="bbox 330 684 1913 759">
    <p class='ocr_par' dir='ltr' id='par_1_6' title="bbox 330 684 1913 759">
     <span class='ocr_line' id='line_1_6' title="bbox 330 684 1913 759; baseline -0.005 -14"><span class='ocrx_word' id='word_1_27' title='bbox 330 690 671 759; x_wconf 87' lang='lat' dir='ltr'><strong>negationem</strong></span> <span class='ocrx_word' id='word_1_28' title='bbox 698 687 895 742; x_wconf 89' lang='lat' dir='ltr'><strong>veritas</strong></span> <span class='ocrx_word' id='word_1_29' title='bbox 920 695 1091 752; x_wconf 90' lang='lat' dir='ltr'><strong>tenet;</strong></span> <span class='ocrx_word' id='word_1_30' title='bbox 1123 685 1261 757; x_wconf 92' lang='lat' dir='ltr'><strong>quod</strong></span> <span class='ocrx_word' id='word_1_31' title='bbox 1290 686 1332 739; x_wconf 86' lang='lat' dir='ltr'><strong>si</strong></span> <span class='ocrx_word' id='word_1_32' title='bbox 1360 685 1431 739; x_wconf 92' lang='lat' dir='ltr'><strong>ita</strong></span> <span class='ocrx_word' id='word_1_33' title='bbox 1480 684 1601 753; x_wconf 83' lang='lat' dir='ltr'><strong>quis</strong></span> <span class='ocrx_word' id='word_1_34' title='bbox 1634 684 1913 738; x_wconf 86' lang='lat' dir='ltr'><strong>universa-</strong></span> 
     </span>
    </p>
   </div>
   <div class='ocr_carea' id='block_1_7' title="bbox 330 776 1913 851">
    <p class='ocr_par' dir='ltr' id='par_1_7' title="bbox 330 776 1913 851">
     <span class='ocr_line' id='line_1_7' title="bbox 330 776 1913 851; baseline -0.004 -14"><span class='ocrx_word' id='word_1_35' title='bbox 330 783 454 838; x_wconf 84' lang='lat' dir='ltr'><strong>liter</strong></span> <span class='ocrx_word' id='word_1_36' title='bbox 483 790 659 851; x_wconf 78' lang='lat' dir='ltr'><strong>neget,</strong></span> <span class='ocrx_word' id='word_1_37' title='bbox 686 780 863 836; x_wconf 72' lang='lat' dir='ltr'><strong>nullus</strong></span> <span class='ocrx_word' id='word_1_38' title='bbox 890 780 1050 835; x_wconf 91' lang='lat' dir='ltr'><strong>homo</strong></span> <span class='ocrx_word' id='word_1_39' title='bbox 1079 780 1210 848; x_wconf 85' lang='lat' dir='ltr'><strong>lapis</strong></span> <span class='ocrx_word' id='word_1_40' title='bbox 1268 786 1373 843; x_wconf 90' lang='lat' dir='ltr'><strong>est,</strong></span> <span class='ocrx_word' id='word_1_41' title='bbox 1430 786 1485 833; x_wconf 93' lang='lat' dir='ltr'><strong>et</strong></span> <span class='ocrx_word' id='word_1_42' title='bbox 1517 776 1913 846; x_wconf 89' lang='lat' dir='ltr'><strong>particulariter</strong></span> 
     </span>
    </p>
   </div>
   <div class='ocr_carea' id='block_1_8' title="bbox 328 873 1915 949">
    <p class='ocr_par' dir='ltr' id='par_1_8' title="bbox 328 873 1915 949">
     <span class='ocr_line' id='line_1_8' title="bbox 328 873 1915 949; baseline -0.004 -19"><span class='ocrx_word' id='word_1_43' title='bbox 328 876 583 941; x_wconf 84' lang='lat' dir='ltr'><strong>afﬁrmet,</strong></span> <span class='ocrx_word' id='word_1_44' title='bbox 614 875 829 945; x_wconf 89' lang='lat' dir='ltr'><strong>quidam</strong></span> <span class='ocrx_word' id='word_1_45' title='bbox 859 874 1022 949; x_wconf 87' lang='lat' dir='ltr'><strong>homo</strong></span> <span class='ocrx_word' id='word_1_46' title='bbox 1061 874 1201 945; x_wconf 81' lang='lat' dir='ltr'><strong>lapis</strong></span> <span class='ocrx_word' id='word_1_47' title='bbox 1239 883 1341 938; x_wconf 89' lang='lat' dir='ltr'><strong>est,</strong></span> <span class='ocrx_word' id='word_1_48' title='bbox 1373 873 1660 927; x_wconf 78' lang='lat' dir='ltr'><strong>universali</strong></span> <span class='ocrx_word' id='word_1_49' title='bbox 1702 879 1915 927; x_wconf 86' lang='lat' dir='ltr'><strong>constat</strong></span> 
     </span>
    </p>
   </div>
   <div class='ocr_carea' id='block_1_9' title="bbox 330 965 1916 1038">
    <p class='ocr_par' dir='ltr' id='par_1_9' title="bbox 330 965 1916 1038">
     <span class='ocr_line' id='line_1_9' title="bbox 330 965 1916 1038; baseline -0.004 -15"><span class='ocrx_word' id='word_1_50' title='bbox 330 969 617 1038; x_wconf 75' lang='lat' dir='ltr'><strong>negatione</strong></span> <span class='ocrx_word' id='word_1_51' title='bbox 646 967 871 1033; x_wconf 89' lang='lat' dir='ltr'><strong>veritas,</strong></span> <span class='ocrx_word' id='word_1_52' title='bbox 903 966 1240 1035; x_wconf 89' lang='lat' dir='ltr'><strong>particularis</strong></span> <span class='ocrx_word' id='word_1_53' title='bbox 1291 965 1578 1021; x_wconf 90' lang='lat' dir='ltr'><strong>afﬁrmatio</strong></span> <span class='ocrx_word' id='word_1_54' title='bbox 1608 980 1712 1019; x_wconf 90' lang='lat' dir='ltr'><strong>non</strong></span> <span class='ocrx_word' id='word_1_55' title='bbox 1764 971 1916 1019; x_wconf 88' lang='lat' dir='ltr'><strong>caret</strong></span> 
     </span>
    </p>
   </div>
   <div class='ocr_carea' id='block_1_10' title="bbox 331 1057 1911 1131">
    <p class='ocr_par' dir='ltr' id='par_1_10' title="bbox 331 1057 1911 1131">
     <span class='ocr_line' id='line_1_10' title="bbox 331 1057 1911 1131; baseline -0.003 -15"><span class='ocrx_word' id='word_1_56' title='bbox 331 1062 580 1116; x_wconf 83' lang='lat' dir='ltr'><strong>falsitate.</strong></span> <span class='ocrx_word' id='word_1_57' title='bbox 609 1060 836 1129; x_wconf 86' lang='lat' dir='ltr'><strong>Ouoquo</strong></span> <span class='ocrx_word' id='word_1_58' title='bbox 858 1062 1016 1131; x_wconf 80' lang='lat' dir='ltr'><strong>igitur</strong></span> <span class='ocrx_word' id='word_1_59' title='bbox 1043 1061 1202 1116; x_wconf 91' lang='lat' dir='ltr'><strong>modo</strong></span> <span class='ocrx_word' id='word_1_60' title='bbox 1232 1059 1517 1129; x_wconf 68' lang='lat' dir='ltr'><strong>praedicata</strong></span> <span class='ocrx_word' id='word_1_61' title='bbox 1567 1058 1648 1112; x_wconf 93' lang='lat' dir='ltr'><strong>vel</strong></span> <span class='ocrx_word' id='word_1_62' title='bbox 1671 1057 1911 1126; x_wconf 82' lang='lat' dir='ltr'><strong>subjecta</strong></span> 
     </span>
    </p>
   </div>
   <div class='ocr_carea' id='block_1_11' title="bbox 333 1149 1913 1216">
    <p class='ocr_par' dir='ltr' id='par_1_11' title="bbox 333 1149 1913 1216">
     <span class='ocr_line' id='line_1_11' title="bbox 333 1149 1913 1216; baseline -0.001 -13"><span class='ocrx_word' id='word_1_63' title='bbox 333 1156 655 1213; x_wconf 82' lang='lat' dir='ltr'><strong>inutaverls.</strong></span> <span class='ocrx_word' id='word_1_64' title='bbox 689 1153 732 1205; x_wconf 93' lang='lat' dir='ltr'><strong>si</strong></span> <span class='ocrx_word' id='word_1_65' title='bbox 782 1161 955 1208; x_wconf 88' lang='lat' dir='ltr'><strong>tamen</strong></span> <span class='ocrx_word' id='word_1_66' title='bbox 997 1153 1354 1206; x_wconf 88' lang='lat' dir='ltr'><strong>universalem</strong></span> <span class='ocrx_word' id='word_1_67' title='bbox 1386 1149 1761 1205; x_wconf 84' lang='lat' dir='ltr'><strong>afﬁrmativam</strong></span> <span class='ocrx_word' id='word_1_68' title='bbox 1789 1163 1913 1216; x_wconf 85' lang='lat' dir='ltr'><strong>par—</strong></span> 
     </span>
    </p>
   </div>
   <div class='ocr_carea' id='block_1_12' title="bbox 333 1242 1917 1313">
    <p class='ocr_par' dir='ltr' id='par_1_12' title="bbox 333 1242 1917 1313">
     <span class='ocr_line' id='line_1_12' title="bbox 333 1242 1917 1313; baseline -0.001 -17"><span class='ocrx_word' id='word_1_69' title='bbox 333 1244 545 1299; x_wconf 86' lang='lat' dir='ltr'><strong>ticulari</strong></span> <span class='ocrx_word' id='word_1_70' title='bbox 575 1245 857 1313; x_wconf 67' lang='lat' dir='ltr'><strong>negativm,</strong></span> <span class='ocrx_word' id='word_1_71' title='bbox 891 1244 973 1298; x_wconf 93' lang='lat' dir='ltr'><strong>vel</strong></span> <span class='ocrx_word' id='word_1_72' title='bbox 1026 1244 1381 1300; x_wconf 89' lang='lat' dir='ltr'><strong>universalem</strong></span> <span class='ocrx_word' id='word_1_73' title='bbox 1414 1244 1711 1312; x_wconf 87' lang='lat' dir='ltr'><strong>negativam</strong></span> <span class='ocrx_word' id='word_1_74' title='bbox 1754 1242 1917 1311; x_wconf 83' lang='lat' dir='ltr'><strong>parti-</strong></span> 
     </span>
    </p>
   </div>
   <div class='ocr_carea' id='block_1_13' title="bbox 331 1333 1918 1405">
    <p class='ocr_par' dir='ltr' id='par_1_13' title="bbox 331 1333 1918 1405">
     <span class='ocr_line' id='line_1_13' title="bbox 331 1333 1918 1405; baseline -0.001 -17"><span class='ocrx_word' id='word_1_75' title='bbox 331 1334 497 1389; x_wconf 88' lang='lat' dir='ltr'><strong>culari</strong></span> <span class='ocrx_word' id='word_1_76' title='bbox 526 1334 863 1391; x_wconf 73' lang='lat' dir='ltr'><strong>afﬁrmativm</strong></span> <span class='ocrx_word' id='word_1_77' title='bbox 909 1345 1211 1390; x_wconf 82' lang='lat' dir='ltr'><strong>consertam</strong></span> <span class='ocrx_word' id='word_1_78' title='bbox 1238 1351 1268 1389; x_wconf 91' lang='lat' dir='ltr'><strong>a</strong></span> <span class='ocrx_word' id='word_1_79' title='bbox 1309 1334 1566 1405; x_wconf 75' lang='lat' dir='ltr'><strong>singulari</strong></span> <span class='ocrx_word' id='word_1_80' title='bbox 1606 1333 1918 1389; x_wconf 85' lang='lat' dir='ltr'><strong>considera-</strong></span> 
     </span>
    </p>
   </div>
   <div class='ocr_carea' id='block_1_14' title="bbox 334 1426 1917 1493">
    <p class='ocr_par' dir='ltr' id='par_1_14' title="bbox 334 1426 1917 1493">
     <span class='ocr_line' id='line_1_14' title="bbox 334 1426 1917 1493; baseline -0.003 -12"><span class='ocrx_word' id='word_1_81' title='bbox 334 1429 480 1483; x_wconf 87' lang='lat' dir='ltr'><strong>tione</strong></span> <span class='ocrx_word' id='word_1_82' title='bbox 503 1426 825 1493; x_wconf 86' lang='lat' dir='ltr'><strong>committas,</strong></span> <span class='ocrx_word' id='word_1_83' title='bbox 858 1427 902 1482; x_wconf 91' lang='lat' dir='ltr'><strong>si</strong></span> <span class='ocrx_word' id='word_1_84' title='bbox 930 1429 1045 1484; x_wconf 79' lang='lat' dir='ltr'><strong>haec</strong></span> <span class='ocrx_word' id='word_1_85' title='bbox 1075 1427 1230 1492; x_wconf 87' lang='lat' dir='ltr'><strong>falsa,</strong></span> <span class='ocrx_word' id='word_1_86' title='bbox 1263 1427 1408 1482; x_wconf 80' lang='lat' dir='ltr'><strong>illam</strong></span> <span class='ocrx_word' id='word_1_87' title='bbox 1430 1441 1613 1480; x_wconf 84' lang='lat' dir='ltr'><strong>veram</strong></span> <span class='ocrx_word' id='word_1_88' title='bbox 1640 1439 1765 1482; x_wconf 82' lang='lat' dir='ltr'><strong>esse</strong></span> <span class='ocrx_word' id='word_1_89' title='bbox 1787 1440 1917 1481; x_wconf 78' lang='lat' dir='ltr'><strong>con-</strong></span> 
     </span>
    </p>
   </div>
   <div class='ocr_carea' id='block_1_15' title="bbox 338 1516 1919 1589">
    <p class='ocr_par' dir='ltr' id='par_1_15' title="bbox 338 1516 1919 1589">
     <span class='ocr_line' id='line_1_15' title="bbox 338 1516 1919 1589; baseline -0.004 -14"><span class='ocrx_word' id='word_1_90' title='bbox 338 1518 589 1589; x_wconf 78' lang='lat' dir='ltr'><strong>tingit,et</strong></span> <span class='ocrx_word' id='word_1_91' title='bbox 614 1521 656 1573; x_wconf 84' lang='lat' dir='ltr'><strong>si</strong></span> <span class='ocrx_word' id='word_1_92' title='bbox 686 1518 803 1573; x_wconf 71' lang='lat' dir='ltr'><strong>lucc</strong></span> <span class='ocrx_word' id='word_1_93' title='bbox 842 1533 967 1573; x_wconf 84' lang='lat' dir='ltr'><strong>vera</strong></span> <span class='ocrx_word' id='word_1_94' title='bbox 1000 1527 1105 1582; x_wconf 89' lang='lat' dir='ltr'><strong>est,</strong></span> <span class='ocrx_word' id='word_1_95' title='bbox 1128 1517 1272 1572; x_wconf 89' lang='lat' dir='ltr'><strong>illam</strong></span> <span class='ocrx_word' id='word_1_96' title='bbox 1330 1516 1517 1571; x_wconf 84' lang='lat' dir='ltr'><strong>falsam</strong></span> <span class='ocrx_word' id='word_1_97' title='bbox 1566 1530 1786 1571; x_wconf 84' lang='lat' dir='ltr'><strong>necesse</strong></span> <span class='ocrx_word' id='word_1_98' title='bbox 1833 1525 1919 1570; x_wconf 90' lang='lat' dir='ltr'><strong>est</strong></span> 
     </span>
    </p>
   </div>
   <div class='ocr_carea' id='block_1_16' title="bbox 336 1608 1917 1678">
    <p class='ocr_par' dir='ltr' id='par_1_16' title="bbox 336 1608 1917 1678">
     <span class='ocr_line' id='line_1_16' title="bbox 336 1608 1917 1678; baseline -0.004 -13"><span class='ocrx_word' id='word_1_99' title='bbox 336 1610 591 1676; x_wconf 77' lang='lat' dir='ltr'><strong>inveniri,</strong></span> <span class='ocrx_word' id='word_1_100' title='bbox 613 1620 774 1678; x_wconf 88' lang='lat' dir='ltr'><strong>atque</strong></span> <span class='ocrx_word' id='word_1_101' title='bbox 791 1610 991 1665; x_wconf 87' lang='lat' dir='ltr'><strong>idcirco</strong></span> <span class='ocrx_word' id='word_1_102' title='bbox 1017 1611 1113 1662; x_wconf 88' lang='lat' dir='ltr'><strong>has</strong></span> <span class='ocrx_word' id='word_1_103' title='bbox 1139 1610 1276 1665; x_wconf 87' lang='lat' dir='ltr'><strong>inter</strong></span> <span class='ocrx_word' id='word_1_104' title='bbox 1306 1623 1365 1663; x_wconf 85' lang='lat' dir='ltr'><strong>se</strong></span> <span class='ocrx_word' id='word_1_105' title='bbox 1395 1608 1668 1677; x_wconf 79' lang='lat' dir='ltr'><strong>oppositas</strong></span> <span class='ocrx_word' id='word_1_106' title='bbox 1700 1615 1755 1661; x_wconf 90' lang='lat' dir='ltr'><strong>et</strong></span> <span class='ocrx_word' id='word_1_107' title='bbox 1784 1619 1917 1661; x_wconf 87' lang='lat' dir='ltr'><strong>con-</strong></span> 
     </span>
    </p>
   </div>
   <div class='ocr_carea' id='block_1_17' title="bbox 340 1696 1917 1769">
    <p class='ocr_par' dir='ltr' id='par_1_17' title="bbox 340 1696 1917 1769">
     <span class='ocr_line' id='line_1_17' title="bbox 340 1696 1917 1769; baseline -0.002 -15"><span class='ocrx_word' id='word_1_108' title='bbox 340 1702 676 1756; x_wconf 85' lang='lat' dir='ltr'><strong>tradictorias</strong></span> <span class='ocrx_word' id='word_1_109' title='bbox 698 1715 1089 1769; x_wconf 90' lang='lat' dir='ltr'><strong>nuncupamus.</strong></span> <span class='ocrx_word' id='word_1_110' title='bbox 1116 1699 1184 1755; x_wconf 87' lang='lat' dir='ltr'><strong>Et</strong></span> <span class='ocrx_word' id='word_1_111' title='bbox 1224 1698 1486 1755; x_wconf 85' lang='lat' dir='ltr'><strong>hactenus</strong></span> <span class='ocrx_word' id='word_1_112' title='bbox 1505 1698 1724 1768; x_wconf 81' lang='lat' dir='ltr'><strong>quidem</strong></span> <span class='ocrx_word' id='word_1_113' title='bbox 1768 1696 1917 1752; x_wconf 80' lang='lat' dir='ltr'><strong>affir-</strong></span> 
     </span>
    </p>
   </div>
   <div class='ocr_carea' id='block_1_18' title="bbox 2012 572 3584 647">
    <p class='ocr_par' dir='ltr' id='par_1_18' title="bbox 2012 572 3584 647">
     <span class='ocr_line' id='line_1_18' title="bbox 2012 572 3584 647; baseline -0.004 -12"><span class='ocrx_word' id='word_1_114' title='bbox 2012 589 2185 647; x_wconf 89' lang='lat' dir='ltr'><strong>natur,</strong></span> <span class='ocrx_word' id='word_1_115' title='bbox 2229 578 2428 633; x_wconf 90' lang='lat' dir='ltr'><strong>nullum</strong></span> <span class='ocrx_word' id='word_1_116' title='bbox 2463 576 2732 631; x_wconf 79' lang='lat' dir='ltr'><strong>hominem</strong></span> <span class='ocrx_word' id='word_1_117' title='bbox 2781 588 2900 629; x_wconf 89' lang='lat' dir='ltr'><strong>esse</strong></span> <span class='ocrx_word' id='word_1_118' title='bbox 2952 573 3170 639; x_wconf 89' lang='lat' dir='ltr'><strong>animal,</strong></span> <span class='ocrx_word' id='word_1_119' title='bbox 3224 587 3330 628; x_wconf 93' lang='lat' dir='ltr'><strong>non</strong></span> <span class='ocrx_word' id='word_1_120' title='bbox 3381 572 3584 628; x_wconf 85' lang='lat' dir='ltr'><strong>idcirco</strong></span> 
     </span>
    </p>
   </div>
   <div class='ocr_carea' id='block_1_19' title="bbox 2012 666 3585 745">
    <p class='ocr_par' dir='ltr' id='par_1_19' title="bbox 2012 666 3585 745">
     <span class='ocr_line' id='line_1_19' title="bbox 2012 666 3585 745; baseline -0.006 -17"><span class='ocrx_word' id='word_1_121' title='bbox 2012 672 2352 745; x_wconf 78' lang='lat' dir='ltr'><strong>particular-is</strong></span> <span class='ocrx_word' id='word_1_122' title='bbox 2369 670 2471 726; x_wconf 90' lang='lat' dir='ltr'><strong>erit</strong></span> <span class='ocrx_word' id='word_1_123' title='bbox 2498 683 2624 724; x_wconf 82' lang='lat' dir='ltr'><strong>vera</strong></span> <span class='ocrx_word' id='word_1_124' title='bbox 2647 667 2878 737; x_wconf 87' lang='lat' dir='ltr'><strong>negatio,</strong></span> <span class='ocrx_word' id='word_1_125' title='bbox 2901 667 2944 720; x_wconf 88' lang='lat' dir='ltr'><strong>si</strong></span> <span class='ocrx_word' id='word_1_126' title='bbox 2973 666 3273 736; x_wconf 84' lang='lat' dir='ltr'><strong>pronuntiet</strong></span> <span class='ocrx_word' id='word_1_127' title='bbox 3297 668 3585 735; x_wconf 84' lang='lat' dir='ltr'><strong>quemdam</strong></span> 
     </span>
    </p>
   </div>
   <div class='ocr_carea' id='block_1_20' title="bbox 2016 757 3590 827">
    <p class='ocr_par' dir='ltr' id='par_1_20' title="bbox 2016 757 3590 827">
     <span class='ocr_line' id='line_1_20' title="bbox 2016 757 3590 827; baseline -0.003 -7"><span class='ocrx_word' id='word_1_128' title='bbox 2016 766 2287 820; x_wconf 83' lang='lat' dir='ltr'><strong>hominem</strong></span> <span class='ocrx_word' id='word_1_129' title='bbox 2316 777 2419 818; x_wconf 88' lang='lat' dir='ltr'><strong>non</strong></span> <span class='ocrx_word' id='word_1_130' title='bbox 2446 776 2565 816; x_wconf 90' lang='lat' dir='ltr'><strong>esse</strong></span> <span class='ocrx_word' id='word_1_131' title='bbox 2587 760 2779 814; x_wconf 89' lang='lat' dir='ltr'><strong>animal</strong></span> <span class='ocrx_word' id='word_1_132' title='bbox 2802 799 2817 825; x_wconf 93' lang='lat'><strong>,</strong></span> <span class='ocrx_word' id='word_1_133' title='bbox 2862 768 3023 827; x_wconf 86' lang='lat' dir='ltr'><strong>atque</strong></span> <span class='ocrx_word' id='word_1_134' title='bbox 3054 757 3173 812; x_wconf 92' lang='lat' dir='ltr'><strong>ideo</strong></span> <span class='ocrx_word' id='word_1_135' title='bbox 3200 758 3590 815; x_wconf 89' lang='lat' dir='ltr'><strong>universalibus</strong></span> 
     </span>
    </p>
   </div>
   <div class='ocr_carea' id='block_1_21' title="bbox 2014 850 3590 927">
    <p class='ocr_par' dir='ltr' id='par_1_21' title="bbox 2014 850 3590 927">
     <span class='ocr_line' id='line_1_21' title="bbox 2014 850 3590 927; baseline -0.004 -16"><span class='ocrx_word' id='word_1_136' title='bbox 2014 857 2228 927; x_wconf 85' lang='lat' dir='ltr'><strong>quidem</strong></span> <span class='ocrx_word' id='word_1_137' title='bbox 2262 856 2313 911; x_wconf 92' lang='lat' dir='ltr'><strong>in</strong></span> <span class='ocrx_word' id='word_1_138' title='bbox 2343 856 2563 909; x_wconf 84' lang='lat' dir='ltr'><strong>veritate</strong></span> <span class='ocrx_word' id='word_1_139' title='bbox 2596 852 2951 914; x_wconf 84' lang='lat' dir='ltr'><strong>manentibus,</strong></span> <span class='ocrx_word' id='word_1_140' title='bbox 2993 850 3339 917; x_wconf 83' lang='lat' dir='ltr'><strong>particulares</strong></span> <span class='ocrx_word' id='word_1_141' title='bbox 3368 865 3590 906; x_wconf 90' lang='lat' dir='ltr'><strong>necesse</strong></span> 
     </span>
    </p>
   </div>
   <div class='ocr_carea' id='block_1_22' title="bbox 2015 940 3591 1007">
    <p class='ocr_par' dir='ltr' id='par_1_22' title="bbox 2015 940 3591 1007">
     <span class='ocr_line' id='line_1_22' title="bbox 2015 940 3591 1007; baseline -0.003 -4"><span class='ocrx_word' id='word_1_142' title='bbox 2015 957 2100 1004; x_wconf 87' lang='lat' dir='ltr'><strong>est</strong></span> <span class='ocrx_word' id='word_1_143' title='bbox 2125 946 2510 1003; x_wconf 84' lang='lat' dir='ltr'><strong>universalium</strong></span> <span class='ocrx_word' id='word_1_144' title='bbox 2532 954 2838 999; x_wconf 83' lang='lat' dir='ltr'><strong>consentire</strong></span> <span class='ocrx_word' id='word_1_145' title='bbox 2878 941 3108 1007; x_wconf 85' lang='lat' dir='ltr'><strong>veritati,</strong></span> <span class='ocrx_word' id='word_1_146' title='bbox 3137 951 3191 997; x_wconf 90' lang='lat' dir='ltr'><strong>at</strong></span> <span class='ocrx_word' id='word_1_147' title='bbox 3219 940 3265 995; x_wconf 89' lang='lat' dir='ltr'><strong>si</strong></span> <span class='ocrx_word' id='word_1_148' title='bbox 3317 940 3591 998; x_wconf 89' lang='lat' dir='ltr'><strong>universa-</strong></span> 
     </span>
    </p>
   </div>
   <div class='ocr_carea' id='block_1_23' title="bbox 2025 1033 3591 1121">
    <p class='ocr_par' dir='ltr' id='par_1_23' title="bbox 2025 1033 3591 1121">
     <span class='ocr_line' id='line_1_23' title="bbox 2025 1033 3591 1121; baseline -0.003 -28"><span class='ocrx_word' id='word_1_149' title='bbox 2025 1037 2163 1095; x_wconf 88' lang='lat' dir='ltr'><strong>libus</strong></span> <span class='ocrx_word' id='word_1_150' title='bbox 2195 1038 2396 1094; x_wconf 82' lang='lat' dir='ltr'><strong>falsitas</strong></span> <span class='ocrx_word' id='word_1_151' title='bbox 2426 1035 2724 1100; x_wconf 68' lang='lat' dir='ltr'><strong>inhaerebit,</strong></span> <span class='ocrx_word' id='word_1_152' title='bbox 2760 1033 3244 1103; x_wconf 57' lang='lat' dir='ltr'><strong>particularestum</strong></span> <span class='ocrx_word' id='word_1_153' title='bbox 3270 1047 3447 1121; x_wconf 55' lang='lat' dir='ltr'><strong>veras,</strong></span> <span class='ocrx_word' id='word_1_154' title='bbox 3482 1043 3591 1089; x_wconf 86' lang='lat' dir='ltr'><strong>tum</strong></span> 
     </span>
    </p>
   </div>
   <div class='ocr_carea' id='block_1_24' title="bbox 1984 1123 3591 1201">
    <p class='ocr_par' dir='ltr' id='par_1_24' title="bbox 1984 1123 3591 1201">
     <span class='ocr_line' id='line_1_24' title="bbox 1984 1123 3591 1201; baseline -0.002 -16"><span class='ocrx_word' id='word_1_155' title='bbox 1984 1132 2178 1186; x_wconf 75' lang='lat' dir='ltr'><strong>etiam</strong></span> <span class='ocrx_word' id='word_1_156' title='bbox 2209 1127 2372 1185; x_wconf 84' lang='lat' dir='ltr'><strong>falsas</strong></span> <span class='ocrx_word' id='word_1_157' title='bbox 2421 1142 2541 1183; x_wconf 88' lang='lat' dir='ltr'><strong>esse</strong></span> <span class='ocrx_word' id='word_1_158' title='bbox 2596 1124 2848 1201; x_wconf 76' lang='lat' dir='ltr'><strong>possibile</strong></span> <span class='ocrx_word' id='word_1_159' title='bbox 2887 1133 3003 1190; x_wconf 88' lang='lat' dir='ltr'><strong>est,</strong></span> <span class='ocrx_word' id='word_1_160' title='bbox 3055 1138 3211 1185; x_wconf 83' lang='lat' dir='ltr'><strong>veras</strong></span> <span class='ocrx_word' id='word_1_161' title='bbox 3273 1123 3490 1195; x_wconf 82' lang='lat' dir='ltr'><strong>quidem</strong></span> <span class='ocrx_word' id='word_1_162' title='bbox 3546 1127 3591 1181; x_wconf 85' lang='lat' dir='ltr'><strong>si</strong></span> 
     </span>
    </p>
   </div>
   <div class='ocr_carea' id='block_1_25' title="bbox 2016 1218 3596 1295">
    <p class='ocr_par' dir='ltr' id='par_1_25' title="bbox 2016 1218 3596 1295">
     <span class='ocr_line' id='line_1_25' title="bbox 2016 1218 3596 1295; baseline 0.002 -22"><span class='ocrx_word' id='word_1_163' title='bbox 2016 1225 2143 1295; x_wconf 76' lang='lat' dir='ltr'><strong>quid</strong></span> <span class='ocrx_word' id='word_1_164' title='bbox 2170 1225 2278 1280; x_wconf 87' lang='lat' dir='ltr'><strong>tale</strong></span> <span class='ocrx_word' id='word_1_165' title='bbox 2308 1221 2631 1294; x_wconf 82' lang='lat' dir='ltr'><strong>praedicetur</strong></span> <span class='ocrx_word' id='word_1_166' title='bbox 2652 1219 2794 1289; x_wconf 90' lang='lat' dir='ltr'><strong>quod</strong></span> <span class='ocrx_word' id='word_1_167' title='bbox 2824 1219 3015 1276; x_wconf 82' lang='lat' dir='ltr'><strong>adesse</strong></span> <span class='ocrx_word' id='word_1_168' title='bbox 3039 1218 3280 1287; x_wconf 88' lang='lat' dir='ltr'><strong>subjecto</strong></span> <span class='ocrx_word' id='word_1_169' title='bbox 3308 1221 3495 1290; x_wconf 85' lang='lat' dir='ltr'><strong>possit,</strong></span> <span class='ocrx_word' id='word_1_170' title='bbox 3541 1228 3596 1277; x_wconf 82' lang='lat' dir='ltr'><strong>et</strong></span> 
     </span>
    </p>
   </div>
   <div class='ocr_carea' id='block_1_26' title="bbox 2017 1311 3595 1387">
    <p class='ocr_par' dir='ltr' id='par_1_26' title="bbox 2017 1311 3595 1387">
     <span class='ocr_line' id='line_1_26' title="bbox 2017 1311 3595 1387; baseline -0.003 -16"><span class='ocrx_word' id='word_1_171' title='bbox 2017 1332 2048 1371; x_wconf 88' lang='lat' dir='ltr'><strong>a</strong></span> <span class='ocrx_word' id='word_1_172' title='bbox 2078 1316 2321 1387; x_wconf 83' lang='lat' dir='ltr'><strong>subjecto</strong></span> <span class='ocrx_word' id='word_1_173' title='bbox 2349 1316 2526 1370; x_wconf 84' lang='lat' dir='ltr'><strong>valeat</strong></span> <span class='ocrx_word' id='word_1_174' title='bbox 2546 1314 2807 1383; x_wconf 86' lang='lat' dir='ltr'><strong>separari,</strong></span> <span class='ocrx_word' id='word_1_175' title='bbox 2854 1311 3012 1366; x_wconf 88' lang='lat' dir='ltr'><strong>falsas</strong></span> <span class='ocrx_word' id='word_1_176' title='bbox 3063 1327 3184 1367; x_wconf 87' lang='lat' dir='ltr'><strong>esse</strong></span> <span class='ocrx_word' id='word_1_177' title='bbox 3212 1322 3485 1385; x_wconf 82' lang='lat' dir='ltr'><strong>utrasque,</strong></span> <span class='ocrx_word' id='word_1_178' title='bbox 3518 1317 3595 1369; x_wconf 87' lang='lat' dir='ltr'><strong>af-</strong></span> 
     </span>
    </p>
   </div>
   <div class='ocr_carea' id='block_1_27' title="bbox 2018 1404 3596 1476">
    <p class='ocr_par' dir='ltr' id='par_1_27' title="bbox 2018 1404 3596 1476">
     <span class='ocr_line' id='line_1_27' title="bbox 2018 1404 3596 1476; baseline -0.001 -13"><span class='ocrx_word' id='word_1_179' title='bbox 2018 1408 2374 1467; x_wconf 85' lang='lat' dir='ltr'><strong>ﬁrmationem</strong></span> <span class='ocrx_word' id='word_1_180' title='bbox 2397 1405 2609 1476; x_wconf 88' lang='lat' dir='ltr'><strong>quidem</strong></span> <span class='ocrx_word' id='word_1_181' title='bbox 2637 1404 3032 1474; x_wconf 87' lang='lat' dir='ltr'><strong>particularem,</strong></span> <span class='ocrx_word' id='word_1_182' title='bbox 3057 1404 3101 1458; x_wconf 88' lang='lat' dir='ltr'><strong>si</strong></span> <span class='ocrx_word' id='word_1_183' title='bbox 3126 1404 3180 1458; x_wconf 92' lang='lat' dir='ltr'><strong>in</strong></span> <span class='ocrx_word' id='word_1_184' title='bbox 3209 1419 3275 1459; x_wconf 85' lang='lat' dir='ltr'><strong>eo</strong></span> <span class='ocrx_word' id='word_1_185' title='bbox 3298 1406 3369 1460; x_wconf 84' lang='lat' dir='ltr'><strong>sit</strong></span> <span class='ocrx_word' id='word_1_186' title='bbox 3388 1406 3596 1462; x_wconf 80' lang='lat' dir='ltr'><strong>univer-</strong></span> 
     </span>
    </p>
   </div>
   <div class='ocr_carea' id='block_1_28' title="bbox 2019 1494 3597 1565">
    <p class='ocr_par' dir='ltr' id='par_1_28' title="bbox 2019 1494 3597 1565">
     <span class='ocr_line' id='line_1_28' title="bbox 2019 1494 3597 1565; baseline -0.008 -11"><span class='ocrx_word' id='word_1_187' title='bbox 2019 1501 2147 1555; x_wconf 58' lang='lat' dir='ltr'><strong>salis</strong></span> <span class='ocrx_word' id='word_1_188' title='bbox 2180 1499 2312 1556; x_wconf 85' lang='lat' dir='ltr'><strong>falsa</strong></span> <span class='ocrx_word' id='word_1_189' title='bbox 2353 1497 2639 1552; x_wconf 89' lang='lat' dir='ltr'><strong>afﬁrmatio</strong></span> <span class='ocrx_word' id='word_1_190' title='bbox 2685 1494 2827 1565; x_wconf 88' lang='lat' dir='ltr'><strong>quod</strong></span> <span class='ocrx_word' id='word_1_191' title='bbox 2855 1494 3096 1563; x_wconf 87' lang='lat' dir='ltr'><strong>subjecto</strong></span> <span class='ocrx_word' id='word_1_192' title='bbox 3128 1509 3234 1548; x_wconf 93' lang='lat' dir='ltr'><strong>non</strong></span> <span class='ocrx_word' id='word_1_193' title='bbox 3263 1504 3440 1565; x_wconf 84' lang='lat' dir='ltr'><strong>potest</strong></span> <span class='ocrx_word' id='word_1_194' title='bbox 3467 1512 3597 1555; x_wconf 84' lang='lat' dir='ltr'><strong>con.</strong></span> 
     </span>
    </p>
   </div>
   <div class='ocr_carea' id='block_1_29' title="bbox 2023 1588 3599 1663">
    <p class='ocr_par' dir='ltr' id='par_1_29' title="bbox 2023 1588 3599 1663">
     <span class='ocr_line' id='line_1_29' title="bbox 2023 1588 3599 1663; baseline -0.002 -16"><span class='ocrx_word' id='word_1_195' title='bbox 2023 1594 2225 1658; x_wconf 76' lang='lat' dir='ltr'><strong>venire,</strong></span> <span class='ocrx_word' id='word_1_196' title='bbox 2255 1591 2591 1663; x_wconf 78' lang='lat' dir='ltr'><strong>negationem</strong></span> <span class='ocrx_word' id='word_1_197' title='bbox 2621 1588 3019 1658; x_wconf 87' lang='lat' dir='ltr'><strong>particularem,</strong></span> <span class='ocrx_word' id='word_1_198' title='bbox 3049 1588 3094 1642; x_wconf 88' lang='lat' dir='ltr'><strong>si</strong></span> <span class='ocrx_word' id='word_1_199' title='bbox 3119 1588 3172 1641; x_wconf 91' lang='lat' dir='ltr'><strong>in</strong></span> <span class='ocrx_word' id='word_1_200' title='bbox 3193 1602 3259 1641; x_wconf 92' lang='lat' dir='ltr'><strong>eo</strong></span> <span class='ocrx_word' id='word_1_201' title='bbox 3286 1589 3599 1649; x_wconf 84' lang='lat' dir='ltr'><strong>universalis</strong></span> 
     </span>
    </p>
   </div>
   <div class='ocr_carea' id='block_1_30' title="bbox 2022 1678 3598 1755">
    <p class='ocr_par' dir='ltr' id='par_1_30' title="bbox 2022 1678 3598 1755">
     <span class='ocr_line' id='line_1_30' title="bbox 2022 1678 3598 1755; baseline -0.003 -16"><span class='ocrx_word' id='word_1_202' title='bbox 2022 1684 2237 1755; x_wconf 82' lang='lat' dir='ltr'><strong>negatio</strong></span> <span class='ocrx_word' id='word_1_203' title='bbox 2278 1681 2567 1737; x_wconf 85' lang='lat' dir='ltr'><strong>mentiatur</strong></span> <span class='ocrx_word' id='word_1_204' title='bbox 2590 1679 2730 1750; x_wconf 88' lang='lat' dir='ltr'><strong>quod</strong></span> <span class='ocrx_word' id='word_1_205' title='bbox 2754 1695 2783 1733; x_wconf 91' lang='lat' dir='ltr'><strong>a</strong></span> <span class='ocrx_word' id='word_1_206' title='bbox 2813 1678 3055 1749; x_wconf 83' lang='lat' dir='ltr'><strong>subjecto</strong></span> <span class='ocrx_word' id='word_1_207' title='bbox 3079 1694 3182 1733; x_wconf 91' lang='lat' dir='ltr'><strong>non</strong></span> <span class='ocrx_word' id='word_1_208' title='bbox 3207 1688 3381 1749; x_wconf 86' lang='lat' dir='ltr'><strong>p0test</strong></span> <span class='ocrx_word' id='word_1_209' title='bbox 3420 1695 3598 1752; x_wconf 84' lang='lat' dir='ltr'><strong>segre-</strong></span> 
     </span>
    </p>
   </div>
   <div class='ocr_carea' id='block_1_31' title="bbox 338 1764 3601 1864">
    <p class='ocr_par' dir='ltr' id='par_1_31' title="bbox 338 1764 3601 1864">
     <span class='ocr_line' id='line_1_31' title="bbox 338 1764 3601 1864; baseline -0.003 -17"><span class='ocrx_word' id='word_1_210' title='bbox 338 1794 605 1848; x_wconf 87' lang='lat' dir='ltr'><strong>mationes</strong></span> <span class='ocrx_word' id='word_1_211' title='bbox 632 1802 684 1851; x_wconf 90' lang='lat' dir='ltr'><strong>et</strong></span> <span class='ocrx_word' id='word_1_212' title='bbox 710 1764 1018 1864; x_wconf 74' lang='lat' dir='ltr'><strong>negationes</strong></span> <span class='ocrx_word' id='word_1_213' title='bbox 1069 1793 1271 1851; x_wconf 88' lang='lat' dir='ltr'><strong>aversis</strong></span> <span class='ocrx_word' id='word_1_214' title='bbox 1325 1764 1712 1848; x_wconf 77' lang='lat' dir='ltr'><strong>intentionibus</strong></span> <span class='ocrx_word' id='word_1_215' title='bbox 1734 1788 1919 1847; x_wconf 83' lang='lat' dir='ltr'><strong>eonfe—</strong></span> <span class='ocrx_word' id='word_1_216' title='bbox 1949 1841 1996 1864; x_wconf 61' lang='grc' dir='ltr'><strong>η</strong></span> <span class='ocrx_word' id='word_1_217' title='bbox 2021 1777 2157 1855; x_wconf 59' lang='lat' dir='ltr'><strong>Bari,</strong></span> <span class='ocrx_word' id='word_1_218' title='bbox 2184 1782 2239 1828; x_wconf 80' lang='grc' dir='ltr'><strong>ιη</strong></span> <span class='ocrx_word' id='word_1_219' title='bbox 2265 1773 2434 1841; x_wconf 67' lang='grc' dir='ltr'><strong>Ροείιθ</strong></span> <span class='ocrx_word' id='word_1_220' title='bbox 2462 1772 2708 1864; x_wconf 59' lang='grc' dir='ltr'><strong>δμρθτίυβ</strong></span> <span class='ocrx_word' id='word_1_221' title='bbox 2745 1771 2989 1839; x_wconf 61' lang='lat' dir='ltr'><strong>exempla</strong></span> <span class='ocrx_word' id='word_1_222' title='bbox 3044 1770 3342 1864; x_wconf 50' lang='lat' dir='ltr'><strong>dCSial‘ani-</strong></span> <span class='ocrx_word' id='word_1_223' title='bbox 3373 1764 3525 1864; x_wconf 66' lang='grc' dir='ltr'><strong>Ωιιρά</strong></span> <span class='ocrx_word' id='word_1_224' title='bbox 3557 1771 3601 1827; x_wconf 74' lang='grc' dir='ltr'>εἰ</span> 
     </span>
    </p>
   </div>
   <div class='ocr_carea' id='block_1_32' title="bbox 341 1841 3604 1956">
    <p class='ocr_par' dir='ltr' id='par_1_32' title="bbox 341 1841 3604 1956">
     <span class='ocr_line' id='line_1_32' title="bbox 341 1841 3604 1956; baseline -0.002 -31"><span class='ocrx_word' id='word_1_225' title='bbox 341 1888 686 1956; x_wconf 59' lang='lat' dir='ltr'><strong>remes’quid</strong></span> <span class='ocrx_word' id='word_1_226' title='bbox 717 1841 876 1943; x_wconf 57' lang='lat' dir='ltr'><strong>mucis</strong></span> <span class='ocrx_word' id='word_1_227' title='bbox 906 1886 1189 1943; x_wconf 52' lang='lat' dir='ltr'><strong>discordia;</strong></span> <span class='ocrx_word' id='word_1_228' title='bbox 1212 1841 1276 1941; x_wconf 45' lang='grc' dir='ltr'><strong>,δὲ</strong></span> <span class='ocrx_word' id='word_1_229' title='bbox 1302 1886 1631 1941; x_wconf 62' lang='lat' dir='ltr'><strong>diversilaus</strong></span> <span class='ocrx_word' id='word_1_230' title='bbox 1654 1893 1801 1941; x_wconf 57' lang='lat' dir='ltr'><strong>essm</strong></span> <span class='ocrx_word' id='word_1_231' title='bbox 1836 1897 1922 1939; x_wconf 61' lang='grc' dir='ltr'><strong>οε,</strong></span> <span class='ocrx_word' id='word_1_232' title='bbox 1949 1841 1998 1919; x_wconf 63' lang='grc' dir='ltr'><strong>Β</strong></span> <span class='ocrx_word' id='word_1_233' title='bbox 2024 1849 2089 1921; x_wconf 79' lang='lat' dir='ltr'><strong>ad</strong></span> <span class='ocrx_word' id='word_1_234' title='bbox 2120 1865 2359 1921; x_wconf 83' lang='lat' dir='ltr'><strong>veritatis</strong></span> <span class='ocrx_word' id='word_1_235' title='bbox 2392 1874 2447 1919; x_wconf 87' lang='lat' dir='ltr'><strong>et</strong></span> <span class='ocrx_word' id='word_1_236' title='bbox 2483 1862 2729 1919; x_wconf 84' lang='lat' dir='ltr'><strong>falsitatis</strong></span> <span class='ocrx_word' id='word_1_237' title='bbox 2769 1862 3211 1931; x_wconf 83' lang='lat' dir='ltr'><strong>consequentiam</strong></span> <span class='ocrx_word' id='word_1_238' title='bbox 3260 1862 3604 1931; x_wconf 84' lang='lat' dir='ltr'><strong>particulares</strong></span> 
     </span>
    </p>
   </div>
   <div class='ocr_carea' id='block_1_33' title="bbox 343 1975 1923 2046">
    <p class='ocr_par' dir='ltr' id='par_1_33' title="bbox 343 1975 1923 2046">
     <span class='ocr_line' id='line_1_33' title="bbox 343 1975 1923 2046; baseline -0.001 -12"><span class='ocrx_word' id='word_1_239' title='bbox 343 1979 633 2045; x_wconf 84' lang='lat' dir='ltr'><strong>tendimus;</strong></span> <span class='ocrx_word' id='word_1_240' title='bbox 666 1994 807 2035; x_wconf 84' lang='lat' dir='ltr'><strong>nunc</strong></span> <span class='ocrx_word' id='word_1_241' title='bbox 835 1978 1195 2036; x_wconf 89' lang='lat' dir='ltr'><strong>universalem</strong></span> <span class='ocrx_word' id='word_1_242' title='bbox 1245 1978 1662 2035; x_wconf 82' lang='lat' dir='ltr'><strong>affirmationem</strong></span> <span class='ocrx_word' id='word_1_243' title='bbox 1693 1975 1923 2046; x_wconf 86' lang='lat' dir='ltr'><strong>particu-</strong></span> 
     </span>
    </p>
   </div>
   <div class='ocr_carea' id='block_1_34' title="bbox 344 2069 1924 2142">
    <p class='ocr_par' dir='ltr' id='par_1_34' title="bbox 344 2069 1924 2142">
     <span class='ocr_line' id='line_1_34' title="bbox 344 2069 1924 2142; baseline -0.002 -15"><span class='ocrx_word' id='word_1_244' title='bbox 344 2073 438 2128; x_wconf 90' lang='lat' dir='ltr'><strong>lari</strong></span> <span class='ocrx_word' id='word_1_245' title='bbox 470 2071 829 2141; x_wconf 75' lang='lat' dir='ltr'><strong>afﬁrmativae,</strong></span> <span class='ocrx_word' id='word_1_246' title='bbox 867 2081 921 2131; x_wconf 88' lang='lat' dir='ltr'><strong>et</strong></span> <span class='ocrx_word' id='word_1_247' title='bbox 949 2072 1300 2129; x_wconf 90' lang='lat' dir='ltr'><strong>universalem</strong></span> <span class='ocrx_word' id='word_1_248' title='bbox 1360 2072 1700 2142; x_wconf 76' lang='lat' dir='ltr'><strong>negationem</strong></span> <span class='ocrx_word' id='word_1_249' title='bbox 1753 2069 1924 2142; x_wconf 86' lang='lat' dir='ltr'><strong>parti-</strong></span> 
     </span>
    </p>
   </div>
   <div class='ocr_carea' id='block_1_35' title="bbox 344 2161 1927 2234">
    <p class='ocr_par' dir='ltr' id='par_1_35' title="bbox 344 2161 1927 2234">
     <span class='ocr_line' id='line_1_35' title="bbox 344 2161 1927 2234; baseline -0.003 -15"><span class='ocrx_word' id='word_1_250' title='bbox 344 2163 510 2219; x_wconf 89' lang='lat' dir='ltr'><strong>culari</strong></span> <span class='ocrx_word' id='word_1_251' title='bbox 538 2164 799 2234; x_wconf 75' lang='lat' dir='ltr'><strong>negativa:</strong></span> <span class='ocrx_word' id='word_1_252' title='bbox 845 2162 913 2220; x_wconf 85' lang='lat' dir='ltr'><strong>ad</strong></span> <span class='ocrx_word' id='word_1_253' title='bbox 942 2163 1180 2220; x_wconf 84' lang='lat' dir='ltr'><strong>veritatis</strong></span> <span class='ocrx_word' id='word_1_254' title='bbox 1222 2162 1575 2232; x_wconf 85' lang='lat' dir='ltr'><strong>falsitatisque</strong></span> <span class='ocrx_word' id='word_1_255' title='bbox 1603 2161 1927 2219; x_wconf 86' lang='lat' dir='ltr'><strong>convenien-</strong></span> 
     </span>
    </p>
   </div>
   <div class='ocr_carea' id='block_1_36' title="bbox 349 2253 1927 2327">
    <p class='ocr_par' dir='ltr' id='par_1_36' title="bbox 349 2253 1927 2327">
     <span class='ocr_line' id='line_1_36' title="bbox 349 2253 1927 2327; baseline -0.001 -17"><span class='ocrx_word' id='word_1_256' title='bbox 349 2259 472 2310; x_wconf 88' lang='lat' dir='ltr'><strong>tiam</strong></span> <span class='ocrx_word' id='word_1_257' title='bbox 516 2269 909 2327; x_wconf 83' lang='lat' dir='ltr'><strong>comparemus.</strong></span> <span class='ocrx_word' id='word_1_258' title='bbox 960 2255 1157 2311; x_wconf 79' lang='lat' dir='ltr'><strong>llarum</strong></span> <span class='ocrx_word' id='word_1_259' title='bbox 1210 2270 1438 2324; x_wconf 85' lang='lat' dir='ltr'><strong>namque</strong></span> <span class='ocrx_word' id='word_1_260' title='bbox 1493 2255 1633 2309; x_wconf 91' lang='lat' dir='ltr'><strong>inter</strong></span> <span class='ocrx_word' id='word_1_261' title='bbox 1680 2268 1739 2309; x_wconf 90' lang='lat' dir='ltr'><strong>se</strong></span> <span class='ocrx_word' id='word_1_262' title='bbox 1784 2253 1927 2311; x_wconf 84' lang='lat' dir='ltr'><strong>nulla</strong></span> 
     </span>
    </p>
   </div>
   <div class='ocr_carea' id='block_1_37' title="bbox 346 2346 1919 2419">
    <p class='ocr_par' dir='ltr' id='par_1_37' title="bbox 346 2346 1919 2419">
     <span class='ocr_line' id='line_1_37' title="bbox 346 2346 1919 2419; baseline -0.004 -12"><span class='ocrx_word' id='word_1_263' title='bbox 346 2347 619 2407; x_wconf 83' lang='lat' dir='ltr'><strong>discordia</strong></span> <span class='ocrx_word' id='word_1_264' title='bbox 668 2358 771 2415; x_wconf 89' lang='lat' dir='ltr'><strong>est,</strong></span> <span class='ocrx_word' id='word_1_265' title='bbox 800 2358 962 2419; x_wconf 87' lang='lat' dir='ltr'><strong>atque</strong></span> <span class='ocrx_word' id='word_1_266' title='bbox 1011 2348 1132 2403; x_wconf 88' lang='lat' dir='ltr'><strong>ideo</strong></span> <span class='ocrx_word' id='word_1_267' title='bbox 1162 2362 1268 2403; x_wconf 91' lang='lat' dir='ltr'><strong>non</strong></span> <span class='ocrx_word' id='word_1_268' title='bbox 1315 2347 1383 2402; x_wconf 89' lang='lat' dir='ltr'><strong>de</strong></span> <span class='ocrx_word' id='word_1_269' title='bbox 1412 2362 1597 2402; x_wconf 88' lang='lat' dir='ltr'><strong>earum</strong></span> <span class='ocrx_word' id='word_1_270' title='bbox 1650 2346 1919 2413; x_wconf 88' lang='lat' dir='ltr'><strong>dissensu,</strong></span> 
     </span>
    </p>
   </div>
   <div class='ocr_carea' id='block_1_38' title="bbox 350 2436 1927 2510">
    <p class='ocr_par' dir='ltr' id='par_1_38' title="bbox 350 2436 1927 2510">
     <span class='ocr_line' id='line_1_38' title="bbox 350 2436 1927 2510; baseline -0.004 -11"><span class='ocrx_word' id='word_1_271' title='bbox 350 2440 443 2499; x_wconf 82' lang='lat' dir='ltr'><strong>sed</strong></span> <span class='ocrx_word' id='word_1_272' title='bbox 474 2439 543 2497; x_wconf 89' lang='lat' dir='ltr'><strong>de</strong></span> <span class='ocrx_word' id='word_1_273' title='bbox 601 2455 872 2496; x_wconf 88' lang='lat' dir='ltr'><strong>consensu</strong></span> <span class='ocrx_word' id='word_1_274' title='bbox 918 2439 1097 2510; x_wconf 83' lang='lat' dir='ltr'><strong>potius</strong></span> <span class='ocrx_word' id='word_1_275' title='bbox 1152 2439 1363 2497; x_wconf 87' lang='lat' dir='ltr'><strong>videtur</strong></span> <span class='ocrx_word' id='word_1_276' title='bbox 1404 2452 1526 2494; x_wconf 88' lang='lat' dir='ltr'><strong>esse</strong></span> <span class='ocrx_word' id='word_1_277' title='bbox 1563 2436 1927 2507; x_wconf 68' lang='lat' dir='ltr'><strong>quaerendum.</strong></span> 
     </span>
    </p>
   </div>
   <div class='ocr_carea' id='block_1_39' title="bbox 350 2522 1930 2607">
    <p class='ocr_par' dir='ltr' id='par_1_39' title="bbox 350 2522 1930 2607">
     <span class='ocr_line' id='line_1_39' title="bbox 350 2522 1930 2607; baseline -0.003 -18"><span class='ocrx_word' id='word_1_278' title='bbox 350 2534 583 2589; x_wconf 85' lang='lat' dir='ltr'><strong>Primum</strong></span> <span class='ocrx_word' id='word_1_279' title='bbox 607 2534 767 2607; x_wconf 82' lang='lat' dir='ltr'><strong>igitur</strong></span> <span class='ocrx_word' id='word_1_280' title='bbox 796 2532 1113 2591; x_wconf 87' lang='lat' dir='ltr'><strong>universalis</strong></span> <span class='ocrx_word' id='word_1_281' title='bbox 1142 2532 1432 2589; x_wconf 81' lang='lat' dir='ltr'><strong>afﬁrmatio</strong></span> <span class='ocrx_word' id='word_1_282' title='bbox 1483 2522 1563 2588; x_wconf 39' lang='lat' dir='ltr'><strong>et&#39;</strong></span> <span class='ocrx_word' id='word_1_283' title='bbox 1594 2529 1930 2602; x_wconf 84' lang='lat' dir='ltr'><strong>particularis</strong></span> 
     </span>
    </p>
   </div>
   <div class='ocr_carea' id='block_1_40' title="bbox 350 2623 1935 2696">
    <p class='ocr_par' dir='ltr' id='par_1_40' title="bbox 350 2623 1935 2696">
     <span class='ocr_line' id='line_1_40' title="bbox 350 2623 1935 2696; baseline -0.001 -13"><span class='ocrx_word' id='word_1_284' title='bbox 350 2623 638 2683; x_wconf 75' lang='lat' dir='ltr'><strong>affirmatio</strong></span> <span class='ocrx_word' id='word_1_285' title='bbox 662 2626 980 2682; x_wconf 77' lang='lat' dir='ltr'><strong>subalternat</strong></span> <span class='ocrx_word' id='word_1_286' title='bbox 1007 2625 1279 2693; x_wconf 90' lang='lat' dir='ltr'><strong>dicuntur,</strong></span> <span class='ocrx_word' id='word_1_287' title='bbox 1314 2625 1567 2696; x_wconf 84' lang='lat' dir='ltr'><strong>quoniam</strong></span> <span class='ocrx_word' id='word_1_288' title='bbox 1594 2625 1763 2680; x_wconf 88' lang='lat' dir='ltr'><strong>altera</strong></span> <span class='ocrx_word' id='word_1_289' title='bbox 1806 2623 1935 2681; x_wconf 80' lang='lat' dir='ltr'><strong>sub-</strong></span> 
     </span>
    </p>
   </div>
   <div class='ocr_carea' id='block_1_41' title="bbox 351 2715 1933 2788">
    <p class='ocr_par' dir='ltr' id='par_1_41' title="bbox 351 2715 1933 2788">
     <span class='ocr_line' id='line_1_41' title="bbox 351 2715 1933 2788; baseline -0.001 -16"><span class='ocrx_word' id='word_1_290' title='bbox 351 2717 489 2788; x_wconf 72' lang='lat' dir='ltr'><strong>iacet</strong></span> <span class='ocrx_word' id='word_1_291' title='bbox 517 2716 695 2783; x_wconf 88' lang='lat' dir='ltr'><strong>alteri,</strong></span> <span class='ocrx_word' id='word_1_292' title='bbox 748 2718 798 2773; x_wconf 93' lang='lat' dir='ltr'><strong>id</strong></span> <span class='ocrx_word' id='word_1_293' title='bbox 842 2727 925 2775; x_wconf 91' lang='lat' dir='ltr'><strong>est</strong></span> <span class='ocrx_word' id='word_1_294' title='bbox 959 2718 1295 2787; x_wconf 82' lang='lat' dir='ltr'><strong>particularis</strong></span> <span class='ocrx_word' id='word_1_295' title='bbox 1321 2716 1609 2772; x_wconf 85' lang='lat' dir='ltr'><strong>afﬁrmatio</strong></span> <span class='ocrx_word' id='word_1_296' title='bbox 1639 2715 1933 2772; x_wconf 84' lang='lat' dir='ltr'><strong>universali</strong></span> 
     </span>
    </p>
   </div>
   <div class='ocr_carea' id='block_1_42' title="bbox 356 2809 1935 2880">
    <p class='ocr_par' dir='ltr' id='par_1_42' title="bbox 356 2809 1935 2880">
     <span class='ocr_line' id='line_1_42' title="bbox 356 2809 1935 2880; baseline 0.001 -16"><span class='ocrx_word' id='word_1_297' title='bbox 356 2809 698 2865; x_wconf 86' lang='lat' dir='ltr'><strong>affirmationi</strong></span> <span class='ocrx_word' id='word_1_298' title='bbox 724 2810 999 2880; x_wconf 89' lang='lat' dir='ltr'><strong>supposita</strong></span> <span class='ocrx_word' id='word_1_299' title='bbox 1022 2819 1104 2866; x_wconf 92' lang='lat' dir='ltr'><strong>est</strong></span> <span class='ocrx_word' id='word_1_300' title='bbox 1130 2820 1290 2879; x_wconf 85' lang='lat' dir='ltr'><strong>atque</strong></span> <span class='ocrx_word' id='word_1_301' title='bbox 1311 2809 1575 2880; x_wconf 81' lang='lat' dir='ltr'><strong>subjecta,</strong></span> <span class='ocrx_word' id='word_1_302' title='bbox 1614 2810 1781 2865; x_wconf 89' lang='lat' dir='ltr'><strong>veluti</strong></span> <span class='ocrx_word' id='word_1_303' title='bbox 1810 2824 1935 2880; x_wconf 88' lang='lat' dir='ltr'><strong>pars</strong></span> 
     </span>
    </p>
   </div>
   <div class='ocr_carea' id='block_1_43' title="bbox 354 2902 1938 2973">
    <p class='ocr_par' dir='ltr' id='par_1_43' title="bbox 354 2902 1938 2973">
     <span class='ocr_line' id='line_1_43' title="bbox 354 2902 1938 2973; baseline 0.001 -15"><span class='ocrx_word' id='word_1_304' title='bbox 354 2902 491 2959; x_wconf 90' lang='lat' dir='ltr'><strong>intra</strong></span> <span class='ocrx_word' id='word_1_305' title='bbox 521 2904 680 2958; x_wconf 87' lang='lat' dir='ltr'><strong>totius</strong></span> <span class='ocrx_word' id='word_1_306' title='bbox 694 2917 917 2971; x_wconf 77' lang='lat' dir='ltr'><strong>semper</strong></span> <span class='ocrx_word' id='word_1_307' title='bbox 934 2903 1195 2958; x_wconf 86' lang='lat' dir='ltr'><strong>ambitum</strong></span> <span class='ocrx_word' id='word_1_308' title='bbox 1247 2904 1376 2958; x_wconf 88' lang='lat' dir='ltr'><strong>latet</strong></span> <span class='ocrx_word' id='word_1_309' title='bbox 1405 2920 1420 2969; x_wconf 92' lang='lat'><strong>;</strong></span> <span class='ocrx_word' id='word_1_310' title='bbox 1452 2904 1700 2973; x_wconf 88' lang='lat' dir='ltr'><strong>idemque</strong></span> <span class='ocrx_word' id='word_1_311' title='bbox 1725 2902 1793 2959; x_wconf 91' lang='lat' dir='ltr'><strong>de</strong></span> <span class='ocrx_word' id='word_1_312' title='bbox 1821 2902 1938 2959; x_wconf 86' lang='lat' dir='ltr'><strong>uni-</strong></span> 
     </span>
    </p>
   </div>
   <div class='ocr_carea' id='block_1_44' title="bbox 360 2992 1938 3065">
    <p class='ocr_par' dir='ltr' id='par_1_44' title="bbox 360 2992 1938 3065">
     <span class='ocr_line' id='line_1_44' title="bbox 360 2992 1938 3065; baseline 0.002 -19"><span class='ocrx_word' id='word_1_313' title='bbox 360 2994 553 3049; x_wconf 90' lang='lat' dir='ltr'><strong>versali</strong></span> <span class='ocrx_word' id='word_1_314' title='bbox 573 3003 627 3050; x_wconf 87' lang='lat' dir='ltr'><strong>et</strong></span> <span class='ocrx_word' id='word_1_315' title='bbox 645 2992 954 3064; x_wconf 89' lang='lat' dir='ltr'><strong>particulari</strong></span> <span class='ocrx_word' id='word_1_316' title='bbox 976 2995 1220 3065; x_wconf 86' lang='lat' dir='ltr'><strong>negativa</strong></span> <span class='ocrx_word' id='word_1_317' title='bbox 1241 2994 1524 3051; x_wconf 84' lang='lat' dir='ltr'><strong>dicendum</strong></span> <span class='ocrx_word' id='word_1_318' title='bbox 1546 3004 1648 3062; x_wconf 89' lang='lat' dir='ltr'><strong>est,</strong></span> <span class='ocrx_word' id='word_1_319' title='bbox 1675 2994 1938 3051; x_wconf 86' lang='lat' dir='ltr'><strong>subalter—</strong></span> 
     </span>
    </p>
   </div>
   <div class='ocr_carea' id='block_1_45' title="bbox 358 3085 1939 3156">
    <p class='ocr_par' dir='ltr' id='par_1_45' title="bbox 358 3085 1939 3156">
     <span class='ocr_line' id='line_1_45' title="bbox 358 3085 1939 3156; baseline 0.001 -16"><span class='ocrx_word' id='word_1_320' title='bbox 358 3102 442 3140; x_wconf 72' lang='lat' dir='ltr'><strong>na:</strong></span> <span class='ocrx_word' id='word_1_321' title='bbox 469 3086 612 3143; x_wconf 83' lang='lat' dir='ltr'><strong>enim</strong></span> <span class='ocrx_word' id='word_1_322' title='bbox 638 3095 919 3151; x_wconf 84' lang='lat' dir='ltr'><strong>vocantur,</strong></span> <span class='ocrx_word' id='word_1_323' title='bbox 950 3086 1095 3154; x_wconf 91' lang='lat' dir='ltr'><strong>quod</strong></span> <span class='ocrx_word' id='word_1_324' title='bbox 1124 3086 1369 3155; x_wconf 87' lang='lat' dir='ltr'><strong>superior</strong></span> <span class='ocrx_word' id='word_1_325' title='bbox 1398 3095 1559 3156; x_wconf 87' lang='lat' dir='ltr'><strong>atque</strong></span> <span class='ocrx_word' id='word_1_326' title='bbox 1576 3085 1805 3155; x_wconf 85' lang='lat' dir='ltr'><strong>amplior</strong></span> <span class='ocrx_word' id='word_1_327' title='bbox 1822 3085 1939 3141; x_wconf 84' lang='lat' dir='ltr'><strong>uni—</strong></span> 
     </span>
    </p>
   </div>
   <div class='ocr_carea' id='block_1_46' title="bbox 359 3178 1935 3252">
    <p class='ocr_par' dir='ltr' id='par_1_46' title="bbox 359 3178 1935 3252">
     <span class='ocr_line' id='line_1_46' title="bbox 359 3178 1935 3252; baseline 0.003 -21"><span class='ocrx_word' id='word_1_328' title='bbox 359 3178 582 3233; x_wconf 86' lang='lat' dir='ltr'><strong>versalis</strong></span> <span class='ocrx_word' id='word_1_329' title='bbox 610 3178 825 3250; x_wconf 83' lang='lat' dir='ltr'><strong>negatio</strong></span> <span class='ocrx_word' id='word_1_330' title='bbox 879 3178 1020 3235; x_wconf 86' lang='lat' dir='ltr'><strong>intra</strong></span> <span class='ocrx_word' id='word_1_331' title='bbox 1073 3194 1133 3236; x_wconf 90' lang='lat' dir='ltr'><strong>se</strong></span> <span class='ocrx_word' id='word_1_332' title='bbox 1182 3180 1563 3250; x_wconf 78' lang='lat' dir='ltr'><strong>particularem</strong></span> <span class='ocrx_word' id='word_1_333' title='bbox 1598 3179 1935 3252; x_wconf 75' lang='lat' dir='ltr'><strong>negationem</strong></span> 
     </span>
    </p>
   </div>
   <div class='ocr_carea' id='block_1_47' title="bbox 2026 1953 3606 2030">
    <p class='ocr_par' dir='ltr' id='par_1_47' title="bbox 2026 1953 3606 2030">
     <span class='ocr_line' id='line_1_47' title="bbox 2026 1953 3606 2030; baseline -0.003 -16"><span class='ocrx_word' id='word_1_334' title='bbox 2026 1956 2421 2030; x_wconf 81' lang='lat' dir='ltr'><strong>propositiones</strong></span> <span class='ocrx_word' id='word_1_335' title='bbox 2448 1955 2627 2011; x_wconf 89' lang='lat' dir='ltr'><strong>locum</strong></span> <span class='ocrx_word' id='word_1_336' title='bbox 2657 1953 2948 2024; x_wconf 88' lang='lat' dir='ltr'><strong>principem</strong></span> <span class='ocrx_word' id='word_1_337' title='bbox 2980 1954 3292 2018; x_wconf 87' lang='lat' dir='ltr'><strong>sortiantur,</strong></span> <span class='ocrx_word' id='word_1_338' title='bbox 3335 1953 3606 2009; x_wconf 91' lang='lat' dir='ltr'><strong>contraria</strong></span> 
     </span>
    </p>
   </div>
   <div class='ocr_carea' id='block_1_48' title="bbox 1985 2044 3606 2116">
    <p class='ocr_par' dir='ltr' id='par_1_48' title="bbox 1985 2044 3606 2116">
     <span class='ocr_line' id='line_1_48' title="bbox 1985 2044 3606 2116; baseline -0.004 -9"><span class='ocrx_word' id='word_1_339' title='bbox 1985 2052 2106 2107; x_wconf 67' lang='lat' dir='ltr'><strong>sis</strong></span> <span class='ocrx_word' id='word_1_340' title='bbox 2166 2049 2490 2106; x_wconf 83' lang='lat' dir='ltr'><strong>universalis</strong></span> <span class='ocrx_word' id='word_1_341' title='bbox 2550 2046 2935 2116; x_wconf 84' lang='lat' dir='ltr'><strong>propositionis</strong></span> <span class='ocrx_word' id='word_1_342' title='bbox 2996 2045 3200 2099; x_wconf 89' lang='lat' dir='ltr'><strong>ratione</strong></span> <span class='ocrx_word' id='word_1_343' title='bbox 3259 2044 3606 2101; x_wconf 87' lang='lat' dir='ltr'><strong>conveniunt.</strong></span> 
     </span>
    </p>
   </div>
   <div class='ocr_carea' id='block_1_49' title="bbox 2026 2136 3611 2210">
    <p class='ocr_par' dir='ltr' id='par_1_49' title="bbox 2026 2136 3611 2210">
     <span class='ocr_line' id='line_1_49' title="bbox 2026 2136 3611 2210; baseline -0.004 -10"><span class='ocrx_word' id='word_1_344' title='bbox 2026 2144 2158 2200; x_wconf 79' lang='lat' dir='ltr'><strong>Nam</strong></span> <span class='ocrx_word' id='word_1_345' title='bbox 2192 2143 2238 2199; x_wconf 91' lang='lat' dir='ltr'><strong>si</strong></span> <span class='ocrx_word' id='word_1_346' title='bbox 2264 2142 2372 2198; x_wconf 89' lang='lat' dir='ltr'><strong>sint</strong></span> <span class='ocrx_word' id='word_1_347' title='bbox 2395 2140 2559 2205; x_wconf 70' lang='lat' dir='ltr'><strong>falsre,</strong></span> <span class='ocrx_word' id='word_1_348' title='bbox 2612 2138 2961 2210; x_wconf 87' lang='lat' dir='ltr'><strong>particulares</strong></span> <span class='ocrx_word' id='word_1_349' title='bbox 3018 2136 3183 2192; x_wconf 90' lang='lat' dir='ltr'><strong>falsas</strong></span> <span class='ocrx_word' id='word_1_350' title='bbox 3212 2152 3331 2193; x_wconf 90' lang='lat' dir='ltr'><strong>esse</strong></span> <span class='ocrx_word' id='word_1_351' title='bbox 3385 2152 3611 2194; x_wconf 90' lang='lat' dir='ltr'><strong>necesse</strong></span> 
     </span>
    </p>
   </div>
   <div class='ocr_carea' id='block_1_50' title="bbox 2027 2231 3611 2305">
    <p class='ocr_par' dir='ltr' id='par_1_50' title="bbox 2027 2231 3611 2305">
     <span class='ocr_line' id='line_1_50' title="bbox 2027 2231 3611 2305; baseline -0.004 -12"><span class='ocrx_word' id='word_1_352' title='bbox 2027 2248 2132 2305; x_wconf 85' lang='lat' dir='ltr'><strong>est;</strong></span> <span class='ocrx_word' id='word_1_353' title='bbox 2163 2238 2246 2292; x_wconf 90' lang='lat' dir='ltr'><strong>sin</strong></span> <span class='ocrx_word' id='word_1_354' title='bbox 2270 2250 2401 2291; x_wconf 88' lang='lat' dir='ltr'><strong>vero</strong></span> <span class='ocrx_word' id='word_1_355' title='bbox 2432 2234 2782 2304; x_wconf 89' lang='lat' dir='ltr'><strong>particulares</strong></span> <span class='ocrx_word' id='word_1_356' title='bbox 2811 2247 2948 2288; x_wconf 73' lang='lat' dir='ltr'><strong>vera:</strong></span> <span class='ocrx_word' id='word_1_357' title='bbox 2978 2231 3104 2296; x_wconf 79' lang='lat' dir='ltr'><strong>sint,</strong></span> <span class='ocrx_word' id='word_1_358' title='bbox 3138 2240 3247 2285; x_wconf 92' lang='lat' dir='ltr'><strong>tum</strong></span> <span class='ocrx_word' id='word_1_359' title='bbox 3283 2231 3611 2287; x_wconf 79' lang='lat' dir='ltr'><strong>universales</strong></span> 
     </span>
    </p>
   </div>
   <div class='ocr_carea' id='block_1_51' title="bbox 2028 2322 3605 2399">
    <p class='ocr_par' dir='ltr' id='par_1_51' title="bbox 2028 2322 3605 2399">
     <span class='ocr_line' id='line_1_51' title="bbox 2028 2322 3605 2399; baseline -0.005 -14"><span class='ocrx_word' id='word_1_360' title='bbox 2028 2346 2174 2389; x_wconf 65' lang='lat' dir='ltr'><strong>vera:</strong></span> <span class='ocrx_word' id='word_1_361' title='bbox 2201 2339 2348 2399; x_wconf 87' lang='lat' dir='ltr'><strong>sunt,</strong></span> <span class='ocrx_word' id='word_1_362' title='bbox 2375 2337 2485 2383; x_wconf 91' lang='lat' dir='ltr'><strong>tum</strong></span> <span class='ocrx_word' id='word_1_363' title='bbox 2514 2328 2676 2385; x_wconf 81' lang='lat' dir='ltr'><strong>etiam</strong></span> <span class='ocrx_word' id='word_1_364' title='bbox 2702 2325 2875 2381; x_wconf 75' lang='lat' dir='ltr'><strong>falsze.</strong></span> <span class='ocrx_word' id='word_1_365' title='bbox 2897 2325 3028 2380; x_wconf 79' lang='lat' dir='ltr'><strong>Nam</strong></span> <span class='ocrx_word' id='word_1_366' title='bbox 3070 2324 3117 2379; x_wconf 89' lang='lat' dir='ltr'><strong>si</strong></span> <span class='ocrx_word' id='word_1_367' title='bbox 3159 2322 3497 2392; x_wconf 81' lang='lat' dir='ltr'><strong>particularis</strong></span> <span class='ocrx_word' id='word_1_368' title='bbox 3524 2324 3605 2379; x_wconf 88' lang='lat' dir='ltr'><strong>af-</strong></span> 
     </span>
    </p>
   </div>
   <div class='ocr_carea' id='block_1_52' title="bbox 2029 2416 3614 2488">
    <p class='ocr_par' dir='ltr' id='par_1_52' title="bbox 2029 2416 3614 2488">
     <span class='ocr_line' id='line_1_52' title="bbox 2029 2416 3614 2488; baseline -0.005 -9"><span class='ocrx_word' id='word_1_369' title='bbox 2029 2422 2263 2483; x_wconf 85' lang='lat' dir='ltr'><strong>firmatio</strong></span> <span class='ocrx_word' id='word_1_370' title='bbox 2287 2430 2369 2479; x_wconf 81' lang='lat' dir='ltr'><strong>est</strong></span> <span class='ocrx_word' id='word_1_371' title='bbox 2409 2420 2567 2484; x_wconf 89' lang='lat' dir='ltr'><strong>falsa,</strong></span> <span class='ocrx_word' id='word_1_372' title='bbox 2599 2433 2722 2488; x_wconf 78' lang='lat' dir='ltr'><strong>quae</strong></span> <span class='ocrx_word' id='word_1_373' title='bbox 2749 2418 2881 2473; x_wconf 84' lang='lat' dir='ltr'><strong>dicit</strong></span> <span class='ocrx_word' id='word_1_374' title='bbox 2905 2418 3140 2487; x_wconf 87' lang='lat' dir='ltr'><strong>aliquem</strong></span> <span class='ocrx_word' id='word_1_375' title='bbox 3171 2416 3442 2481; x_wconf 76' lang='lat' dir='ltr'><strong>hominem</strong></span> <span class='ocrx_word' id='word_1_376' title='bbox 3487 2429 3614 2471; x_wconf 83' lang='lat' dir='ltr'><strong>esse</strong></span> 
     </span>
    </p>
   </div>
   <div class='ocr_carea' id='block_1_53' title="bbox 2033 2509 3615 2584">
    <p class='ocr_par' dir='ltr' id='par_1_53' title="bbox 2033 2509 3615 2584">
     <span class='ocr_line' id='line_1_53' title="bbox 2033 2509 3615 2584; baseline -0.004 -14"><span class='ocrx_word' id='word_1_377' title='bbox 2033 2514 2285 2584; x_wconf 90' lang='lat' dir='ltr'><strong>lapidem,</strong></span> <span class='ocrx_word' id='word_1_378' title='bbox 2320 2510 2642 2567; x_wconf 88' lang='lat' dir='ltr'><strong>universalis</strong></span> <span class='ocrx_word' id='word_1_379' title='bbox 2670 2524 2882 2581; x_wconf 89' lang='lat' dir='ltr'><strong>quoque</strong></span> <span class='ocrx_word' id='word_1_380' title='bbox 2906 2509 3189 2564; x_wconf 88' lang='lat' dir='ltr'><strong>affirmatio</strong></span> <span class='ocrx_word' id='word_1_381' title='bbox 3208 2509 3342 2567; x_wconf 86' lang='lat' dir='ltr'><strong>falsa</strong></span> <span class='ocrx_word' id='word_1_382' title='bbox 3370 2517 3455 2565; x_wconf 86' lang='lat' dir='ltr'><strong>est</strong></span> <span class='ocrx_word' id='word_1_383' title='bbox 3493 2522 3615 2579; x_wconf 70' lang='lat' dir='ltr'><strong>quae</strong></span> 
     </span>
    </p>
   </div>
   <div class='ocr_carea' id='block_1_54' title="bbox 2034 2598 3616 2676">
    <p class='ocr_par' dir='ltr' id='par_1_54' title="bbox 2034 2598 3616 2676">
     <span class='ocr_line' id='line_1_54' title="bbox 2034 2598 3616 2676; baseline -0.004 -15"><span class='ocrx_word' id='word_1_384' title='bbox 2034 2606 2286 2676; x_wconf 81' lang='lat' dir='ltr'><strong>proponit</strong></span> <span class='ocrx_word' id='word_1_385' title='bbox 2309 2618 2523 2661; x_wconf 88' lang='lat' dir='ltr'><strong>omnem</strong></span> <span class='ocrx_word' id='word_1_386' title='bbox 2553 2600 2824 2657; x_wconf 85' lang='lat' dir='ltr'><strong>hominem</strong></span> <span class='ocrx_word' id='word_1_387' title='bbox 2849 2615 2973 2657; x_wconf 88' lang='lat' dir='ltr'><strong>esse</strong></span> <span class='ocrx_word' id='word_1_388' title='bbox 3000 2598 3252 2671; x_wconf 87' lang='lat' dir='ltr'><strong>lapidem.</strong></span> <span class='ocrx_word' id='word_1_389' title='bbox 3280 2598 3409 2655; x_wconf 89' lang='lat' dir='ltr'><strong>Item</strong></span> <span class='ocrx_word' id='word_1_390' title='bbox 3433 2599 3477 2654; x_wconf 90' lang='lat' dir='ltr'><strong>si</strong></span> <span class='ocrx_word' id='word_1_391' title='bbox 3496 2615 3616 2669; x_wconf 79' lang='lat' dir='ltr'><strong>par-</strong></span> 
     </span>
    </p>
   </div>
   <div class='ocr_carea' id='block_1_55' title="bbox 2036 2690 3612 2765">
    <p class='ocr_par' dir='ltr' id='par_1_55' title="bbox 2036 2690 3612 2765">
     <span class='ocr_line' id='line_1_55' title="bbox 2036 2690 3612 2765; baseline -0.007 -10"><span class='ocrx_word' id='word_1_392' title='bbox 2036 2697 2273 2755; x_wconf 85' lang='lat' dir='ltr'><strong>ticularis</strong></span> <span class='ocrx_word' id='word_1_393' title='bbox 2316 2704 2399 2753; x_wconf 87' lang='lat' dir='ltr'><strong>est</strong></span> <span class='ocrx_word' id='word_1_394' title='bbox 2428 2694 2562 2750; x_wconf 90' lang='lat' dir='ltr'><strong>falsa</strong></span> <span class='ocrx_word' id='word_1_395' title='bbox 2593 2692 2805 2765; x_wconf 89' lang='lat' dir='ltr'><strong>negatio</strong></span> <span class='ocrx_word' id='word_1_396' title='bbox 2860 2707 2981 2763; x_wconf 71' lang='lat' dir='ltr'><strong>qua:</strong></span> <span class='ocrx_word' id='word_1_397' title='bbox 3028 2690 3274 2747; x_wconf 89' lang='lat' dir='ltr'><strong>decernit</strong></span> <span class='ocrx_word' id='word_1_398' title='bbox 3326 2690 3612 2761; x_wconf 75' lang='lat' dir='ltr'><strong>quemdam</strong></span> 
     </span>
    </p>
   </div>
   <div class='ocr_carea' id='block_1_56' title="bbox 2037 2782 3679 2851">
    <p class='ocr_par' dir='ltr' id='par_1_56' title="bbox 2037 2782 3679 2851">
     <span class='ocr_line' id='line_1_56' title="bbox 2037 2782 3679 2851; baseline -0.003 -8"><span class='ocrx_word' id='word_1_399' title='bbox 2037 2788 2308 2851; x_wconf 75' lang='lat' dir='ltr'><strong>hominem</strong></span> <span class='ocrx_word' id='word_1_400' title='bbox 2336 2801 2441 2843; x_wconf 90' lang='lat' dir='ltr'><strong>non</strong></span> <span class='ocrx_word' id='word_1_401' title='bbox 2473 2800 2594 2843; x_wconf 90' lang='lat' dir='ltr'><strong>esse</strong></span> <span class='ocrx_word' id='word_1_402' title='bbox 2618 2784 2841 2851; x_wconf 85' lang='lat' dir='ltr'><strong>animal,</strong></span> <span class='ocrx_word' id='word_1_403' title='bbox 2871 2782 3003 2839; x_wconf 88' lang='lat' dir='ltr'><strong>falsa</strong></span> <span class='ocrx_word' id='word_1_404' title='bbox 3048 2784 3150 2839; x_wconf 89' lang='lat' dir='ltr'><strong>erit</strong></span> <span class='ocrx_word' id='word_1_405' title='bbox 3171 2782 3492 2839; x_wconf 81' lang='lat' dir='ltr'><strong>universalis</strong></span> <span class='ocrx_word' id='word_1_406' title='bbox 3521 2796 3615 2838; x_wconf 84' lang='lat' dir='ltr'><strong>ne-</strong></span> <span class='ocrx_word' id='word_1_407' title='bbox 3672 2808 3679 2815; x_wconf 60' lang='grc' dir='ltr'>ε</span> 
     </span>
    </p>
   </div>
   <div class='ocr_carea' id='block_1_57' title="bbox 2038 2872 3615 2962">
    <p class='ocr_par' dir='ltr' id='par_1_57' title="bbox 2038 2872 3615 2962">
     <span class='ocr_line' id='line_1_57' title="bbox 2038 2872 3615 2962; baseline -0.005 -29"><span class='ocrx_word' id='word_1_408' title='bbox 2038 2879 2184 2962; x_wconf 81' lang='lat' dir='ltr'><strong>gatio</strong></span> <span class='ocrx_word' id='word_1_409' title='bbox 2212 2893 2330 2950; x_wconf 64' lang='lat' dir='ltr'><strong>qua:</strong></span> <span class='ocrx_word' id='word_1_410' title='bbox 2372 2876 2576 2932; x_wconf 90' lang='lat' dir='ltr'><strong>nullum</strong></span> <span class='ocrx_word' id='word_1_411' title='bbox 2617 2874 2891 2931; x_wconf 86' lang='lat' dir='ltr'><strong>hominem</strong></span> <span class='ocrx_word' id='word_1_412' title='bbox 2938 2872 3133 2928; x_wconf 89' lang='lat' dir='ltr'><strong>animal</strong></span> <span class='ocrx_word' id='word_1_413' title='bbox 3173 2888 3294 2929; x_wconf 82' lang='lat' dir='ltr'><strong>esse</strong></span> <span class='ocrx_word' id='word_1_414' title='bbox 3322 2872 3615 2929; x_wconf 84' lang='lat' dir='ltr'><strong>contendit.</strong></span> 
     </span>
    </p>
   </div>
   <div class='ocr_carea' id='block_1_58' title="bbox 2041 2966 3661 3043">
    <p class='ocr_par' dir='ltr' id='par_1_58' title="bbox 2041 2966 3661 3043">
     <span class='ocr_line' id='line_1_58' title="bbox 2041 2966 3661 3043; baseline -0.006 -14"><span class='ocrx_word' id='word_1_415' title='bbox 2041 2973 2113 3029; x_wconf 86' lang='lat' dir='ltr'><strong>At</strong></span> <span class='ocrx_word' id='word_1_416' title='bbox 2136 2972 2183 3026; x_wconf 89' lang='lat' dir='ltr'><strong>si</strong></span> <span class='ocrx_word' id='word_1_417' title='bbox 2214 2968 2554 3043; x_wconf 88' lang='lat' dir='ltr'><strong>particularis</strong></span> <span class='ocrx_word' id='word_1_418' title='bbox 2610 2967 2897 3023; x_wconf 84' lang='lat' dir='ltr'><strong>afﬁrmatio</strong></span> <span class='ocrx_word' id='word_1_419' title='bbox 2926 2966 3013 3025; x_wconf 87' lang='lat' dir='ltr'><strong>vel</strong></span> <span class='ocrx_word' id='word_1_420' title='bbox 3055 2967 3267 3037; x_wconf 90' lang='lat' dir='ltr'><strong>negatio</strong></span> <span class='ocrx_word' id='word_1_421' title='bbox 3296 2981 3439 3022; x_wconf 66' lang='lat' dir='ltr'><strong>verte</strong></span> <span class='ocrx_word' id='word_1_422' title='bbox 3465 2973 3615 3031; x_wconf 83' lang='lat' dir='ltr'><strong>sunt,</strong></span> <span class='ocrx_word' id='word_1_423' title='bbox 3652 3000 3661 3009; x_wconf 75' lang='grc' dir='ltr'><strong><em>ο</em></strong></span> 
     </span>
    </p>
   </div>
   <div class='ocr_carea' id='block_1_59' title="bbox 2043 3057 3621 3135">
    <p class='ocr_par' dir='ltr' id='par_1_59' title="bbox 2043 3057 3621 3135">
     <span class='ocr_line' id='line_1_59' title="bbox 2043 3057 3621 3135; baseline -0.004 -16"><span class='ocrx_word' id='word_1_424' title='bbox 2043 3064 2213 3135; x_wconf 81' lang='lat' dir='ltr'><strong>idque</strong></span> <span class='ocrx_word' id='word_1_425' title='bbox 2241 3062 2563 3135; x_wconf 61' lang='lat' dir='ltr'><strong>medicatur</strong></span> <span class='ocrx_word' id='word_1_426' title='bbox 2600 3058 2743 3135; x_wconf 84' lang='lat' dir='ltr'><strong>quod</strong></span> <span class='ocrx_word' id='word_1_427' title='bbox 2789 3075 2820 3117; x_wconf 89' lang='lat' dir='ltr'><strong>a</strong></span> <span class='ocrx_word' id='word_1_428' title='bbox 2859 3059 3106 3129; x_wconf 85' lang='lat' dir='ltr'><strong>subjecto</strong></span> <span class='ocrx_word' id='word_1_429' title='bbox 3145 3057 3308 3115; x_wconf 90' lang='lat' dir='ltr'><strong>dividi</strong></span> <span class='ocrx_word' id='word_1_430' title='bbox 3343 3071 3406 3113; x_wconf 90' lang='lat' dir='ltr'><strong>ac</strong></span> <span class='ocrx_word' id='word_1_431' title='bbox 3435 3070 3621 3128; x_wconf 80' lang='lat' dir='ltr'><strong>segre-</strong></span> 
     </span>
    </p>
   </div>
   <div class='ocr_carea' id='block_1_60' title="bbox 2050 3150 3621 3231">
    <p class='ocr_par' dir='ltr' id='par_1_60' title="bbox 2050 3150 3621 3231">
     <span class='ocr_line' id='line_1_60' title="bbox 2050 3150 3621 3231; baseline -0.005 -16"><span class='ocrx_word' id='word_1_432' title='bbox 2050 3160 2164 3231; x_wconf 77' lang='lat' dir='ltr'><strong>gari</strong></span> <span class='ocrx_word' id='word_1_433' title='bbox 2185 3167 2366 3231; x_wconf 88' lang='lat' dir='ltr'><strong>queat,</strong></span> <span class='ocrx_word' id='word_1_434' title='bbox 2389 3155 2799 3214; x_wconf 82' lang='lat' dir='ltr'><strong>afﬁrmationem</strong></span> <span class='ocrx_word' id='word_1_435' title='bbox 2820 3153 3267 3224; x_wconf 86' lang='lat' dir='ltr'><strong>negationemque</strong></span> <span class='ocrx_word' id='word_1_436' title='bbox 3288 3150 3621 3209; x_wconf 72' lang='lat' dir='ltr'><strong>universale:</strong></span> 
     </span>
    </p>
   </div>
   <div class='ocr_carea' id='block_1_61' title="bbox 358 3229 3625 3346">
    <p class='ocr_par' dir='ltr' id='par_1_61' title="bbox 358 3229 3625 3346">
     <span class='ocr_line' id='line_1_61' title="bbox 358 3229 3625 3346; baseline -0.004 -32"><span class='ocrx_word' id='word_1_437' title='bbox 358 3229 1939 3346; x_wconf 50' lang='lat' dir='ltr'><strong>&#39;gﬁo;;°;;,};g;</strong></span> <span class='ocrx_word' id='word_1_438' title='bbox 1962 3229 2014 3298; x_wconf 61' lang='grc' dir='ltr'>α</span> <span class='ocrx_word' id='word_1_439' title='bbox 2046 3229 2152 3308; x_wconf 71' lang='lat' dir='ltr'><strong>non</strong></span> <span class='ocrx_word' id='word_1_440' title='bbox 2180 3229 2263 3346; x_wconf 82' lang='lat' dir='ltr'><strong>est</strong></span> <span class='ocrx_word' id='word_1_441' title='bbox 2291 3249 2510 3306; x_wconf 88' lang='lat' dir='ltr'><strong>dubium</strong></span> <span class='ocrx_word' id='word_1_442' title='bbox 2532 3262 2691 3321; x_wconf 81' lang='lat' dir='ltr'><strong>posse</strong></span> <span class='ocrx_word' id='word_1_443' title='bbox 2709 3248 2948 3313; x_wconf 87' lang='lat' dir='ltr'><strong>mentiri,</strong></span> <span class='ocrx_word' id='word_1_444' title='bbox 2980 3256 3038 3305; x_wconf 91' lang='lat' dir='ltr'><strong>ut</strong></span> <span class='ocrx_word' id='word_1_445' title='bbox 3065 3246 3316 3346; x_wconf 74' lang='lat' dir='ltr'><strong>quoniam</strong></span> <span class='ocrx_word' id='word_1_446' title='bbox 3337 3259 3493 3346; x_wconf 35' lang='grc' dir='ltr'><strong>,νει-θ</strong></span> <span class='ocrx_word' id='word_1_447' title='bbox 3518 3244 3625 3303; x_wconf 82' lang='lat' dir='ltr'><strong>sint</strong></span> 
     </span>
    </p>
   </div>
   <div class='ocr_carea' id='block_1_62' title="bbox 359 3364 1937 3437">
    <p class='ocr_par' dir='ltr' id='par_1_62' title="bbox 359 3364 1937 3437">
     <span class='ocr_line' id='line_1_62' title="bbox 359 3364 1937 3437; baseline -0.002 -14"><span class='ocrx_word' id='word_1_448' title='bbox 359 3369 519 3434; x_wconf 90' lang='lat' dir='ltr'><strong>tiunt,</strong></span> <span class='ocrx_word' id='word_1_449' title='bbox 550 3366 599 3421; x_wconf 91' lang='lat' dir='ltr'><strong>si</strong></span> <span class='ocrx_word' id='word_1_450' title='bbox 637 3367 780 3427; x_wconf 87' lang='lat' dir='ltr'><strong>enim</strong></span> <span class='ocrx_word' id='word_1_451' title='bbox 834 3368 1169 3425; x_wconf 85' lang='lat' dir='ltr'><strong>universales</strong></span> <span class='ocrx_word' id='word_1_452' title='bbox 1221 3366 1280 3423; x_wconf 88' lang='lat' dir='ltr'><strong>in</strong></span> <span class='ocrx_word' id='word_1_453' title='bbox 1335 3368 1561 3423; x_wconf 86' lang='lat' dir='ltr'><strong>veritate</strong></span> <span class='ocrx_word' id='word_1_454' title='bbox 1610 3364 1937 3437; x_wconf 74' lang='lat' dir='ltr'><strong>praecedant,</strong></span> 
     </span>
    </p>
   </div>
   <div class='ocr_carea' id='block_1_63' title="bbox 359 3457 1943 3532">
    <p class='ocr_par' dir='ltr' id='par_1_63' title="bbox 359 3457 1943 3532">
     <span class='ocr_line' id='line_1_63' title="bbox 359 3457 1943 3532; baseline -0.002 -17"><span class='ocrx_word' id='word_1_455' title='bbox 359 3460 707 3532; x_wconf 80' lang='lat' dir='ltr'><strong>particulares</strong></span> <span class='ocrx_word' id='word_1_456' title='bbox 728 3474 885 3516; x_wconf 88' lang='lat' dir='ltr'><strong>veras</strong></span> <span class='ocrx_word' id='word_1_457' title='bbox 908 3473 1030 3517; x_wconf 87' lang='lat' dir='ltr'><strong>esse</strong></span> <span class='ocrx_word' id='word_1_458' title='bbox 1058 3474 1281 3517; x_wconf 86' lang='lat' dir='ltr'><strong>necesse</strong></span> <span class='ocrx_word' id='word_1_459' title='bbox 1327 3466 1433 3525; x_wconf 88' lang='lat' dir='ltr'><strong>est,</strong></span> <span class='ocrx_word' id='word_1_460' title='bbox 1465 3467 1523 3514; x_wconf 91' lang='lat' dir='ltr'><strong>ut</strong></span> <span class='ocrx_word' id='word_1_461' title='bbox 1549 3457 1596 3514; x_wconf 88' lang='lat' dir='ltr'><strong>si</strong></span> <span class='ocrx_word' id='word_1_462' title='bbox 1650 3458 1770 3527; x_wconf 90' lang='lat' dir='ltr'><strong>quis</strong></span> <span class='ocrx_word' id='word_1_463' title='bbox 1825 3457 1943 3513; x_wconf 86' lang='lat' dir='ltr'><strong>uni-</strong></span> 
     </span>
    </p>
   </div>
   <div class='ocr_carea' id='block_1_64' title="bbox 361 3548 1945 3621">
    <p class='ocr_par' dir='ltr' id='par_1_64' title="bbox 361 3548 1945 3621">
     <span class='ocr_line' id='line_1_64' title="bbox 361 3548 1945 3621; baseline -0.004 -12"><span class='ocrx_word' id='word_1_464' title='bbox 361 3554 639 3610; x_wconf 82' lang='lat' dir='ltr'><strong>versaliter</strong></span> <span class='ocrx_word' id='word_1_465' title='bbox 654 3552 969 3609; x_wconf 88' lang='lat' dir='ltr'><strong>afﬁrmando</strong></span> <span class='ocrx_word' id='word_1_466' title='bbox 995 3559 1277 3621; x_wconf 86' lang='lat' dir='ltr'><strong>proponat,</strong></span> <span class='ocrx_word' id='word_1_467' title='bbox 1296 3564 1514 3606; x_wconf 90' lang='lat' dir='ltr'><strong>omnem</strong></span> <span class='ocrx_word' id='word_1_468' title='bbox 1537 3548 1810 3604; x_wconf 83' lang='lat' dir='ltr'><strong>hominem</strong></span> <span class='ocrx_word' id='word_1_469' title='bbox 1828 3548 1945 3603; x_wconf 86' lang='lat' dir='ltr'><strong>ani-</strong></span> 
     </span>
    </p>
   </div>
   <div class='ocr_carea' id='block_1_65' title="bbox 361 3639 1945 3713">
    <p class='ocr_par' dir='ltr' id='par_1_65' title="bbox 361 3639 1945 3713">
     <span class='ocr_line' id='line_1_65' title="bbox 361 3639 1945 3713; baseline -0.004 -12"><span class='ocrx_word' id='word_1_470' title='bbox 361 3646 491 3713; x_wconf 85' lang='lat' dir='ltr'><strong>mal,</strong></span> <span class='ocrx_word' id='word_1_471' title='bbox 522 3660 583 3700; x_wconf 89' lang='lat' dir='ltr'><strong>ea</strong></span> <span class='ocrx_word' id='word_1_472' title='bbox 612 3661 732 3701; x_wconf 91' lang='lat' dir='ltr'><strong>cum</strong></span> <span class='ocrx_word' id='word_1_473' title='bbox 770 3645 841 3700; x_wconf 90' lang='lat' dir='ltr'><strong>sit</strong></span> <span class='ocrx_word' id='word_1_474' title='bbox 871 3659 1017 3713; x_wconf 78' lang='lat' dir='ltr'><strong>vera,</strong></span> <span class='ocrx_word' id='word_1_475' title='bbox 1048 3642 1388 3713; x_wconf 88' lang='lat' dir='ltr'><strong>particularis</strong></span> <span class='ocrx_word' id='word_1_476' title='bbox 1421 3642 1522 3698; x_wconf 88' lang='lat' dir='ltr'><strong>sibi</strong></span> <span class='ocrx_word' id='word_1_477' title='bbox 1572 3639 1945 3699; x_wconf 77' lang='lat' dir='ltr'><strong>afﬁrmationis</strong></span> 
     </span>
    </p>
   </div>
   <div class='ocr_carea' id='block_1_66' title="bbox 362 3732 1945 3804">
    <p class='ocr_par' dir='ltr' id='par_1_66' title="bbox 362 3732 1945 3804">
     <span class='ocr_line' id='line_1_66' title="bbox 362 3732 1945 3804; baseline -0.001 -13"><span class='ocrx_word' id='word_1_478' title='bbox 362 3736 644 3795; x_wconf 76' lang='lat' dir='ltr'><strong>veritatem</strong></span> <span class='ocrx_word' id='word_1_479' title='bbox 672 3736 922 3793; x_wconf 80' lang='lat' dir='ltr'><strong>comitem</strong></span> <span class='ocrx_word' id='word_1_480' title='bbox 957 3735 1139 3802; x_wconf 88' lang='lat' dir='ltr'><strong>trahit,</strong></span> <span class='ocrx_word' id='word_1_481' title='bbox 1161 3750 1224 3792; x_wconf 84' lang='lat' dir='ltr'><strong>ea</strong></span> <span class='ocrx_word' id='word_1_482' title='bbox 1257 3749 1385 3789; x_wconf 86' lang='lat' dir='ltr'><strong>vero</strong></span> <span class='ocrx_word' id='word_1_483' title='bbox 1411 3744 1513 3799; x_wconf 85' lang='lat' dir='ltr'><strong>est,</strong></span> <span class='ocrx_word' id='word_1_484' title='bbox 1538 3732 1756 3804; x_wconf 88' lang='lat' dir='ltr'><strong>quidam</strong></span> <span class='ocrx_word' id='word_1_485' title='bbox 1781 3732 1945 3789; x_wconf 88' lang='lat' dir='ltr'><strong>homo</strong></span> 
     </span>
    </p>
   </div>
   <div class='ocr_carea' id='block_1_67' title="bbox 364 3822 1944 3885">
    <p class='ocr_par' dir='ltr' id='par_1_67' title="bbox 364 3822 1944 3885">
     <span class='ocr_line' id='line_1_67' title="bbox 364 3822 1944 3885; baseline -0.003 -3"><span class='ocrx_word' id='word_1_486' title='bbox 364 3829 559 3885; x_wconf 88' lang='lat' dir='ltr'><strong>animal</strong></span> <span class='ocrx_word' id='word_1_487' title='bbox 588 3836 689 3885; x_wconf 92' lang='lat' dir='ltr'><strong>est.</strong></span> <span class='ocrx_word' id='word_1_488' title='bbox 719 3827 849 3883; x_wconf 86' lang='lat' dir='ltr'><strong>Nam</strong></span> <span class='ocrx_word' id='word_1_489' title='bbox 878 3828 920 3881; x_wconf 88' lang='lat' dir='ltr'><strong>si</strong></span> <span class='ocrx_word' id='word_1_490' title='bbox 958 3841 1143 3881; x_wconf 89' lang='lat' dir='ltr'><strong>verum</strong></span> <span class='ocrx_word' id='word_1_491' title='bbox 1165 3836 1248 3882; x_wconf 90' lang='lat' dir='ltr'><strong>est</strong></span> <span class='ocrx_word' id='word_1_492' title='bbox 1275 3840 1489 3880; x_wconf 90' lang='lat' dir='ltr'><strong>omnem</strong></span> <span class='ocrx_word' id='word_1_493' title='bbox 1518 3822 1791 3880; x_wconf 90' lang='lat' dir='ltr'><strong>hominem</strong></span> <span class='ocrx_word' id='word_1_494' title='bbox 1818 3837 1944 3879; x_wconf 88' lang='lat' dir='ltr'><strong>esse</strong></span> 
     </span>
    </p>
   </div>
   <div class='ocr_carea' id='block_1_68' title="bbox 363 3914 1950 3988">
    <p class='ocr_par' dir='ltr' id='par_1_68' title="bbox 363 3914 1950 3988">
     <span class='ocr_line' id='line_1_68' title="bbox 363 3914 1950 3988; baseline -0.003 -13"><span class='ocrx_word' id='word_1_495' title='bbox 363 3920 582 3988; x_wconf 82' lang='lat' dir='ltr'><strong>animal,</strong></span> <span class='ocrx_word' id='word_1_496' title='bbox 613 3935 798 3975; x_wconf 89' lang='lat' dir='ltr'><strong>verum</strong></span> <span class='ocrx_word' id='word_1_497' title='bbox 821 3928 903 3975; x_wconf 91' lang='lat' dir='ltr'><strong>est</strong></span> <span class='ocrx_word' id='word_1_498' title='bbox 924 3933 1043 3973; x_wconf 90' lang='lat' dir='ltr'><strong>esse</strong></span> <span class='ocrx_word' id='word_1_499' title='bbox 1069 3916 1333 3987; x_wconf 86' lang='lat' dir='ltr'><strong>aliquem;</strong></span> <span class='ocrx_word' id='word_1_500' title='bbox 1362 3917 1489 3972; x_wconf 90' lang='lat' dir='ltr'><strong>item</strong></span> <span class='ocrx_word' id='word_1_501' title='bbox 1521 3916 1566 3972; x_wconf 87' lang='lat' dir='ltr'><strong>si</strong></span> <span class='ocrx_word' id='word_1_502' title='bbox 1591 3916 1712 3986; x_wconf 93' lang='lat' dir='ltr'><strong>quis</strong></span> <span class='ocrx_word' id='word_1_503' title='bbox 1736 3914 1950 3971; x_wconf 86' lang='lat' dir='ltr'><strong>univer-</strong></span> 
     </span>
    </p>
   </div>
   <div class='ocr_carea' id='block_1_69' title="bbox 364 4007 1950 4078">
    <p class='ocr_par' dir='ltr' id='par_1_69' title="bbox 364 4007 1950 4078">
     <span class='ocr_line' id='line_1_69' title="bbox 364 4007 1950 4078; baseline -0.005 -9"><span class='ocrx_word' id='word_1_504' title='bbox 364 4012 549 4069; x_wconf 82' lang='lat' dir='ltr'><strong>saliter</strong></span> <span class='ocrx_word' id='word_1_505' title='bbox 577 4011 818 4068; x_wconf 90' lang='lat' dir='ltr'><strong>enuntiet</strong></span> <span class='ocrx_word' id='word_1_506' title='bbox 862 4010 1064 4066; x_wconf 91' lang='lat' dir='ltr'><strong>nullum</strong></span> <span class='ocrx_word' id='word_1_507' title='bbox 1119 4010 1387 4075; x_wconf 87' lang='lat' dir='ltr'><strong>hominem</strong></span> <span class='ocrx_word' id='word_1_508' title='bbox 1437 4024 1557 4065; x_wconf 89' lang='lat' dir='ltr'><strong>esse</strong></span> <span class='ocrx_word' id='word_1_509' title='bbox 1585 4007 1839 4078; x_wconf 87' lang='lat' dir='ltr'><strong>lapidem,</strong></span> <span class='ocrx_word' id='word_1_510' title='bbox 1892 4017 1950 4062; x_wconf 90' lang='lat' dir='ltr'><strong>et</strong></span> 
     </span>
    </p>
   </div>
   <div class='ocr_carea' id='block_1_70' title="bbox 370 4101 1977 4173">
    <p class='ocr_par' dir='ltr' id='par_1_70' title="bbox 370 4101 1977 4173">
     <span class='ocr_line' id='line_1_70' title="bbox 370 4101 1977 4173; baseline 0.001 -18"><span class='ocrx_word' id='word_1_511' title='bbox 370 4118 557 4158; x_wconf 87' lang='lat' dir='ltr'><strong>verum</strong></span> <span class='ocrx_word' id='word_1_512' title='bbox 586 4103 799 4170; x_wconf 79' lang='lat' dir='ltr'><strong>dixerit,</strong></span> <span class='ocrx_word' id='word_1_513' title='bbox 831 4103 1069 4173; x_wconf 86' lang='lat' dir='ltr'><strong>subjecta</strong></span> <span class='ocrx_word' id='word_1_514' title='bbox 1123 4104 1175 4160; x_wconf 93' lang='lat' dir='ltr'><strong>ei</strong></span> <span class='ocrx_word' id='word_1_515' title='bbox 1207 4103 1545 4173; x_wconf 78' lang='lat' dir='ltr'><strong>partietilaris</strong></span> <span class='ocrx_word' id='word_1_516' title='bbox 1572 4104 1785 4173; x_wconf 78' lang='lat' dir='ltr'><strong>negatio</strong></span> <span class='ocrx_word' id='word_1_517' title='bbox 1808 4101 1946 4157; x_wconf 90' lang='lat' dir='ltr'><strong>idem</strong></span> <span class='ocrx_word' id='word_1_518' title='bbox 1972 4142 1977 4145; x_wconf 63' lang='grc' dir='ltr'><strong>ς</strong></span> 
     </span>
    </p>
   </div>
   <div class='ocr_carea' id='block_1_71' title="bbox 367 4191 1949 4264">
    <p class='ocr_par' dir='ltr' id='par_1_71' title="bbox 367 4191 1949 4264">
     <span class='ocr_line' id='line_1_71' title="bbox 367 4191 1949 4264; baseline -0.004 -11"><span class='ocrx_word' id='word_1_519' title='bbox 367 4196 590 4261; x_wconf 89' lang='lat' dir='ltr'><strong>retinet,</strong></span> <span class='ocrx_word' id='word_1_520' title='bbox 623 4210 717 4251; x_wconf 90' lang='lat' dir='ltr'><strong>nec</strong></span> <span class='ocrx_word' id='word_1_521' title='bbox 747 4196 1002 4252; x_wconf 87' lang='lat' dir='ltr'><strong>mentitur</strong></span> <span class='ocrx_word' id='word_1_522' title='bbox 1028 4195 1116 4259; x_wconf 77' lang='lat' dir='ltr'><strong>qui</strong></span> <span class='ocrx_word' id='word_1_523' title='bbox 1142 4194 1336 4257; x_wconf 82' lang='lat' dir='ltr'><strong>dixerit</strong></span> <span class='ocrx_word' id='word_1_524' title='bbox 1372 4193 1657 4264; x_wconf 89' lang='lat' dir='ltr'><strong>quemdam</strong></span> <span class='ocrx_word' id='word_1_525' title='bbox 1679 4191 1949 4248; x_wconf 88' lang='lat' dir='ltr'><strong>hominem</strong></span> 
     </span>
    </p>
   </div>
   <div class='ocr_carea' id='block_1_72' title="bbox 367 4282 1951 4356">
    <p class='ocr_par' dir='ltr' id='par_1_72' title="bbox 367 4282 1951 4356">
     <span class='ocr_line' id='line_1_72' title="bbox 367 4282 1951 4356; baseline -0.003 -15"><span class='ocrx_word' id='word_1_526' title='bbox 367 4286 601 4356; x_wconf 75' lang='lat' dir='ltr'><strong>lapidem</strong></span> <span class='ocrx_word' id='word_1_527' title='bbox 629 4302 731 4343; x_wconf 89' lang='lat' dir='ltr'><strong>non</strong></span> <span class='ocrx_word' id='word_1_528' title='bbox 763 4286 1022 4354; x_wconf 85' lang='lat' dir='ltr'><strong>esse;ita</strong></span> <span class='ocrx_word' id='word_1_529' title='bbox 1073 4285 1233 4356; x_wconf 79' lang='lat' dir='ltr'><strong>igitur</strong></span> <span class='ocrx_word' id='word_1_530' title='bbox 1277 4284 1665 4347; x_wconf 88' lang='lat' dir='ltr'><strong>universalibus</strong></span> <span class='ocrx_word' id='word_1_531' title='bbox 1715 4282 1951 4338; x_wconf 86' lang='lat' dir='ltr'><strong>afﬁrma-</strong></span> 
     </span>
    </p>
   </div>
   <div class='ocr_carea' id='block_1_73' title="bbox 371 4373 1953 4447">
    <p class='ocr_par' dir='ltr' id='par_1_73' title="bbox 371 4373 1953 4447">
     <span class='ocr_line' id='line_1_73' title="bbox 371 4373 1953 4447; baseline -0.003 -15"><span class='ocrx_word' id='word_1_532' title='bbox 371 4379 516 4432; x_wconf 90' lang='lat' dir='ltr'><strong>tione</strong></span> <span class='ocrx_word' id='word_1_533' title='bbox 561 4392 622 4432; x_wconf 91' lang='lat' dir='ltr'><strong>ac</strong></span> <span class='ocrx_word' id='word_1_534' title='bbox 651 4377 930 4447; x_wconf 83' lang='lat' dir='ltr'><strong>negatione</strong></span> <span class='ocrx_word' id='word_1_535' title='bbox 962 4391 1090 4433; x_wconf 89' lang='lat' dir='ltr'><strong>vera</strong></span> <span class='ocrx_word' id='word_1_536' title='bbox 1121 4375 1461 4442; x_wconf 90' lang='lat' dir='ltr'><strong>dicentibus,</strong></span> <span class='ocrx_word' id='word_1_537' title='bbox 1511 4373 1850 4445; x_wconf 89' lang='lat' dir='ltr'><strong>particularis</strong></span> <span class='ocrx_word' id='word_1_538' title='bbox 1876 4373 1953 4427; x_wconf 89' lang='lat' dir='ltr'><strong>af-</strong></span> 
     </span>
    </p>
   </div>
   <div class='ocr_carea' id='block_1_74' title="bbox 374 4467 1949 4540">
    <p class='ocr_par' dir='ltr' id='par_1_74' title="bbox 374 4467 1949 4540">
     <span class='ocr_line' id='line_1_74' title="bbox 374 4467 1949 4540; baseline 0.001 -18"><span class='ocrx_word' id='word_1_539' title='bbox 374 4467 603 4524; x_wconf 85' lang='lat' dir='ltr'><strong>ﬁrmatio</strong></span> <span class='ocrx_word' id='word_1_540' title='bbox 635 4478 689 4523; x_wconf 92' lang='lat' dir='ltr'><strong>et</strong></span> <span class='ocrx_word' id='word_1_541' title='bbox 719 4469 929 4540; x_wconf 72' lang='lat' dir='ltr'><strong>negatio</strong></span> <span class='ocrx_word' id='word_1_542' title='bbox 982 4484 1163 4524; x_wconf 87' lang='lat' dir='ltr'><strong>veram</strong></span> <span class='ocrx_word' id='word_1_543' title='bbox 1196 4467 1579 4524; x_wconf 89' lang='lat' dir='ltr'><strong>universalium</strong></span> <span class='ocrx_word' id='word_1_544' title='bbox 1625 4467 1949 4524; x_wconf 88' lang='lat' dir='ltr'><strong>sententiam</strong></span> 
     </span>
    </p>
   </div>
   <div class='ocr_carea' id='block_1_75' title="bbox 372 4557 1953 4630">
    <p class='ocr_par' dir='ltr' id='par_1_75' title="bbox 372 4557 1953 4630">
     <span class='ocr_line' id='line_1_75' title="bbox 372 4557 1953 4630; baseline 0 -15"><span class='ocrx_word' id='word_1_545' title='bbox 372 4569 790 4630; x_wconf 75' lang='lat' dir='ltr'><strong>consequuntur.</strong></span> <span class='ocrx_word' id='word_1_546' title='bbox 815 4561 885 4613; x_wconf 84' lang='lat' dir='ltr'><strong>At</strong></span> <span class='ocrx_word' id='word_1_547' title='bbox 908 4559 955 4614; x_wconf 90' lang='lat' dir='ltr'><strong>si</strong></span> <span class='ocrx_word' id='word_1_548' title='bbox 994 4560 1325 4615; x_wconf 86' lang='lat' dir='ltr'><strong>universales</strong></span> <span class='ocrx_word' id='word_1_549' title='bbox 1360 4557 1509 4627; x_wconf 64' lang='lat' dir='ltr'><strong>falsas</strong></span> <span class='ocrx_word' id='word_1_550' title='bbox 1556 4558 1685 4629; x_wconf 87' lang='lat' dir='ltr'><strong>sint,</strong></span> <span class='ocrx_word' id='word_1_551' title='bbox 1721 4574 1824 4612; x_wconf 90' lang='lat' dir='ltr'><strong>non</strong></span> <span class='ocrx_word' id='word_1_552' title='bbox 1856 4572 1953 4615; x_wconf 86' lang='lat' dir='ltr'><strong>ne-</strong></span> 
     </span>
    </p>
   </div>
   <div class='ocr_carea' id='block_1_76' title="bbox 2028 3336 3626 3425">
    <p class='ocr_par' dir='ltr' id='par_1_76' title="bbox 2028 3336 3626 3425">
     <span class='ocr_line' id='line_1_76' title="bbox 2028 3336 3626 3425; baseline -0.004 -26"><span class='ocrx_word' id='word_1_553' title='bbox 2028 3343 2388 3425; x_wconf 30' lang='lat' dir='ltr'><strong>.particulares</strong></span> <span class='ocrx_word' id='word_1_554' title='bbox 2406 3357 2529 3425; x_wconf 54' lang='lat' dir='ltr'><strong>qua;</strong></span> <span class='ocrx_word' id='word_1_555' title='bbox 2547 3348 2851 3414; x_wconf 87' lang='lat' dir='ltr'><strong>proponunt</strong></span> <span class='ocrx_word' id='word_1_556' title='bbox 2893 3338 3178 3412; x_wconf 89' lang='lat' dir='ltr'><strong>quemdam</strong></span> <span class='ocrx_word' id='word_1_557' title='bbox 3209 3336 3478 3403; x_wconf 87' lang='lat' dir='ltr'><strong>hominem</strong></span> <span class='ocrx_word' id='word_1_558' title='bbox 3504 3348 3626 3395; x_wconf 75' lang='lat' dir='ltr'><strong>esse</strong></span> 
     </span>
    </p>
   </div>
   <div class='ocr_carea' id='block_1_77' title="bbox 2038 3421 3637 3509">
    <p class='ocr_par' dir='ltr' id='par_1_77' title="bbox 2038 3421 3637 3509">
     <span class='ocr_line' id='line_1_77' title="bbox 2038 3421 3637 3509; baseline -0.006 -17"><span class='ocrx_word' id='word_1_559' title='bbox 2038 3440 2267 3509; x_wconf 84' lang='lat' dir='ltr'><strong>justum,</strong></span> <span class='ocrx_word' id='word_1_560' title='bbox 2302 3443 2359 3491; x_wconf 89' lang='lat' dir='ltr'><strong>et</strong></span> <span class='ocrx_word' id='word_1_561' title='bbox 2384 3421 2674 3509; x_wconf 81' lang='lat' dir='ltr'><strong>quemdam</strong></span> <span class='ocrx_word' id='word_1_562' title='bbox 2701 3432 2979 3489; x_wconf 89' lang='lat' dir='ltr'><strong>hominem</strong></span> <span class='ocrx_word' id='word_1_563' title='bbox 3007 3445 3113 3487; x_wconf 90' lang='lat' dir='ltr'><strong>non</strong></span> <span class='ocrx_word' id='word_1_564' title='bbox 3137 3443 3261 3487; x_wconf 81' lang='lat' dir='ltr'><strong>esse</strong></span> <span class='ocrx_word' id='word_1_565' title='bbox 3282 3428 3509 3500; x_wconf 80' lang='lat' dir='ltr'><strong>justum,</strong></span> <span class='ocrx_word' id='word_1_566' title='bbox 3539 3428 3637 3483; x_wconf 75' lang='lat' dir='ltr'><strong>his</strong></span> 
     </span>
    </p>
   </div>
   <div class='ocr_carea' id='block_1_78' title="bbox 2046 3519 3626 3599">
    <p class='ocr_par' dir='ltr' id='par_1_78' title="bbox 2046 3519 3626 3599">
     <span class='ocr_line' id='line_1_78' title="bbox 2046 3519 3626 3599; baseline -0.006 -15"><span class='ocrx_word' id='word_1_567' title='bbox 2046 3530 2351 3599; x_wconf 87' lang='lat' dir='ltr'><strong>suppositas</strong></span> <span class='ocrx_word' id='word_1_568' title='bbox 2379 3525 2710 3583; x_wconf 88' lang='lat' dir='ltr'><strong>universales</strong></span> <span class='ocrx_word' id='word_1_569' title='bbox 2735 3522 2897 3581; x_wconf 83' lang='lat' dir='ltr'><strong>falsas</strong></span> <span class='ocrx_word' id='word_1_570' title='bbox 2922 3536 3044 3581; x_wconf 85' lang='lat' dir='ltr'><strong>esse</strong></span> <span class='ocrx_word' id='word_1_571' title='bbox 3064 3519 3405 3579; x_wconf 85' lang='lat' dir='ltr'><strong>manifestum</strong></span> <span class='ocrx_word' id='word_1_572' title='bbox 3431 3527 3535 3586; x_wconf 89' lang='lat' dir='ltr'><strong>est,</strong></span> <span class='ocrx_word' id='word_1_573' title='bbox 3568 3526 3626 3575; x_wconf 87' lang='lat' dir='ltr'><strong>ut</strong></span> 
     </span>
    </p>
   </div>
   <div class='ocr_carea' id='block_1_79' title="bbox 2046 3600 3622 3690">
    <p class='ocr_par' dir='ltr' id='par_1_79' title="bbox 2046 3600 3622 3690">
     <span class='ocr_line' id='line_1_79' title="bbox 2046 3600 3622 3690; baseline -0.007 -14"><span class='ocrx_word' id='word_1_574' title='bbox 2046 3634 2111 3676; x_wconf 92' lang='lat' dir='ltr'><strong>ea</strong></span> <span class='ocrx_word' id='word_1_575' title='bbox 2137 3633 2257 3690; x_wconf 70' lang='lat' dir='ltr'><strong>qua:</strong></span> <span class='ocrx_word' id='word_1_576' title='bbox 2278 3618 2426 3687; x_wconf 89' lang='lat' dir='ltr'><strong>dicit,</strong></span> <span class='ocrx_word' id='word_1_577' title='bbox 2455 3617 2627 3673; x_wconf 90' lang='lat' dir='ltr'><strong>omnis</strong></span> <span class='ocrx_word' id='word_1_578' title='bbox 2650 3616 2812 3673; x_wconf 89' lang='lat' dir='ltr'><strong>homo</strong></span> <span class='ocrx_word' id='word_1_579' title='bbox 2834 3600 3011 3684; x_wconf 74' lang='lat' dir='ltr'><strong>juStus</strong></span> <span class='ocrx_word' id='word_1_580' title='bbox 3039 3621 3145 3678; x_wconf 83' lang='lat' dir='ltr'><strong>est,</strong></span> <span class='ocrx_word' id='word_1_581' title='bbox 3177 3621 3233 3667; x_wconf 92' lang='lat' dir='ltr'><strong>et</strong></span> <span class='ocrx_word' id='word_1_582' title='bbox 3261 3609 3440 3667; x_wconf 85' lang='lat' dir='ltr'><strong>nullus</strong></span> <span class='ocrx_word' id='word_1_583' title='bbox 3460 3611 3622 3666; x_wconf 86' lang='lat' dir='ltr'><strong>homo</strong></span> 
     </span>
    </p>
   </div>
   <div class='ocr_carea' id='block_1_80' title="bbox 2042 3701 3627 3784">
    <p class='ocr_par' dir='ltr' id='par_1_80' title="bbox 2042 3701 3627 3784">
     <span class='ocr_line' id='line_1_80' title="bbox 2042 3701 3627 3784; baseline -0.006 -16"><span class='ocrx_word' id='word_1_584' title='bbox 2042 3714 2223 3784; x_wconf 85' lang='lat' dir='ltr'><strong>justus</strong></span> <span class='ocrx_word' id='word_1_585' title='bbox 2250 3719 2351 3769; x_wconf 86' lang='lat' dir='ltr'><strong>est.</strong></span> <span class='ocrx_word' id='word_1_586' title='bbox 2379 3710 2447 3768; x_wconf 78' lang='lat' dir='ltr'><strong>At</strong></span> <span class='ocrx_word' id='word_1_587' title='bbox 2466 3711 2509 3765; x_wconf 93' lang='lat' dir='ltr'><strong>si</strong></span> <span class='ocrx_word' id='word_1_588' title='bbox 2533 3708 2659 3781; x_wconf 89' lang='lat' dir='ltr'><strong>quid</strong></span> <span class='ocrx_word' id='word_1_589' title='bbox 2689 3708 2797 3767; x_wconf 88' lang='lat' dir='ltr'><strong>tale</strong></span> <span class='ocrx_word' id='word_1_590' title='bbox 2824 3706 3111 3771; x_wconf 78' lang='lat' dir='ltr'><strong>afﬁrmatio</strong></span> <span class='ocrx_word' id='word_1_591' title='bbox 3138 3701 3479 3774; x_wconf 82' lang='lat' dir='ltr'><strong>particularis</strong></span> <span class='ocrx_word' id='word_1_592' title='bbox 3504 3715 3627 3773; x_wconf 85' lang='lat' dir='ltr'><strong>pro-</strong></span> 
     </span>
    </p>
   </div>
   <div class='ocr_carea' id='block_1_81' title="bbox 2048 3791 3623 3874">
    <p class='ocr_par' dir='ltr' id='par_1_81' title="bbox 2048 3791 3623 3874">
     <span class='ocr_line' id='line_1_81' title="bbox 2048 3791 3623 3874; baseline -0.008 -13"><span class='ocrx_word' id='word_1_593' title='bbox 2048 3805 2259 3861; x_wconf 90' lang='lat' dir='ltr'><strong>nuntiet</strong></span> <span class='ocrx_word' id='word_1_594' title='bbox 2285 3818 2390 3874; x_wconf 91' lang='lat' dir='ltr'><strong>quo</strong></span> <span class='ocrx_word' id='word_1_595' title='bbox 2426 3801 2725 3873; x_wconf 80' lang='lat' dir='ltr'><strong>subjectum</strong></span> <span class='ocrx_word' id='word_1_596' title='bbox 2772 3812 2957 3857; x_wconf 82' lang='lat' dir='ltr'><strong>carere</strong></span> <span class='ocrx_word' id='word_1_597' title='bbox 3008 3811 3112 3851; x_wconf 90' lang='lat' dir='ltr'><strong>non</strong></span> <span class='ocrx_word' id='word_1_598' title='bbox 3141 3794 3332 3866; x_wconf 83' lang='lat' dir='ltr'><strong>possit,</strong></span> <span class='ocrx_word' id='word_1_599' title='bbox 3362 3808 3492 3852; x_wconf 85' lang='lat' dir='ltr'><strong>vera</strong></span> <span class='ocrx_word' id='word_1_600' title='bbox 3518 3791 3623 3849; x_wconf 88' lang='lat' dir='ltr'><strong>erit</strong></span> 
     </span>
    </p>
   </div>
   <div class='ocr_carea' id='block_1_82' title="bbox 2049 3883 3627 3969">
    <p class='ocr_par' dir='ltr' id='par_1_82' title="bbox 2049 3883 3627 3969">
     <span class='ocr_line' id='line_1_82' title="bbox 2049 3883 3627 3969; baseline -0.01 -14"><span class='ocrx_word' id='word_1_601' title='bbox 2049 3896 2390 3969; x_wconf 87' lang='lat' dir='ltr'><strong>superposita</strong></span> <span class='ocrx_word' id='word_1_602' title='bbox 2422 3893 2708 3950; x_wconf 83' lang='lat' dir='ltr'><strong>affirmatio</strong></span> <span class='ocrx_word' id='word_1_603' title='bbox 2754 3887 3112 3957; x_wconf 86' lang='lat' dir='ltr'><strong>universalis,</strong></span> <span class='ocrx_word' id='word_1_604' title='bbox 3161 3896 3217 3943; x_wconf 88' lang='lat' dir='ltr'><strong>ut</strong></span> <span class='ocrx_word' id='word_1_605' title='bbox 3262 3900 3383 3944; x_wconf 89' lang='lat' dir='ltr'><strong>cum</strong></span> <span class='ocrx_word' id='word_1_606' title='bbox 3433 3883 3627 3955; x_wconf 85' lang='lat' dir='ltr'><strong>aliquis</strong></span> 
     </span>
    </p>
   </div>
   <div class='ocr_carea' id='block_1_83' title="bbox 2050 3979 3622 4063">
    <p class='ocr_par' dir='ltr' id='par_1_83' title="bbox 2050 3979 3622 4063">
     <span class='ocr_line' id='line_1_83' title="bbox 2050 3979 3622 4063; baseline -0.01 -13"><span class='ocrx_word' id='word_1_607' title='bbox 2050 3992 2293 4050; x_wconf 89' lang='lat' dir='ltr'><strong>enuntiat</strong></span> <span class='ocrx_word' id='word_1_608' title='bbox 2319 3990 2605 4063; x_wconf 84' lang='lat' dir='ltr'><strong>quemdam</strong></span> <span class='ocrx_word' id='word_1_609' title='bbox 2650 3986 2920 4043; x_wconf 86' lang='lat' dir='ltr'><strong>hominem</strong></span> <span class='ocrx_word' id='word_1_610' title='bbox 2947 4000 3070 4040; x_wconf 89' lang='lat' dir='ltr'><strong>esse</strong></span> <span class='ocrx_word' id='word_1_611' title='bbox 3094 3982 3311 4048; x_wconf 88' lang='lat' dir='ltr'><strong>animal,</strong></span> <span class='ocrx_word' id='word_1_612' title='bbox 3345 3980 3469 4039; x_wconf 85' lang='lat' dir='ltr'><strong>huic</strong></span> <span class='ocrx_word' id='word_1_613' title='bbox 3507 3979 3622 4035; x_wconf 61' lang='lat' dir='ltr'><strong>uniu-</strong></span> 
     </span>
    </p>
   </div>
   <div class='ocr_carea' id='block_1_84' title="bbox 2052 4074 3629 4145">
    <p class='ocr_par' dir='ltr' id='par_1_84' title="bbox 2052 4074 3629 4145">
     <span class='ocr_line' id='line_1_84' title="bbox 2052 4074 3629 4145; baseline -0.009 -3"><span class='ocrx_word' id='word_1_614' title='bbox 2052 4084 2278 4145; x_wconf 69' lang='lat' dir='ltr'><strong>versalis</strong></span> <span class='ocrx_word' id='word_1_615' title='bbox 2301 4081 2587 4140; x_wconf 88' lang='lat' dir='ltr'><strong>afﬁrmatio</strong></span> <span class='ocrx_word' id='word_1_616' title='bbox 2615 4081 2671 4136; x_wconf 91' lang='lat' dir='ltr'><strong>in</strong></span> <span class='ocrx_word' id='word_1_617' title='bbox 2701 4081 2930 4133; x_wconf 86' lang='lat' dir='ltr'><strong>veritate</strong></span> <span class='ocrx_word' id='word_1_618' title='bbox 2950 4074 3235 4137; x_wconf 90' lang='lat' dir='ltr'><strong>consentit,</strong></span> <span class='ocrx_word' id='word_1_619' title='bbox 3266 4087 3384 4143; x_wconf 68' lang='lat' dir='ltr'><strong>qua:</strong></span> <span class='ocrx_word' id='word_1_620' title='bbox 3414 4082 3494 4139; x_wconf 86' lang='lat' dir='ltr'><strong>est</strong></span> <span class='ocrx_word' id='word_1_621' title='bbox 3517 4085 3629 4131; x_wconf 61' lang='lat' dir='ltr'><strong>omn</strong></span> 
     </span>
    </p>
   </div>
   <div class='ocr_carea' id='block_1_85' title="bbox 2054 4162 3631 4236">
    <p class='ocr_par' dir='ltr' id='par_1_85' title="bbox 2054 4162 3631 4236">
     <span class='ocr_line' id='line_1_85' title="bbox 2054 4162 3631 4236; baseline -0.01 -3"><span class='ocrx_word' id='word_1_622' title='bbox 2054 4179 2137 4233; x_wconf 81' lang='lat' dir='ltr'><strong>nis</strong></span> <span class='ocrx_word' id='word_1_623' title='bbox 2160 4177 2320 4233; x_wconf 90' lang='lat' dir='ltr'><strong>homo</strong></span> <span class='ocrx_word' id='word_1_624' title='bbox 2347 4174 2542 4229; x_wconf 89' lang='lat' dir='ltr'><strong>animal</strong></span> <span class='ocrx_word' id='word_1_625' title='bbox 2571 4180 2675 4228; x_wconf 89' lang='lat' dir='ltr'><strong>est.</strong></span> <span class='ocrx_word' id='word_1_626' title='bbox 2699 4172 2770 4226; x_wconf 81' lang='lat' dir='ltr'><strong>At</strong></span> <span class='ocrx_word' id='word_1_627' title='bbox 2813 4168 2862 4224; x_wconf 88' lang='lat' dir='ltr'><strong>si</strong></span> <span class='ocrx_word' id='word_1_628' title='bbox 2901 4167 3028 4236; x_wconf 88' lang='lat' dir='ltr'><strong>quid</strong></span> <span class='ocrx_word' id='word_1_629' title='bbox 3062 4164 3391 4236; x_wconf 80' lang='lat' dir='ltr'><strong>particularis</strong></span> <span class='ocrx_word' id='word_1_630' title='bbox 3422 4162 3631 4234; x_wconf 78' lang='lat' dir='ltr'><strong>negatio</strong></span> 
     </span>
    </p>
   </div>
   <div class='ocr_carea' id='block_1_86' title="bbox 2055 4253 3625 4338">
    <p class='ocr_par' dir='ltr' id='par_1_86' title="bbox 2055 4253 3625 4338">
     <span class='ocr_line' id='line_1_86' title="bbox 2055 4253 3625 4338; baseline -0.012 -13"><span class='ocrx_word' id='word_1_631' title='bbox 2055 4269 2161 4327; x_wconf 89' lang='lat' dir='ltr'><strong>tale</strong></span> <span class='ocrx_word' id='word_1_632' title='bbox 2188 4273 2468 4338; x_wconf 88' lang='lat' dir='ltr'><strong>proponat,</strong></span> <span class='ocrx_word' id='word_1_633' title='bbox 2487 4261 2633 4334; x_wconf 88' lang='lat' dir='ltr'><strong>quod</strong></span> <span class='ocrx_word' id='word_1_634' title='bbox 2659 4262 2902 4329; x_wconf 83' lang='lat' dir='ltr'><strong>subjecto</strong></span> <span class='ocrx_word' id='word_1_635' title='bbox 2924 4263 3153 4329; x_wconf 77' lang='lat' dir='ltr'><strong>nequeat</strong></span> <span class='ocrx_word' id='word_1_636' title='bbox 3179 4254 3464 4313; x_wconf 65' lang='lat' dir='ltr'><strong>inhaerere.</strong></span> <span class='ocrx_word' id='word_1_637' title='bbox 3483 4253 3625 4307; x_wconf 86' lang='lat' dir='ltr'><strong>veri-</strong></span> 
     </span>
    </p>
   </div>
   <div class='ocr_carea' id='block_1_87' title="bbox 2053 4343 3631 4431">
    <p class='ocr_par' dir='ltr' id='par_1_87' title="bbox 2053 4343 3631 4431">
     <span class='ocr_line' id='line_1_87' title="bbox 2053 4343 3631 4431; baseline -0.011 -14"><span class='ocrx_word' id='word_1_638' title='bbox 2053 4371 2218 4417; x_wconf 89' lang='lat' dir='ltr'><strong>tatem</strong></span> <span class='ocrx_word' id='word_1_639' title='bbox 2268 4356 2598 4431; x_wconf 86' lang='lat' dir='ltr'><strong>particularis</strong></span> <span class='ocrx_word' id='word_1_640' title='bbox 2647 4352 2946 4423; x_wconf 85' lang='lat' dir='ltr'><strong>negationis</strong></span> <span class='ocrx_word' id='word_1_641' title='bbox 2988 4345 3308 4403; x_wconf 89' lang='lat' dir='ltr'><strong>universalis</strong></span> <span class='ocrx_word' id='word_1_642' title='bbox 3372 4343 3631 4413; x_wconf 77' lang='lat' dir='ltr'><strong>negativae</strong></span> 
     </span>
    </p>
   </div>
   <div class='ocr_carea' id='block_1_88' title="bbox 2054 4434 3634 4513">
    <p class='ocr_par' dir='ltr' id='par_1_88' title="bbox 2054 4434 3634 4513">
     <span class='ocr_line' id='line_1_88' title="bbox 2054 4434 3634 4513; baseline -0.011 -3"><span class='ocrx_word' id='word_1_643' title='bbox 2054 4453 2252 4510; x_wconf 87' lang='lat' dir='ltr'><strong>veritas</strong></span> <span class='ocrx_word' id='word_1_644' title='bbox 2281 4462 2502 4506; x_wconf 81' lang='lat' dir='ltr'><strong>necesse</strong></span> <span class='ocrx_word' id='word_1_645' title='bbox 2528 4455 2609 4503; x_wconf 87' lang='lat' dir='ltr'><strong>est</strong></span> <span class='ocrx_word' id='word_1_646' title='bbox 2627 4451 3006 4513; x_wconf 84' lang='lat' dir='ltr'><strong>consequatur,</strong></span> <span class='ocrx_word' id='word_1_647' title='bbox 3041 4448 3098 4495; x_wconf 92' lang='lat' dir='ltr'><strong>ut</strong></span> <span class='ocrx_word' id='word_1_648' title='bbox 3120 4453 3243 4496; x_wconf 87' lang='lat' dir='ltr'><strong>cum</strong></span> <span class='ocrx_word' id='word_1_649' title='bbox 3274 4436 3469 4509; x_wconf 90' lang='lat' dir='ltr'><strong>aliquis</strong></span> <span class='ocrx_word' id='word_1_650' title='bbox 3496 4434 3634 4492; x_wconf 83' lang='lat' dir='ltr'><strong>dicit</strong></span> 
     </span>
    </p>
   </div>
   <div class='ocr_carea' id='block_1_89' title="bbox 2056 4527 3634 4617">
    <p class='ocr_par' dir='ltr' id='par_1_89' title="bbox 2056 4527 3634 4617">
     <span class='ocr_line' id='line_1_89' title="bbox 2056 4527 3634 4617; baseline -0.011 -17"><span class='ocrx_word' id='word_1_651' title='bbox 2056 4543 2342 4617; x_wconf 90' lang='lat' dir='ltr'><strong>quemdam</strong></span> <span class='ocrx_word' id='word_1_652' title='bbox 2368 4540 2637 4596; x_wconf 88' lang='lat' dir='ltr'><strong>hominem</strong></span> <span class='ocrx_word' id='word_1_653' title='bbox 2662 4536 2892 4607; x_wconf 86' lang='lat' dir='ltr'><strong>lapidem</strong></span> <span class='ocrx_word' id='word_1_654' title='bbox 2917 4548 3022 4591; x_wconf 85' lang='lat' dir='ltr'><strong>non</strong></span> <span class='ocrx_word' id='word_1_655' title='bbox 3054 4546 3195 4603; x_wconf 87' lang='lat' dir='ltr'><strong>esse,</strong></span> <span class='ocrx_word' id='word_1_656' title='bbox 3228 4538 3488 4586; x_wconf 90' lang='lat' dir='ltr'><strong>consonat</strong></span> <span class='ocrx_word' id='word_1_657' title='bbox 3514 4527 3634 4583; x_wconf 87' lang='lat' dir='ltr'><strong>uni-</strong></span> 
     </span>
    </p>
   </div>
   <div class='ocr_carea' id='block_1_90' title="bbox 371 4620 1936 4719">
    <p class='ocr_par' dir='ltr' id='par_1_90' title="bbox 371 4648 1936 4719">
     <span class='ocr_line' id='line_1_90' title="bbox 371 4648 1936 4719; baseline -0.003 -14"><span class='ocrx_word' id='word_1_658' title='bbox 371 4663 524 4706; x_wconf 88' lang='lat' dir='ltr'><strong>cesse</strong></span> <span class='ocrx_word' id='word_1_659' title='bbox 551 4660 633 4704; x_wconf 88' lang='lat' dir='ltr'><strong>est</strong></span> <span class='ocrx_word' id='word_1_660' title='bbox 666 4648 1015 4718; x_wconf 86' lang='lat' dir='ltr'><strong>particulares</strong></span> <span class='ocrx_word' id='word_1_661' title='bbox 1070 4648 1456 4703; x_wconf 86' lang='lat' dir='ltr'><strong>universalium</strong></span> <span class='ocrx_word' id='word_1_662' title='bbox 1504 4661 1772 4705; x_wconf 90' lang='lat' dir='ltr'><strong>consensu</strong></span> <span class='ocrx_word' id='word_1_663' title='bbox 1813 4663 1936 4719; x_wconf 76' lang='lat' dir='ltr'><strong>pra:-</strong></span> 
     </span>
    </p>
   </div>
   <div class='ocr_carea' id='block_1_91' title="bbox 2037 4620 3631 4719">
    <p class='ocr_par' dir='ltr' id='par_1_91' title="bbox 2055 4620 3631 4700">
     <span class='ocr_line' id='line_1_91' title="bbox 2055 4620 3631 4700; baseline -0.009 -7"><span class='ocrx_word' id='word_1_664' title='bbox 2055 4637 2280 4692; x_wconf 87' lang='lat' dir='ltr'><strong>versalis</strong></span> <span class='ocrx_word' id='word_1_665' title='bbox 2326 4633 2526 4690; x_wconf 90' lang='lat' dir='ltr'><strong>veritas</strong></span> <span class='ocrx_word' id='word_1_666' title='bbox 2551 4626 2929 4700; x_wconf 87' lang='lat' dir='ltr'><strong>propositionis</strong></span> <span class='ocrx_word' id='word_1_667' title='bbox 2967 4639 3088 4697; x_wconf 74' lang='lat' dir='ltr'><strong>quae</strong></span> <span class='ocrx_word' id='word_1_668' title='bbox 3120 4623 3323 4683; x_wconf 69' lang='lat' dir='ltr'><strong>nullum</strong></span> <span class='ocrx_word' id='word_1_669' title='bbox 3362 4620 3631 4679; x_wconf 86' lang='lat' dir='ltr'><strong>hominem</strong></span> 
     </span>
    </p>
   </div>
   <div class='ocr_carea' id='block_1_92' title="bbox 344 4741 1951 4814">
    <p class='ocr_par' dir='ltr' id='par_1_92' title="bbox 344 4741 1951 4814">
     <span class='ocr_line' id='line_1_92' title="bbox 344 4741 1951 4814; baseline 0.001 -15"><span class='ocrx_word' id='word_1_670' title='bbox 344 4741 501 4799; x_wconf 82' lang='lat' dir='ltr'><strong>-here</strong></span> <span class='ocrx_word' id='word_1_671' title='bbox 542 4742 904 4807; x_wconf 85' lang='lat' dir='ltr'><strong>mendacium,</strong></span> <span class='ocrx_word' id='word_1_672' title='bbox 952 4742 1099 4797; x_wconf 87' lang='lat' dir='ltr'><strong>velut</strong></span> <span class='ocrx_word' id='word_1_673' title='bbox 1157 4745 1209 4796; x_wconf 91' lang='lat' dir='ltr'><strong>in</strong></span> <span class='ocrx_word' id='word_1_674' title='bbox 1256 4741 1339 4798; x_wconf 87' lang='lat' dir='ltr'><strong>his</strong></span> <span class='ocrx_word' id='word_1_675' title='bbox 1393 4742 1780 4798; x_wconf 85' lang='lat' dir='ltr'><strong>universalibus</strong></span> <span class='ocrx_word' id='word_1_676' title='bbox 1832 4758 1951 4814; x_wconf 69' lang='lat' dir='ltr'><strong>qua:</strong></span> 
     </span>
    </p>
   </div>
   <div class='ocr_carea' id='block_1_93' title="bbox 372 4833 1951 4905">
    <p class='ocr_par' dir='ltr' id='par_1_93' title="bbox 372 4833 1951 4905">
     <span class='ocr_line' id='line_1_93' title="bbox 372 4833 1951 4905; baseline 0.001 -18"><span class='ocrx_word' id='word_1_677' title='bbox 372 4843 677 4905; x_wconf 89' lang='lat' dir='ltr'><strong>proponunt</strong></span> <span class='ocrx_word' id='word_1_678' title='bbox 728 4848 940 4889; x_wconf 91' lang='lat' dir='ltr'><strong>omnem</strong></span> <span class='ocrx_word' id='word_1_679' title='bbox 975 4833 1243 4888; x_wconf 90' lang='lat' dir='ltr'><strong>hominem</strong></span> <span class='ocrx_word' id='word_1_680' title='bbox 1293 4849 1413 4889; x_wconf 82' lang='lat' dir='ltr'><strong>esse</strong></span> <span class='ocrx_word' id='word_1_681' title='bbox 1436 4834 1662 4904; x_wconf 86' lang='lat' dir='ltr'><strong>justum,</strong></span> <span class='ocrx_word' id='word_1_682' title='bbox 1695 4834 1780 4891; x_wconf 88' lang='lat' dir='ltr'><strong>vel</strong></span> <span class='ocrx_word' id='word_1_683' title='bbox 1833 4834 1951 4889; x_wconf 80' lang='lat' dir='ltr'><strong>nul-</strong></span> 
     </span>
    </p>
   </div>
   <div class='ocr_carea' id='block_1_94' title="bbox 374 4925 1952 4996">
    <p class='ocr_par' dir='ltr' id='par_1_94' title="bbox 374 4925 1952 4996">
     <span class='ocr_line' id='line_1_94' title="bbox 374 4925 1952 4996; baseline -0.003 -12"><span class='ocrx_word' id='word_1_684' title='bbox 374 4926 485 4984; x_wconf 85' lang='lat' dir='ltr'><strong>lum</strong></span> <span class='ocrx_word' id='word_1_685' title='bbox 511 4927 780 4982; x_wconf 90' lang='lat' dir='ltr'><strong>hominem</strong></span> <span class='ocrx_word' id='word_1_686' title='bbox 811 4941 930 4982; x_wconf 89' lang='lat' dir='ltr'><strong>esse</strong></span> <span class='ocrx_word' id='word_1_687' title='bbox 968 4925 1195 4996; x_wconf 86' lang='lat' dir='ltr'><strong>justum,</strong></span> <span class='ocrx_word' id='word_1_688' title='bbox 1226 4942 1344 4996; x_wconf 85' lang='lat' dir='ltr'><strong>quae</strong></span> <span class='ocrx_word' id='word_1_689' title='bbox 1396 4942 1517 4981; x_wconf 89' lang='lat' dir='ltr'><strong>cum</strong></span> <span class='ocrx_word' id='word_1_690' title='bbox 1551 4942 1653 4981; x_wconf 90' lang='lat' dir='ltr'><strong>una</strong></span> <span class='ocrx_word' id='word_1_691' title='bbox 1704 4926 1776 4982; x_wconf 88' lang='lat' dir='ltr'><strong>sit</strong></span> <span class='ocrx_word' id='word_1_692' title='bbox 1802 4926 1952 4981; x_wconf 80' lang='lat' dir='ltr'><strong>affir-</strong></span> 
     </span>
    </p>
   </div>
   <div class='ocr_carea' id='block_1_95' title="bbox 372 5018 1949 5091">
    <p class='ocr_par' dir='ltr' id='par_1_95' title="bbox 372 5018 1949 5091">
     <span class='ocr_line' id='line_1_95' title="bbox 372 5018 1949 5091; baseline -0.001 -14"><span class='ocrx_word' id='word_1_693' title='bbox 372 5021 559 5089; x_wconf 88' lang='lat' dir='ltr'><strong>matio,</strong></span> <span class='ocrx_word' id='word_1_694' title='bbox 587 5022 752 5076; x_wconf 89' lang='lat' dir='ltr'><strong>altera</strong></span> <span class='ocrx_word' id='word_1_695' title='bbox 776 5022 1022 5091; x_wconf 83' lang='lat' dir='ltr'><strong>negatio,</strong></span> <span class='ocrx_word' id='word_1_696' title='bbox 1072 5029 1309 5091; x_wconf 60' lang='lat' dir='ltr'><strong>utrasque</strong></span> <span class='ocrx_word' id='word_1_697' title='bbox 1352 5030 1474 5075; x_wconf 89' lang='lat' dir='ltr'><strong>sunt</strong></span> <span class='ocrx_word' id='word_1_698' title='bbox 1503 5018 1649 5076; x_wconf 74' lang='lat' dir='ltr'><strong>falsa:</strong></span> <span class='ocrx_word' id='word_1_699' title='bbox 1680 5037 1696 5086; x_wconf 90' lang='lat'><strong>;</strong></span> <span class='ocrx_word' id='word_1_700' title='bbox 1730 5019 1824 5076; x_wconf 88' lang='lat' dir='ltr'><strong>sed</strong></span> <span class='ocrx_word' id='word_1_701' title='bbox 1856 5035 1949 5076; x_wconf 88' lang='lat' dir='ltr'><strong>eas</strong></span> 
     </span>
    </p>
   </div>
   <div class='ocr_carea' id='block_1_96' title="bbox 374 5111 1952 5183">
    <p class='ocr_par' dir='ltr' id='par_1_96' title="bbox 374 5111 1952 5183">
     <span class='ocr_line' id='line_1_96' title="bbox 374 5111 1952 5183; baseline -0.001 -16"><span class='ocrx_word' id='word_1_702' title='bbox 374 5112 774 5183; x_wconf 86' lang='lat' dir='ltr'><strong>particularium</strong></span> <span class='ocrx_word' id='word_1_703' title='bbox 825 5112 1023 5169; x_wconf 84' lang='lat' dir='ltr'><strong>falsitas</strong></span> <span class='ocrx_word' id='word_1_704' title='bbox 1075 5127 1181 5166; x_wconf 92' lang='lat' dir='ltr'><strong>non</strong></span> <span class='ocrx_word' id='word_1_705' title='bbox 1222 5126 1289 5167; x_wconf 80' lang='lat' dir='ltr'><strong>ex</strong></span> <span class='ocrx_word' id='word_1_706' title='bbox 1319 5112 1637 5167; x_wconf 86' lang='lat' dir='ltr'><strong>necessitate</strong></span> <span class='ocrx_word' id='word_1_707' title='bbox 1666 5111 1952 5182; x_wconf 87' lang='lat' dir='ltr'><strong>consequi-</strong></span> 
     </span>
    </p>
   </div>
   <div class='ocr_carea' id='block_1_97' title="bbox 372 5202 1951 5275">
    <p class='ocr_par' dir='ltr' id='par_1_97' title="bbox 372 5202 1951 5275">
     <span class='ocr_line' id='line_1_97' title="bbox 372 5202 1951 5275; baseline -0.001 -16"><span class='ocrx_word' id='word_1_708' title='bbox 372 5213 479 5270; x_wconf 90' lang='lat' dir='ltr'><strong>tur,</strong></span> <span class='ocrx_word' id='word_1_709' title='bbox 515 5220 634 5259; x_wconf 91' lang='lat' dir='ltr'><strong>nam</strong></span> <span class='ocrx_word' id='word_1_710' title='bbox 663 5213 716 5259; x_wconf 88' lang='lat' dir='ltr'><strong>et</strong></span> <span class='ocrx_word' id='word_1_711' title='bbox 766 5206 1047 5274; x_wconf 85' lang='lat' dir='ltr'><strong>quemdam</strong></span> <span class='ocrx_word' id='word_1_712' title='bbox 1088 5203 1362 5259; x_wconf 82' lang='lat' dir='ltr'><strong>hominem</strong></span> <span class='ocrx_word' id='word_1_713' title='bbox 1414 5219 1533 5260; x_wconf 84' lang='lat' dir='ltr'><strong>esse</strong></span> <span class='ocrx_word' id='word_1_714' title='bbox 1565 5202 1793 5275; x_wconf 77' lang='lat' dir='ltr'><strong>iustum.</strong></span> <span class='ocrx_word' id='word_1_715' title='bbox 1834 5217 1951 5273; x_wconf 76' lang='lat' dir='ltr'><strong>qua:</strong></span> 
     </span>
    </p>
   </div>
   <div class='ocr_carea' id='block_1_98' title="bbox 374 5296 1955 5377">
    <p class='ocr_par' dir='ltr' id='par_1_98' title="bbox 374 5296 1955 5377">
     <span class='ocr_line' id='line_1_98' title="bbox 374 5296 1955 5377; baseline 0.001 -28"><span class='ocrx_word' id='word_1_716' title='bbox 374 5298 705 5377; x_wconf 75' lang='lat' dir='ltr'><strong>pzirticularis</strong></span> <span class='ocrx_word' id='word_1_717' title='bbox 726 5307 807 5353; x_wconf 87' lang='lat' dir='ltr'><strong>est</strong></span> <span class='ocrx_word' id='word_1_718' title='bbox 836 5299 1141 5364; x_wconf 88' lang='lat' dir='ltr'><strong>afﬁrmatio,</strong></span> <span class='ocrx_word' id='word_1_719' title='bbox 1193 5312 1320 5354; x_wconf 91' lang='lat' dir='ltr'><strong>vere</strong></span> <span class='ocrx_word' id='word_1_720' title='bbox 1350 5297 1468 5369; x_wconf 90' lang='lat' dir='ltr'><strong>quis</strong></span> <span class='ocrx_word' id='word_1_721' title='bbox 1515 5296 1748 5361; x_wconf 78' lang='lat' dir='ltr'><strong>dixerit,</strong></span> <span class='ocrx_word' id='word_1_722' title='bbox 1794 5303 1955 5364; x_wconf 85' lang='lat' dir='ltr'><strong>atque</strong></span> 
     </span>
    </p>
   </div>
   <div class='ocr_carea' id='block_1_99' title="bbox 374 5390 1951 5460">
    <p class='ocr_par' dir='ltr' id='par_1_99' title="bbox 374 5390 1951 5460">
     <span class='ocr_line' id='line_1_99' title="bbox 374 5390 1951 5460; baseline -0.004 -12"><span class='ocrx_word' id='word_1_723' title='bbox 374 5393 496 5449; x_wconf 87' lang='lat' dir='ltr'><strong>ideo</strong></span> <span class='ocrx_word' id='word_1_724' title='bbox 526 5392 670 5448; x_wconf 88' lang='lat' dir='ltr'><strong>falsis</strong></span> <span class='ocrx_word' id='word_1_725' title='bbox 697 5390 1113 5455; x_wconf 82' lang='lat' dir='ltr'><strong>universalibus,</strong></span> <span class='ocrx_word' id='word_1_726' title='bbox 1138 5391 1491 5460; x_wconf 89' lang='lat' dir='ltr'><strong>particulares</strong></span> <span class='ocrx_word' id='word_1_727' title='bbox 1524 5404 1679 5444; x_wconf 87' lang='lat' dir='ltr'><strong>veras</strong></span> <span class='ocrx_word' id='word_1_728' title='bbox 1700 5402 1817 5445; x_wconf 87' lang='lat' dir='ltr'><strong>esse</strong></span> <span class='ocrx_word' id='word_1_729' title='bbox 1846 5403 1951 5442; x_wconf 93' lang='lat' dir='ltr'><strong>non</strong></span> 
     </span>
    </p>
   </div>
   <div class='ocr_carea' id='block_1_100' title="bbox 375 5478 1953 5550">
    <p class='ocr_par' dir='ltr' id='par_1_100' title="bbox 375 5478 1953 5550">
     <span class='ocr_line' id='line_1_100' title="bbox 375 5478 1953 5550; baseline -0.004 -13"><span class='ocrx_word' id='word_1_730' title='bbox 375 5498 597 5538; x_wconf 87' lang='lat' dir='ltr'><strong>necesse</strong></span> <span class='ocrx_word' id='word_1_731' title='bbox 625 5482 907 5550; x_wconf 66' lang='lat' dir='ltr'><strong>estlQuod</strong></span> <span class='ocrx_word' id='word_1_732' title='bbox 939 5483 1080 5537; x_wconf 92' lang='lat' dir='ltr'><strong>enim</strong></span> <span class='ocrx_word' id='word_1_733' title='bbox 1112 5481 1433 5536; x_wconf 85' lang='lat' dir='ltr'><strong>universalis</strong></span> <span class='ocrx_word' id='word_1_734' title='bbox 1490 5479 1778 5534; x_wconf 86' lang='lat' dir='ltr'><strong>afﬁrmatio</strong></span> <span class='ocrx_word' id='word_1_735' title='bbox 1823 5478 1953 5532; x_wconf 89' lang='lat' dir='ltr'><strong>falsa</strong></span> 
     </span>
    </p>
   </div>
   <div class='ocr_carea' id='block_1_101' title="bbox 376 5572 1957 5645">
    <p class='ocr_par' dir='ltr' id='par_1_101' title="bbox 376 5572 1957 5645">
     <span class='ocr_line' id='line_1_101' title="bbox 376 5572 1957 5645; baseline -0.004 -12"><span class='ocrx_word' id='word_1_736' title='bbox 376 5578 585 5634; x_wconf 89' lang='lat' dir='ltr'><strong>dicatur</strong></span> <span class='ocrx_word' id='word_1_737' title='bbox 611 5593 822 5635; x_wconf 85' lang='lat' dir='ltr'><strong>onmem</strong></span> <span class='ocrx_word' id='word_1_738' title='bbox 880 5576 1151 5632; x_wconf 89' lang='lat' dir='ltr'><strong>hominem</strong></span> <span class='ocrx_word' id='word_1_739' title='bbox 1180 5591 1298 5631; x_wconf 55' lang='lat' dir='ltr'><strong>essu:</strong></span> <span class='ocrx_word' id='word_1_740' title='bbox 1336 5573 1591 5645; x_wconf 90' lang='lat' dir='ltr'><strong>lapidem,</strong></span> <span class='ocrx_word' id='word_1_741' title='bbox 1623 5582 1767 5628; x_wconf 79' lang='lat' dir='ltr'><strong>errat</strong></span> <span class='ocrx_word' id='word_1_742' title='bbox 1796 5572 1957 5642; x_wconf 81' lang='lat' dir='ltr'><strong>parti-</strong></span> 
     </span>
    </p>
   </div>
   <div class='ocr_carea' id='block_1_102' title="bbox 378 5663 1955 5741">
    <p class='ocr_par' dir='ltr' id='par_1_102' title="bbox 378 5663 1955 5741">
     <span class='ocr_line' id='line_1_102' title="bbox 378 5663 1955 5741; baseline -0.006 -11"><span class='ocrx_word' id='word_1_743' title='bbox 378 5672 573 5730; x_wconf 83' lang='lat' dir='ltr'><strong>eularis</strong></span> <span class='ocrx_word' id='word_1_744' title='bbox 601 5672 887 5729; x_wconf 85' lang='lat' dir='ltr'><strong>afﬁrmatio</strong></span> <span class='ocrx_word' id='word_1_745' title='bbox 932 5686 1051 5741; x_wconf 71' lang='lat' dir='ltr'><strong>qua:</strong></span> <span class='ocrx_word' id='word_1_746' title='bbox 1083 5668 1331 5741; x_wconf 88' lang='lat' dir='ltr'><strong>proponit</strong></span> <span class='ocrx_word' id='word_1_747' title='bbox 1356 5666 1643 5738; x_wconf 87' lang='lat' dir='ltr'><strong>quemdam</strong></span> <span class='ocrx_word' id='word_1_748' title='bbox 1684 5663 1955 5720; x_wconf 89' lang='lat' dir='ltr'><strong>hominem</strong></span> 
     </span>
    </p>
   </div>
   <div class='ocr_carea' id='block_1_103' title="bbox 2055 4711 3634 4800">
    <p class='ocr_par' dir='ltr' id='par_1_103' title="bbox 2055 4711 3634 4800">
     <span class='ocr_line' id='line_1_103' title="bbox 2055 4711 3634 4800; baseline -0.009 -15"><span class='ocrx_word' id='word_1_749' title='bbox 2055 4727 2287 4800; x_wconf 56' lang='lat' dir='ltr'><strong>lapidem</strong></span> <span class='ocrx_word' id='word_1_750' title='bbox 2306 4738 2428 4783; x_wconf 81' lang='lat' dir='ltr'><strong>esse</strong></span> <span class='ocrx_word' id='word_1_751' title='bbox 2476 4720 2822 4795; x_wconf 84' lang='lat' dir='ltr'><strong>pronuntiat:</strong></span> <span class='ocrx_word' id='word_1_752' title='bbox 2855 4731 2962 4791; x_wconf 90' lang='lat' dir='ltr'><strong>quo</strong></span> <span class='ocrx_word' id='word_1_753' title='bbox 3012 4716 3069 4770; x_wconf 94' lang='lat' dir='ltr'><strong>ﬁt</strong></span> <span class='ocrx_word' id='word_1_754' title='bbox 3119 4722 3175 4781; x_wconf 86' lang='lat' dir='ltr'><strong>ut</strong></span> <span class='ocrx_word' id='word_1_755' title='bbox 3204 4711 3634 4789; x_wconf 61' lang='lat' dir='ltr'><strong>priecsdentihus</strong></span> 
     </span>
    </p>
   </div>
   <div class='ocr_carea' id='block_1_104' title="bbox 2055 4806 3633 4895">
    <p class='ocr_par' dir='ltr' id='par_1_104' title="bbox 2055 4806 3633 4895">
     <span class='ocr_line' id='line_1_104' title="bbox 2055 4806 3633 4895; baseline -0.008 -22"><span class='ocrx_word' id='word_1_756' title='bbox 2055 4822 2269 4895; x_wconf 86' lang='lat' dir='ltr'><strong>quidem</strong></span> <span class='ocrx_word' id='word_1_757' title='bbox 2294 4814 2684 4875; x_wconf 89' lang='lat' dir='ltr'><strong>universalibus</strong></span> <span class='ocrx_word' id='word_1_758' title='bbox 2716 4812 2877 4881; x_wconf 84' lang='lat' dir='ltr'><strong>veris,</strong></span> <span class='ocrx_word' id='word_1_759' title='bbox 2924 4806 3273 4881; x_wconf 85' lang='lat' dir='ltr'><strong>particulares</strong></span> <span class='ocrx_word' id='word_1_760' title='bbox 3305 4820 3463 4863; x_wconf 86' lang='lat' dir='ltr'><strong>veras</strong></span> <span class='ocrx_word' id='word_1_761' title='bbox 3508 4819 3633 4867; x_wconf 78' lang='lat' dir='ltr'><strong>esse</strong></span> 
     </span>
    </p>
   </div>
   <div class='ocr_carea' id='block_1_105' title="bbox 2061 4896 3636 4979">
    <p class='ocr_par' dir='ltr' id='par_1_105' title="bbox 2061 4896 3636 4979">
     <span class='ocr_line' id='line_1_105' title="bbox 2061 4896 3636 4979; baseline -0.015 -9"><span class='ocrx_word' id='word_1_762' title='bbox 2061 4926 2286 4970; x_wconf 78' lang='lat' dir='ltr'><strong>necesse</strong></span> <span class='ocrx_word' id='word_1_763' title='bbox 2311 4910 2401 4973; x_wconf 88' lang='lat' dir='ltr'><strong>sit;</strong></span> <span class='ocrx_word' id='word_1_764' title='bbox 2434 4904 2858 4979; x_wconf 73' lang='lat' dir='ltr'><strong>praecedentibus</strong></span> <span class='ocrx_word' id='word_1_765' title='bbox 2906 4917 3033 4957; x_wconf 89' lang='lat' dir='ltr'><strong>vero</strong></span> <span class='ocrx_word' id='word_1_766' title='bbox 3060 4901 3113 4956; x_wconf 92' lang='lat' dir='ltr'><strong>in</strong></span> <span class='ocrx_word' id='word_1_767' title='bbox 3142 4898 3377 4955; x_wconf 88' lang='lat' dir='ltr'><strong>falsitate</strong></span> <span class='ocrx_word' id='word_1_768' title='bbox 3404 4896 3636 4970; x_wconf 82' lang='lat' dir='ltr'><strong>particu-</strong></span> 
     </span>
    </p>
   </div>
   <div class='ocr_carea' id='block_1_106' title="bbox 2061 4987 3635 5067">
    <p class='ocr_par' dir='ltr' id='par_1_106' title="bbox 2061 4987 3635 5067">
     <span class='ocr_line' id='line_1_106' title="bbox 2061 4987 3635 5067; baseline -0.014 -6"><span class='ocrx_word' id='word_1_769' title='bbox 2061 5004 2266 5062; x_wconf 90' lang='lat' dir='ltr'><strong>larihus</strong></span> <span class='ocrx_word' id='word_1_770' title='bbox 2297 5042 2312 5067; x_wconf 87' lang='lat'><strong>,</strong></span> <span class='ocrx_word' id='word_1_771' title='bbox 2385 4996 2771 5055; x_wconf 90' lang='lat' dir='ltr'><strong>universalium</strong></span> <span class='ocrx_word' id='word_1_772' title='bbox 2831 4993 3028 5051; x_wconf 83' lang='lat' dir='ltr'><strong>veritas</strong></span> <span class='ocrx_word' id='word_1_773' title='bbox 3064 4995 3190 5057; x_wconf 57' lang='lat' dir='ltr'><strong>Lnon</strong></span> <span class='ocrx_word' id='word_1_774' title='bbox 3243 4987 3635 5058; x_wconf 85' lang='lat' dir='ltr'><strong>subsequatur;</strong></span> 
     </span>
    </p>
   </div>
   <div class='ocr_carea' id='block_1_107' title="bbox 2060 5078 3638 5153">
    <p class='ocr_par' dir='ltr' id='par_1_107' title="bbox 2060 5078 3638 5153">
     <span class='ocr_line' id='line_1_107' title="bbox 2060 5078 3638 5153; baseline -0.01 0"><span class='ocrx_word' id='word_1_775' title='bbox 2060 5092 2399 5153; x_wconf 85' lang='lat' dir='ltr'><strong>manentibus</strong></span> <span class='ocrx_word' id='word_1_776' title='bbox 2456 5104 2583 5147; x_wconf 92' lang='lat' dir='ltr'><strong>vero</strong></span> <span class='ocrx_word' id='word_1_777' title='bbox 2632 5086 3024 5146; x_wconf 89' lang='lat' dir='ltr'><strong>universalibus</strong></span> <span class='ocrx_word' id='word_1_778' title='bbox 3075 5082 3243 5150; x_wconf 88' lang='lat' dir='ltr'><strong>falsis,</strong></span> <span class='ocrx_word' id='word_1_779' title='bbox 3297 5078 3638 5151; x_wconf 82' lang='lat' dir='ltr'><strong>particulares</strong></span> 
     </span>
    </p>
   </div>
   <div class='ocr_carea' id='block_1_108' title="bbox 2061 5175 3640 5244">
    <p class='ocr_par' dir='ltr' id='par_1_108' title="bbox 2061 5175 3640 5244">
     <span class='ocr_line' id='line_1_108' title="bbox 2061 5175 3640 5244; baseline -0.012 0"><span class='ocrx_word' id='word_1_780' title='bbox 2061 5184 2398 5244; x_wconf 87' lang='lat' dir='ltr'><strong>mendacium</strong></span> <span class='ocrx_word' id='word_1_781' title='bbox 2429 5181 2609 5239; x_wconf 89' lang='lat' dir='ltr'><strong>dicere</strong></span> <span class='ocrx_word' id='word_1_782' title='bbox 2658 5195 2760 5235; x_wconf 92' lang='lat' dir='ltr'><strong>non</strong></span> <span class='ocrx_word' id='word_1_783' title='bbox 2807 5180 2877 5233; x_wconf 90' lang='lat' dir='ltr'><strong>sit</strong></span> <span class='ocrx_word' id='word_1_784' title='bbox 2925 5191 3170 5243; x_wconf 70' lang='lat' dir='ltr'><strong>necesse,</strong></span> <span class='ocrx_word' id='word_1_785' title='bbox 3204 5175 3341 5231; x_wconf 88' lang='lat' dir='ltr'><strong>sicut</strong></span> <span class='ocrx_word' id='word_1_786' title='bbox 3392 5187 3459 5228; x_wconf 86' lang='lat' dir='ltr'><strong>ne</strong></span> <span class='ocrx_word' id='word_1_787' title='bbox 3513 5186 3640 5231; x_wconf 84' lang='lat' dir='ltr'><strong>vera</strong></span> 
     </span>
    </p>
   </div>
   <div class='ocr_carea' id='block_1_109' title="bbox 2060 5263 3641 5353">
    <p class='ocr_par' dir='ltr' id='par_1_109' title="bbox 2060 5263 3641 5353">
     <span class='ocr_line' id='line_1_109' title="bbox 2060 5263 3641 5353; baseline -0.013 -16"><span class='ocrx_word' id='word_1_788' title='bbox 2060 5280 2274 5353; x_wconf 89' lang='lat' dir='ltr'><strong>quidem</strong></span> <span class='ocrx_word' id='word_1_789' title='bbox 2301 5274 2708 5349; x_wconf 82' lang='lat' dir='ltr'><strong>particularihus</strong></span> <span class='ocrx_word' id='word_1_790' title='bbox 2739 5268 3179 5343; x_wconf 84' lang='lat' dir='ltr'><strong>pmponentihus,</strong></span> <span class='ocrx_word' id='word_1_791' title='bbox 3210 5280 3391 5321; x_wconf 88' lang='lat' dir='ltr'><strong>veram</strong></span> <span class='ocrx_word' id='word_1_792' title='bbox 3423 5263 3641 5320; x_wconf 84' lang='lat' dir='ltr'><strong>univer-</strong></span> 
     </span>
    </p>
   </div>
   <div class='ocr_carea' id='block_1_110' title="bbox 2062 5356 3641 5429">
    <p class='ocr_par' dir='ltr' id='par_1_110' title="bbox 2062 5356 3641 5429">
     <span class='ocr_line' id='line_1_110' title="bbox 2062 5356 3641 5429; baseline -0.013 -1"><span class='ocrx_word' id='word_1_793' title='bbox 2062 5372 2250 5429; x_wconf 91' lang='lat' dir='ltr'><strong>salium</strong></span> <span class='ocrx_word' id='word_1_794' title='bbox 2284 5383 2508 5427; x_wconf 86' lang='lat' dir='ltr'><strong>necesse</strong></span> <span class='ocrx_word' id='word_1_795' title='bbox 2533 5374 2764 5422; x_wconf 78' lang='lat' dir='ltr'><strong>estesse</strong></span> <span class='ocrx_word' id='word_1_796' title='bbox 2791 5363 3129 5419; x_wconf 87' lang='lat' dir='ltr'><strong>sententiam.</strong></span> <span class='ocrx_word' id='word_1_797' title='bbox 3165 5359 3227 5413; x_wconf 77' lang='lat' dir='ltr'><strong>Et</strong></span> <span class='ocrx_word' id='word_1_798' title='bbox 3274 5357 3377 5415; x_wconf 89' lang='lat' dir='ltr'><strong>hoc</strong></span> <span class='ocrx_word' id='word_1_799' title='bbox 3424 5356 3641 5427; x_wconf 86' lang='lat' dir='ltr'><strong>quidem</strong></span> 
     </span>
    </p>
   </div>
   <div class='ocr_carea' id='block_1_111' title="bbox 2062 5438 3641 5535">
    <p class='ocr_par' dir='ltr' id='par_1_111' title="bbox 2062 5438 3641 5535">
     <span class='ocr_line' id='line_1_111' title="bbox 2062 5438 3641 5535; baseline -0.014 -14"><span class='ocrx_word' id='word_1_800' title='bbox 2062 5463 2310 5535; x_wconf 81' lang='lat' dir='ltr'><strong>exempla</strong></span> <span class='ocrx_word' id='word_1_801' title='bbox 2334 5438 2667 5516; x_wconf 84' lang='lat' dir='ltr'><strong>docuerunt:</strong></span> <span class='ocrx_word' id='word_1_802' title='bbox 2692 5464 2749 5509; x_wconf 91' lang='lat' dir='ltr'><strong>ut</strong></span> <span class='ocrx_word' id='word_1_803' title='bbox 2805 5464 2980 5508; x_wconf 87' lang='lat' dir='ltr'><strong>autem</strong></span> <span class='ocrx_word' id='word_1_804' title='bbox 3000 5452 3151 5505; x_wconf 85' lang='lat' dir='ltr'><strong>firma</strong></span> <span class='ocrx_word' id='word_1_805' title='bbox 3180 5447 3641 5523; x_wconf 75' lang='lat' dir='ltr'><strong>demonstratione</strong></span> 
     </span>
    </p>
   </div>
   <div class='ocr_carea' id='block_1_112' title="bbox 2063 5548 3645 5629">
    <p class='ocr_par' dir='ltr' id='par_1_112' title="bbox 2063 5548 3645 5629">
     <span class='ocr_line' id='line_1_112' title="bbox 2063 5548 3645 5629; baseline -0.013 -7"><span class='ocrx_word' id='word_1_806' title='bbox 2063 5566 2358 5629; x_wconf 86' lang='lat' dir='ltr'><strong>clarescat,</strong></span> <span class='ocrx_word' id='word_1_807' title='bbox 2411 5560 2559 5618; x_wconf 90' lang='lat' dir='ltr'><strong>utilis</strong></span> <span class='ocrx_word' id='word_1_808' title='bbox 2613 5557 2682 5613; x_wconf 87' lang='lat' dir='ltr'><strong>ad</strong></span> <span class='ocrx_word' id='word_1_809' title='bbox 2730 5555 3048 5612; x_wconf 82' lang='lat' dir='ltr'><strong>evidentiam</strong></span> <span class='ocrx_word' id='word_1_810' title='bbox 3112 5565 3291 5613; x_wconf 84' lang='lat' dir='ltr'><strong>rorqu</strong></span> <span class='ocrx_word' id='word_1_811' title='bbox 3356 5548 3645 5621; x_wconf 81' lang='lat' dir='ltr'><strong>descriptio</strong></span> 
     </span>
    </p>
   </div>
   <div class='ocr_carea' id='block_1_113' title="bbox 2062 5667 2415 5735">
    <p class='ocr_par' dir='ltr' id='par_1_113' title="bbox 2062 5667 2415 5735">
     <span class='ocr_line' id='line_1_113' title="bbox 2062 5667 2415 5735; baseline -0.017 -16"><span class='ocrx_word' id='word_1_812' title='bbox 2062 5667 2415 5735; x_wconf 80' lang='lat' dir='ltr'><strong>praponatur.</strong></span> 
     </span>
    </p>
   </div>
  </div>
