4112 6332
506 344 609 402 775
1733 343 1837 399 ΑΝ.
1879 343 2085 400 MANL.

2193 342 2272 397 Ν.
2313 341 2535 399 ΒΟΕΤΙΙ

2110 460 2161 519 Α
2188 456 2282 512 lari
2311 473 2541 529 namque
2577 460 2858 531 negatione
2901 475 3023 517 vera
3047 501 3061 525 ,
3113 462 3430 518 universalis
3471 461 3764 520 affirmatio

512 634 804 687 L‘niversalis
821 633 1083 684 amnnatlo.
1171 630 1448 682 Contraria.
1539 627 1840 681 Universalis
1866 633 2079 692 negatio.

828 717 912 766 Ha:
934 725 1032 766 tum
1050 715 1271 764 dividunt
1293 727 1462 763 verum
1487 721 1541 764 et
1563 714 1753 770 falsum.

755 787 852 829 tum
872 777 1006 828 falsa
1028 784 1143 828 sunt
1166 784 1404 840 utraeque,
1439 790 1569 826 versa
1596 790 1837 839 nunquam

840 891 900 948 ὂς

593 867 614 903 t.
765 864 813 903 <
865 891 883 903 .
1789 862 1823 903 -'-
1973 863 2022 901 <

577 889 921 980 ἓέδῖε.

580 953 614 969 Β
781 953 798 965 ι
1788 955 1821 966 -
1975 953 2010 963 ’-

579 967 800 1032 ἓ...ἶ³.
876 953 1000 1032 ᾟθη-
1788 968 2010 1032 ἓξ.-ι.ῗ

568 1008 616 1054 .z.
643 1030 676 1054 ,ο
704 1017 800 1054 1::
930 1007 1022 1054 “ea.
1544 1007 1652 1054 ,θ’
1789 1007 1824 1054 ἒ
1852 1023 1882 1054 ις
1912 1011 2007 1050 :1:

580 1027 811 1098 ἐέε-Ξ,
951 1027 1022 1080 “e
1544 1027 1635 1084 καθ’
1789 1027 2009 1097 agas

582 1065 798 1130 agin‘
999 1062 1091 1130 00‘
1514 1073 1571 1119 κ’)
1793 1085 1946 1130 9”"
1977 1092 2022 1130 ἓ.

582 1108 678 1147 ”“.τ-’
763 1108 798 1130 ς
1037 1108 1091 1141 ιᾋ
1532 1108 1548 1119 ‘
1793 1108 2010 1139 '.'.'::r.<

573 1131 802 1187 $352.3
1099 1149 1156 1187 οι-
1466 1125 1517 1177 ὲ·
1787 1137 2011 1187 τεῖρε

580 1167 801 1242 ἒξεὲ
1099 1167 1215 1242 Ἥ»
1381 1167 1500 1242 ,θ’

580 1204 801 1257 θυῖε
1140 1204 1215 1256 "’a
1381 1204 1455 1261 εν
1794 1204 2072 1260 *ξ’-εεέ

519 1204 814 1305 ἓῧξξὲτ
1194 1240 1274 1305 oo.
1322 1249 1394 1305 sv}
1776 1242 2072 1305 255:7:

519 1249 676 1338 Ξὲξ
1177 1249 1274 1322 ’ἢν
1322 1249 1421 1322 κέν
1776 1249 1824 1341 Ξ
1853 1249 1887 1321 ἓ
1915 1249 2085 1330 EF?

519 1299 678 1360 ..ιι-ξὲ
765 1324 800 1352 4
1777 1324 1886 1360 s—u
1977 1331 2087 1360 4:

508 1341 678 1378 ’,τε-ἵν
766 1341 800 1368 7'
1777 1341 1885 1360 ‘-'
1977 1341 2079 1368 εἷ

647 1365 798 1381 ..Αν
1238 1378 1252 1381 ,γ
1854 1369 2072 1381 ..Α-«Α

509 1365 802 1458 Β-έὲἓι·
1195 1378 1274 1454 ῤ’
1325 1390 1377 1451 »ρ
1783 1369 2074 1461 έὲξςξξ

522 1442 802 1480 εηερη.
1152 1434 1209 1480 κδ
1366 1436 1432 1480 "1.,
1781 1441 2072 1480 25,-“

509 1450 802 1513 gﬁs'ém
1119 1450 1227 1510 {‘9'
1357 1450 1457 1530 φο)
1779 1450 2075 1507 λε’-’ἕἆέ

583 1495 809 1557 833.3
1106 1503 1155 1551 θ
1471 1541 1505 1557 ,
1793 1495 2018 1554 832a

571 1541 748 1585 .33.:-
1062 1541 1138 1595 ς*
1471 1541 1522 1593 ο(
1782 1541 2013 1582 ,ξῶέζσ-

577 1575 618 1615 t
669 1573 802 1615 ,ς’-’ρ
1021 1582 1077 1615 Αδ
1531 1589 1571 1615 Α
1789 1577 1829 1615 ’ζ
1883 1581 2013 1615 ,Ζτ

582 1595 618 1662 ξ
634 1610 694 1662 ,ἑ
707 1594 747 1662 ’ἐ
765 1589 804 1660 Ξ
984 1589 1077 1662 ass"
1528 1589 1617 1662 44,.
1794 1595 1827 1662 ἐξ
1917 1589 2013 1662 ’ἐξ

708 1639 742 1691 Ξ
769 1640 812 1686 στ’-
966 1639 1057 1697 ig?“
1547 1639 1630 1698 "‘90
1795 1639 1890 1688 ἐξ
1979 1644 2022 1686 2.

585 1705 619 1733 η
769 1687 815 1731 δ’
908 1729 924 1733 Α
944 1685 976 1719 ⁸³
1617 1684 1664 1733 ἦ
1793 1707 1825 1732 ω
1978 1694 2025 1733 Ξ·

572 1705 621 1782 ἓ
769 1705 976 1782 ἐκεῖ
1617 1705 1664 1733 ⁷ο
1781 1707 1828 1782 Ξ
1978 1713 2013 1782 ἓ

585 1777 621 1819 ε·
771 1777 818 1819 ιτ
848 1777 906 1810 ν
1779 1780 1827 1819 -·“
1979 1777 2027 1819 τ

573 1807 621 1844 α.
774 1807 803 1841 τ
876 1807 883 1810 '
1779 1811 1828 1847 ει.
1979 1807 2002 1848 ’ἲ

840 1868 927 1919 lite
952 1875 1051 1921 tum
1072 1872 1291 1923 dividunt
1317 1887 1483 1924 verum
1511 1882 1561 1923 et
1585 1874 1771 1935 falsum,

761 1939 860 1982 tum
886 1947 1017 1983 verre
1042 1944 1171 1996 sunt,
1201 1945 1422 2000 utra‘que
1447 1936 1576 1986 falsae
1603 1949 1846 1998 nunquam

516 2013 817 2064 Particularis
836 2015 1104 2066 afﬁrmatio.
1130 2017 1413 2068 Subcontrat
1430 2021 1505 2069 ite.
1548 2019 1854 2068 Particular'ts
1874 2019 2090 2080 negatio.

520 2316 599 2375 Ex
629 2317 707 2372 his
732 2330 860 2388 ergo
879 2333 999 2387 qure
1027 2317 1271 2388 superius
1301 2319 1437 2375 dicta
1488 2331 1606 2376 sunt
1659 2321 1879 2391 intelligi
1919 2331 2096 2394 potest

515 2409 808 2464 contrarias
844 2408 1059 2480 quidem
1092 2412 1171 2465 vel
1200 2427 1384 2467 verum
1416 2413 1555 2468 inter
1595 2429 1655 2470 se
1683 2414 1980 2486 falsumque
2012 2415 2096 2472 di-

514 2501 718 2568 videre,
737 2503 820 2557 vel
849 2503 1007 2558 simul
1035 2519 1190 2574 posse
1217 2506 1451 2573 mentiri,
1482 2523 1634 2562 veras
1660 2509 1818 2564 simul
1841 2525 1961 2565 esse
1988 2526 2093 2566 non

511 2610 699 2666 posse;
733 2596 1130 2653 subcontrarias
1170 2614 1299 2653 vero
1334 2599 1416 2654 vel
1455 2613 1708 2672 utrasque
1758 2618 1912 2658 veras
1949 2619 2090 2669 esse,

512 2690 594 2746 vel
630 2691 849 2746 alteram
879 2707 1083 2756 veram,
1116 2693 1335 2749 alteram
1370 2693 1579 2761 falsam,
1613 2711 1882 2766 nunquam
1915 2705 2094 2751 tamen

515 2782 670 2836 simul
702 2781 944 2852 proferre
983 2783 1354 2851 mendacium;
1388 2771 1672 2855 angulares
1715 2798 1890 2842 autem
1923 2803 2093 2858 neque

517 2875 572 2930 in
600 2876 821 2931 veritate
861 2892 1114 2946 unquam,
1168 2893 1340 2948 neque
1369 2879 1420 2932 in
1470 2879 1747 2934 mendacio
1775 2893 2092 2944 consonare,

458 2985 468 2994 ·
517 2966 609 3021 sed
641 2968 730 3021 uni
761 2981 972 3036 semper
1029 2983 1228 3036 veram,
1271 2969 1422 3023 alteri
1469 2984 1687 3037 semper
1734 2970 1918 3023 falsam
1975 2986 2097 3027 esse

519 3059 837 3113 sententiain
871 3077 883 3113 :
913 3074 1050 3114 nunc
1085 3059 1562 3114 demonstrandum
1594 3070 1676 3115 est
1708 3060 2097 3117 universalibus

521 3151 661 3205 veris
692 3150 1038 3218 particulares
1090 3166 1196 3205 non
1251 3166 1409 3219 posse
1439 3152 1678 3216 mentiri,
1736 3151 1886 3206 falsis
1915 3161 2092 3207 autem

3667 347 3764 402 776

2188 555 2497 618 mentietur;
2529 557 2715 611 eadem
2745 554 2894 620 falsa,
2918 571 3102 612 verum
3131 556 3449 612 universalis
3476 556 3765 611 afﬁrmatio

2186 647 2491 714 pronuntiat
2518 668 2529 700 :
2559 663 2665 717 quo
2691 648 2746 701 fit
2766 657 2822 702 ut
2852 648 2980 704 falsa
3010 650 3299 704 universali
3335 649 3615 720 negatione
3643 666 3766 719 pro-

2187 739 2388 807 posita,
2421 739 2834 794 affirmationem
2864 741 3217 797 universalem
3249 752 3357 796 tum
3386 757 3567 796 veram
3587 786 3600 808 ,
3657 751 3765 794 tum

2188 829 2375 886 falsam
2409 832 2631 887 rationis
2675 832 3006 888 demonstret
3036 845 3301 898 eventus,
3333 832 3472 904 quod
3520 833 3767 901 impossi-

2186 921 2293 977 bile
2315 931 2542 978 nonest.
2573 921 2773 979 Rursus
2797 925 2841 980 si
2882 924 3229 993 particulares
3275 925 3421 978 falsa:
3471 933 3619 990 sunt,
3649 923 3768 978 uniu

2188 1016 2414 1070 versalis
2447 1029 2654 1085 quoque
2684 1018 2884 1071 falsitas
2910 1018 3169 1088 sequitur.
3200 1016 3329 1071 Nam
3355 1017 3399 1071 si
3429 1014 3766 1086 particularis

2193 1106 2507 1174 afﬁrmativa
2526 1108 2836 1176 pronuntiet
2857 1109 3214 1173 mendacium,
3248 1108 3533 1163 universali
3556 1123 3768 1178 quoque

2188 1199 2532 1255 afﬁrmationi
2565 1200 2766 1256 falsitas
2800 1201 3102 1265 inhaerebit,
3142 1217 3263 1257 nam
3288 1202 3330 1256 si
3361 1203 3473 1258 haec
3495 1217 3620 1258 vera
3661 1213 3767 1268 εει,

2190 1291 2320 1347 falsa
2351 1294 2455 1348 erit
2482 1294 2530 1348 ei
2562 1297 2802 1364 Opposita
2837 1296 3048 1362 negatio
3078 1296 3414 1364 particularis
3438 1313 3454 1362 ;
3479 1296 3572 1352 sed
3622 1297 3767 1352 afﬁro

2190 1386 2475 1440 mationem
2495 1388 2862 1455 particularem
2881 1389 3256 1443 constituimus
3281 1404 3402 1444 esse
3425 1390 3765 1456 mendacem,

2190 1478 2350 1532 simul
2379 1479 2536 1548 igitur
2567 1480 2902 1549 particularis
2950 1481 3238 1536 afﬁrmatio
3279 1491 3332 1536 et
3372 1483 3585 1553 negatio
3640 1484 3766 1537 falsa

2191 1588 2335 1642 sunt,
2382 1577 2522 1648 quod
2570 1595 2688 1634 esse
2737 1579 3120 1634 inconveniens
3164 1579 3471 1648 praecedens
3510 1586 3767 1634 tractatus

2191 1670 2500 1728 declaravit.
2536 1672 2686 1738 Item,
2721 1673 2763 1728 si
2797 1674 3130 1743 particularis
3153 1673 3361 1743 negatio
3383 1671 3516 1727 falsa
3539 1672 3764 1736 dicatur,

2195 1764 2517 1819 universalis
2567 1779 2779 1835 quoque
2835 1763 3132 1834 negationis
3184 1763 3385 1819 falsitas
3415 1763 3767 1818 consonabit:

2124 1843 2171 1902 Β
2199 1874 2318 1912 nam
2350 1859 2394 1914 si
2428 1859 2642 1930 negatio
2669 1859 2984 1916 universalis
3011 1874 3137 1914 vera
3166 1865 3266 1922 est,
3313 1858 3442 1912 falsa
3489 1866 3571 1912 est
3607 1872 3770 1928 oppo-

2201 1952 2324 2017 sila,
2358 1968 2475 2022 qua:
2503 1962 2585 2008 est
2613 1952 2898 2007 afﬁrmatio
2927 1951 3279 2022 particularis,
3304 1949 3572 2019 quomodo
3602 1958 3771 2002 utras.

2197 2060 2302 2112 que
2341 2046 2716 2115 particulares,
2749 2047 3160 2101 afﬁrmationem
3192 2044 3398 2100 scilicet
3427 2059 3490 2099 ac
3539 2041 3770 2112 negatio-

2195 2152 2342 2200 nem.
2368 2139 2524 2193 simul
2546 2139 2706 2194 falsas
2727 2154 2845 2194 esse
2868 2139 3146 2209 contingit,
3171 2137 3310 2209 quod
3345 2137 3458 2191 fieri
3483 2151 3589 2189 non
3611 2149 3771 2204 posse

2201 2230 2568 2300 praediximus.
2624 2234 2694 2286 At
2732 2232 2776 2286 si
2807 2246 2931 2287 vera
2979 2231 3050 2284 sit
3095 2229 3380 2285 affirmatio
3414 2226 3771 2296 particularis,

2198 2321 2328 2377 falsa
2362 2323 2443 2379 vel
2477 2339 2598 2379 vera
2636 2324 2951 2379 universalis
2980 2323 3264 2378 afﬁrmatio
3294 2336 3414 2377 esse
3443 2328 3651 2392 potest:
3683 2317 3775 2374 sed

2196 2415 2240 2470 si
2273 2415 2401 2469 falsa
2434 2416 2502 2470 sit
2534 2414 2889 2485 particularis,
2925 2415 3260 2484 negationem
3293 2427 3474 2467 veram
3520 2424 3642 2466 esse
3682 2423 3774 2463 ne-

2198 2523 2348 2563 cesse
2380 2517 2460 2563 est
2493 2524 2508 2575 ;
2542 2509 2583 2562 si
2610 2523 2732 2562 vera
2766 2509 2854 2574 sit,
2890 2507 3102 2562 habebit
3148 2505 3486 2577 particularis
3532 2503 3776 2574 negativa

2199 2601 2556 2654 mendacium.
2589 2599 2694 2654 Sed
2722 2614 2840 2653 cum
2865 2614 2987 2654 vera
3005 2598 3074 2652 sit
3099 2597 3383 2652 affirmatio
3415 2594 3778 2666 particularis.

2199 2692 2532 2761 negationem
2570 2691 2940 2759 particularem
2973 2690 3054 2745 vel
3088 2689 3274 2744 falsam
3305 2703 3447 2755 esse,
3484 2687 3569 2742 vel
3596 2701 3778 2742 veram

2200 2783 2331 2837 nihil
2364 2793 2444 2837 est
2475 2781 2822 2851 impossibile.
2872 2780 3075 2836 Rursus
3103 2780 3148 2836 si
3180 2779 3389 2848 negatio
3437 2775 3778 2849 particularis

2201 2884 2383 2932 teneat
2414 2874 2711 2939 veritatem,
2747 2873 3062 2929 universalis
3110 2873 3321 2943 negatio
3362 2870 3446 2926 vel
3495 2869 3778 2925 veritatem

2198 2976 2384 3022 tenere
2418 2976 2612 3036 potest,
2641 2967 2722 3021 vel
2761 2965 3002 3035 proferre
3031 2964 3384 3020 mendacium.
3411 2961 3543 3017 Nam
3577 2962 3620 3015 si
3653 2972 3778 3015 ven

2202 3067 2303 3123 est,
2343 3060 2648 3130 oppositam
2699 3058 3110 3112 afﬁrmationeni
3160 3055 3532 3126 particularem
3592 3052 3777 3107 falsam

2201 3167 2319 3208 esse
2351 3154 2692 3207 manifestum
2722 3161 2835 3215 est;
2869 3152 2911 3205 si
2946 3150 3076 3205 falsa
3107 3158 3210 3215 est,
3242 3147 3519 3203 veritatem
3548 3144 3779 3216 particu-

518 3241 906 3297 universalibus
934 3257 1092 3313 posse
1122 3242 1470 3312 particulares
1515 3258 1619 3297 non
1673 3243 1696 3298 f
1711 3245 1802 3299 ilsa
1833 3247 2092 3314 proferre.
2117 3229 2164 3292 Ο
2199 3245 2323 3300 laris
2345 3245 2664 3300 afﬁrmativa
2691 3245 2954 3300 custodiet
2987 3259 3002 3300 :
3033 3258 3140 3314 quo
3171 3244 3228 3297 fit
3264 3251 3324 3297 ut
3353 3241 3397 3297 si
3439 3238 3779 3311 particularis

523 3332 647 3387 Dico
675 3332 818 3387 enim
851 3335 893 3387 si
928 3333 1243 3388 universalis
1267 3333 1552 3388 afﬁrmatio
1581 3335 1651 3395 sit
1686 3350 1832 3402 vera,
1866 3337 2094 3406 particu-

516 3426 680 3480 larem
707 3440 918 3496 quoque
943 3424 1351 3482 afﬁrmationem
1385 3442 1564 3483 veram
1598 3427 1857 3493 futuram;
1892 3444 2011 3483 nam
2049 3429 2094 3484 si

516 3517 649 3572 falsa
679 3526 780 3585 est,
814 3518 916 3573 erit
944 3533 1065 3574 vera
1089 3519 1530 3591 quazparticulari
1561 3521 1901 3575 afﬁrmationi
1929 3536 2096 3592 oppo-

514 3613 658 3666 nitur
680 3610 996 3668 universalis
1021 3615 1252 3683 negatio,
1278 3613 1370 3667 sed
1400 3613 1569 3683 posita
1602 3624 1678 3668 est
1703 3629 1826 3668 vera
1858 3615 2094 3669 afﬁrma-

517 3704 591 3759 tio
617 3704 973 3772 universalis;
1007 3705 1106 3760 hoc
1136 3705 1295 3776 igitur
1324 3705 1483 3760 modo
1514 3719 1767 3775 utrasque
1803 3707 1958 3762 simul
1997 3722 2092 3762 ve-

515 3807 600 3848 ras
622 3808 741 3849 esse
761 3793 1038 3863 contingit,
1063 3795 1471 3853 affirmationem
1487 3799 1694 3854 scilicet
1719 3799 2092 3864 univcrsalem,

515 3888 977 3958 universaletnque
1011 3891 1372 3960 negationem,
1395 3893 1535 3963 quod
1558 3895 1774 3948 evenire
1803 3910 1906 3948 non
1938 3907 2095 3963 posse

521 3989 874 4036 monstratum
903 3991 1014 4047 est;
1047 3996 1152 4036 non
1181 3983 1341 4054 igitur
1360 3985 1473 4038 fieri
1501 3992 1675 4054 potest
1695 3994 1752 4038 ut
1777 3984 2094 4040 affirmativa

518 4071 809 4128 universali
864 4089 988 4129 vera
1049 4077 1364 4145 proposita,
1422 4078 1759 4147 particularis
1809 4077 2096 4135 affirmatio

517 4164 824 4220 mentiatur.
868 4165 1074 4223 Rursus
1103 4166 1149 4222 si
1198 4182 1326 4223 vera
1370 4176 1454 4224 est
1506 4168 1825 4224 universalis
1859 4169 2091 4241 negatio,

516 4259 892 4327 particularem
915 4275 1126 4331 quoque
1142 4262 1477 4332 negationem
1491 4278 1672 4318 veram
1691 4277 1809 4319 esse
1832 4267 2090 4329 concedo,

515 4362 635 4404 nam
663 4349 708 4405 si
738 4350 922 4406 falsam
965 4353 1085 4422 quis
1141 4353 1336 4408 dixerit
1383 4354 1741 4410 universalem
1781 4354 2094 4410 afﬁrmatio-

516 4455 638 4496 nem
670 4481 686 4507 ,
713 4457 834 4513 qua:
861 4452 942 4499 est
970 4444 1020 4500 ei
1049 4445 1290 4515 opposita
1317 4461 1495 4501 veram
1527 4447 1833 4502 necessario
1864 4461 1985 4502 esse
2018 4447 2094 4501 fa-

517 4535 732 4592 tebitur.
767 4537 900 4594 Atsi
922 4537 1242 4596 universalis
1271 4541 1483 4612 negatio
1515 4556 1640 4596 vera
1672 4555 1790 4596 esse
1819 4541 2092 4612 prOposita

2202 3339 2412 3406 negatio
2437 3347 2617 3394 teneat
2646 3337 2950 3405 veritatem,
2975 3336 3262 3390 afﬁrmatio
3289 3332 3626 3402 particularis
3649 3344 3775 3386 vera

2199 3433 2284 3487 vel
2312 3433 2441 3486 falsa
2483 3435 2572 3495 sit,
2612 3447 2839 3501 quorum
2869 3439 3119 3485 neutrum
3155 3426 3630 3500 impossibilenon
3658 3438 3777 3480 esse

2197 3525 2472 3594 prmmissa
2504 3522 2818 3588 docuerunt,
2853 3532 3012 3591 atque
3036 3521 3150 3576 haec
3177 3519 3392 3591 quidem
3439 3517 3507 3573 de
3558 3519 3776 3572 univer-

2199 3615 2398 3670 salibus
2420 3615 2560 3671 dicta
2589 3615 2874 3671 sufficiant.
2923 3612 3070 3668 Nunc
3095 3613 3162 3667 de
3206 3608 3424 3666 inﬁnitis
3453 3623 3516 3664 ac
3541 3609 3776 3678 singula~

2198 3705 2346 3762 ribus
2378 3708 2724 3773 disseramus,
2749 3719 2975 3776 quarum
3026 3705 3239 3775 quidem
3299 3700 3591 3756 indefinite:
3630 3707 3774 3762 sunt,

2197 3801 2390 3870 quibus
2422 3801 2564 3855 nulla
2595 3798 2911 3868 significatio
2941 3794 3404 3853 determinationis
3443 3791 3770 3861 adjnngitur,

2198 3893 2290 3946 sed
2322 3901 2514 3960 prmter
2563 3889 2879 3944 universalis
2905 3899 2957 3943 et
2987 3885 3318 3958 particularis
3370 3882 3773 3954 intelligentiam

2197 3983 2511 4051 quantitatis
2541 3982 2906 4052 proferuntur,
2945 3988 3003 4034 ut
3045 3981 3204 4034 homo
3243 3978 3418 4049 justus
3461 3986 3562 4042 est,
3614 3976 3775 4029 homo

2194 4074 2369 4145 justus
2400 4089 2502 4128 non
2528 4083 2632 4137 est,
2665 4073 2858 4145 quibus
2881 4073 3087 4128 tametsi
3119 4081 3197 4138 ut,
3241 4070 3437 4127 dictum
3485 4078 3592 4134 est,
3632 4065 3775 4122 nulla

2197 4171 2523 4241 signiﬁcatio
2572 4169 3038 4224 determinationis
3086 4166 3410 4237 adiungitur,
3455 4164 3560 4217 vim
3595 4173 3773 4218 tamen

2197 4263 2440 4319 obtinent
2490 4261 2887 4332 particularium
2927 4258 3374 4330 propositionum.
3427 4253 3666 4324 Namque
3719 4260 3776 4305 ut

2198 4360 2304 4414 illa:
2335 4364 2468 4428 quas
2498 4356 2897 4411 subcontrarias
2925 4354 2977 4408 in
2998 4354 3174 4423 priore
3203 4347 3568 4417 descriptione
3603 4346 3776 4416 signa-

2195 4452 2388 4518 vimus,
2423 4451 2553 4504 alias
2575 4449 2788 4520 quidem
2810 4447 2948 4503 inter
2976 4461 3034 4501 se
3057 4460 3240 4501 verum
3273 4443 3569 4510 falsumque
3599 4437 3776 4493 distri-

2197 4543 2384 4610 buunt,
2439 4542 2573 4597 alias
2625 4540 2836 4610 quidem
2891 4537 3115 4592 invicem
3171 4535 3399 4591 veritate
3443 4529 3772 4598 conspirant,
3847 4545 3853 4550 ·

514 4639 617 4697 εει,
642 4629 801 4685 simul
828 4630 987 4701 igitur
1027 4633 1358 4689 universales
1390 4634 1728 4704 negationem
1759 4643 1811 4689 et
1856 4633 2091 4688 afﬁrma-
2117 4622 2172 4685 D
2199 4653 2467 4707 nunquam
2519 4644 2694 4689 tamen
2744 4632 2900 4687 simul
2943 4631 3191 4684 videntur
3224 4641 3377 4698 posse
3430 4622 3669 4686 mentiri,
3704 4622 3773 4676 ita

511 4720 711 4778 tionem
765 4737 922 4778 veras
951 4737 1069 4780 esse
1127 4725 1384 4795 contingit
1413 4743 1425 4777 :
1455 4726 1596 4796 quod
1636 4725 1752 4781 ﬁeri
1793 4740 1898 4781 non
1930 4740 2088 4798 posse

513 4813 759 4882 superius
788 4815 958 4885 posita
988 4817 1230 4888 exempla
1275 4818 1592 4874 docuerunt.
1645 4821 1715 4874 At
1762 4820 1806 4874 si
1839 4818 1969 4875 falsa
2008 4827 2092 4876 est

512 4905 827 4961 universalis
854 4905 1168 4973 afﬁrmatio,
1202 4908 1539 4978 particularis
1562 4909 1645 4964 vel
1678 4910 1867 4964 falsum
1895 4911 2090 4980 poterit

516 4999 796 5055 enuntiare
825 5000 907 5056 vel
948 5015 1173 5057 verum:
1209 5017 1314 5072 quo
1345 5002 1520 5070 posito
1573 5003 1706 5057 nihil
1759 5002 2089 5072 impossibile

511 5089 814 5160 comitatur,
852 5094 966 5150 sive
1003 5097 1145 5151 enim
1173 5095 1304 5151 falsa
1327 5098 1417 5163 sit,
1447 5097 1551 5152 erit
1575 5113 1701 5152 vera
1729 5099 1942 5168 negatio
1971 5099 2088 5151 uni-

506 5186 750 5252 versalis,
778 5202 873 5241 seu
911 5201 1034 5242 vera
1063 5187 1152 5242 illa
1196 5188 1289 5252 sit,
1341 5188 1700 5243 universalem
1743 5189 2085 5261 negationem

511 5275 712 5332 falsitas
739 5279 1017 5334 obtinebit.
1041 5280 1190 5347 Quod
1220 5282 1276 5335 fit
1295 5289 1354 5336 ut
1381 5281 1514 5336 falsa
1539 5283 1825 5338 universali
1854 5284 2086 5338 affirma-

508 5367 675 5436 tione,
705 5371 1018 5426 universalis
1045 5374 1278 5443 ncgatio,
1313 5382 1422 5428 tum
1453 5373 1501 5428 ei
1529 5374 1760 5431 falsitate
1805 5384 2087 5443 consonet,

510 5467 621 5516 tum
648 5463 715 5517 ab
743 5478 804 5518 ea
835 5465 1058 5522 veritate
1081 5467 1370 5533 discordet,
1402 5469 1542 5538 quod
1585 5486 1691 5524 non
1721 5485 1841 5526 esse
1880 5470 2086 5542 impos-

507 5550 663 5610 sibile
693 5557 1058 5626 superioribus
1088 5559 1310 5615 docetur
1337 5561 1618 5632 exemplis.
1648 5561 1850 5617 Eodem
1878 5578 2087 5633 quoque

514 5648 673 5704 modo
698 5659 752 5705 et
781 5651 824 5706 si
857 5652 1174 5710 universalis
1195 5657 1406 5725 negatio
1435 5655 1563 5711 falsa
1587 5657 1679 5722 sit,
1709 5657 2082 5726 particularem

516 5745 875 5812 negationem,
903 5747 988 5802 vel
1019 5763 1218 5816 veram,
1237 5752 1320 5806 vel
1345 5750 1532 5807 falsam
1555 5767 1676 5808 esse
1699 5753 1952 5824 possibile
1981 5765 2084 5822 est,

518 5851 686 5903 neque
720 5839 918 5896 Idcirco
946 5843 1140 5912 aliquid
1171 5848 1411 5916 sequitur
1441 5847 1813 5919 incongruum.
1845 5849 2085 5906 Particu-

2195 4731 2356 4786 etiam
2385 4728 2696 4794 indefinitze,
2728 4724 2992 4796 siquidem
3047 4722 3153 4778 tale
3200 4729 3284 4777 est
3339 4718 3479 4790 quod
3531 4713 3788 4772 enuntiat

2196 4824 2332 4894 quod
2358 4823 2600 4892 subjecto
2629 4836 2840 4890 semper
2871 4821 3047 4874 inesse
3074 4830 3292 4872 necesse
3343 4815 3434 4879 sit,
3482 4811 3768 4866 afﬁrmatio

2195 4927 2280 4974 est
2315 4931 2462 4984 vera,
2514 4914 2643 4969 falsa
2689 4913 2918 4983 negatio,
2951 4921 3010 4966 ut
3055 4911 3108 4966 in
3165 4909 3245 4963 his
3275 4904 3771 4978 prapositionibus:

2198 5011 2358 5064 homo
2387 5007 2585 5062 animal
2617 5016 2720 5070 est,
2754 5005 2914 5058 homo
2945 5002 3142 5057 animal
3179 5010 3409 5055 nonest.
3475 5003 3541 5052 At
3570 4996 3615 5051 si
3640 4996 3692 5051 id
3724 4997 3774 5050 in

2199 5104 2494 5158 indefinitis
2557 5099 3008 5172 propositionibus
3060 5097 3312 5153 efferatur
3359 5094 3499 5165 quod
3549 5090 3773 5161 subjecti

2199 5205 2390 5252 natura
2416 5213 2520 5252 non
2553 5196 2793 5263 suscipit,
2845 5193 3057 5263 negatio
3098 5190 3309 5260 quidem
3357 5201 3486 5242 vera
3519 5194 3623 5250 est,
3682 5181 3776 5239 sed

2198 5292 2482 5346 afﬁrmatio
2506 5292 2688 5360 juncta
2718 5298 2800 5345 est
2829 5287 3064 5354 falsitati,
3095 5296 3151 5341 ut
3181 5286 3222 5340 si
3251 5285 3370 5355 quis
3397 5282 3575 5337 dicat:
3607 5279 3766 5332 homo

2201 5384 2336 5454 lapis
2358 5394 2460 5451 est,
2498 5384 2657 5438 homo
2697 5383 2828 5452 lapis
2858 5397 2964 5436 non
3007 5390 3107 5444 est,
3156 5389 3212 5434 ut
3260 5391 3386 5432 vero
3435 5384 3675 5444 utraeque
3724 5372 3776 5425 in

2202 5478 2594 5548 pronuntianda
2625 5478 2856 5532 falsitate
2887 5475 3248 5538 consentiant,
3276 5486 3379 5526 non
3413 5461 3597 5540 potest
3627 5467 3776 5523 inve-

2199 5573 2319 5626 niri.
2358 5571 2554 5626 Eadem
2581 5579 2758 5625 tamen
2788 5568 2857 5624 ab
2888 5565 3276 5622 universalibus
3317 5561 3656 5639 affirmativis
3697 5569 3777 5615 at-

2195 5689 2300 5744 que
2330 5672 2612 5744 negativis,
2657 5673 2727 5726 ita
2761 5671 3103 5736 dissentiunt,
3136 5679 3191 5723 ut
3221 5682 3435 5738 quoquo
3459 5659 3618 5720 modo
3647 5661 3772 5716 sub-

2192 5768 2329 5836 jecta
2361 5775 2652 5836 permutes.
2679 5780 2781 5820 una
2804 5779 3017 5834 semper
3046 5762 3306 5827 veritatis,
3340 5761 3505 5816 altera
3537 5760 3775 5814 sitsetn-

2199 5874 2291 5926 per
2315 5859 2466 5926 plena
2502 5858 2779 5912 trendacii.
2815 5856 3124 5923 Exemplum
3149 5869 3276 5909 vero
3304 5850 3606 5921 huiusmodi
3633 5864 3766 5919 prat-
