  <div class='ocr_page' id='page_1' title='image "/cluster/home/n/w/nwhite01/storage/ocr_20150623/64/hvd.32044024222309/396.png"; bbox 0 0 4056 6330; ppageno 0'>
   <div class='ocr_carea' id='block_1_1' title="bbox 221 313 326 373">
    <p class='ocr_par' dir='ltr' id='par_1_1' title="bbox 221 313 326 373">
     <span class='ocr_line' id='line_1_1' title="bbox 221 313 326 373; baseline 0 -1"><span class='ocrx_word' id='word_1_1' title='bbox 221 313 326 373; x_wconf 80' lang='lat'><strong>777</strong></span> 
     </span>
    </p>
   </div>
   <div class='ocr_carea' id='block_1_2' title="bbox 1050 308 2684 373">
    <p class='ocr_par' dir='ltr' id='par_1_2' title="bbox 1050 308 2684 373">
     <span class='ocr_line' id='line_1_2' title="bbox 1050 308 2684 373; baseline -0.002 0"><span class='ocrx_word' id='word_1_2' title='bbox 1050 311 1508 373; x_wconf 61' lang='lat' dir='ltr'><strong>lNTRODL‘CTlO</strong></span> <span class='ocrx_word' id='word_1_3' title='bbox 1550 315 1640 370; x_wconf 82' lang='lat' dir='ltr'><strong>AD</strong></span> <span class='ocrx_word' id='word_1_4' title='bbox 1678 310 2153 372; x_wconf 73' lang='lat' dir='ltr'><strong>SYLLOGISMOS</strong></span> <span class='ocrx_word' id='word_1_5' title='bbox 2189 308 2684 371; x_wconf 79' lang='lat' dir='ltr'><strong>CATEGORICOS.</strong></span> 
     </span>
    </p>
   </div>
   <div class='ocr_carea' id='block_1_3' title="bbox 3393 302 3499 355">
    <p class='ocr_par' dir='ltr' id='par_1_3' title="bbox 3393 302 3499 355">
     <span class='ocr_line' id='line_1_3' title="bbox 3393 302 3499 355; baseline 0 0"><span class='ocrx_word' id='word_1_6' title='bbox 3393 302 3499 355; x_wconf 82' lang='lat'><strong>778</strong></span> 
     </span>
    </p>
   </div>
   <div class='ocr_carea' id='block_1_4' title="bbox 239 402 3497 487">
    <p class='ocr_par' dir='ltr' id='par_1_4' title="bbox 239 402 3497 487">
     <span class='ocr_line' id='line_1_4' title="bbox 239 402 3497 487; baseline -0.004 -16"><span class='ocrx_word' id='word_1_7' title='bbox 239 414 423 480; x_wconf 89' lang='lat' dir='ltr'><strong>dicati,</strong></span> <span class='ocrx_word' id='word_1_8' title='bbox 467 413 612 487; x_wconf 89' lang='lat' dir='ltr'><strong>quod</strong></span> <span class='ocrx_word' id='word_1_9' title='bbox 665 412 909 484; x_wconf 85' lang='lat' dir='ltr'><strong>subjecto</strong></span> <span class='ocrx_word' id='word_1_10' title='bbox 950 428 1164 485; x_wconf 83' lang='lat' dir='ltr'><strong>semper</strong></span> <span class='ocrx_word' id='word_1_11' title='bbox 1218 415 1501 483; x_wconf 83' lang='lat' dir='ltr'><strong>inh:creat,</strong></span> <span class='ocrx_word' id='word_1_12' title='bbox 1552 415 1655 471; x_wconf 92' lang='lat' dir='ltr'><strong>hoc</strong></span> <span class='ocrx_word' id='word_1_13' title='bbox 1709 423 1815 481; x_wconf 87' lang='lat' dir='ltr'><strong>est,</strong></span> <span class='ocrx_word' id='word_1_14' title='bbox 1845 416 1897 475; x_wconf 83' lang='lat' dir='ltr'><strong>A</strong></span> <span class='ocrx_word' id='word_1_15' title='bbox 1925 412 2091 483; x_wconf 80' lang='lat' dir='ltr'><strong>Hujus</strong></span> <span class='ocrx_word' id='word_1_16' title='bbox 2119 410 2435 468; x_wconf 80' lang='lat' dir='ltr'><strong>universalis</strong></span> <span class='ocrx_word' id='word_1_17' title='bbox 2465 409 2675 479; x_wconf 88' lang='lat' dir='ltr'><strong>negatio</strong></span> <span class='ocrx_word' id='word_1_18' title='bbox 2702 403 3011 487; x_wconf 85' lang='lat' dir='ltr'><strong>mentietur.</strong></span> <span class='ocrx_word' id='word_1_19' title='bbox 3045 418 3167 460; x_wconf 92' lang='lat' dir='ltr'><strong>cum</strong></span> <span class='ocrx_word' id='word_1_20' title='bbox 3192 402 3311 475; x_wconf 91' lang='lat' dir='ltr'><strong>quis</strong></span> <span class='ocrx_word' id='word_1_21' title='bbox 3340 404 3497 459; x_wconf 61' lang='lat' dir='ltr'><strong>dixe~</strong></span> 
     </span>
    </p>
   </div>
   <div class='ocr_carea' id='block_1_5' title="bbox 241 505 1821 574">
    <p class='ocr_par' dir='ltr' id='par_1_5' title="bbox 241 505 1821 574">
     <span class='ocr_line' id='line_1_5' title="bbox 241 505 1821 574; baseline 0.001 -12"><span class='ocrx_word' id='word_1_22' title='bbox 241 505 417 562; x_wconf 88' lang='lat' dir='ltr'><strong>omnis</strong></span> <span class='ocrx_word' id='word_1_23' title='bbox 446 506 607 561; x_wconf 89' lang='lat' dir='ltr'><strong>homo</strong></span> <span class='ocrx_word' id='word_1_24' title='bbox 634 506 831 561; x_wconf 84' lang='lat' dir='ltr'><strong>animal</strong></span> <span class='ocrx_word' id='word_1_25' title='bbox 861 516 964 571; x_wconf 89' lang='lat' dir='ltr'><strong>est,</strong></span> <span class='ocrx_word' id='word_1_26' title='bbox 997 508 1158 563; x_wconf 90' lang='lat' dir='ltr'><strong>homo</strong></span> <span class='ocrx_word' id='word_1_27' title='bbox 1187 510 1385 564; x_wconf 80' lang='lat' dir='ltr'><strong>animal</strong></span> <span class='ocrx_word' id='word_1_28' title='bbox 1431 524 1536 564; x_wconf 91' lang='lat' dir='ltr'><strong>non</strong></span> <span class='ocrx_word' id='word_1_29' title='bbox 1578 518 1681 574; x_wconf 89' lang='lat' dir='ltr'><strong>est,</strong></span> <span class='ocrx_word' id='word_1_30' title='bbox 1704 509 1821 563; x_wconf 86' lang='lat' dir='ltr'><strong>nul-</strong></span> 
     </span>
    </p>
   </div>
   <div class='ocr_carea' id='block_1_6' title="bbox 246 594 1826 665">
    <p class='ocr_par' dir='ltr' id='par_1_6' title="bbox 246 594 1826 665">
     <span class='ocr_line' id='line_1_6' title="bbox 246 594 1826 665; baseline 0.004 -14"><span class='ocrx_word' id='word_1_31' title='bbox 246 595 328 651; x_wconf 91' lang='lat' dir='ltr'><strong>lus</strong></span> <span class='ocrx_word' id='word_1_32' title='bbox 361 594 521 651; x_wconf 88' lang='lat' dir='ltr'><strong>homo</strong></span> <span class='ocrx_word' id='word_1_33' title='bbox 544 596 740 651; x_wconf 79' lang='lat' dir='ltr'><strong>animal</strong></span> <span class='ocrx_word' id='word_1_34' title='bbox 769 609 871 665; x_wconf 88' lang='grc' dir='ltr'>εει,</span> <span class='ocrx_word' id='word_1_35' title='bbox 893 598 1051 654; x_wconf 90' lang='lat' dir='ltr'><strong>homo</strong></span> <span class='ocrx_word' id='word_1_36' title='bbox 1078 600 1272 654; x_wconf 79' lang='lat' dir='ltr'><strong>animal</strong></span> <span class='ocrx_word' id='word_1_37' title='bbox 1289 611 1388 655; x_wconf 89' lang='lat' dir='ltr'><strong>est.</strong></span> <span class='ocrx_word' id='word_1_38' title='bbox 1413 601 1510 656; x_wconf 81' lang='lat' dir='ltr'><strong>llic</strong></span> <span class='ocrx_word' id='word_1_39' title='bbox 1534 600 1826 657; x_wconf 65' lang='lat' dir='ltr'><strong>indeﬁnitm</strong></span> 
     </span>
    </p>
   </div>
   <div class='ocr_carea' id='block_1_7' title="bbox 245 687 1823 762">
    <p class='ocr_par' dir='ltr' id='par_1_7' title="bbox 245 687 1823 762">
     <span class='ocr_line' id='line_1_7' title="bbox 245 687 1823 762; baseline 0.003 -20"><span class='ocrx_word' id='word_1_40' title='bbox 245 687 297 742; x_wconf 94' lang='lat' dir='ltr'><strong>vi</strong></span> <span class='ocrx_word' id='word_1_41' title='bbox 325 688 511 743; x_wconf 90' lang='lat' dir='ltr'><strong>eadem</strong></span> <span class='ocrx_word' id='word_1_42' title='bbox 547 688 839 761; x_wconf 82' lang='lat' dir='ltr'><strong>funguntur</strong></span> <span class='ocrx_word' id='word_1_43' title='bbox 877 705 980 758; x_wconf 90' lang='lat' dir='ltr'><strong>qua</strong></span> <span class='ocrx_word' id='word_1_44' title='bbox 1023 701 1076 746; x_wconf 91' lang='lat' dir='ltr'><strong>et</strong></span> <span class='ocrx_word' id='word_1_45' title='bbox 1108 692 1651 762; x_wconf 45' lang='lat' dir='ltr'><strong>particularisphujus</strong></span> <span class='ocrx_word' id='word_1_46' title='bbox 1693 707 1823 747; x_wconf 87' lang='lat' dir='ltr'><strong>vero</strong></span> 
     </span>
    </p>
   </div>
   <div class='ocr_carea' id='block_1_8' title="bbox 249 780 1825 855">
    <p class='ocr_par' dir='ltr' id='par_1_8' title="bbox 249 780 1825 855">
     <span class='ocr_line' id='line_1_8' title="bbox 249 780 1825 855; baseline 0.002 -19"><span class='ocrx_word' id='word_1_47' title='bbox 249 782 391 852; x_wconf 93' lang='lat' dir='ltr'><strong>quod</strong></span> <span class='ocrx_word' id='word_1_48' title='bbox 421 796 694 853; x_wconf 86' lang='lat' dir='ltr'><strong>nunquam</strong></span> <span class='ocrx_word' id='word_1_49' title='bbox 729 782 978 851; x_wconf 66' lang='lat' dir='ltr'><strong>inhaeret,</strong></span> <span class='ocrx_word' id='word_1_50' title='bbox 1014 784 1114 839; x_wconf 89' lang='lat' dir='ltr'><strong>hoc</strong></span> <span class='ocrx_word' id='word_1_51' title='bbox 1142 793 1246 852; x_wconf 86' lang='lat' dir='ltr'><strong>est,</strong></span> <span class='ocrx_word' id='word_1_52' title='bbox 1279 788 1453 841; x_wconf 77' lang='lat' dir='ltr'><strong>omnis</strong></span> <span class='ocrx_word' id='word_1_53' title='bbox 1484 784 1646 841; x_wconf 91' lang='lat' dir='ltr'><strong>homo</strong></span> <span class='ocrx_word' id='word_1_54' title='bbox 1690 780 1825 855; x_wconf 82' lang='lat' dir='ltr'><strong>lapis</strong></span> 
     </span>
    </p>
   </div>
   <div class='ocr_carea' id='block_1_9' title="bbox 248 873 1827 947">
    <p class='ocr_par' dir='ltr' id='par_1_9' title="bbox 248 873 1827 947">
     <span class='ocr_line' id='line_1_9' title="bbox 248 873 1827 947; baseline 0.004 -18"><span class='ocrx_word' id='word_1_55' title='bbox 248 884 351 940; x_wconf 89' lang='lat' dir='ltr'><strong>est,</strong></span> <span class='ocrx_word' id='word_1_56' title='bbox 380 873 541 930; x_wconf 88' lang='lat' dir='ltr'><strong>homo</strong></span> <span class='ocrx_word' id='word_1_57' title='bbox 570 875 705 945; x_wconf 82' lang='lat' dir='ltr'><strong>lapis</strong></span> <span class='ocrx_word' id='word_1_58' title='bbox 737 885 971 939; x_wconf 85' lang='lat' dir='ltr'><strong>nonest.</strong></span> <span class='ocrx_word' id='word_1_59' title='bbox 991 875 1173 931; x_wconf 89' lang='lat' dir='ltr'><strong>Nullus</strong></span> <span class='ocrx_word' id='word_1_60' title='bbox 1198 876 1359 932; x_wconf 91' lang='lat' dir='ltr'><strong>homo</strong></span> <span class='ocrx_word' id='word_1_61' title='bbox 1387 878 1521 947; x_wconf 85' lang='lat' dir='ltr'><strong>lapis</strong></span> <span class='ocrx_word' id='word_1_62' title='bbox 1542 888 1644 945; x_wconf 90' lang='lat' dir='ltr'><strong>est,</strong></span> <span class='ocrx_word' id='word_1_63' title='bbox 1663 877 1827 937; x_wconf 84' lang='lat' dir='ltr'><strong>homo</strong></span> 
     </span>
    </p>
   </div>
   <div class='ocr_carea' id='block_1_10' title="bbox 250 959 1825 1036">
    <p class='ocr_par' dir='ltr' id='par_1_10' title="bbox 250 959 1825 1036">
     <span class='ocr_line' id='line_1_10' title="bbox 250 959 1825 1036; baseline 0.005 -19"><span class='ocrx_word' id='word_1_64' title='bbox 250 959 387 1032; x_wconf 90' lang='lat' dir='ltr'><strong>lapis</strong></span> <span class='ocrx_word' id='word_1_65' title='bbox 433 973 536 1031; x_wconf 87' lang='grc' dir='ltr'>εει,</span> <span class='ocrx_word' id='word_1_66' title='bbox 590 964 643 1018; x_wconf 91' lang='lat' dir='ltr'><strong>in</strong></span> <span class='ocrx_word' id='word_1_67' title='bbox 685 963 770 1019; x_wconf 92' lang='lat' dir='ltr'><strong>his</strong></span> <span class='ocrx_word' id='word_1_68' title='bbox 820 980 1031 1036; x_wconf 91' lang='lat' dir='ltr'><strong>quoque</strong></span> <span class='ocrx_word' id='word_1_69' title='bbox 1090 965 1380 1021; x_wconf 85' lang='lat' dir='ltr'><strong>indeﬁnitae</strong></span> <span class='ocrx_word' id='word_1_70' title='bbox 1434 967 1825 1025; x_wconf 90' lang='lat' dir='ltr'><strong>universalibus</strong></span> 
     </span>
    </p>
   </div>
   <div class='ocr_carea' id='block_1_11' title="bbox 252 1058 1826 1131">
    <p class='ocr_par' dir='ltr' id='par_1_11' title="bbox 252 1058 1826 1131">
     <span class='ocr_line' id='line_1_11' title="bbox 252 1058 1826 1131; baseline 0.001 -18"><span class='ocrx_word' id='word_1_71' title='bbox 252 1058 510 1128; x_wconf 61' lang='lat' dir='ltr'><strong>oppositae</strong></span> <span class='ocrx_word' id='word_1_72' title='bbox 535 1072 630 1128; x_wconf 90' lang='lat' dir='ltr'><strong>per</strong></span> <span class='ocrx_word' id='word_1_73' title='bbox 656 1074 1088 1131; x_wconf 87' lang='lat' dir='ltr'><strong>unamquamque</strong></span> <span class='ocrx_word' id='word_1_74' title='bbox 1117 1060 1508 1129; x_wconf 88' lang='lat' dir='ltr'><strong>oppositionem</strong></span> <span class='ocrx_word' id='word_1_75' title='bbox 1537 1076 1826 1117; x_wconf 65' lang='lat' dir='ltr'><strong>unam‘ve-</strong></span> 
     </span>
    </p>
   </div>
   <div class='ocr_carea' id='block_1_12' title="bbox 253 1151 1833 1227">
    <p class='ocr_par' dir='ltr' id='par_1_12' title="bbox 253 1151 1833 1227">
     <span class='ocr_line' id='line_1_12' title="bbox 253 1151 1833 1227; baseline 0.004 -21"><span class='ocrx_word' id='word_1_76' title='bbox 253 1165 391 1216; x_wconf 83' lang='lat' dir='ltr'><strong>ram,</strong></span> <span class='ocrx_word' id='word_1_77' title='bbox 442 1151 632 1207; x_wconf 80' lang='lat' dir='ltr'><strong>falsam</strong></span> <span class='ocrx_word' id='word_1_78' title='bbox 685 1151 906 1208; x_wconf 90' lang='lat' dir='ltr'><strong>alteram</strong></span> <span class='ocrx_word' id='word_1_79' title='bbox 940 1154 1309 1219; x_wconf 88' lang='lat' dir='ltr'><strong>reddiderunt,</strong></span> <span class='ocrx_word' id='word_1_80' title='bbox 1340 1155 1467 1210; x_wconf 92' lang='lat' dir='ltr'><strong>item</strong></span> <span class='ocrx_word' id='word_1_81' title='bbox 1490 1156 1632 1227; x_wconf 91' lang='lat' dir='ltr'><strong>quod</strong></span> <span class='ocrx_word' id='word_1_82' title='bbox 1659 1157 1833 1213; x_wconf 86' lang='lat' dir='ltr'><strong>susci-</strong></span> 
     </span>
    </p>
   </div>
   <div class='ocr_carea' id='block_1_13' title="bbox 254 1243 1829 1315">
    <p class='ocr_par' dir='ltr' id='par_1_13' title="bbox 254 1243 1829 1315">
     <span class='ocr_line' id='line_1_13' title="bbox 254 1243 1829 1315; baseline 0.003 -18"><span class='ocrx_word' id='word_1_83' title='bbox 254 1257 384 1312; x_wconf 88' lang='lat' dir='ltr'><strong>pere</strong></span> <span class='ocrx_word' id='word_1_84' title='bbox 430 1243 659 1313; x_wconf 75' lang='lat' dir='ltr'><strong>subjecti</strong></span> <span class='ocrx_word' id='word_1_85' title='bbox 716 1253 957 1299; x_wconf 88' lang='lat' dir='ltr'><strong>naturam</strong></span> <span class='ocrx_word' id='word_1_86' title='bbox 1009 1244 1181 1300; x_wconf 79' lang='lat' dir='ltr'><strong>valeat</strong></span> <span class='ocrx_word' id='word_1_87' title='bbox 1235 1254 1289 1299; x_wconf 90' lang='lat' dir='ltr'><strong>et</strong></span> <span class='ocrx_word' id='word_1_88' title='bbox 1350 1247 1515 1315; x_wconf 88' lang='lat' dir='ltr'><strong>possit</strong></span> <span class='ocrx_word' id='word_1_89' title='bbox 1558 1247 1829 1302; x_wconf 89' lang='lat' dir='ltr'><strong>amittere.</strong></span> 
     </span>
    </p>
   </div>
   <div class='ocr_carea' id='block_1_14' title="bbox 257 1332 1833 1405">
    <p class='ocr_par' dir='ltr' id='par_1_14' title="bbox 257 1332 1833 1405">
     <span class='ocr_line' id='line_1_14' title="bbox 257 1332 1833 1405; baseline 0.003 -16"><span class='ocrx_word' id='word_1_90' title='bbox 257 1332 443 1389; x_wconf 89' lang='lat' dir='ltr'><strong>Omnis</strong></span> <span class='ocrx_word' id='word_1_91' title='bbox 473 1335 633 1389; x_wconf 81' lang='lat' dir='ltr'><strong>homo</strong></span> <span class='ocrx_word' id='word_1_92' title='bbox 658 1334 838 1405; x_wconf 89' lang='lat' dir='ltr'><strong>justus</strong></span> <span class='ocrx_word' id='word_1_93' title='bbox 865 1342 969 1398; x_wconf 88' lang='lat' dir='ltr'><strong>est,</strong></span> <span class='ocrx_word' id='word_1_94' title='bbox 999 1336 1158 1390; x_wconf 92' lang='lat' dir='ltr'><strong>homo</strong></span> <span class='ocrx_word' id='word_1_95' title='bbox 1182 1334 1359 1403; x_wconf 90' lang='lat' dir='ltr'><strong>justus</strong></span> <span class='ocrx_word' id='word_1_96' title='bbox 1389 1353 1495 1391; x_wconf 87' lang='lat' dir='ltr'><strong>non</strong></span> <span class='ocrx_word' id='word_1_97' title='bbox 1516 1346 1617 1392; x_wconf 89' lang='lat' dir='ltr'><strong>est.</strong></span> <span class='ocrx_word' id='word_1_98' title='bbox 1645 1336 1833 1394; x_wconf 88' lang='lat' dir='ltr'><strong>Nullus</strong></span> 
     </span>
    </p>
   </div>
   <div class='ocr_carea' id='block_1_15' title="bbox 260 1425 1833 1495">
    <p class='ocr_par' dir='ltr' id='par_1_15' title="bbox 260 1425 1833 1495">
     <span class='ocr_line' id='line_1_15' title="bbox 260 1425 1833 1495; baseline 0.002 -14"><span class='ocrx_word' id='word_1_99' title='bbox 260 1425 418 1481; x_wconf 84' lang='lat' dir='ltr'><strong>homo</strong></span> <span class='ocrx_word' id='word_1_100' title='bbox 434 1425 613 1494; x_wconf 80' lang='lat' dir='ltr'><strong>juStus</strong></span> <span class='ocrx_word' id='word_1_101' title='bbox 640 1433 745 1491; x_wconf 90' lang='lat' dir='ltr'><strong>est,</strong></span> <span class='ocrx_word' id='word_1_102' title='bbox 774 1427 934 1480; x_wconf 91' lang='lat' dir='ltr'><strong>homo</strong></span> <span class='ocrx_word' id='word_1_103' title='bbox 950 1426 1126 1495; x_wconf 89' lang='lat' dir='ltr'><strong>justus</strong></span> <span class='ocrx_word' id='word_1_104' title='bbox 1153 1436 1255 1493; x_wconf 90' lang='lat' dir='ltr'><strong>est,</strong></span> <span class='ocrx_word' id='word_1_105' title='bbox 1279 1427 1332 1481; x_wconf 94' lang='lat' dir='ltr'><strong>in</strong></span> <span class='ocrx_word' id='word_1_106' title='bbox 1362 1427 1445 1482; x_wconf 86' lang='lat' dir='ltr'><strong>his</strong></span> <span class='ocrx_word' id='word_1_107' title='bbox 1482 1426 1641 1483; x_wconf 87' lang='lat' dir='ltr'><strong>etiam</strong></span> <span class='ocrx_word' id='word_1_108' title='bbox 1676 1427 1833 1484; x_wconf 90' lang='lat' dir='ltr'><strong>inde-</strong></span> 
     </span>
    </p>
   </div>
   <div class='ocr_carea' id='block_1_16' title="bbox 261 1502 1834 1588">
    <p class='ocr_par' dir='ltr' id='par_1_16' title="bbox 261 1502 1834 1588">
     <span class='ocr_line' id='line_1_16' title="bbox 261 1502 1834 1588; baseline 0.003 -17"><span class='ocrx_word' id='word_1_109' title='bbox 261 1517 424 1572; x_wconf 75' lang='lat' dir='ltr'><strong>finita:</strong></span> <span class='ocrx_word' id='word_1_110' title='bbox 455 1502 861 1587; x_wconf 84' lang='lat' dir='ltr'><strong>particularibus</strong></span> <span class='ocrx_word' id='word_1_111' title='bbox 891 1519 1184 1572; x_wconf 69' lang='lat' dir='ltr'><strong>immutatae</strong></span> <span class='ocrx_word' id='word_1_112' title='bbox 1220 1526 1365 1584; x_wconf 89' lang='lat' dir='ltr'><strong>sunt,</strong></span> <span class='ocrx_word' id='word_1_113' title='bbox 1393 1534 1511 1588; x_wconf 68' lang='lat' dir='ltr'><strong>qua:</strong></span> <span class='ocrx_word' id='word_1_114' title='bbox 1554 1520 1834 1575; x_wconf 85' lang='lat' dir='ltr'><strong>universa-</strong></span> 
     </span>
    </p>
   </div>
   <div class='ocr_carea' id='block_1_17' title="bbox 261 1606 1835 1680">
    <p class='ocr_par' dir='ltr' id='par_1_17' title="bbox 261 1606 1835 1680">
     <span class='ocr_line' id='line_1_17' title="bbox 261 1606 1835 1680; baseline 0.004 -19"><span class='ocrx_word' id='word_1_115' title='bbox 261 1606 401 1662; x_wconf 88' lang='lat' dir='ltr'><strong>libus</strong></span> <span class='ocrx_word' id='word_1_116' title='bbox 432 1607 641 1676; x_wconf 82' lang='lat' dir='ltr'><strong>objecta</strong></span> <span class='ocrx_word' id='word_1_117' title='bbox 684 1623 779 1677; x_wconf 90' lang='lat' dir='ltr'><strong>per</strong></span> <span class='ocrx_word' id='word_1_118' title='bbox 807 1624 1234 1680; x_wconf 86' lang='lat' dir='ltr'><strong>unamquamque</strong></span> <span class='ocrx_word' id='word_1_119' title='bbox 1266 1611 1688 1680; x_wconf 86' lang='lat' dir='ltr'><strong>propositionum</strong></span> <span class='ocrx_word' id='word_1_120' title='bbox 1740 1613 1835 1668; x_wconf 86' lang='lat' dir='ltr'><strong>ad-</strong></span> 
     </span>
    </p>
   </div>
   <div class='ocr_carea' id='block_1_18' title="bbox 267 1702 1837 1775">
    <p class='ocr_par' dir='ltr' id='par_1_18' title="bbox 267 1702 1837 1775">
     <span class='ocr_line' id='line_1_18' title="bbox 267 1702 1837 1775; baseline 0.006 -20"><span class='ocrx_word' id='word_1_121' title='bbox 267 1702 600 1767; x_wconf 89' lang='lat' dir='ltr'><strong>versitatem,</strong></span> <span class='ocrx_word' id='word_1_122' title='bbox 624 1703 713 1759; x_wconf 92' lang='lat' dir='ltr'><strong>uni</strong></span> <span class='ocrx_word' id='word_1_123' title='bbox 755 1718 969 1775; x_wconf 85' lang='lat' dir='ltr'><strong>semper</strong></span> <span class='ocrx_word' id='word_1_124' title='bbox 995 1720 1202 1772; x_wconf 89' lang='lat' dir='ltr'><strong>verum,</strong></span> <span class='ocrx_word' id='word_1_125' title='bbox 1227 1707 1378 1761; x_wconf 87' lang='lat' dir='ltr'><strong>alteri</strong></span> <span class='ocrx_word' id='word_1_126' title='bbox 1424 1708 1652 1764; x_wconf 87' lang='lat' dir='ltr'><strong>divisere</strong></span> <span class='ocrx_word' id='word_1_127' title='bbox 1688 1725 1837 1765; x_wconf 89' lang='lat' dir='ltr'><strong>men-</strong></span> 
     </span>
    </p>
   </div>
   <div class='ocr_carea' id='block_1_19' title="bbox 1925 482 3495 569">
    <p class='ocr_par' dir='ltr' id='par_1_19' title="bbox 1925 482 3495 569">
     <span class='ocr_line' id='line_1_19' title="bbox 1925 482 3495 569; baseline -0.006 -8"><span class='ocrx_word' id='word_1_128' title='bbox 1925 482 2236 561; x_wconf 80' lang='lat' dir='ltr'><strong>ritnullum</strong></span> <span class='ocrx_word' id='word_1_129' title='bbox 2279 504 2548 558; x_wconf 84' lang='lat' dir='ltr'><strong>hominem</strong></span> <span class='ocrx_word' id='word_1_130' title='bbox 2580 515 2700 556; x_wconf 86' lang='lat' dir='ltr'><strong>esse</strong></span> <span class='ocrx_word' id='word_1_131' title='bbox 2732 482 2959 569; x_wconf 76' lang='lat' dir='ltr'><strong>justum.</strong></span> <span class='ocrx_word' id='word_1_132' title='bbox 2990 498 3061 552; x_wconf 84' lang='lat' dir='ltr'><strong>At</strong></span> <span class='ocrx_word' id='word_1_133' title='bbox 3087 497 3222 557; x_wconf 80' lang='grc' dir='ltr'>εἰ,ἰὰ</span> <span class='ocrx_word' id='word_1_134' title='bbox 3259 496 3495 552; x_wconf 79' lang='lat' dir='ltr'><strong>afﬁrma-</strong></span> 
     </span>
    </p>
   </div>
   <div class='ocr_carea' id='block_1_20' title="bbox 1923 588 3496 664">
    <p class='ocr_par' dir='ltr' id='par_1_20' title="bbox 1923 588 3496 664">
     <span class='ocr_line' id='line_1_20' title="bbox 1923 588 3496 664; baseline -0.005 -11"><span class='ocrx_word' id='word_1_135' title='bbox 1923 596 2365 653; x_wconf 80' lang='lat' dir='ltr'><strong>biturindeflnite</strong></span> <span class='ocrx_word' id='word_1_136' title='bbox 2408 593 2548 664; x_wconf 92' lang='lat' dir='ltr'><strong>quod</strong></span> <span class='ocrx_word' id='word_1_137' title='bbox 2594 607 2625 646; x_wconf 88' lang='lat' dir='ltr'><strong>a</strong></span> <span class='ocrx_word' id='word_1_138' title='bbox 2672 590 2913 661; x_wconf 77' lang='lat' dir='ltr'><strong>subjecto</strong></span> <span class='ocrx_word' id='word_1_139' title='bbox 2947 588 3127 644; x_wconf 86' lang='lat' dir='ltr'><strong>divelli</strong></span> <span class='ocrx_word' id='word_1_140' title='bbox 3179 589 3496 658; x_wconf 87' lang='lat' dir='ltr'><strong>secernique</strong></span> 
     </span>
    </p>
   </div>
   <div class='ocr_carea' id='block_1_21' title="bbox 1926 681 3499 759">
    <p class='ocr_par' dir='ltr' id='par_1_21' title="bbox 1926 681 3499 759">
     <span class='ocr_line' id='line_1_21' title="bbox 1926 681 3499 759; baseline -0.006 -14"><span class='ocrx_word' id='word_1_141' title='bbox 1926 706 2030 745; x_wconf 90' lang='lat' dir='ltr'><strong>non</strong></span> <span class='ocrx_word' id='word_1_142' title='bbox 2063 689 2252 759; x_wconf 84' lang='lat' dir='ltr'><strong>possit,</strong></span> <span class='ocrx_word' id='word_1_143' title='bbox 2295 702 2422 743; x_wconf 87' lang='lat' dir='ltr'><strong>vera</strong></span> <span class='ocrx_word' id='word_1_144' title='bbox 2455 684 2805 741; x_wconf 83' lang='lat' dir='ltr'><strong>nihilominus</strong></span> <span class='ocrx_word' id='word_1_145' title='bbox 2852 684 2954 739; x_wconf 88' lang='lat' dir='ltr'><strong>erit</strong></span> <span class='ocrx_word' id='word_1_146' title='bbox 3004 681 3321 738; x_wconf 87' lang='lat' dir='ltr'><strong>afﬁrmativa</strong></span> <span class='ocrx_word' id='word_1_147' title='bbox 3379 698 3499 751; x_wconf 66' lang='lat' dir='ltr'><strong>quae</strong></span> 
     </span>
    </p>
   </div>
   <div class='ocr_carea' id='block_1_22' title="bbox 1928 773 3501 851">
    <p class='ocr_par' dir='ltr' id='par_1_22' title="bbox 1928 773 3501 851">
     <span class='ocr_line' id='line_1_22' title="bbox 1928 773 3501 851; baseline -0.004 -15"><span class='ocrx_word' id='word_1_148' title='bbox 1928 780 2180 851; x_wconf 85' lang='lat' dir='ltr'><strong>proponit</strong></span> <span class='ocrx_word' id='word_1_149' title='bbox 2227 794 2441 833; x_wconf 87' lang='lat' dir='ltr'><strong>onmem</strong></span> <span class='ocrx_word' id='word_1_150' title='bbox 2490 775 2760 830; x_wconf 85' lang='lat' dir='ltr'><strong>hominem</strong></span> <span class='ocrx_word' id='word_1_151' title='bbox 2807 791 2929 831; x_wconf 90' lang='lat' dir='ltr'><strong>esse</strong></span> <span class='ocrx_word' id='word_1_152' title='bbox 2979 775 3198 830; x_wconf 88' lang='lat' dir='ltr'><strong>animal.</strong></span> <span class='ocrx_word' id='word_1_153' title='bbox 3255 776 3324 828; x_wconf 80' lang='lat' dir='ltr'><strong>At</strong></span> <span class='ocrx_word' id='word_1_154' title='bbox 3369 775 3415 828; x_wconf 91' lang='lat' dir='ltr'><strong>si</strong></span> <span class='ocrx_word' id='word_1_155' title='bbox 3444 773 3501 829; x_wconf 95' lang='lat' dir='ltr'><strong>id</strong></span> 
     </span>
    </p>
   </div>
   <div class='ocr_carea' id='block_1_23' title="bbox 1926 867 3501 942">
    <p class='ocr_par' dir='ltr' id='par_1_23' title="bbox 1926 867 3501 942">
     <span class='ocr_line' id='line_1_23' title="bbox 1926 867 3501 942; baseline -0.002 -16"><span class='ocrx_word' id='word_1_156' title='bbox 1926 872 2065 942; x_wconf 92' lang='lat' dir='ltr'><strong>quod</strong></span> <span class='ocrx_word' id='word_1_157' title='bbox 2087 870 2312 940; x_wconf 87' lang='lat' dir='ltr'><strong>subjecti</strong></span> <span class='ocrx_word' id='word_1_158' title='bbox 2338 877 2582 924; x_wconf 89' lang='lat' dir='ltr'><strong>naturam</strong></span> <span class='ocrx_word' id='word_1_159' title='bbox 2605 884 2713 923; x_wconf 89' lang='lat' dir='ltr'><strong>non</strong></span> <span class='ocrx_word' id='word_1_160' title='bbox 2736 869 2923 937; x_wconf 84' lang='lat' dir='ltr'><strong>recipit</strong></span> <span class='ocrx_word' id='word_1_161' title='bbox 2952 869 3199 938; x_wconf 88' lang='lat' dir='ltr'><strong>proponit</strong></span> <span class='ocrx_word' id='word_1_162' title='bbox 3225 867 3501 923; x_wconf 82' lang='lat' dir='ltr'><strong>indeﬁnita</strong></span> 
     </span>
    </p>
   </div>
   <div class='ocr_carea' id='block_1_24' title="bbox 1929 962 3502 1034">
    <p class='ocr_par' dir='ltr' id='par_1_24' title="bbox 1929 962 3502 1034">
     <span class='ocr_line' id='line_1_24' title="bbox 1929 962 3502 1034; baseline -0.002 -16"><span class='ocrx_word' id='word_1_163' title='bbox 1929 964 2162 1034; x_wconf 86' lang='lat' dir='ltr'><strong>negatio,</strong></span> <span class='ocrx_word' id='word_1_164' title='bbox 2193 964 2357 1018; x_wconf 90' lang='lat' dir='ltr'><strong>veluti</strong></span> <span class='ocrx_word' id='word_1_165' title='bbox 2388 963 2434 1018; x_wconf 91' lang='lat' dir='ltr'><strong>si</strong></span> <span class='ocrx_word' id='word_1_166' title='bbox 2466 962 2608 1017; x_wconf 88' lang='lat' dir='ltr'><strong>dicat</strong></span> <span class='ocrx_word' id='word_1_167' title='bbox 2637 962 2908 1017; x_wconf 89' lang='lat' dir='ltr'><strong>hominem</strong></span> <span class='ocrx_word' id='word_1_168' title='bbox 2962 962 3190 1032; x_wconf 88' lang='lat' dir='ltr'><strong>lapidem</strong></span> <span class='ocrx_word' id='word_1_169' title='bbox 3222 976 3326 1016; x_wconf 87' lang='lat' dir='ltr'><strong>non</strong></span> <span class='ocrx_word' id='word_1_170' title='bbox 3357 975 3502 1025; x_wconf 88' lang='lat' dir='ltr'><strong>esse,</strong></span> 
     </span>
    </p>
   </div>
   <div class='ocr_carea' id='block_1_25' title="bbox 1930 1054 3499 1127">
    <p class='ocr_par' dir='ltr' id='par_1_25' title="bbox 1930 1054 3499 1127">
     <span class='ocr_line' id='line_1_25' title="bbox 1930 1054 3499 1127; baseline -0.003 -15"><span class='ocrx_word' id='word_1_171' title='bbox 1930 1056 2064 1112; x_wconf 85' lang='lat' dir='ltr'><strong>nihil</strong></span> <span class='ocrx_word' id='word_1_172' title='bbox 2090 1057 2158 1112; x_wconf 89' lang='lat' dir='ltr'><strong>ab</strong></span> <span class='ocrx_word' id='word_1_173' title='bbox 2185 1056 2303 1127; x_wconf 86' lang='lat' dir='ltr'><strong>ejus</strong></span> <span class='ocrx_word' id='word_1_174' title='bbox 2333 1057 2561 1112; x_wconf 81' lang='lat' dir='ltr'><strong>veritate</strong></span> <span class='ocrx_word' id='word_1_175' title='bbox 2589 1055 2901 1111; x_wconf 82' lang='lat' dir='ltr'><strong>universalis</strong></span> <span class='ocrx_word' id='word_1_176' title='bbox 2928 1055 3168 1124; x_wconf 80' lang='lat' dir='ltr'><strong>negativa</strong></span> <span class='ocrx_word' id='word_1_177' title='bbox 3197 1054 3499 1121; x_wconf 87' lang='lat' dir='ltr'><strong>dissentiet,</strong></span> 
     </span>
    </p>
   </div>
   <div class='ocr_carea' id='block_1_26' title="bbox 1932 1146 3507 1217">
    <p class='ocr_par' dir='ltr' id='par_1_26' title="bbox 1932 1146 3507 1217">
     <span class='ocr_line' id='line_1_26' title="bbox 1932 1146 3507 1217; baseline -0.004 -13"><span class='ocrx_word' id='word_1_178' title='bbox 1932 1159 1990 1204; x_wconf 88' lang='lat' dir='ltr'><strong>ut</strong></span> <span class='ocrx_word' id='word_1_179' title='bbox 2019 1162 2085 1203; x_wconf 89' lang='lat' dir='ltr'><strong>ea</strong></span> <span class='ocrx_word' id='word_1_180' title='bbox 2114 1164 2232 1217; x_wconf 70' lang='lat' dir='ltr'><strong>qua:</strong></span> <span class='ocrx_word' id='word_1_181' title='bbox 2255 1148 2457 1202; x_wconf 89' lang='lat' dir='ltr'><strong>nullum</strong></span> <span class='ocrx_word' id='word_1_182' title='bbox 2489 1148 2684 1202; x_wconf 88' lang='lat' dir='ltr'><strong>animal</strong></span> <span class='ocrx_word' id='word_1_183' title='bbox 2713 1162 2833 1202; x_wconf 90' lang='lat' dir='ltr'><strong>esse</strong></span> <span class='ocrx_word' id='word_1_184' title='bbox 2854 1149 3122 1216; x_wconf 85' lang='lat' dir='ltr'><strong>proponit.</strong></span> <span class='ocrx_word' id='word_1_185' title='bbox 3174 1146 3315 1200; x_wconf 84' lang='lat' dir='ltr'><strong>Nihil</strong></span> <span class='ocrx_word' id='word_1_186' title='bbox 3347 1146 3507 1214; x_wconf 76' lang='lat' dir='ltr'><strong>igizur</strong></span> 
     </span>
    </p>
   </div>
   <div class='ocr_carea' id='block_1_27' title="bbox 1936 1238 3504 1308">
    <p class='ocr_par' dir='ltr' id='par_1_27' title="bbox 1936 1238 3504 1308">
     <span class='ocr_line' id='line_1_27' title="bbox 1936 1238 3504 1308; baseline -0.002 -13"><span class='ocrx_word' id='word_1_187' title='bbox 1936 1240 2153 1295; x_wconf 89' lang='lat' dir='ltr'><strong>dubium</strong></span> <span class='ocrx_word' id='word_1_188' title='bbox 2172 1250 2251 1295; x_wconf 89' lang='lat' dir='ltr'><strong>est</strong></span> <span class='ocrx_word' id='word_1_189' title='bbox 2278 1239 2587 1307; x_wconf 89' lang='lat' dir='ltr'><strong>indeﬁnitas</strong></span> <span class='ocrx_word' id='word_1_190' title='bbox 2602 1238 3004 1308; x_wconf 88' lang='lat' dir='ltr'><strong>particularibus</strong></span> <span class='ocrx_word' id='word_1_191' title='bbox 3030 1252 3148 1292; x_wconf 78' lang='lat' dir='ltr'><strong>esse</strong></span> <span class='ocrx_word' id='word_1_192' title='bbox 3174 1238 3504 1305; x_wconf 86' lang='lat' dir='ltr'><strong>consimiles,</strong></span> 
     </span>
    </p>
   </div>
   <div class='ocr_carea' id='block_1_28' title="bbox 1935 1329 3509 1402">
    <p class='ocr_par' dir='ltr' id='par_1_28' title="bbox 1935 1329 3509 1402">
     <span class='ocr_line' id='line_1_28' title="bbox 1935 1329 3509 1402; baseline -0.003 -15"><span class='ocrx_word' id='word_1_193' title='bbox 1935 1332 2286 1402; x_wconf 87' lang='lat' dir='ltr'><strong>eamdemque</strong></span> <span class='ocrx_word' id='word_1_194' title='bbox 2327 1334 2434 1387; x_wconf 89' lang='lat' dir='ltr'><strong>vim</strong></span> <span class='ocrx_word' id='word_1_195' title='bbox 2459 1332 2701 1387; x_wconf 88' lang='lat' dir='ltr'><strong>veritatis</strong></span> <span class='ocrx_word' id='word_1_196' title='bbox 2721 1345 2784 1386; x_wconf 88' lang='lat' dir='ltr'><strong>ac</strong></span> <span class='ocrx_word' id='word_1_197' title='bbox 2827 1330 3075 1385; x_wconf 76' lang='lat' dir='ltr'><strong>falsitatis</strong></span> <span class='ocrx_word' id='word_1_198' title='bbox 3100 1329 3509 1398; x_wconf 88' lang='lat' dir='ltr'><strong>signiﬁcationi-</strong></span> 
     </span>
    </p>
   </div>
   <div class='ocr_carea' id='block_1_29' title="bbox 1935 1423 3510 1496">
    <p class='ocr_par' dir='ltr' id='par_1_29' title="bbox 1935 1423 3510 1496">
     <span class='ocr_line' id='line_1_29' title="bbox 1935 1423 3510 1496; baseline -0.003 -15"><span class='ocrx_word' id='word_1_199' title='bbox 1935 1426 2034 1481; x_wconf 85' lang='lat' dir='ltr'><strong>bus</strong></span> <span class='ocrx_word' id='word_1_200' title='bbox 2051 1426 2322 1482; x_wconf 88' lang='lat' dir='ltr'><strong>obtinere:</strong></span> <span class='ocrx_word' id='word_1_201' title='bbox 2346 1426 2415 1481; x_wconf 87' lang='lat' dir='ltr'><strong>de</strong></span> <span class='ocrx_word' id='word_1_202' title='bbox 2438 1426 2630 1496; x_wconf 92' lang='lat' dir='ltr'><strong>quibus</strong></span> <span class='ocrx_word' id='word_1_203' title='bbox 2645 1423 2975 1479; x_wconf 85' lang='lat' dir='ltr'><strong>sufﬁcienter</strong></span> <span class='ocrx_word' id='word_1_204' title='bbox 3000 1424 3201 1478; x_wconf 88' lang='lat' dir='ltr'><strong>dictum</strong></span> <span class='ocrx_word' id='word_1_205' title='bbox 3231 1433 3332 1477; x_wconf 90' lang='lat' dir='ltr'><strong>est.</strong></span> <span class='ocrx_word' id='word_1_206' title='bbox 3358 1423 3510 1477; x_wconf 89' lang='lat' dir='ltr'><strong>Nunc</strong></span> 
     </span>
    </p>
   </div>
   <div class='ocr_carea' id='block_1_30' title="bbox 1936 1504 3510 1589">
    <p class='ocr_par' dir='ltr' id='par_1_30' title="bbox 1936 1504 3510 1589">
     <span class='ocr_line' id='line_1_30' title="bbox 1936 1504 3510 1589; baseline 0 -17"><span class='ocrx_word' id='word_1_207' title='bbox 1936 1515 2007 1573; x_wconf 92' lang='lat' dir='ltr'><strong>de</strong></span> <span class='ocrx_word' id='word_1_208' title='bbox 2034 1517 2399 1589; x_wconf 80' lang='lat' dir='ltr'><strong>singularibus</strong></span> <span class='ocrx_word' id='word_1_209' title='bbox 2427 1517 2779 1587; x_wconf 84' lang='lat' dir='ltr'><strong>explicemus,</strong></span> <span class='ocrx_word' id='word_1_210' title='bbox 2808 1532 2925 1586; x_wconf 69' lang='lat' dir='ltr'><strong>qua:</strong></span> <span class='ocrx_word' id='word_1_211' title='bbox 2960 1516 3092 1570; x_wconf 88' lang='lat' dir='ltr'><strong>nihil</strong></span> <span class='ocrx_word' id='word_1_212' title='bbox 3141 1504 3510 1585; x_wconf 86' lang='lat' dir='ltr'><strong>superioribus</strong></span> 
     </span>
    </p>
   </div>
   <div class='ocr_carea' id='block_1_31' title="bbox 1938 1606 3517 1677">
    <p class='ocr_par' dir='ltr' id='par_1_31' title="bbox 1938 1606 3517 1677">
     <span class='ocr_line' id='line_1_31' title="bbox 1938 1606 3517 1677; baseline 0.002 -15"><span class='ocrx_word' id='word_1_213' title='bbox 1938 1606 2142 1663; x_wconf 85' lang='lat' dir='ltr'><strong>similes</strong></span> <span class='ocrx_word' id='word_1_214' title='bbox 2171 1616 2405 1663; x_wconf 79' lang='lat' dir='ltr'><strong>exstant.</strong></span> <span class='ocrx_word' id='word_1_215' title='bbox 2429 1607 2535 1663; x_wconf 68' lang='lat' dir='ltr'><strong>Illae</strong></span> <span class='ocrx_word' id='word_1_216' title='bbox 2574 1622 2805 1677; x_wconf 83' lang='lat' dir='ltr'><strong>namque</strong></span> <span class='ocrx_word' id='word_1_217' title='bbox 2829 1607 3079 1677; x_wconf 87' lang='lat' dir='ltr'><strong>quoniam</strong></span> <span class='ocrx_word' id='word_1_218' title='bbox 3117 1609 3517 1666; x_wconf 75' lang='lat' dir='ltr'><strong>constituebant</strong></span> 
     </span>
    </p>
   </div>
   <div class='ocr_carea' id='block_1_32' title="bbox 1938 1698 3516 1767">
    <p class='ocr_par' dir='ltr' id='par_1_32' title="bbox 1938 1698 3516 1767">
     <span class='ocr_line' id='line_1_32' title="bbox 1938 1698 3516 1767; baseline 0.001 -14"><span class='ocrx_word' id='word_1_219' title='bbox 1938 1699 2246 1755; x_wconf 87' lang='lat' dir='ltr'><strong>universale</strong></span> <span class='ocrx_word' id='word_1_220' title='bbox 2274 1698 2597 1767; x_wconf 88' lang='lat' dir='ltr'><strong>subjectum,</strong></span> <span class='ocrx_word' id='word_1_221' title='bbox 2640 1699 2707 1753; x_wconf 90' lang='lat' dir='ltr'><strong>de</strong></span> <span class='ocrx_word' id='word_1_222' title='bbox 2732 1712 2837 1767; x_wconf 90' lang='lat' dir='ltr'><strong>quo</strong></span> <span class='ocrx_word' id='word_1_223' title='bbox 2859 1698 3203 1767; x_wconf 62' lang='lat' dir='ltr'><strong>praedicatum</strong></span> <span class='ocrx_word' id='word_1_224' title='bbox 3229 1699 3516 1755; x_wconf 88' lang='lat' dir='ltr'><strong>terminum</strong></span> 
     </span>
    </p>
   </div>
   <div class='ocr_carea' id='block_1_33' title="bbox 218 1788 1874 1876">
    <p class='ocr_par' dir='ltr' id='par_1_33' title="bbox 218 1793 1874 1876">
     <span class='ocr_line' id='line_1_33' title="bbox 218 1793 1874 1876; baseline 0.007 -30"><span class='ocrx_word' id='word_1_225' title='bbox 218 1800 231 1813; x_wconf 86' lang='lat'>&#39;</span> <span class='ocrx_word' id='word_1_226' title='bbox 262 1793 497 1876; x_wconf 85' lang='lat' dir='ltr'><strong>dacium.</strong></span> <span class='ocrx_word' id='word_1_227' title='bbox 530 1793 795 1853; x_wconf 65' lang='lat' dir='ltr'><strong>Praeterea</strong></span> <span class='ocrx_word' id='word_1_228' title='bbox 820 1812 1033 1866; x_wconf 93' lang='lat' dir='ltr'><strong>quoquo</strong></span> <span class='ocrx_word' id='word_1_229' title='bbox 1048 1797 1206 1852; x_wconf 85' lang='lat' dir='ltr'><strong>modo</strong></span> <span class='ocrx_word' id='word_1_230' title='bbox 1225 1799 1570 1853; x_wconf 90' lang='lat' dir='ltr'><strong>termiuorum</strong></span> <span class='ocrx_word' id='word_1_231' title='bbox 1592 1801 1837 1872; x_wconf 77' lang='lat' dir='ltr'><strong>exempla</strong></span> <span class='ocrx_word' id='word_1_232' title='bbox 1868 1803 1874 1865; x_wconf 74' lang='grc' dir='ltr'>ζ</span> 
     </span>
    </p>
   </div>
   <div class='ocr_carea' id='block_1_34' title="bbox 1963 1788 3516 1876">
    <p class='ocr_par' dir='ltr' id='par_1_34' title="bbox 1963 1788 3516 1858">
     <span class='ocr_line' id='line_1_34' title="bbox 1963 1788 3516 1858; baseline 0 -13"><span class='ocrx_word' id='word_1_233' title='bbox 1963 1791 2208 1856; x_wconf 91' lang='lat' dir='ltr'><strong>Iicerent,</strong></span> <span class='ocrx_word' id='word_1_234' title='bbox 2268 1789 2468 1846; x_wconf 91' lang='lat' dir='ltr'><strong>idcirco</strong></span> <span class='ocrx_word' id='word_1_235' title='bbox 2536 1789 2898 1858; x_wconf 84' lang='lat' dir='ltr'><strong>suscipiebant</strong></span> <span class='ocrx_word' id='word_1_236' title='bbox 2978 1790 3136 1844; x_wconf 89' lang='lat' dir='ltr'><strong>etiam</strong></span> <span class='ocrx_word' id='word_1_237' title='bbox 3188 1788 3516 1845; x_wconf 75' lang='lat' dir='ltr'><strong>differentias</strong></span> 
     </span>
    </p>
   </div>
   <div class='ocr_carea' id='block_1_35' title="bbox 264 1887 1841 1959">
    <p class='ocr_par' dir='ltr' id='par_1_35' title="bbox 264 1887 1841 1959">
     <span class='ocr_line' id='line_1_35' title="bbox 264 1887 1841 1959; baseline 0.005 -20"><span class='ocrx_word' id='word_1_238' title='bbox 264 1896 550 1956; x_wconf 87' lang='lat' dir='ltr'><strong>ponantur,</strong></span> <span class='ocrx_word' id='word_1_239' title='bbox 603 1887 649 1941; x_wconf 90' lang='lat' dir='ltr'><strong>si</strong></span> <span class='ocrx_word' id='word_1_240' title='bbox 688 1887 1095 1955; x_wconf 78' lang='lat' dir='ltr'><strong>afﬁrmatioues,</strong></span> <span class='ocrx_word' id='word_1_241' title='bbox 1136 1888 1577 1945; x_wconf 87' lang='lat' dir='ltr'><strong>afﬁrmationibus</strong></span> <span class='ocrx_word' id='word_1_242' title='bbox 1604 1932 1619 1957; x_wconf 93' lang='lat'><strong>,</strong></span> <span class='ocrx_word' id='word_1_243' title='bbox 1682 1908 1841 1959; x_wconf 81' lang='lat' dir='ltr'><strong>nega-</strong></span> 
     </span>
    </p>
   </div>
   <div class='ocr_carea' id='block_1_36' title="bbox 268 1978 1842 2050">
    <p class='ocr_par' dir='ltr' id='par_1_36' title="bbox 268 1978 1842 2050">
     <span class='ocr_line' id='line_1_36' title="bbox 268 1978 1842 2050; baseline 0.004 -16"><span class='ocrx_word' id='word_1_244' title='bbox 268 1978 444 2035; x_wconf 88' lang='lat' dir='ltr'><strong>tiones</strong></span> <span class='ocrx_word' id='word_1_245' title='bbox 469 1979 840 2048; x_wconf 84' lang='lat' dir='ltr'><strong>negationibus</strong></span> <span class='ocrx_word' id='word_1_246' title='bbox 867 1995 1261 2050; x_wconf 88' lang='lat' dir='ltr'><strong>comparemus,</strong></span> <span class='ocrx_word' id='word_1_247' title='bbox 1287 1982 1676 2038; x_wconf 89' lang='lat' dir='ltr'><strong>universalibus</strong></span> <span class='ocrx_word' id='word_1_248' title='bbox 1700 1986 1842 2041; x_wconf 90' lang='lat' dir='ltr'><strong>veris</strong></span> 
     </span>
    </p>
   </div>
   <div class='ocr_carea' id='block_1_37' title="bbox 268 2070 1841 2143">
    <p class='ocr_par' dir='ltr' id='par_1_37' title="bbox 268 2070 1841 2143">
     <span class='ocr_line' id='line_1_37' title="bbox 268 2070 1841 2143; baseline 0.003 -17"><span class='ocrx_word' id='word_1_249' title='bbox 268 2070 664 2127; x_wconf 80' lang='lat' dir='ltr'><strong>indeﬁnitarum</strong></span> <span class='ocrx_word' id='word_1_250' title='bbox 702 2072 902 2127; x_wconf 87' lang='lat' dir='ltr'><strong>veritas</strong></span> <span class='ocrx_word' id='word_1_251' title='bbox 943 2074 1209 2143; x_wconf 86' lang='lat' dir='ltr'><strong>provenit,</strong></span> <span class='ocrx_word' id='word_1_252' title='bbox 1254 2084 1312 2128; x_wconf 87' lang='lat' dir='ltr'><strong>ut</strong></span> <span class='ocrx_word' id='word_1_253' title='bbox 1341 2088 1462 2128; x_wconf 91' lang='lat' dir='ltr'><strong>cum</strong></span> <span class='ocrx_word' id='word_1_254' title='bbox 1508 2088 1649 2130; x_wconf 76' lang='lat' dir='ltr'><strong>verze</strong></span> <span class='ocrx_word' id='word_1_255' title='bbox 1695 2084 1841 2143; x_wconf 89' lang='lat' dir='ltr'><strong>sunt,</strong></span> 
     </span>
    </p>
   </div>
   <div class='ocr_carea' id='block_1_38' title="bbox 269 2165 1843 2233">
    <p class='ocr_par' dir='ltr' id='par_1_38' title="bbox 269 2165 1843 2233">
     <span class='ocr_line' id='line_1_38' title="bbox 269 2165 1843 2233; baseline -0.001 -11"><span class='ocrx_word' id='word_1_256' title='bbox 269 2180 486 2222; x_wconf 88' lang='lat' dir='ltr'><strong>omnem</strong></span> <span class='ocrx_word' id='word_1_257' title='bbox 514 2165 784 2221; x_wconf 88' lang='lat' dir='ltr'><strong>hominem</strong></span> <span class='ocrx_word' id='word_1_258' title='bbox 815 2180 935 2233; x_wconf 86' lang='lat' dir='ltr'><strong>esse</strong></span> <span class='ocrx_word' id='word_1_259' title='bbox 964 2166 1183 2230; x_wconf 88' lang='lat' dir='ltr'><strong>animal,</strong></span> <span class='ocrx_word' id='word_1_260' title='bbox 1230 2174 1283 2220; x_wconf 88' lang='lat' dir='ltr'><strong>et</strong></span> <span class='ocrx_word' id='word_1_261' title='bbox 1330 2166 1531 2220; x_wconf 92' lang='lat' dir='ltr'><strong>nullum</strong></span> <span class='ocrx_word' id='word_1_262' title='bbox 1572 2166 1843 2221; x_wconf 87' lang='lat' dir='ltr'><strong>hominem</strong></span> 
     </span>
    </p>
   </div>
   <div class='ocr_carea' id='block_1_39' title="bbox 270 2254 1845 2325">
    <p class='ocr_par' dir='ltr' id='par_1_39' title="bbox 270 2254 1845 2325">
     <span class='ocr_line' id='line_1_39' title="bbox 270 2254 1845 2325; baseline 0 -14"><span class='ocrx_word' id='word_1_263' title='bbox 270 2270 393 2311; x_wconf 85' lang='lat' dir='ltr'><strong>esse</strong></span> <span class='ocrx_word' id='word_1_264' title='bbox 420 2254 677 2325; x_wconf 88' lang='lat' dir='ltr'><strong>lapidem,</strong></span> <span class='ocrx_word' id='word_1_265' title='bbox 703 2263 912 2310; x_wconf 88' lang='lat' dir='ltr'><strong>constat</strong></span> <span class='ocrx_word' id='word_1_266' title='bbox 946 2256 1143 2309; x_wconf 89' lang='lat' dir='ltr'><strong>veritas</strong></span> <span class='ocrx_word' id='word_1_267' title='bbox 1174 2255 1463 2310; x_wconf 84' lang='lat' dir='ltr'><strong>indeﬁnitis</strong></span> <span class='ocrx_word' id='word_1_268' title='bbox 1494 2271 1613 2325; x_wconf 73' lang='lat' dir='ltr'><strong>qua:</strong></span> <span class='ocrx_word' id='word_1_269' title='bbox 1643 2271 1845 2325; x_wconf 86' lang='lat' dir='ltr'><strong>propo—</strong></span> 
     </span>
    </p>
   </div>
   <div class='ocr_carea' id='block_1_40' title="bbox 270 2346 1845 2421">
    <p class='ocr_par' dir='ltr' id='par_1_40' title="bbox 270 2346 1845 2421">
     <span class='ocr_line' id='line_1_40' title="bbox 270 2346 1845 2421; baseline 0 -19"><span class='ocrx_word' id='word_1_270' title='bbox 270 2354 425 2413; x_wconf 87' lang='lat' dir='ltr'><strong>nunt,</strong></span> <span class='ocrx_word' id='word_1_271' title='bbox 454 2353 509 2402; x_wconf 88' lang='lat' dir='ltr'><strong>et</strong></span> <span class='ocrx_word' id='word_1_272' title='bbox 536 2346 805 2402; x_wconf 90' lang='lat' dir='ltr'><strong>hominem</strong></span> <span class='ocrx_word' id='word_1_273' title='bbox 838 2346 1035 2421; x_wconf 87' lang='lat' dir='ltr'><strong>animal</strong></span> <span class='ocrx_word' id='word_1_274' title='bbox 1067 2359 1208 2413; x_wconf 86' lang='lat' dir='ltr'><strong>esse,</strong></span> <span class='ocrx_word' id='word_1_275' title='bbox 1240 2355 1293 2401; x_wconf 90' lang='lat' dir='ltr'><strong>et</strong></span> <span class='ocrx_word' id='word_1_276' title='bbox 1325 2346 1592 2401; x_wconf 90' lang='lat' dir='ltr'><strong>hominem</strong></span> <span class='ocrx_word' id='word_1_277' title='bbox 1616 2347 1845 2417; x_wconf 83' lang='lat' dir='ltr'><strong>lapidem</strong></span> 
     </span>
    </p>
   </div>
   <div class='ocr_carea' id='block_1_41' title="bbox 274 2440 1850 2508">
    <p class='ocr_par' dir='ltr' id='par_1_41' title="bbox 274 2440 1850 2508">
     <span class='ocr_line' id='line_1_41' title="bbox 274 2440 1850 2508; baseline -0.001 -11"><span class='ocrx_word' id='word_1_278' title='bbox 274 2457 383 2497; x_wconf 92' lang='lat' dir='ltr'><strong>non</strong></span> <span class='ocrx_word' id='word_1_279' title='bbox 408 2456 548 2498; x_wconf 89' lang='lat' dir='ltr'><strong>esse.</strong></span> <span class='ocrx_word' id='word_1_280' title='bbox 573 2443 642 2497; x_wconf 82' lang='lat' dir='ltr'><strong>At</strong></span> <span class='ocrx_word' id='word_1_281' title='bbox 663 2442 710 2497; x_wconf 92' lang='lat' dir='ltr'><strong>si</strong></span> <span class='ocrx_word' id='word_1_282' title='bbox 738 2441 1114 2497; x_wconf 89' lang='lat' dir='ltr'><strong>universalium</strong></span> <span class='ocrx_word' id='word_1_283' title='bbox 1143 2440 1344 2495; x_wconf 80' lang='lat' dir='ltr'><strong>falsitas</strong></span> <span class='ocrx_word' id='word_1_284' title='bbox 1369 2441 1668 2508; x_wconf 86' lang='lat' dir='ltr'><strong>antecedat,</strong></span> <span class='ocrx_word' id='word_1_285' title='bbox 1694 2440 1850 2496; x_wconf 87' lang='lat' dir='ltr'><strong>iude-</strong></span> 
     </span>
    </p>
   </div>
   <div class='ocr_carea' id='block_1_42' title="bbox 275 2531 1851 2599">
    <p class='ocr_par' dir='ltr' id='par_1_42' title="bbox 275 2531 1851 2599">
     <span class='ocr_line' id='line_1_42' title="bbox 275 2531 1851 2599; baseline -0.001 -9"><span class='ocrx_word' id='word_1_286' title='bbox 275 2534 545 2590; x_wconf 82' lang='lat' dir='ltr'><strong>ﬁnitarum</strong></span> <span class='ocrx_word' id='word_1_287' title='bbox 562 2533 649 2589; x_wconf 92' lang='lat' dir='ltr'><strong>vel</strong></span> <span class='ocrx_word' id='word_1_288' title='bbox 674 2536 897 2599; x_wconf 83' lang='lat' dir='ltr'><strong>veritas,</strong></span> <span class='ocrx_word' id='word_1_289' title='bbox 945 2532 1029 2587; x_wconf 85' lang='lat' dir='ltr'><strong>vel</strong></span> <span class='ocrx_word' id='word_1_290' title='bbox 1068 2532 1405 2587; x_wconf 87' lang='lat' dir='ltr'><strong>mendacium</strong></span> <span class='ocrx_word' id='word_1_291' title='bbox 1450 2532 1705 2597; x_wconf 83' lang='lat' dir='ltr'><strong>variabit,</strong></span> <span class='ocrx_word' id='word_1_292' title='bbox 1747 2531 1851 2588; x_wconf 91' lang='lat' dir='ltr'><strong>hoc</strong></span> 
     </span>
    </p>
   </div>
   <div class='ocr_carea' id='block_1_43' title="bbox 278 2626 1853 2698">
    <p class='ocr_par' dir='ltr' id='par_1_43' title="bbox 278 2626 1853 2698">
     <span class='ocr_line' id='line_1_43' title="bbox 278 2626 1853 2698; baseline -0.001 -14"><span class='ocrx_word' id='word_1_293' title='bbox 278 2630 457 2685; x_wconf 89' lang='lat' dir='ltr'><strong>modo.</strong></span> <span class='ocrx_word' id='word_1_294' title='bbox 481 2626 635 2683; x_wconf 89' lang='lat' dir='ltr'><strong>Falsa</strong></span> <span class='ocrx_word' id='word_1_295' title='bbox 656 2629 798 2683; x_wconf 88' lang='lat' dir='ltr'><strong>enim</strong></span> <span class='ocrx_word' id='word_1_296' title='bbox 822 2638 904 2683; x_wconf 92' lang='lat' dir='ltr'><strong>est</strong></span> <span class='ocrx_word' id='word_1_297' title='bbox 923 2627 1241 2698; x_wconf 80' lang='lat' dir='ltr'><strong>universalis</strong></span> <span class='ocrx_word' id='word_1_298' title='bbox 1262 2628 1556 2683; x_wconf 89' lang='lat' dir='ltr'><strong>enuntiatio</strong></span> <span class='ocrx_word' id='word_1_299' title='bbox 1583 2643 1700 2697; x_wconf 77' lang='lat' dir='ltr'><strong>qua:</strong></span> <span class='ocrx_word' id='word_1_300' title='bbox 1730 2642 1853 2697; x_wconf 90' lang='lat' dir='ltr'><strong>pro-</strong></span> 
     </span>
    </p>
   </div>
   <div class='ocr_carea' id='block_1_44' title="bbox 278 2718 1853 2790">
    <p class='ocr_par' dir='ltr' id='par_1_44' title="bbox 278 2718 1853 2790">
     <span class='ocr_line' id='line_1_44' title="bbox 278 2718 1853 2790; baseline -0.003 -15"><span class='ocrx_word' id='word_1_301' title='bbox 278 2720 429 2790; x_wconf 88' lang='lat' dir='ltr'><strong>ponit</strong></span> <span class='ocrx_word' id='word_1_302' title='bbox 459 2734 670 2790; x_wconf 87' lang='lat' dir='ltr'><strong>omnem</strong></span> <span class='ocrx_word' id='word_1_303' title='bbox 696 2720 968 2774; x_wconf 90' lang='lat' dir='ltr'><strong>hominem</strong></span> <span class='ocrx_word' id='word_1_304' title='bbox 990 2734 1111 2774; x_wconf 74' lang='grc' dir='ltr'>εε›ε</span> <span class='ocrx_word' id='word_1_305' title='bbox 1135 2719 1334 2788; x_wconf 91' lang='lat' dir='ltr'><strong>justum</strong></span> <span class='ocrx_word' id='word_1_306' title='bbox 1361 2736 1376 2785; x_wconf 92' lang='lat'><strong>;</strong></span> <span class='ocrx_word' id='word_1_307' title='bbox 1410 2718 1503 2773; x_wconf 85' lang='lat' dir='ltr'><strong>sed</strong></span> <span class='ocrx_word' id='word_1_308' title='bbox 1533 2733 1595 2773; x_wconf 91' lang='lat' dir='ltr'><strong>ea</strong></span> <span class='ocrx_word' id='word_1_309' title='bbox 1624 2733 1742 2784; x_wconf 81' lang='lat' dir='ltr'><strong>qua:</strong></span> <span class='ocrx_word' id='word_1_310' title='bbox 1767 2718 1853 2771; x_wconf 86' lang='lat' dir='ltr'><strong>di-</strong></span> 
     </span>
    </p>
   </div>
   <div class='ocr_carea' id='block_1_45' title="bbox 281 2808 1856 2880">
    <p class='ocr_par' dir='ltr' id='par_1_45' title="bbox 281 2808 1856 2880">
     <span class='ocr_line' id='line_1_45' title="bbox 281 2808 1856 2880; baseline -0.002 -14"><span class='ocrx_word' id='word_1_311' title='bbox 281 2812 354 2866; x_wconf 90' lang='lat' dir='ltr'><strong>cit</strong></span> <span class='ocrx_word' id='word_1_312' title='bbox 375 2810 649 2866; x_wconf 90' lang='lat' dir='ltr'><strong>hominem</strong></span> <span class='ocrx_word' id='word_1_313' title='bbox 696 2825 819 2865; x_wconf 90' lang='lat' dir='ltr'><strong>esse</strong></span> <span class='ocrx_word' id='word_1_314' title='bbox 850 2810 1081 2880; x_wconf 90' lang='lat' dir='ltr'><strong>justum,</strong></span> <span class='ocrx_word' id='word_1_315' title='bbox 1113 2818 1259 2865; x_wconf 90' lang='lat' dir='ltr'><strong>tenet</strong></span> <span class='ocrx_word' id='word_1_316' title='bbox 1284 2810 1336 2863; x_wconf 94' lang='lat' dir='ltr'><strong>in</strong></span> <span class='ocrx_word' id='word_1_317' title='bbox 1375 2808 1619 2863; x_wconf 82' lang='lat' dir='ltr'><strong>humanae</strong></span> <span class='ocrx_word' id='word_1_318' title='bbox 1650 2818 1856 2863; x_wconf 67' lang='lat' dir='ltr'><strong>natura:</strong></span> 
     </span>
    </p>
   </div>
   <div class='ocr_carea' id='block_1_46' title="bbox 277 2898 1857 2972">
    <p class='ocr_par' dir='ltr' id='par_1_46' title="bbox 277 2898 1857 2972">
     <span class='ocr_line' id='line_1_46' title="bbox 277 2898 1857 2972; baseline -0.002 -16"><span class='ocrx_word' id='word_1_319' title='bbox 277 2910 431 2972; x_wconf 87' lang='lat' dir='ltr'><strong>parte</strong></span> <span class='ocrx_word' id='word_1_320' title='bbox 458 2902 760 2958; x_wconf 82' lang='lat' dir='ltr'><strong>veritatem.</strong></span> <span class='ocrx_word' id='word_1_321' title='bbox 799 2901 929 2955; x_wconf 90' lang='lat' dir='ltr'><strong>Nam</strong></span> <span class='ocrx_word' id='word_1_322' title='bbox 952 2900 996 2956; x_wconf 88' lang='lat' dir='ltr'><strong>si</strong></span> <span class='ocrx_word' id='word_1_323' title='bbox 1019 2916 1123 2955; x_wconf 91' lang='lat' dir='ltr'><strong>non</strong></span> <span class='ocrx_word' id='word_1_324' title='bbox 1150 2900 1309 2955; x_wconf 87' lang='lat' dir='ltr'><strong>habet</strong></span> <span class='ocrx_word' id='word_1_325' title='bbox 1326 2900 1498 2955; x_wconf 85' lang='lat' dir='ltr'><strong>omnis</strong></span> <span class='ocrx_word' id='word_1_326' title='bbox 1516 2900 1675 2955; x_wconf 88' lang='lat' dir='ltr'><strong>homo</strong></span> <span class='ocrx_word' id='word_1_327' title='bbox 1698 2898 1857 2969; x_wconf 87' lang='lat' dir='ltr'><strong>justi-</strong></span> 
     </span>
    </p>
   </div>
   <div class='ocr_carea' id='block_1_47' title="bbox 282 2992 1854 3064">
    <p class='ocr_par' dir='ltr' id='par_1_47' title="bbox 282 2992 1854 3064">
     <span class='ocr_line' id='line_1_47' title="bbox 282 2992 1854 3064; baseline 0 -18"><span class='ocrx_word' id='word_1_328' title='bbox 282 2992 434 3059; x_wconf 90' lang='lat' dir='ltr'><strong>tiam,</strong></span> <span class='ocrx_word' id='word_1_329' title='bbox 459 3006 580 3047; x_wconf 88' lang='lat' dir='ltr'><strong>cum</strong></span> <span class='ocrx_word' id='word_1_330' title='bbox 611 3003 789 3047; x_wconf 90' lang='lat' dir='ltr'><strong>tamen</strong></span> <span class='ocrx_word' id='word_1_331' title='bbox 818 2993 1011 3063; x_wconf 88' lang='lat' dir='ltr'><strong>aliquis</strong></span> <span class='ocrx_word' id='word_1_332' title='bbox 1033 2994 1247 3060; x_wconf 86' lang='lat' dir='ltr'><strong>habeat,</strong></span> <span class='ocrx_word' id='word_1_333' title='bbox 1275 3008 1402 3049; x_wconf 91' lang='lat' dir='ltr'><strong>vere</strong></span> <span class='ocrx_word' id='word_1_334' title='bbox 1431 2994 1533 3048; x_wconf 91' lang='lat' dir='ltr'><strong>dici</strong></span> <span class='ocrx_word' id='word_1_335' title='bbox 1558 3002 1733 3064; x_wconf 90' lang='lat' dir='ltr'><strong>potest</strong></span> <span class='ocrx_word' id='word_1_336' title='bbox 1757 2992 1854 3047; x_wconf 80' lang='lat' dir='ltr'><strong>ho-</strong></span> 
     </span>
    </p>
   </div>
   <div class='ocr_carea' id='block_1_48' title="bbox 281 3081 1861 3156">
    <p class='ocr_par' dir='ltr' id='par_1_48' title="bbox 281 3081 1861 3156">
     <span class='ocr_line' id='line_1_48' title="bbox 281 3081 1861 3156; baseline 0.002 -20"><span class='ocrx_word' id='word_1_337' title='bbox 281 3081 484 3137; x_wconf 89' lang='lat' dir='ltr'><strong>minem</strong></span> <span class='ocrx_word' id='word_1_338' title='bbox 515 3083 874 3154; x_wconf 89' lang='lat' dir='ltr'><strong>essejustum.</strong></span> <span class='ocrx_word' id='word_1_339' title='bbox 916 3084 1069 3151; x_wconf 90' lang='lat' dir='ltr'><strong>Item,</strong></span> <span class='ocrx_word' id='word_1_340' title='bbox 1092 3100 1213 3140; x_wconf 89' lang='lat' dir='ltr'><strong>cum</strong></span> <span class='ocrx_word' id='word_1_341' title='bbox 1243 3086 1558 3156; x_wconf 88' lang='lat' dir='ltr'><strong>proponitur</strong></span> <span class='ocrx_word' id='word_1_342' title='bbox 1585 3086 1861 3140; x_wconf 90' lang='lat' dir='ltr'><strong>universa-</strong></span> 
     </span>
    </p>
   </div>
   <div class='ocr_carea' id='block_1_49' title="bbox 1944 1879 3523 1953">
    <p class='ocr_par' dir='ltr' id='par_1_49' title="bbox 1944 1879 3523 1953">
     <span class='ocr_line' id='line_1_49' title="bbox 1944 1879 3523 1953; baseline 0.001 -18"><span class='ocrx_word' id='word_1_343' title='bbox 1944 1882 2277 1953; x_wconf 86' lang='lat' dir='ltr'><strong>quantitatis.</strong></span> <span class='ocrx_word' id='word_1_344' title='bbox 2309 1880 2441 1935; x_wconf 88' lang='lat' dir='ltr'><strong>Nam</strong></span> <span class='ocrx_word' id='word_1_345' title='bbox 2464 1881 2607 1950; x_wconf 91' lang='lat' dir='ltr'><strong>quod</strong></span> <span class='ocrx_word' id='word_1_346' title='bbox 2636 1879 2936 1935; x_wconf 88' lang='lat' dir='ltr'><strong>universale</strong></span> <span class='ocrx_word' id='word_1_347' title='bbox 2957 1889 3041 1935; x_wconf 90' lang='lat' dir='ltr'><strong>est</strong></span> <span class='ocrx_word' id='word_1_348' title='bbox 3067 1890 3122 1937; x_wconf 90' lang='lat' dir='ltr'><strong>et</strong></span> <span class='ocrx_word' id='word_1_349' title='bbox 3149 1881 3523 1936; x_wconf 86' lang='lat' dir='ltr'><strong>universaliter</strong></span> 
     </span>
    </p>
   </div>
   <div class='ocr_carea' id='block_1_50' title="bbox 1945 1972 3587 2043">
    <p class='ocr_par' dir='ltr' id='par_1_50' title="bbox 1945 1972 3587 2043">
     <span class='ocr_line' id='line_1_50' title="bbox 1945 1972 3587 2043; baseline -0.001 -13"><span class='ocrx_word' id='word_1_350' title='bbox 1945 1982 2000 2030; x_wconf 87' lang='lat' dir='ltr'><strong>et</strong></span> <span class='ocrx_word' id='word_1_351' title='bbox 2026 1973 2418 2043; x_wconf 87' lang='lat' dir='ltr'><strong>particulariter</strong></span> <span class='ocrx_word' id='word_1_352' title='bbox 2446 1981 2502 2027; x_wconf 89' lang='lat' dir='ltr'><strong>et</strong></span> <span class='ocrx_word' id='word_1_353' title='bbox 2531 1972 2806 2027; x_wconf 89' lang='lat' dir='ltr'><strong>indeﬁnite</strong></span> <span class='ocrx_word' id='word_1_354' title='bbox 2837 1973 3028 2040; x_wconf 86' lang='lat' dir='ltr'><strong>poterit</strong></span> <span class='ocrx_word' id='word_1_355' title='bbox 3072 1973 3423 2041; x_wconf 86' lang='lat' dir='ltr'><strong>pronuntiari.</strong></span> <span class='ocrx_word' id='word_1_356' title='bbox 3453 1973 3523 2028; x_wconf 82' lang='lat' dir='ltr'><strong>At</strong></span> <span class='ocrx_word' id='word_1_357' title='bbox 3586 1974 3587 1977; x_wconf 62' lang='grc'><em>“</em></span> 
     </span>
    </p>
   </div>
   <div class='ocr_carea' id='block_1_51' title="bbox 1947 2061 3524 2133">
    <p class='ocr_par' dir='ltr' id='par_1_51' title="bbox 1947 2061 3524 2133">
     <span class='ocr_line' id='line_1_51' title="bbox 1947 2061 3524 2133; baseline -0.001 -14"><span class='ocrx_word' id='word_1_358' title='bbox 1947 2064 2031 2119; x_wconf 64' lang='lat' dir='ltr'><strong>hae</strong></span> <span class='ocrx_word' id='word_1_359' title='bbox 2060 2078 2180 2133; x_wconf 75' lang='lat' dir='ltr'><strong>qua:</strong></span> <span class='ocrx_word' id='word_1_360' title='bbox 2203 2079 2365 2117; x_wconf 89' lang='lat' dir='ltr'><strong>unum</strong></span> <span class='ocrx_word' id='word_1_361' title='bbox 2391 2062 2591 2133; x_wconf 91' lang='lat' dir='ltr'><strong>aliquid</strong></span> <span class='ocrx_word' id='word_1_362' title='bbox 2623 2070 2848 2131; x_wconf 88' lang='lat' dir='ltr'><strong>ponunt,</strong></span> <span class='ocrx_word' id='word_1_363' title='bbox 2881 2061 3221 2131; x_wconf 82' lang='lat' dir='ltr'><strong>singulariter</strong></span> <span class='ocrx_word' id='word_1_364' title='bbox 3242 2072 3401 2133; x_wconf 88' lang='lat' dir='ltr'><strong>atque</strong></span> <span class='ocrx_word' id='word_1_365' title='bbox 3440 2064 3524 2117; x_wconf 88' lang='lat' dir='ltr'><strong>itt-</strong></span> 
     </span>
    </p>
   </div>
   <div class='ocr_carea' id='block_1_52' title="bbox 1948 2133 3616 2223">
    <p class='ocr_par' dir='ltr' id='par_1_52' title="bbox 1948 2133 3616 2223">
     <span class='ocr_line' id='line_1_52' title="bbox 1948 2133 3616 2223; baseline 0.001 -14"><span class='ocrx_word' id='word_1_366' title='bbox 1948 2154 2161 2210; x_wconf 91' lang='lat' dir='ltr'><strong>dividue</strong></span> <span class='ocrx_word' id='word_1_367' title='bbox 2190 2153 2520 2208; x_wconf 76' lang='lat' dir='ltr'><strong>differentias</strong></span> <span class='ocrx_word' id='word_1_368' title='bbox 2548 2152 2859 2222; x_wconf 89' lang='lat' dir='ltr'><strong>quantitatis</strong></span> <span class='ocrx_word' id='word_1_369' title='bbox 2883 2152 3083 2207; x_wconf 90' lang='lat' dir='ltr'><strong>habere</strong></span> <span class='ocrx_word' id='word_1_370' title='bbox 3115 2167 3222 2208; x_wconf 92' lang='lat' dir='ltr'><strong>non</strong></span> <span class='ocrx_word' id='word_1_371' title='bbox 3276 2161 3521 2223; x_wconf 86' lang='lat' dir='ltr'><strong>possunt,</strong></span> <span class='ocrx_word' id='word_1_372' title='bbox 3602 2133 3616 2148; x_wconf 65' lang='grc'><strong>’</strong></span> 
     </span>
    </p>
   </div>
   <div class='ocr_carea' id='block_1_53' title="bbox 1950 2244 3526 2317">
    <p class='ocr_par' dir='ltr' id='par_1_53' title="bbox 1950 2244 3526 2317">
     <span class='ocr_line' id='line_1_53' title="bbox 1950 2244 3526 2317; baseline 0.002 -17"><span class='ocrx_word' id='word_1_373' title='bbox 1950 2257 2109 2317; x_wconf 85' lang='lat' dir='ltr'><strong>atque</strong></span> <span class='ocrx_word' id='word_1_374' title='bbox 2136 2244 2257 2309; x_wconf 76' lang='lat' dir='ltr'><strong>ideo</strong></span> <span class='ocrx_word' id='word_1_375' title='bbox 2281 2245 2396 2299; x_wconf 90' lang='lat' dir='ltr'><strong>sola</strong></span> <span class='ocrx_word' id='word_1_376' title='bbox 2420 2245 2473 2299; x_wconf 91' lang='lat' dir='ltr'><strong>in</strong></span> <span class='ocrx_word' id='word_1_377' title='bbox 2496 2244 2575 2300; x_wconf 91' lang='lat' dir='ltr'><strong>eis</strong></span> <span class='ocrx_word' id='word_1_378' title='bbox 2604 2245 2925 2311; x_wconf 85' lang='lat' dir='ltr'><strong>relinquitur</strong></span> <span class='ocrx_word' id='word_1_379' title='bbox 2963 2245 3320 2316; x_wconf 88' lang='lat' dir='ltr'><strong>discrepantia</strong></span> <span class='ocrx_word' id='word_1_380' title='bbox 3351 2248 3526 2317; x_wconf 85' lang='lat' dir='ltr'><strong>quali-</strong></span> 
     </span>
    </p>
   </div>
   <div class='ocr_carea' id='block_1_54' title="bbox 1953 2335 3529 2408">
    <p class='ocr_par' dir='ltr' id='par_1_54' title="bbox 1953 2335 3529 2408">
     <span class='ocr_line' id='line_1_54' title="bbox 1953 2335 3529 2408; baseline 0.003 -16"><span class='ocrx_word' id='word_1_381' title='bbox 1953 2337 2099 2405; x_wconf 89' lang='lat' dir='ltr'><strong>tatis,</strong></span> <span class='ocrx_word' id='word_1_382' title='bbox 2131 2337 2272 2406; x_wconf 92' lang='lat' dir='ltr'><strong>quod</strong></span> <span class='ocrx_word' id='word_1_383' title='bbox 2300 2335 2416 2391; x_wconf 80' lang='lat' dir='ltr'><strong>haec</strong></span> <span class='ocrx_word' id='word_1_384' title='bbox 2445 2337 2659 2406; x_wconf 89' lang='lat' dir='ltr'><strong>quidem</strong></span> <span class='ocrx_word' id='word_1_385' title='bbox 2688 2336 2995 2406; x_wconf 85' lang='lat' dir='ltr'><strong>afﬁrmatio,</strong></span> <span class='ocrx_word' id='word_1_386' title='bbox 3023 2338 3119 2393; x_wconf 89' lang='lat' dir='ltr'><strong>illa</strong></span> <span class='ocrx_word' id='word_1_387' title='bbox 3145 2352 3273 2394; x_wconf 89' lang='lat' dir='ltr'><strong>vero</strong></span> <span class='ocrx_word' id='word_1_388' title='bbox 3293 2341 3529 2408; x_wconf 81' lang='lat' dir='ltr'><strong>negatio.</strong></span> 
     </span>
    </p>
   </div>
   <div class='ocr_carea' id='block_1_55' title="bbox 1906 2422 3532 2505">
    <p class='ocr_par' dir='ltr' id='par_1_55' title="bbox 1906 2422 3532 2505">
     <span class='ocr_line' id='line_1_55' title="bbox 1906 2422 3532 2505; baseline 0 -17"><span class='ocrx_word' id='word_1_389' title='bbox 1906 2444 1915 2451; x_wconf 82' lang='lat'><em>‘</em></span> <span class='ocrx_word' id='word_1_390' title='bbox 1955 2430 2180 2501; x_wconf 89' lang='lat' dir='ltr'><strong>Semper</strong></span> <span class='ocrx_word' id='word_1_391' title='bbox 2210 2432 2370 2501; x_wconf 78' lang='lat' dir='ltr'><strong>igitur</strong></span> <span class='ocrx_word' id='word_1_392' title='bbox 2400 2432 2539 2486; x_wconf 89' lang='lat' dir='ltr'><strong>inter</strong></span> <span class='ocrx_word' id='word_1_393' title='bbox 2570 2445 2629 2485; x_wconf 86' lang='lat' dir='ltr'><strong>se</strong></span> <span class='ocrx_word' id='word_1_394' title='bbox 2656 2430 2945 2485; x_wconf 88' lang='lat' dir='ltr'><strong>afﬁrmatio</strong></span> <span class='ocrx_word' id='word_1_395' title='bbox 2993 2442 3049 2487; x_wconf 90' lang='lat' dir='ltr'><strong>et</strong></span> <span class='ocrx_word' id='word_1_396' title='bbox 3097 2422 3309 2501; x_wconf 83' lang='lat' dir='ltr'><strong>negatio</strong></span> <span class='ocrx_word' id='word_1_397' title='bbox 3347 2432 3532 2505; x_wconf 86' lang='lat' dir='ltr'><strong>singu-</strong></span> 
     </span>
    </p>
   </div>
   <div class='ocr_carea' id='block_1_56' title="bbox 1955 2521 3535 2590">
    <p class='ocr_par' dir='ltr' id='par_1_56' title="bbox 1955 2521 3535 2590">
     <span class='ocr_line' id='line_1_56' title="bbox 1955 2521 3535 2590; baseline 0.003 -14"><span class='ocrx_word' id='word_1_398' title='bbox 1955 2522 2083 2581; x_wconf 82' lang='lat' dir='ltr'><strong>laris</strong></span> <span class='ocrx_word' id='word_1_399' title='bbox 2122 2537 2310 2576; x_wconf 91' lang='lat' dir='ltr'><strong>verum</strong></span> <span class='ocrx_word' id='word_1_400' title='bbox 2366 2521 2667 2590; x_wconf 87' lang='lat' dir='ltr'><strong>falsumque</strong></span> <span class='ocrx_word' id='word_1_401' title='bbox 2711 2521 3051 2588; x_wconf 88' lang='lat' dir='ltr'><strong>distribuent,</strong></span> <span class='ocrx_word' id='word_1_402' title='bbox 3110 2522 3156 2576; x_wconf 90' lang='lat' dir='ltr'><strong>si</strong></span> <span class='ocrx_word' id='word_1_403' title='bbox 3189 2538 3294 2578; x_wconf 90' lang='lat' dir='ltr'><strong>non</strong></span> <span class='ocrx_word' id='word_1_404' title='bbox 3337 2534 3535 2581; x_wconf 62' lang='lat' dir='ltr'><strong>caetera</strong></span> 
     </span>
    </p>
   </div>
   <div class='ocr_carea' id='block_1_57' title="bbox 1956 2612 3535 2685">
    <p class='ocr_par' dir='ltr' id='par_1_57' title="bbox 1956 2612 3535 2685">
     <span class='ocr_line' id='line_1_57' title="bbox 1956 2612 3535 2685; baseline 0.001 -17"><span class='ocrx_word' id='word_1_405' title='bbox 1956 2614 2254 2685; x_wconf 88' lang='lat' dir='ltr'><strong>impediant</strong></span> <span class='ocrx_word' id='word_1_406' title='bbox 2274 2629 2393 2684; x_wconf 62' lang='lat' dir='ltr'><strong>quae</strong></span> <span class='ocrx_word' id='word_1_407' title='bbox 2423 2628 2642 2668; x_wconf 90' lang='lat' dir='ltr'><strong>sensum</strong></span> <span class='ocrx_word' id='word_1_408' title='bbox 2673 2613 2726 2666; x_wconf 92' lang='lat' dir='ltr'><strong>in</strong></span> <span class='ocrx_word' id='word_1_409' title='bbox 2767 2612 2899 2667; x_wconf 89' lang='lat' dir='ltr'><strong>alias</strong></span> <span class='ocrx_word' id='word_1_410' title='bbox 2940 2620 3101 2683; x_wconf 90' lang='lat' dir='ltr'><strong>atque</strong></span> <span class='ocrx_word' id='word_1_411' title='bbox 3130 2614 3183 2667; x_wconf 90' lang='lat' dir='ltr'><strong>in</strong></span> <span class='ocrx_word' id='word_1_412' title='bbox 3205 2613 3339 2669; x_wconf 90' lang='lat' dir='ltr'><strong>alias</strong></span> <span class='ocrx_word' id='word_1_413' title='bbox 3367 2615 3535 2685; x_wconf 84' lang='lat' dir='ltr'><strong>signi-</strong></span> 
     </span>
    </p>
   </div>
   <div class='ocr_carea' id='block_1_58' title="bbox 1960 2702 3535 2773">
    <p class='ocr_par' dir='ltr' id='par_1_58' title="bbox 1960 2702 3535 2773">
     <span class='ocr_line' id='line_1_58' title="bbox 1960 2702 3535 2773; baseline 0.001 -15"><span class='ocrx_word' id='word_1_414' title='bbox 1960 2704 2238 2759; x_wconf 90' lang='lat' dir='ltr'><strong>ﬁcationes</strong></span> <span class='ocrx_word' id='word_1_415' title='bbox 2267 2704 2446 2759; x_wconf 87' lang='lat' dir='ltr'><strong>solent</strong></span> <span class='ocrx_word' id='word_1_416' title='bbox 2470 2702 2756 2757; x_wconf 85' lang='lat' dir='ltr'><strong>deﬂectere</strong></span> <span class='ocrx_word' id='word_1_417' title='bbox 2800 2717 2864 2756; x_wconf 92' lang='lat' dir='ltr'><strong>ac</strong></span> <span class='ocrx_word' id='word_1_418' title='bbox 2889 2702 3229 2773; x_wconf 63' lang='lat' dir='ltr'><strong>detorquere.</strong></span> <span class='ocrx_word' id='word_1_419' title='bbox 3252 2703 3385 2759; x_wconf 83' lang='lat' dir='ltr'><strong>Cum</strong></span> <span class='ocrx_word' id='word_1_420' title='bbox 3408 2719 3535 2760; x_wconf 84' lang='lat' dir='ltr'><strong>vero</strong></span> 
     </span>
    </p>
   </div>
   <div class='ocr_carea' id='block_1_59' title="bbox 1960 2784 3538 2867">
    <p class='ocr_par' dir='ltr' id='par_1_59' title="bbox 1960 2784 3538 2867">
     <span class='ocr_line' id='line_1_59' title="bbox 1960 2784 3538 2867; baseline -0.001 -14"><span class='ocrx_word' id='word_1_421' title='bbox 1960 2814 2122 2853; x_wconf 90' lang='lat' dir='ltr'><strong>unum</strong></span> <span class='ocrx_word' id='word_1_422' title='bbox 2144 2784 2470 2867; x_wconf 84' lang='lat' dir='ltr'><strong>atqueidem</strong></span> <span class='ocrx_word' id='word_1_423' title='bbox 2492 2796 2832 2866; x_wconf 71' lang='lat' dir='ltr'><strong>prazdicatum</strong></span> <span class='ocrx_word' id='word_1_424' title='bbox 2855 2806 3014 2865; x_wconf 92' lang='lat' dir='ltr'><strong>atque</strong></span> <span class='ocrx_word' id='word_1_425' title='bbox 3056 2796 3350 2866; x_wconf 85' lang='lat' dir='ltr'><strong>subjectum</strong></span> <span class='ocrx_word' id='word_1_426' title='bbox 3378 2800 3429 2853; x_wconf 90' lang='lat' dir='ltr'><strong>in</strong></span> <span class='ocrx_word' id='word_1_427' title='bbox 3458 2797 3538 2852; x_wconf 82' lang='lat' dir='ltr'><strong>af-</strong></span> 
     </span>
    </p>
   </div>
   <div class='ocr_carea' id='block_1_60' title="bbox 1963 2887 3539 2961">
    <p class='ocr_par' dir='ltr' id='par_1_60' title="bbox 1963 2887 3539 2961">
     <span class='ocr_line' id='line_1_60' title="bbox 1963 2887 3539 2961; baseline 0.002 -19"><span class='ocrx_word' id='word_1_428' title='bbox 1963 2887 2268 2943; x_wconf 85' lang='lat' dir='ltr'><strong>ﬁrmatione</strong></span> <span class='ocrx_word' id='word_1_429' title='bbox 2314 2896 2369 2942; x_wconf 92' lang='lat' dir='ltr'><strong>et</strong></span> <span class='ocrx_word' id='word_1_430' title='bbox 2411 2888 2694 2957; x_wconf 78' lang='lat' dir='ltr'><strong>negatione</strong></span> <span class='ocrx_word' id='word_1_431' title='bbox 2733 2887 3056 2953; x_wconf 90' lang='lat' dir='ltr'><strong>constiterit,</strong></span> <span class='ocrx_word' id='word_1_432' title='bbox 3084 2904 3192 2942; x_wconf 90' lang='lat' dir='ltr'><strong>uno</strong></span> <span class='ocrx_word' id='word_1_433' title='bbox 3244 2892 3539 2961; x_wconf 83' lang='lat' dir='ltr'><strong>eodemque</strong></span> 
     </span>
    </p>
   </div>
   <div class='ocr_carea' id='block_1_61' title="bbox 1964 2978 3538 3051">
    <p class='ocr_par' dir='ltr' id='par_1_61' title="bbox 1964 2978 3538 3051">
     <span class='ocr_line' id='line_1_61' title="bbox 1964 2978 3538 3051; baseline 0.001 -16"><span class='ocrx_word' id='word_1_434' title='bbox 1964 2990 2233 3050; x_wconf 87' lang='lat' dir='ltr'><strong>sumptum</strong></span> <span class='ocrx_word' id='word_1_435' title='bbox 2262 2978 2545 3050; x_wconf 84' lang='lat' dir='ltr'><strong>tempore,</strong></span> <span class='ocrx_word' id='word_1_436' title='bbox 2579 2994 2685 3035; x_wconf 92' lang='lat' dir='ltr'><strong>uno</strong></span> <span class='ocrx_word' id='word_1_437' title='bbox 2729 2979 3023 3049; x_wconf 90' lang='lat' dir='ltr'><strong>eodemque</strong></span> <span class='ocrx_word' id='word_1_438' title='bbox 3056 2981 3314 3050; x_wconf 88' lang='lat' dir='ltr'><strong>prolatum</strong></span> <span class='ocrx_word' id='word_1_439' title='bbox 3356 2984 3538 3051; x_wconf 84' lang='lat' dir='ltr'><strong>modo,</strong></span> 
     </span>
    </p>
   </div>
   <div class='ocr_carea' id='block_1_62' title="bbox 1967 3073 3543 3145">
    <p class='ocr_par' dir='ltr' id='par_1_62' title="bbox 1967 3073 3543 3145">
     <span class='ocr_line' id='line_1_62' title="bbox 1967 3073 3543 3145; baseline 0.004 -19"><span class='ocrx_word' id='word_1_440' title='bbox 1967 3073 2033 3127; x_wconf 89' lang='lat' dir='ltr'><strong>ad</strong></span> <span class='ocrx_word' id='word_1_441' title='bbox 2063 3089 2225 3128; x_wconf 89' lang='lat' dir='ltr'><strong>unum</strong></span> <span class='ocrx_word' id='word_1_442' title='bbox 2256 3082 2414 3143; x_wconf 92' lang='lat' dir='ltr'><strong>atque</strong></span> <span class='ocrx_word' id='word_1_443' title='bbox 2453 3073 2596 3129; x_wconf 86' lang='lat' dir='ltr'><strong>idem</strong></span> <span class='ocrx_word' id='word_1_444' title='bbox 2624 3073 2972 3141; x_wconf 78' lang='lat' dir='ltr'><strong>relatutn,.de</strong></span> <span class='ocrx_word' id='word_1_445' title='bbox 3014 3089 3118 3128; x_wconf 84' lang='lat' dir='ltr'><strong>una</strong></span> <span class='ocrx_word' id='word_1_446' title='bbox 3149 3085 3309 3145; x_wconf 90' lang='lat' dir='ltr'><strong>atque</strong></span> <span class='ocrx_word' id='word_1_447' title='bbox 3352 3076 3543 3133; x_wconf 89' lang='lat' dir='ltr'><strong>eadem</strong></span> 
     </span>
    </p>
   </div>
   <div class='ocr_carea' id='block_1_63' title="bbox 260 3159 1874 3248">
    <p class='ocr_par' dir='ltr' id='par_1_63' title="bbox 260 3159 1859 3243">
     <span class='ocr_line' id='line_1_63' title="bbox 260 3159 1859 3243; baseline 0.003 -19"><span class='ocrx_word' id='word_1_448' title='bbox 260 3168 426 3238; x_wconf 53' lang='lat' dir='ltr'><strong>&#39;Iiter,</strong></span> <span class='ocrx_word' id='word_1_449' title='bbox 465 3172 644 3227; x_wconf 91' lang='lat' dir='ltr'><strong>nullus</strong></span> <span class='ocrx_word' id='word_1_450' title='bbox 683 3160 846 3227; x_wconf 88' lang='lat' dir='ltr'><strong>homo</strong></span> <span class='ocrx_word' id='word_1_451' title='bbox 892 3172 1068 3243; x_wconf 93' lang='lat' dir='ltr'><strong>justus</strong></span> <span class='ocrx_word' id='word_1_452' title='bbox 1098 3183 1202 3242; x_wconf 88' lang='lat' dir='ltr'><strong>est,</strong></span> <span class='ocrx_word' id='word_1_453' title='bbox 1242 3174 1436 3230; x_wconf 91' lang='lat' dir='ltr'><strong>falsum</strong></span> <span class='ocrx_word' id='word_1_454' title='bbox 1478 3186 1581 3242; x_wconf 90' lang='lat' dir='ltr'><strong>est,</strong></span> <span class='ocrx_word' id='word_1_455' title='bbox 1628 3183 1683 3229; x_wconf 90' lang='lat' dir='ltr'><strong>at</strong></span> <span class='ocrx_word' id='word_1_456' title='bbox 1732 3174 1776 3229; x_wconf 92' lang='lat' dir='ltr'><strong>si</strong></span> <span class='ocrx_word' id='word_1_457' title='bbox 1807 3159 1859 3229; x_wconf 86' lang='lat' dir='ltr'><strong>id</strong></span> 
     </span>
    </p>
   </div>
   <div class='ocr_carea' id='block_1_64' title="bbox 1963 3159 3544 3248">
    <p class='ocr_par' dir='ltr' id='par_1_64' title="bbox 1968 3164 3544 3237">
     <span class='ocr_line' id='line_1_64' title="bbox 1968 3164 3544 3237; baseline 0.004 -20"><span class='ocrx_word' id='word_1_458' title='bbox 1968 3172 2119 3234; x_wconf 88' lang='lat' dir='ltr'><strong>parte</strong></span> <span class='ocrx_word' id='word_1_459' title='bbox 2147 3166 2497 3234; x_wconf 87' lang='lat' dir='ltr'><strong>propositum,</strong></span> <span class='ocrx_word' id='word_1_460' title='bbox 2529 3179 2749 3221; x_wconf 89' lang='lat' dir='ltr'><strong>necesse</strong></span> <span class='ocrx_word' id='word_1_461' title='bbox 2779 3174 2957 3221; x_wconf 82' lang='lat' dir='ltr'><strong>estex</strong></span> <span class='ocrx_word' id='word_1_462' title='bbox 2997 3164 3082 3221; x_wconf 89' lang='lat' dir='ltr'><strong>his</strong></span> <span class='ocrx_word' id='word_1_463' title='bbox 3122 3180 3284 3221; x_wconf 90' lang='lat' dir='ltr'><strong>unam</strong></span> <span class='ocrx_word' id='word_1_464' title='bbox 3331 3182 3544 3237; x_wconf 89' lang='lat' dir='ltr'><strong>semper</strong></span> 
     </span>
    </p>
   </div>
   <div class='ocr_carea' id='block_1_65' title="bbox 285 3259 1864 3337">
    <p class='ocr_par' dir='ltr' id='par_1_65' title="bbox 285 3259 1864 3337">
     <span class='ocr_line' id='line_1_65' title="bbox 285 3259 1864 3337; baseline 0.005 -22"><span class='ocrx_word' id='word_1_465' title='bbox 285 3259 563 3319; x_wconf 86' lang='lat' dir='ltr'><strong>indeﬁnite</strong></span> <span class='ocrx_word' id='word_1_466' title='bbox 615 3263 928 3334; x_wconf 89' lang='lat' dir='ltr'><strong>denegetur,</strong></span> <span class='ocrx_word' id='word_1_467' title='bbox 960 3280 990 3319; x_wconf 92' lang='lat' dir='ltr'><strong>a</strong></span> <span class='ocrx_word' id='word_1_468' title='bbox 1020 3267 1249 3322; x_wconf 88' lang='lat' dir='ltr'><strong>veritate</strong></span> <span class='ocrx_word' id='word_1_469' title='bbox 1268 3282 1378 3322; x_wconf 92' lang='lat' dir='ltr'><strong>non</strong></span> <span class='ocrx_word' id='word_1_470' title='bbox 1408 3266 1697 3337; x_wconf 89' lang='lat' dir='ltr'><strong>discrepat.</strong></span> <span class='ocrx_word' id='word_1_471' title='bbox 1729 3266 1864 3323; x_wconf 90' lang='lat' dir='ltr'><strong>Nam</strong></span> 
     </span>
    </p>
   </div>
   <div class='ocr_carea' id='block_1_66' title="bbox 286 3351 1867 3429">
    <p class='ocr_par' dir='ltr' id='par_1_66' title="bbox 286 3351 1867 3429">
     <span class='ocr_line' id='line_1_66' title="bbox 286 3351 1867 3429; baseline 0.004 -23"><span class='ocrx_word' id='word_1_472' title='bbox 286 3364 405 3407; x_wconf 86' lang='lat' dir='ltr'><strong>cum</strong></span> <span class='ocrx_word' id='word_1_473' title='bbox 424 3352 497 3407; x_wconf 88' lang='lat' dir='ltr'><strong>sit</strong></span> <span class='ocrx_word' id='word_1_474' title='bbox 524 3351 721 3424; x_wconf 88' lang='lat' dir='ltr'><strong>aliquis</strong></span> <span class='ocrx_word' id='word_1_475' title='bbox 751 3355 912 3410; x_wconf 92' lang='lat' dir='ltr'><strong>homo</strong></span> <span class='ocrx_word' id='word_1_476' title='bbox 944 3371 1050 3410; x_wconf 88' lang='lat' dir='ltr'><strong>non</strong></span> <span class='ocrx_word' id='word_1_477' title='bbox 1077 3356 1276 3427; x_wconf 90' lang='lat' dir='ltr'><strong>justus,</strong></span> <span class='ocrx_word' id='word_1_478' title='bbox 1311 3373 1417 3412; x_wconf 89' lang='lat' dir='ltr'><strong>non</strong></span> <span class='ocrx_word' id='word_1_479' title='bbox 1444 3358 1747 3414; x_wconf 79' lang='lat' dir='ltr'><strong>&#39;mentietur</strong></span> <span class='ocrx_word' id='word_1_480' title='bbox 1775 3358 1867 3429; x_wconf 92' lang='lat' dir='ltr'><strong>qui</strong></span> 
     </span>
    </p>
   </div>
   <div class='ocr_carea' id='block_1_67' title="bbox 287 3446 1867 3520">
    <p class='ocr_par' dir='ltr' id='par_1_67' title="bbox 287 3446 1867 3520">
     <span class='ocr_line' id='line_1_67' title="bbox 287 3446 1867 3520; baseline 0.004 -20"><span class='ocrx_word' id='word_1_481' title='bbox 287 3446 725 3517; x_wconf 87' lang='lat' dir='ltr'><strong>pronuntiaverit</strong></span> <span class='ocrx_word' id='word_1_482' title='bbox 754 3447 1028 3504; x_wconf 90' lang='lat' dir='ltr'><strong>hominem</strong></span> <span class='ocrx_word' id='word_1_483' title='bbox 1058 3464 1177 3505; x_wconf 89' lang='lat' dir='ltr'><strong>esse</strong></span> <span class='ocrx_word' id='word_1_484' title='bbox 1207 3466 1313 3505; x_wconf 91' lang='lat' dir='ltr'><strong>non</strong></span> <span class='ocrx_word' id='word_1_485' title='bbox 1333 3450 1557 3520; x_wconf 87' lang='lat' dir='ltr'><strong>justum.</strong></span> <span class='ocrx_word' id='word_1_486' title='bbox 1577 3450 1709 3506; x_wconf 92' lang='lat' dir='ltr'><strong>ltem</strong></span> <span class='ocrx_word' id='word_1_487' title='bbox 1743 3465 1867 3506; x_wconf 86' lang='lat' dir='ltr'><strong>cum</strong></span> 
     </span>
    </p>
   </div>
   <div class='ocr_carea' id='block_1_68' title="bbox 288 3537 1868 3613">
    <p class='ocr_par' dir='ltr' id='par_1_68' title="bbox 288 3537 1868 3613">
     <span class='ocr_line' id='line_1_68' title="bbox 288 3537 1868 3613; baseline 0.003 -19"><span class='ocrx_word' id='word_1_488' title='bbox 288 3537 362 3594; x_wconf 78' lang='lat' dir='ltr'><strong>sit</strong></span> <span class='ocrx_word' id='word_1_489' title='bbox 389 3537 523 3594; x_wconf 88' lang='lat' dir='ltr'><strong>falsa</strong></span> <span class='ocrx_word' id='word_1_490' title='bbox 563 3554 683 3610; x_wconf 75' lang='lat' dir='ltr'><strong>qua:</strong></span> <span class='ocrx_word' id='word_1_491' title='bbox 737 3540 1117 3613; x_wconf 86' lang='lat' dir='ltr'><strong>universaliter</strong></span> <span class='ocrx_word' id='word_1_492' title='bbox 1156 3542 1390 3598; x_wconf 85' lang='lat' dir='ltr'><strong>afﬁrmat</strong></span> <span class='ocrx_word' id='word_1_493' title='bbox 1426 3544 1611 3600; x_wconf 89' lang='lat' dir='ltr'><strong>dicens</strong></span> <span class='ocrx_word' id='word_1_494' title='bbox 1653 3559 1868 3599; x_wconf 89' lang='lat' dir='ltr'><strong>omnem</strong></span> 
     </span>
    </p>
   </div>
   <div class='ocr_carea' id='block_1_69' title="bbox 289 3629 1870 3705">
    <p class='ocr_par' dir='ltr' id='par_1_69' title="bbox 289 3629 1870 3705">
     <span class='ocr_line' id='line_1_69' title="bbox 289 3629 1870 3705; baseline 0.001 -18"><span class='ocrx_word' id='word_1_495' title='bbox 289 3629 568 3687; x_wconf 85' lang='lat' dir='ltr'><strong>hominem</strong></span> <span class='ocrx_word' id='word_1_496' title='bbox 594 3645 716 3705; x_wconf 81' lang='lat' dir='ltr'><strong>esse</strong></span> <span class='ocrx_word' id='word_1_497' title='bbox 740 3632 999 3703; x_wconf 88' lang='lat' dir='ltr'><strong>lapidem,</strong></span> <span class='ocrx_word' id='word_1_498' title='bbox 1026 3632 1158 3688; x_wconf 89' lang='lat' dir='ltr'><strong>falsa</strong></span> <span class='ocrx_word' id='word_1_499' title='bbox 1186 3642 1408 3702; x_wconf 70' lang='lat' dir='ltr'><strong>estquae</strong></span> <span class='ocrx_word' id='word_1_500' title='bbox 1432 3634 1572 3690; x_wconf 91' lang='lat' dir='ltr'><strong>idem</strong></span> <span class='ocrx_word' id='word_1_501' title='bbox 1595 3632 1870 3689; x_wconf 86' lang='lat' dir='ltr'><strong>indeﬁnita</strong></span> 
     </span>
    </p>
   </div>
   <div class='ocr_carea' id='block_1_70' title="bbox 291 3721 1873 3794">
    <p class='ocr_par' dir='ltr' id='par_1_70' title="bbox 291 3721 1873 3794">
     <span class='ocr_line' id='line_1_70' title="bbox 291 3721 1873 3794; baseline 0.001 -16"><span class='ocrx_word' id='word_1_502' title='bbox 291 3721 655 3778; x_wconf 79' lang='lat' dir='ltr'><strong>enuntiatione</strong></span> <span class='ocrx_word' id='word_1_503' title='bbox 698 3724 982 3778; x_wconf 85' lang='lat' dir='ltr'><strong>conﬁrmat</strong></span> <span class='ocrx_word' id='word_1_504' title='bbox 1022 3722 1207 3779; x_wconf 89' lang='lat' dir='ltr'><strong>dicens</strong></span> <span class='ocrx_word' id='word_1_505' title='bbox 1257 3723 1530 3779; x_wconf 85' lang='lat' dir='ltr'><strong>hominem</strong></span> <span class='ocrx_word' id='word_1_506' title='bbox 1582 3738 1706 3779; x_wconf 90' lang='lat' dir='ltr'><strong>esse</strong></span> <span class='ocrx_word' id='word_1_507' title='bbox 1735 3723 1873 3794; x_wconf 83' lang='lat' dir='ltr'><strong>lapi-</strong></span> 
     </span>
    </p>
   </div>
   <div class='ocr_carea' id='block_1_71' title="bbox 291 3813 1870 3887">
    <p class='ocr_par' dir='ltr' id='par_1_71' title="bbox 291 3813 1870 3887">
     <span class='ocr_line' id='line_1_71' title="bbox 291 3813 1870 3887; baseline 0.001 -17"><span class='ocrx_word' id='word_1_508' title='bbox 291 3813 437 3870; x_wconf 87' lang='lat' dir='ltr'><strong>dem.</strong></span> <span class='ocrx_word' id='word_1_509' title='bbox 468 3813 674 3870; x_wconf 84' lang='lat' dir='ltr'><strong>Rursus</strong></span> <span class='ocrx_word' id='word_1_510' title='bbox 702 3829 824 3870; x_wconf 91' lang='lat' dir='ltr'><strong>cum</strong></span> <span class='ocrx_word' id='word_1_511' title='bbox 856 3816 927 3870; x_wconf 93' lang='lat' dir='ltr'><strong>sit</strong></span> <span class='ocrx_word' id='word_1_512' title='bbox 978 3813 1113 3870; x_wconf 86' lang='lat' dir='ltr'><strong>falsa</strong></span> <span class='ocrx_word' id='word_1_513' title='bbox 1160 3816 1375 3886; x_wconf 88' lang='lat' dir='ltr'><strong>negatio</strong></span> <span class='ocrx_word' id='word_1_514' title='bbox 1412 3831 1506 3886; x_wconf 92' lang='lat' dir='ltr'><strong>per</strong></span> <span class='ocrx_word' id='word_1_515' title='bbox 1544 3831 1705 3886; x_wconf 89' lang='lat' dir='ltr'><strong>quam</strong></span> <span class='ocrx_word' id='word_1_516' title='bbox 1737 3830 1870 3887; x_wconf 87' lang='lat' dir='ltr'><strong>pro-</strong></span> 
     </span>
    </p>
   </div>
   <div class='ocr_carea' id='block_1_72' title="bbox 294 3906 1872 3976">
    <p class='ocr_par' dir='ltr' id='par_1_72' title="bbox 294 3906 1872 3976">
     <span class='ocr_line' id='line_1_72' title="bbox 294 3906 1872 3976; baseline 0.002 -15"><span class='ocrx_word' id='word_1_517' title='bbox 294 3906 511 3976; x_wconf 89' lang='lat' dir='ltr'><strong>ponitur</strong></span> <span class='ocrx_word' id='word_1_518' title='bbox 536 3906 741 3963; x_wconf 91' lang='lat' dir='ltr'><strong>nullum</strong></span> <span class='ocrx_word' id='word_1_519' title='bbox 763 3907 1034 3963; x_wconf 86' lang='lat' dir='ltr'><strong>hominem</strong></span> <span class='ocrx_word' id='word_1_520' title='bbox 1060 3922 1179 3963; x_wconf 90' lang='lat' dir='ltr'><strong>esse</strong></span> <span class='ocrx_word' id='word_1_521' title='bbox 1208 3908 1426 3975; x_wconf 84' lang='lat' dir='ltr'><strong>animal,</strong></span> <span class='ocrx_word' id='word_1_522' title='bbox 1458 3908 1587 3963; x_wconf 85' lang='lat' dir='ltr'><strong>falsa</strong></span> <span class='ocrx_word' id='word_1_523' title='bbox 1613 3918 1694 3963; x_wconf 88' lang='lat' dir='ltr'><strong>est</strong></span> <span class='ocrx_word' id='word_1_524' title='bbox 1721 3908 1872 3964; x_wconf 88' lang='lat' dir='ltr'><strong>inde-</strong></span> 
     </span>
    </p>
   </div>
   <div class='ocr_carea' id='block_1_73' title="bbox 293 3996 1875 4071">
    <p class='ocr_par' dir='ltr' id='par_1_73' title="bbox 293 3996 1875 4071">
     <span class='ocr_line' id='line_1_73' title="bbox 293 3996 1875 4071; baseline 0.001 -18"><span class='ocrx_word' id='word_1_525' title='bbox 293 3996 449 4054; x_wconf 85' lang='lat' dir='ltr'><strong>ﬁnita</strong></span> <span class='ocrx_word' id='word_1_526' title='bbox 477 4002 687 4070; x_wconf 88' lang='lat' dir='ltr'><strong>negatio</strong></span> <span class='ocrx_word' id='word_1_527' title='bbox 738 4016 856 4071; x_wconf 85' lang='lat' dir='ltr'><strong>quae</strong></span> <span class='ocrx_word' id='word_1_528' title='bbox 904 4001 1210 4071; x_wconf 82' lang='lat' dir='ltr'><strong>pronuntiat</strong></span> <span class='ocrx_word' id='word_1_529' title='bbox 1265 4000 1536 4056; x_wconf 90' lang='lat' dir='ltr'><strong>hominem</strong></span> <span class='ocrx_word' id='word_1_530' title='bbox 1591 4015 1697 4055; x_wconf 90' lang='lat' dir='ltr'><strong>non</strong></span> <span class='ocrx_word' id='word_1_531' title='bbox 1752 4015 1875 4056; x_wconf 89' lang='lat' dir='ltr'><strong>esse</strong></span> 
     </span>
    </p>
   </div>
   <div class='ocr_carea' id='block_1_74' title="bbox 294 4092 1875 4163">
    <p class='ocr_par' dir='ltr' id='par_1_74' title="bbox 294 4092 1875 4163">
     <span class='ocr_line' id='line_1_74' title="bbox 294 4092 1875 4163; baseline 0.001 -17"><span class='ocrx_word' id='word_1_532' title='bbox 294 4092 519 4147; x_wconf 89' lang='lat' dir='ltr'><strong>animal.</strong></span> <span class='ocrx_word' id='word_1_533' title='bbox 550 4092 649 4148; x_wconf 82' lang='lat' dir='ltr'><strong>Hie</strong></span> <span class='ocrx_word' id='word_1_534' title='bbox 673 4108 883 4163; x_wconf 89' lang='lat' dir='ltr'><strong>quoque</strong></span> <span class='ocrx_word' id='word_1_535' title='bbox 911 4093 1310 4163; x_wconf 90' lang='lat' dir='ltr'><strong>particularium</strong></span> <span class='ocrx_word' id='word_1_536' title='bbox 1340 4092 1631 4149; x_wconf 91' lang='lat' dir='ltr'><strong>similitudo</strong></span> <span class='ocrx_word' id='word_1_537' title='bbox 1662 4102 1875 4148; x_wconf 90' lang='lat' dir='ltr'><strong>servata</strong></span> 
     </span>
    </p>
   </div>
   <div class='ocr_carea' id='block_1_75' title="bbox 295 4184 1876 4242">
    <p class='ocr_par' dir='ltr' id='par_1_75' title="bbox 295 4184 1876 4242">
     <span class='ocr_line' id='line_1_75' title="bbox 295 4184 1876 4242; baseline 0 -3"><span class='ocrx_word' id='word_1_538' title='bbox 295 4193 401 4241; x_wconf 91' lang='grc' dir='ltr'>εει.</span> <span class='ocrx_word' id='word_1_539' title='bbox 430 4184 563 4240; x_wconf 90' lang='lat' dir='ltr'><strong>Nam</strong></span> <span class='ocrx_word' id='word_1_540' title='bbox 595 4185 649 4240; x_wconf 94' lang='lat' dir='ltr'><strong>in</strong></span> <span class='ocrx_word' id='word_1_541' title='bbox 685 4186 1008 4242; x_wconf 89' lang='lat' dir='ltr'><strong>subalternis</strong></span> <span class='ocrx_word' id='word_1_542' title='bbox 1035 4201 1161 4242; x_wconf 85' lang='lat' dir='ltr'><strong>vera</strong></span> <span class='ocrx_word' id='word_1_543' title='bbox 1190 4184 1563 4242; x_wconf 84' lang='lat' dir='ltr'><strong>universalitas</strong></span> <span class='ocrx_word' id='word_1_544' title='bbox 1597 4184 1876 4239; x_wconf 89' lang='lat' dir='ltr'><strong>veritatem</strong></span> 
     </span>
    </p>
   </div>
   <div class='ocr_carea' id='block_1_76' title="bbox 276 4272 1878 4347">
    <p class='ocr_par' dir='ltr' id='par_1_76' title="bbox 276 4272 1878 4347">
     <span class='ocr_line' id='line_1_76' title="bbox 276 4272 1878 4347; baseline 0.002 -17"><span class='ocrx_word' id='word_1_545' title='bbox 276 4272 734 4347; x_wconf 60' lang='lat' dir='ltr'><strong>&#39;particularitatis</strong></span> <span class='ocrx_word' id='word_1_546' title='bbox 783 4276 1047 4333; x_wconf 87' lang='lat' dir='ltr'><strong>trahebat.</strong></span> <span class='ocrx_word' id='word_1_547' title='bbox 1103 4278 1263 4333; x_wconf 86' lang='lat' dir='ltr'><strong>Falsa</strong></span> <span class='ocrx_word' id='word_1_548' title='bbox 1307 4292 1438 4333; x_wconf 90' lang='lat' dir='ltr'><strong>vero</strong></span> <span class='ocrx_word' id='word_1_549' title='bbox 1503 4277 1878 4333; x_wconf 86' lang='lat' dir='ltr'><strong>universalitas</strong></span> 
     </span>
    </p>
   </div>
   <div class='ocr_carea' id='block_1_77' title="bbox 299 4371 1879 4441">
    <p class='ocr_par' dir='ltr' id='par_1_77' title="bbox 299 4371 1879 4441">
     <span class='ocr_line' id='line_1_77' title="bbox 299 4371 1879 4441; baseline -0.001 -14"><span class='ocrx_word' id='word_1_550' title='bbox 299 4385 403 4428; x_wconf 88' lang='lat' dir='ltr'><strong>nec</strong></span> <span class='ocrx_word' id='word_1_551' title='bbox 424 4372 685 4439; x_wconf 88' lang='lat' dir='ltr'><strong>veritatis,</strong></span> <span class='ocrx_word' id='word_1_552' title='bbox 712 4387 812 4429; x_wconf 90' lang='lat' dir='ltr'><strong>nec</strong></span> <span class='ocrx_word' id='word_1_553' title='bbox 842 4372 1107 4428; x_wconf 89' lang='lat' dir='ltr'><strong>mendacii</strong></span> <span class='ocrx_word' id='word_1_554' title='bbox 1161 4372 1535 4430; x_wconf 87' lang='lat' dir='ltr'><strong>necessitatem</strong></span> <span class='ocrx_word' id='word_1_555' title='bbox 1586 4371 1879 4441; x_wconf 89' lang='lat' dir='ltr'><strong>particula-</strong></span> 
     </span>
    </p>
   </div>
   <div class='ocr_carea' id='block_1_78' title="bbox 299 4466 1883 4535">
    <p class='ocr_par' dir='ltr' id='par_1_78' title="bbox 299 4466 1883 4535">
     <span class='ocr_line' id='line_1_78' title="bbox 299 4466 1883 4535; baseline -0.001 -13"><span class='ocrx_word' id='word_1_556' title='bbox 299 4466 451 4523; x_wconf 90' lang='lat' dir='ltr'><strong>ribus</strong></span> <span class='ocrx_word' id='word_1_557' title='bbox 476 4467 754 4525; x_wconf 70' lang='lat' dir='ltr'><strong>afferebat.</strong></span> <span class='ocrx_word' id='word_1_558' title='bbox 813 4468 1015 4524; x_wconf 85' lang='lat' dir='ltr'><strong>Eadem</strong></span> <span class='ocrx_word' id='word_1_559' title='bbox 1045 4467 1225 4523; x_wconf 86' lang='lat' dir='ltr'><strong>omnia</strong></span> <span class='ocrx_word' id='word_1_560' title='bbox 1280 4466 1665 4521; x_wconf 88' lang='lat' dir='ltr'><strong>universalium</strong></span> <span class='ocrx_word' id='word_1_561' title='bbox 1723 4474 1883 4535; x_wconf 89' lang='lat' dir='ltr'><strong>atque</strong></span> 
     </span>
    </p>
   </div>
   <div class='ocr_carea' id='block_1_79' title="bbox 1969 3259 3545 3328">
    <p class='ocr_par' dir='ltr' id='par_1_79' title="bbox 1969 3259 3545 3328">
     <span class='ocr_line' id='line_1_79' title="bbox 1969 3259 3545 3328; baseline 0.002 -15"><span class='ocrx_word' id='word_1_562' title='bbox 1969 3271 2091 3313; x_wconf 90' lang='lat' dir='ltr'><strong>esse</strong></span> <span class='ocrx_word' id='word_1_563' title='bbox 2117 3271 2323 3325; x_wconf 89' lang='lat' dir='ltr'><strong>veram,</strong></span> <span class='ocrx_word' id='word_1_564' title='bbox 2349 3259 2571 3313; x_wconf 88' lang='lat' dir='ltr'><strong>alteram</strong></span> <span class='ocrx_word' id='word_1_565' title='bbox 2599 3272 2813 3328; x_wconf 88' lang='lat' dir='ltr'><strong>semper</strong></span> <span class='ocrx_word' id='word_1_566' title='bbox 2850 3273 2975 3315; x_wconf 91' lang='lat' dir='ltr'><strong>esse</strong></span> <span class='ocrx_word' id='word_1_567' title='bbox 3009 3259 3219 3315; x_wconf 78' lang='lat' dir='ltr'><strong>falsam.</strong></span> <span class='ocrx_word' id='word_1_568' title='bbox 3268 3260 3401 3314; x_wconf 84' lang='lat' dir='ltr'><strong>Nam</strong></span> <span class='ocrx_word' id='word_1_569' title='bbox 3429 3262 3545 3317; x_wconf 78' lang='lat' dir='ltr'><strong>sive</strong></span> 
     </span>
    </p>
   </div>
   <div class='ocr_carea' id='block_1_80' title="bbox 1969 3350 3546 3421">
    <p class='ocr_par' dir='ltr' id='par_1_80' title="bbox 1969 3350 3546 3421">
     <span class='ocr_line' id='line_1_80' title="bbox 1969 3350 3546 3421; baseline 0.002 -16"><span class='ocrx_word' id='word_1_570' title='bbox 1969 3350 2272 3420; x_wconf 75' lang='lat' dir='ltr'><strong>aequivocos</strong></span> <span class='ocrx_word' id='word_1_571' title='bbox 2301 3351 2555 3405; x_wconf 86' lang='lat' dir='ltr'><strong>terminos</strong></span> <span class='ocrx_word' id='word_1_572' title='bbox 2575 3360 2810 3421; x_wconf 88' lang='lat' dir='ltr'><strong>sumant,</strong></span> <span class='ocrx_word' id='word_1_573' title='bbox 2850 3352 2964 3405; x_wconf 88' lang='lat' dir='ltr'><strong>sive</strong></span> <span class='ocrx_word' id='word_1_574' title='bbox 2993 3366 3099 3405; x_wconf 89' lang='lat' dir='ltr'><strong>non</strong></span> <span class='ocrx_word' id='word_1_575' title='bbox 3129 3352 3197 3405; x_wconf 89' lang='lat' dir='ltr'><strong>ad</strong></span> <span class='ocrx_word' id='word_1_576' title='bbox 3243 3351 3384 3406; x_wconf 90' lang='lat' dir='ltr'><strong>idem</strong></span> <span class='ocrx_word' id='word_1_577' title='bbox 3413 3363 3546 3408; x_wconf 85' lang='lat' dir='ltr'><strong>tem-</strong></span> 
     </span>
    </p>
   </div>
   <div class='ocr_carea' id='block_1_81' title="bbox 1970 3445 3550 3516">
    <p class='ocr_par' dir='ltr' id='par_1_81' title="bbox 1970 3445 3550 3516">
     <span class='ocr_line' id='line_1_81' title="bbox 1970 3445 3550 3516; baseline 0.002 -16"><span class='ocrx_word' id='word_1_578' title='bbox 1970 3460 2071 3516; x_wconf 90' lang='lat' dir='ltr'><strong>pus</strong></span> <span class='ocrx_word' id='word_1_579' title='bbox 2099 3445 2407 3515; x_wconf 89' lang='lat' dir='ltr'><strong>procedant,</strong></span> <span class='ocrx_word' id='word_1_580' title='bbox 2432 3447 2551 3501; x_wconf 88' lang='lat' dir='ltr'><strong>sive</strong></span> <span class='ocrx_word' id='word_1_581' title='bbox 2579 3446 2720 3500; x_wconf 90' lang='lat' dir='ltr'><strong>alius</strong></span> <span class='ocrx_word' id='word_1_582' title='bbox 2759 3445 2999 3514; x_wconf 90' lang='lat' dir='ltr'><strong>utrisque</strong></span> <span class='ocrx_word' id='word_1_583' title='bbox 3030 3446 3162 3499; x_wconf 87' lang='lat' dir='ltr'><strong>insit</strong></span> <span class='ocrx_word' id='word_1_584' title='bbox 3190 3447 3401 3513; x_wconf 86' lang='lat' dir='ltr'><strong>modus,</strong></span> <span class='ocrx_word' id='word_1_585' title='bbox 3434 3450 3550 3503; x_wconf 87' lang='lat' dir='ltr'><strong>sive</strong></span> 
     </span>
    </p>
   </div>
   <div class='ocr_carea' id='block_1_82' title="bbox 1970 3536 3547 3607">
    <p class='ocr_par' dir='ltr' id='par_1_82' title="bbox 1970 3536 3547 3607">
     <span class='ocr_line' id='line_1_82' title="bbox 1970 3536 3547 3607; baseline 0.001 -16"><span class='ocrx_word' id='word_1_586' title='bbox 1970 3536 2037 3591; x_wconf 92' lang='lat' dir='ltr'><strong>ad</strong></span> <span class='ocrx_word' id='word_1_587' title='bbox 2066 3537 2198 3591; x_wconf 88' lang='lat' dir='ltr'><strong>alias</strong></span> <span class='ocrx_word' id='word_1_588' title='bbox 2222 3546 2401 3606; x_wconf 85' lang='lat' dir='ltr'><strong>partes</strong></span> <span class='ocrx_word' id='word_1_589' title='bbox 2434 3538 2518 3592; x_wconf 82' lang='lat' dir='ltr'><strong>vel</strong></span> <span class='ocrx_word' id='word_1_590' title='bbox 2548 3536 2617 3590; x_wconf 90' lang='lat' dir='ltr'><strong>ad</strong></span> <span class='ocrx_word' id='word_1_591' title='bbox 2654 3536 2855 3607; x_wconf 87' lang='lat' dir='ltr'><strong>aliquid</strong></span> <span class='ocrx_word' id='word_1_592' title='bbox 2877 3536 3017 3590; x_wconf 90' lang='lat' dir='ltr'><strong>aliud</strong></span> <span class='ocrx_word' id='word_1_593' title='bbox 3039 3537 3364 3602; x_wconf 89' lang='lat' dir='ltr'><strong>referantur,</strong></span> <span class='ocrx_word' id='word_1_594' title='bbox 3392 3552 3547 3593; x_wconf 87' lang='lat' dir='ltr'><strong>veras</strong></span> 
     </span>
    </p>
   </div>
   <div class='ocr_carea' id='block_1_83' title="bbox 1973 3628 3552 3700">
    <p class='ocr_par' dir='ltr' id='par_1_83' title="bbox 1973 3628 3552 3700">
     <span class='ocr_line' id='line_1_83' title="bbox 1973 3628 3552 3700; baseline 0.002 -15"><span class='ocrx_word' id='word_1_595' title='bbox 1973 3640 2227 3699; x_wconf 87' lang='lat' dir='ltr'><strong>utrasque</strong></span> <span class='ocrx_word' id='word_1_596' title='bbox 2272 3644 2394 3685; x_wconf 86' lang='lat' dir='ltr'><strong>esse</strong></span> <span class='ocrx_word' id='word_1_597' title='bbox 2421 3629 2702 3699; x_wconf 88' lang='lat' dir='ltr'><strong>contingit.</strong></span> <span class='ocrx_word' id='word_1_598' title='bbox 2753 3632 2865 3700; x_wconf 85' lang='lat' dir='ltr'><strong>Age</strong></span> <span class='ocrx_word' id='word_1_599' title='bbox 2908 3628 3051 3684; x_wconf 89' lang='lat' dir='ltr'><strong>enim</strong></span> <span class='ocrx_word' id='word_1_600' title='bbox 3080 3630 3411 3699; x_wconf 78' lang='lat' dir='ltr'><strong>:rquivocum</strong></span> <span class='ocrx_word' id='word_1_601' title='bbox 3442 3639 3552 3687; x_wconf 84' lang='lat' dir='ltr'><strong>ter-</strong></span> 
     </span>
    </p>
   </div>
   <div class='ocr_carea' id='block_1_84' title="bbox 1973 3720 3550 3792">
    <p class='ocr_par' dir='ltr' id='par_1_84' title="bbox 1973 3720 3550 3792">
     <span class='ocr_line' id='line_1_84' title="bbox 1973 3720 3550 3792; baseline 0.001 -13"><span class='ocrx_word' id='word_1_602' title='bbox 1973 3725 2176 3779; x_wconf 85' lang='lat' dir='ltr'><strong>minum</strong></span> <span class='ocrx_word' id='word_1_603' title='bbox 2216 3733 2391 3779; x_wconf 88' lang='lat' dir='ltr'><strong>sumat</strong></span> <span class='ocrx_word' id='word_1_604' title='bbox 2443 3723 2748 3788; x_wconf 75' lang='lat' dir='ltr'><strong>afﬁrmatio,</strong></span> <span class='ocrx_word' id='word_1_605' title='bbox 2801 3722 3068 3792; x_wconf 88' lang='lat' dir='ltr'><strong>dicatque,</strong></span> <span class='ocrx_word' id='word_1_606' title='bbox 3103 3720 3236 3777; x_wconf 88' lang='lat' dir='ltr'><strong>Cato</strong></span> <span class='ocrx_word' id='word_1_607' title='bbox 3291 3722 3459 3778; x_wconf 75' lang='lat' dir='ltr'><strong>Utica:</strong></span> <span class='ocrx_word' id='word_1_608' title='bbox 3488 3738 3550 3780; x_wconf 86' lang='lat' dir='ltr'><strong>se</strong></span> 
     </span>
    </p>
   </div>
   <div class='ocr_carea' id='block_1_85' title="bbox 1974 3812 3555 3887">
    <p class='ocr_par' dir='ltr' id='par_1_85' title="bbox 1974 3812 3555 3887">
     <span class='ocr_line' id='line_1_85' title="bbox 1974 3812 3555 3887; baseline -0.003 -14"><span class='ocrx_word' id='word_1_609' title='bbox 1974 3812 2225 3887; x_wconf 87' lang='lat' dir='ltr'><strong>peremit,</strong></span> <span class='ocrx_word' id='word_1_610' title='bbox 2257 3825 2521 3886; x_wconf 87' lang='lat' dir='ltr'><strong>negetque</strong></span> <span class='ocrx_word' id='word_1_611' title='bbox 2550 3815 2782 3885; x_wconf 82' lang='lat' dir='ltr'><strong>negatio,</strong></span> <span class='ocrx_word' id='word_1_612' title='bbox 2817 3814 2946 3870; x_wconf 88' lang='lat' dir='ltr'><strong>Cato</strong></span> <span class='ocrx_word' id='word_1_613' title='bbox 2981 3829 3041 3870; x_wconf 88' lang='lat' dir='ltr'><strong>se</strong></span> <span class='ocrx_word' id='word_1_614' title='bbox 3082 3813 3250 3870; x_wconf 74' lang='lat' dir='ltr'><strong>Utica:</strong></span> <span class='ocrx_word' id='word_1_615' title='bbox 3287 3829 3395 3871; x_wconf 93' lang='lat' dir='ltr'><strong>non</strong></span> <span class='ocrx_word' id='word_1_616' title='bbox 3432 3829 3555 3883; x_wconf 89' lang='lat' dir='ltr'><strong>per-</strong></span> 
     </span>
    </p>
   </div>
   <div class='ocr_carea' id='block_1_86' title="bbox 1977 3910 3555 3981">
    <p class='ocr_par' dir='ltr' id='par_1_86' title="bbox 1977 3910 3555 3981">
     <span class='ocr_line' id='line_1_86' title="bbox 1977 3910 3555 3981; baseline 0.001 -16"><span class='ocrx_word' id='word_1_617' title='bbox 1977 3912 2129 3966; x_wconf 91' lang='lat' dir='ltr'><strong>emit.</strong></span> <span class='ocrx_word' id='word_1_618' title='bbox 2164 3911 2262 3966; x_wconf 87' lang='lat' dir='ltr'><strong>llic</strong></span> <span class='ocrx_word' id='word_1_619' title='bbox 2289 3910 2451 3981; x_wconf 87' lang='lat' dir='ltr'><strong>igitur</strong></span> <span class='ocrx_word' id='word_1_620' title='bbox 2488 3919 2727 3981; x_wconf 67' lang='lat' dir='ltr'><strong>utraeque</strong></span> <span class='ocrx_word' id='word_1_621' title='bbox 2764 3917 2890 3965; x_wconf 88' lang='lat' dir='ltr'><strong>sunt</strong></span> <span class='ocrx_word' id='word_1_622' title='bbox 2930 3926 3091 3976; x_wconf 74' lang='lat' dir='ltr'><strong>verte,</strong></span> <span class='ocrx_word' id='word_1_623' title='bbox 3123 3910 3377 3980; x_wconf 86' lang='lat' dir='ltr'><strong>quoniam</strong></span> <span class='ocrx_word' id='word_1_624' title='bbox 3420 3912 3555 3967; x_wconf 82' lang='lat' dir='ltr'><strong>Cato</strong></span> 
     </span>
    </p>
   </div>
   <div class='ocr_carea' id='block_1_87' title="bbox 1976 4001 3559 4072">
    <p class='ocr_par' dir='ltr' id='par_1_87' title="bbox 1976 4001 3559 4072">
     <span class='ocr_line' id='line_1_87' title="bbox 1976 4001 3559 4072; baseline 0.001 -15"><span class='ocrx_word' id='word_1_625' title='bbox 1976 4004 2307 4071; x_wconf 72' lang='lat' dir='ltr'><strong>aequivocum</strong></span> <span class='ocrx_word' id='word_1_626' title='bbox 2337 4010 2441 4057; x_wconf 88' lang='lat' dir='ltr'><strong>est.</strong></span> <span class='ocrx_word' id='word_1_627' title='bbox 2471 4001 2711 4072; x_wconf 86' lang='lat' dir='ltr'><strong>Namque</strong></span> <span class='ocrx_word' id='word_1_628' title='bbox 2750 4002 2880 4056; x_wconf 89' lang='lat' dir='ltr'><strong>Cato</strong></span> <span class='ocrx_word' id='word_1_629' title='bbox 2924 4003 3207 4071; x_wconf 70' lang='lat' dir='ltr'><strong>praetorius</strong></span> <span class='ocrx_word' id='word_1_630' title='bbox 3252 4001 3423 4058; x_wconf 72' lang='lat' dir='ltr'><strong>Utica:</strong></span> <span class='ocrx_word' id='word_1_631' title='bbox 3449 4002 3559 4059; x_wconf 87' lang='lat' dir='ltr'><strong>sibi</strong></span> 
     </span>
    </p>
   </div>
   <div class='ocr_carea' id='block_1_88' title="bbox 1979 4093 3558 4160">
    <p class='ocr_par' dir='ltr' id='par_1_88' title="bbox 1979 4093 3558 4160">
     <span class='ocr_line' id='line_1_88' title="bbox 1979 4093 3558 4160; baseline 0.002 -10"><span class='ocrx_word' id='word_1_632' title='bbox 1979 4109 2169 4151; x_wconf 89' lang='lat' dir='ltr'><strong>manus</strong></span> <span class='ocrx_word' id='word_1_633' title='bbox 2196 4094 2395 4160; x_wconf 89' lang='lat' dir='ltr'><strong>intulit,</strong></span> <span class='ocrx_word' id='word_1_634' title='bbox 2444 4093 2576 4149; x_wconf 90' lang='lat' dir='ltr'><strong>Cato</strong></span> <span class='ocrx_word' id='word_1_635' title='bbox 2631 4110 2760 4150; x_wconf 92' lang='lat' dir='ltr'><strong>vero</strong></span> <span class='ocrx_word' id='word_1_636' title='bbox 2812 4096 3090 4149; x_wconf 89' lang='lat' dir='ltr'><strong>censorius</strong></span> <span class='ocrx_word' id='word_1_637' title='bbox 3140 4096 3379 4151; x_wconf 84' lang='lat' dir='ltr'><strong>minime.</strong></span> <span class='ocrx_word' id='word_1_638' title='bbox 3422 4094 3558 4153; x_wconf 81' lang='lat' dir='ltr'><strong>Item</strong></span> 
     </span>
    </p>
   </div>
   <div class='ocr_carea' id='block_1_89' title="bbox 1982 4184 3560 4258">
    <p class='ocr_par' dir='ltr' id='par_1_89' title="bbox 1982 4184 3560 4258">
     <span class='ocr_line' id='line_1_89' title="bbox 1982 4184 3560 4258; baseline 0.001 -17"><span class='ocrx_word' id='word_1_639' title='bbox 1982 4196 2310 4256; x_wconf 88' lang='lat' dir='ltr'><strong>proponatur</strong></span> <span class='ocrx_word' id='word_1_640' title='bbox 2331 4185 2654 4239; x_wconf 87' lang='lat' dir='ltr'><strong>afﬁrmativa</strong></span> <span class='ocrx_word' id='word_1_641' title='bbox 2675 4185 2777 4240; x_wconf 91' lang='lat' dir='ltr'><strong>hoc</strong></span> <span class='ocrx_word' id='word_1_642' title='bbox 2802 4184 2983 4251; x_wconf 91' lang='lat' dir='ltr'><strong>modo,</strong></span> <span class='ocrx_word' id='word_1_643' title='bbox 3012 4184 3177 4240; x_wconf 89' lang='lat' dir='ltr'><strong>Nocte</strong></span> <span class='ocrx_word' id='word_1_644' title='bbox 3206 4185 3367 4253; x_wconf 90' lang='lat' dir='ltr'><strong>lucet,</strong></span> <span class='ocrx_word' id='word_1_645' title='bbox 3398 4202 3560 4258; x_wconf 88' lang='lat' dir='ltr'><strong>nega-</strong></span> 
     </span>
    </p>
   </div>
   <div class='ocr_carea' id='block_1_90' title="bbox 1983 4279 3561 4351">
    <p class='ocr_par' dir='ltr' id='par_1_90' title="bbox 1983 4279 3561 4351">
     <span class='ocr_line' id='line_1_90' title="bbox 1983 4279 3561 4351; baseline 0.003 -15"><span class='ocrx_word' id='word_1_646' title='bbox 1983 4282 2061 4337; x_wconf 91' lang='lat' dir='ltr'><strong>tio</strong></span> <span class='ocrx_word' id='word_1_647' title='bbox 2088 4281 2435 4351; x_wconf 87' lang='lat' dir='ltr'><strong>respondeat,</strong></span> <span class='ocrx_word' id='word_1_648' title='bbox 2468 4280 2636 4337; x_wconf 85' lang='lat' dir='ltr'><strong>Nocte</strong></span> <span class='ocrx_word' id='word_1_649' title='bbox 2686 4280 2977 4336; x_wconf 90' lang='lat' dir='ltr'><strong>nonlucet.</strong></span> <span class='ocrx_word' id='word_1_650' title='bbox 3026 4279 3124 4336; x_wconf 84' lang='lat' dir='ltr'><strong>Hic</strong></span> <span class='ocrx_word' id='word_1_651' title='bbox 3172 4279 3330 4351; x_wconf 69' lang='lat' dir='ltr'><strong>igitur</strong></span> <span class='ocrx_word' id='word_1_652' title='bbox 3378 4282 3561 4340; x_wconf 85' lang='lat' dir='ltr'><strong>lucere</strong></span> 
     </span>
    </p>
   </div>
   <div class='ocr_carea' id='block_1_91' title="bbox 1984 4372 3563 4445">
    <p class='ocr_par' dir='ltr' id='par_1_91' title="bbox 1984 4372 3563 4445">
     <span class='ocr_line' id='line_1_91' title="bbox 1984 4372 3563 4445; baseline 0.001 -17"><span class='ocrx_word' id='word_1_653' title='bbox 1984 4374 2317 4445; x_wconf 68' lang='lat' dir='ltr'><strong>azquivocum</strong></span> <span class='ocrx_word' id='word_1_654' title='bbox 2341 4382 2442 4430; x_wconf 88' lang='lat' dir='ltr'><strong>est.</strong></span> <span class='ocrx_word' id='word_1_655' title='bbox 2475 4375 2654 4445; x_wconf 82' lang='lat' dir='ltr'><strong>Atque</strong></span> <span class='ocrx_word' id='word_1_656' title='bbox 2695 4373 2818 4429; x_wconf 89' lang='lat' dir='ltr'><strong>ideo</strong></span> <span class='ocrx_word' id='word_1_657' title='bbox 2846 4372 2978 4427; x_wconf 90' lang='lat' dir='ltr'><strong>nihil</strong></span> <span class='ocrx_word' id='word_1_658' title='bbox 3008 4373 3233 4441; x_wconf 89' lang='lat' dir='ltr'><strong>impedit</strong></span> <span class='ocrx_word' id='word_1_659' title='bbox 3273 4376 3563 4444; x_wconf 82' lang='lat' dir='ltr'><strong>quominus</strong></span> 
     </span>
    </p>
   </div>
   <div class='ocr_carea' id='block_1_92' title="bbox 1990 4460 3564 4540">
    <p class='ocr_par' dir='ltr' id='par_1_92' title="bbox 1990 4460 3564 4540">
     <span class='ocr_line' id='line_1_92' title="bbox 1990 4460 3564 4540; baseline 0.001 -17"><span class='ocrx_word' id='word_1_660' title='bbox 1990 4478 2227 4540; x_wconf 67' lang='lat' dir='ltr'><strong>utraeque</strong></span> <span class='ocrx_word' id='word_1_661' title='bbox 2255 4460 2308 4524; x_wconf 88' lang='lat' dir='ltr'><strong>in</strong></span> <span class='ocrx_word' id='word_1_662' title='bbox 2336 4469 2563 4524; x_wconf 88' lang='lat' dir='ltr'><strong>veritate</strong></span> <span class='ocrx_word' id='word_1_663' title='bbox 2594 4474 2961 4537; x_wconf 88' lang='lat' dir='ltr'><strong>permaneant.</strong></span> <span class='ocrx_word' id='word_1_664' title='bbox 3002 4466 3301 4523; x_wconf 83' lang='lat' dir='ltr'><strong>Afﬁrmatio</strong></span> <span class='ocrx_word' id='word_1_665' title='bbox 3330 4481 3564 4540; x_wconf 83' lang='lat' dir='ltr'><strong>namque</strong></span> 
     </span>
    </p>
   </div>
   <div class='ocr_carea' id='block_1_93' title="bbox 300 4555 1874 4630">
    <p class='ocr_par' dir='ltr' id='par_1_93' title="bbox 300 4555 1874 4629">
     <span class='ocr_line' id='line_1_93' title="bbox 300 4555 1874 4629; baseline -0.004 -15"><span class='ocrx_word' id='word_1_666' title='bbox 300 4558 699 4617; x_wconf 83' lang='lat' dir='ltr'><strong>indeﬁnitarum</strong></span> <span class='ocrx_word' id='word_1_667' title='bbox 737 4560 1023 4617; x_wconf 89' lang='lat' dir='ltr'><strong>collatione</strong></span> <span class='ocrx_word' id='word_1_668' title='bbox 1057 4559 1394 4629; x_wconf 89' lang='lat' dir='ltr'><strong>proveniunt.</strong></span> <span class='ocrx_word' id='word_1_669' title='bbox 1428 4558 1635 4612; x_wconf 81' lang='lat' dir='ltr'><strong>Rursus</strong></span> <span class='ocrx_word' id='word_1_670' title='bbox 1684 4555 1874 4612; x_wconf 90' lang='lat' dir='ltr'><strong>indeﬁ-</strong></span> 
     </span>
    </p>
   </div>
   <div class='ocr_carea' id='block_1_94' title="bbox 1963 4555 3568 4630">
    <p class='ocr_par' dir='ltr' id='par_1_94' title="bbox 1985 4559 3568 4630">
     <span class='ocr_line' id='line_1_94' title="bbox 1985 4559 3568 4630; baseline -0.001 -11"><span class='ocrx_word' id='word_1_671' title='bbox 1985 4577 2108 4620; x_wconf 90' lang='lat' dir='ltr'><strong>cum</strong></span> <span class='ocrx_word' id='word_1_672' title='bbox 2133 4564 2266 4619; x_wconf 90' lang='lat' dir='ltr'><strong>dicit</strong></span> <span class='ocrx_word' id='word_1_673' title='bbox 2285 4563 2467 4619; x_wconf 90' lang='lat' dir='ltr'><strong>lucere</strong></span> <span class='ocrx_word' id='word_1_674' title='bbox 2496 4569 2675 4629; x_wconf 90' lang='lat' dir='ltr'><strong>nocte,</strong></span> <span class='ocrx_word' id='word_1_675' title='bbox 2697 4559 3291 4630; x_wconf 73' lang='lat' dir='ltr'><strong>lunmloquiturlucem.</strong></span> <span class='ocrx_word' id='word_1_676' title='bbox 3320 4560 3411 4617; x_wconf 93' lang='lat' dir='ltr'><strong>llla</strong></span> <span class='ocrx_word' id='word_1_677' title='bbox 3433 4568 3568 4618; x_wconf 77' lang='lat' dir='ltr'><strong>vero‘</strong></span> 
     </span>
    </p>
   </div>
   <div class='ocr_carea' id='block_1_95' title="bbox 306 4648 1885 4724">
    <p class='ocr_par' dir='ltr' id='par_1_95' title="bbox 306 4648 1885 4724">
     <span class='ocr_line' id='line_1_95' title="bbox 306 4648 1885 4724; baseline -0.004 -16"><span class='ocrx_word' id='word_1_678' title='bbox 306 4652 449 4709; x_wconf 89' lang='lat' dir='ltr'><strong>nitas</strong></span> <span class='ocrx_word' id='word_1_679' title='bbox 474 4654 703 4724; x_wconf 89' lang='lat' dir='ltr'><strong>primum</strong></span> <span class='ocrx_word' id='word_1_680' title='bbox 745 4653 904 4709; x_wconf 88' lang='lat' dir='ltr'><strong>falsas</strong></span> <span class='ocrx_word' id='word_1_681' title='bbox 928 4659 1161 4718; x_wconf 89' lang='lat' dir='ltr'><strong>constet,</strong></span> <span class='ocrx_word' id='word_1_682' title='bbox 1185 4650 1514 4723; x_wconf 89' lang='lat' dir='ltr'><strong>universales</strong></span> <span class='ocrx_word' id='word_1_683' title='bbox 1543 4662 1755 4719; x_wconf 90' lang='lat' dir='ltr'><strong>quoque</strong></span> <span class='ocrx_word' id='word_1_684' title='bbox 1784 4648 1885 4702; x_wconf 80' lang='lat' dir='ltr'><strong>’it&#39;e-</strong></span> 
     </span>
    </p>
   </div>
   <div class='ocr_carea' id='block_1_96' title="bbox 306 4740 1887 4807">
    <p class='ocr_par' dir='ltr' id='par_1_96' title="bbox 306 4740 1887 4807">
     <span class='ocr_line' id='line_1_96' title="bbox 306 4740 1887 4807; baseline -0.005 -6"><span class='ocrx_word' id='word_1_685' title='bbox 306 4758 463 4803; x_wconf 83' lang='lat' dir='ltr'><strong>cesse</strong></span> <span class='ocrx_word' id='word_1_686' title='bbox 488 4756 570 4801; x_wconf 91' lang='lat' dir='ltr'><strong>est</strong></span> <span class='ocrx_word' id='word_1_687' title='bbox 592 4760 714 4801; x_wconf 90' lang='lat' dir='ltr'><strong>esse</strong></span> <span class='ocrx_word' id='word_1_688' title='bbox 739 4744 1045 4807; x_wconf 88' lang='lat' dir='ltr'><strong>mendaces,</strong></span> <span class='ocrx_word' id='word_1_689' title='bbox 1074 4754 1133 4799; x_wconf 90' lang='lat' dir='ltr'><strong>ut</strong></span> <span class='ocrx_word' id='word_1_690' title='bbox 1173 4743 1217 4798; x_wconf 92' lang='lat' dir='ltr'><strong>si</strong></span> <span class='ocrx_word' id='word_1_691' title='bbox 1244 4742 1437 4798; x_wconf 90' lang='lat' dir='ltr'><strong>falsum</strong></span> <span class='ocrx_word' id='word_1_692' title='bbox 1464 4742 1535 4797; x_wconf 89' lang='lat' dir='ltr'><strong>sit</strong></span> <span class='ocrx_word' id='word_1_693' title='bbox 1562 4754 1683 4797; x_wconf 90' lang='lat' dir='ltr'><strong>esse</strong></span> <span class='ocrx_word' id='word_1_694' title='bbox 1715 4740 1887 4795; x_wconf 90' lang='lat' dir='ltr'><strong>homi-</strong></span> 
     </span>
    </p>
   </div>
   <div class='ocr_carea' id='block_1_97' title="bbox 305 4829 1887 4906">
    <p class='ocr_par' dir='ltr' id='par_1_97' title="bbox 305 4829 1887 4906">
     <span class='ocr_line' id='line_1_97' title="bbox 305 4829 1887 4906; baseline -0.004 -16"><span class='ocrx_word' id='word_1_695' title='bbox 305 4849 431 4891; x_wconf 87' lang='lat' dir='ltr'><strong>nem</strong></span> <span class='ocrx_word' id='word_1_696' title='bbox 454 4836 680 4906; x_wconf 89' lang='lat' dir='ltr'><strong>justum,</strong></span> <span class='ocrx_word' id='word_1_697' title='bbox 731 4836 921 4891; x_wconf 89' lang='lat' dir='ltr'><strong>falsum</strong></span> <span class='ocrx_word' id='word_1_698' title='bbox 957 4835 1059 4890; x_wconf 91' lang='lat' dir='ltr'><strong>erit</strong></span> <span class='ocrx_word' id='word_1_699' title='bbox 1094 4848 1306 4889; x_wconf 89' lang='lat' dir='ltr'><strong>omnem</strong></span> <span class='ocrx_word' id='word_1_700' title='bbox 1352 4832 1627 4887; x_wconf 91' lang='lat' dir='ltr'><strong>hominem</strong></span> <span class='ocrx_word' id='word_1_701' title='bbox 1658 4845 1778 4886; x_wconf 88' lang='lat' dir='ltr'><strong>esse</strong></span> <span class='ocrx_word' id='word_1_702' title='bbox 1799 4829 1887 4899; x_wconf 89' lang='lat' dir='ltr'><strong>ju-</strong></span> 
     </span>
    </p>
   </div>
   <div class='ocr_carea' id='block_1_98' title="bbox 307 4924 1884 4999">
    <p class='ocr_par' dir='ltr' id='par_1_98' title="bbox 307 4924 1884 4999">
     <span class='ocr_line' id='line_1_98' title="bbox 307 4924 1884 4999; baseline -0.001 -18"><span class='ocrx_word' id='word_1_703' title='bbox 307 4936 477 4993; x_wconf 90' lang='lat' dir='ltr'><strong>stum,</strong></span> <span class='ocrx_word' id='word_1_704' title='bbox 504 4926 936 4999; x_wconf 85' lang='lat' dir='ltr'><strong>quandoquidem</strong></span> <span class='ocrx_word' id='word_1_705' title='bbox 963 4943 1071 4982; x_wconf 90' lang='lat' dir='ltr'><strong>non</strong></span> <span class='ocrx_word' id='word_1_706' title='bbox 1102 4927 1244 4996; x_wconf 90' lang='lat' dir='ltr'><strong>capit</strong></span> <span class='ocrx_word' id='word_1_707' title='bbox 1263 4927 1567 4991; x_wconf 89' lang='lat' dir='ltr'><strong>veritatem,</strong></span> <span class='ocrx_word' id='word_1_708' title='bbox 1617 4927 1662 4979; x_wconf 89' lang='lat' dir='ltr'><strong>si</strong></span> <span class='ocrx_word' id='word_1_709' title='bbox 1706 4924 1884 4995; x_wconf 85' lang='lat' dir='ltr'><strong>justus</strong></span> 
     </span>
    </p>
   </div>
   <div class='ocr_carea' id='block_1_99' title="bbox 306 5018 1889 5089">
    <p class='ocr_par' dir='ltr' id='par_1_99' title="bbox 306 5018 1889 5089">
     <span class='ocr_line' id='line_1_99' title="bbox 306 5018 1889 5089; baseline -0.001 -16"><span class='ocrx_word' id='word_1_710' title='bbox 306 5018 397 5073; x_wconf 85' lang='lat' dir='ltr'><strong>vel</strong></span> <span class='ocrx_word' id='word_1_711' title='bbox 424 5033 561 5073; x_wconf 89' lang='lat' dir='ltr'><strong>unus</strong></span> <span class='ocrx_word' id='word_1_712' title='bbox 590 5020 750 5076; x_wconf 90' lang='lat' dir='ltr'><strong>homo</strong></span> <span class='ocrx_word' id='word_1_713' title='bbox 780 5035 888 5075; x_wconf 91' lang='lat' dir='ltr'><strong>non</strong></span> <span class='ocrx_word' id='word_1_714' title='bbox 912 5019 1088 5075; x_wconf 85' lang='lat' dir='ltr'><strong>fuerit.</strong></span> <span class='ocrx_word' id='word_1_715' title='bbox 1120 5019 1274 5087; x_wconf 84' lang='lat' dir='ltr'><strong>item,</strong></span> <span class='ocrx_word' id='word_1_716' title='bbox 1302 5019 1348 5073; x_wconf 91' lang='lat' dir='ltr'><strong>si</strong></span> <span class='ocrx_word' id='word_1_717' title='bbox 1374 5019 1647 5073; x_wconf 88' lang='lat' dir='ltr'><strong>indeﬁnita</strong></span> <span class='ocrx_word' id='word_1_718' title='bbox 1678 5018 1889 5089; x_wconf 88' lang='lat' dir='ltr'><strong>negatio</strong></span> 
     </span>
    </p>
   </div>
   <div class='ocr_carea' id='block_1_100' title="bbox 307 5108 1887 5179">
    <p class='ocr_par' dir='ltr' id='par_1_100' title="bbox 307 5108 1887 5179">
     <span class='ocr_line' id='line_1_100' title="bbox 307 5108 1887 5179; baseline -0.001 -16"><span class='ocrx_word' id='word_1_719' title='bbox 307 5109 618 5175; x_wconf 88' lang='lat' dir='ltr'><strong>mentiatur,</strong></span> <span class='ocrx_word' id='word_1_720' title='bbox 645 5125 831 5165; x_wconf 91' lang='lat' dir='ltr'><strong>verum</strong></span> <span class='ocrx_word' id='word_1_721' title='bbox 875 5111 1195 5166; x_wconf 91' lang='lat' dir='ltr'><strong>universalis</strong></span> <span class='ocrx_word' id='word_1_722' title='bbox 1237 5109 1449 5179; x_wconf 82' lang='lat' dir='ltr'><strong>negatio</strong></span> <span class='ocrx_word' id='word_1_723' title='bbox 1493 5123 1601 5162; x_wconf 90' lang='lat' dir='ltr'><strong>non</strong></span> <span class='ocrx_word' id='word_1_724' title='bbox 1648 5108 1887 5177; x_wconf 86' lang='lat' dir='ltr'><strong>habebit,</strong></span> 
     </span>
    </p>
   </div>
   <div class='ocr_carea' id='block_1_101' title="bbox 307 5197 1892 5271">
    <p class='ocr_par' dir='ltr' id='par_1_101' title="bbox 307 5197 1892 5271">
     <span class='ocr_line' id='line_1_101' title="bbox 307 5197 1892 5271; baseline 0.001 -17"><span class='ocrx_word' id='word_1_725' title='bbox 307 5198 477 5254; x_wconf 75' lang='lat' dir='ltr'><strong>Veluti</strong></span> <span class='ocrx_word' id='word_1_726' title='bbox 527 5200 573 5254; x_wconf 88' lang='lat' dir='ltr'><strong>si</strong></span> <span class='ocrx_word' id='word_1_727' title='bbox 604 5197 738 5255; x_wconf 85' lang='lat' dir='ltr'><strong>falsa</strong></span> <span class='ocrx_word' id='word_1_728' title='bbox 780 5201 853 5256; x_wconf 87' lang='lat' dir='ltr'><strong>sit</strong></span> <span class='ocrx_word' id='word_1_729' title='bbox 896 5216 959 5258; x_wconf 89' lang='lat' dir='ltr'><strong>ea</strong></span> <span class='ocrx_word' id='word_1_730' title='bbox 989 5216 1109 5271; x_wconf 66' lang='lat' dir='ltr'><strong>quae</strong></span> <span class='ocrx_word' id='word_1_731' title='bbox 1139 5200 1270 5256; x_wconf 89' lang='lat' dir='ltr'><strong>dicit</strong></span> <span class='ocrx_word' id='word_1_732' title='bbox 1318 5199 1591 5255; x_wconf 91' lang='lat' dir='ltr'><strong>hominem</strong></span> <span class='ocrx_word' id='word_1_733' title='bbox 1624 5215 1729 5253; x_wconf 91' lang='lat' dir='ltr'><strong>non</strong></span> <span class='ocrx_word' id='word_1_734' title='bbox 1767 5213 1892 5256; x_wconf 87' lang='lat' dir='ltr'><strong>esse</strong></span> 
     </span>
    </p>
   </div>
   <div class='ocr_carea' id='block_1_102' title="bbox 306 5289 1890 5363">
    <p class='ocr_par' dir='ltr' id='par_1_102' title="bbox 306 5289 1890 5363">
     <span class='ocr_line' id='line_1_102' title="bbox 306 5289 1890 5363; baseline 0.003 -19"><span class='ocrx_word' id='word_1_735' title='bbox 306 5289 534 5362; x_wconf 87' lang='lat' dir='ltr'><strong>justum,</strong></span> <span class='ocrx_word' id='word_1_736' title='bbox 580 5292 1009 5363; x_wconf 90' lang='lat' dir='ltr'><strong>quandoquidem</strong></span> <span class='ocrx_word' id='word_1_737' title='bbox 1053 5308 1161 5348; x_wconf 90' lang='lat' dir='ltr'><strong>non</strong></span> <span class='ocrx_word' id='word_1_738' title='bbox 1207 5301 1381 5363; x_wconf 88' lang='lat' dir='ltr'><strong>potest</strong></span> <span class='ocrx_word' id='word_1_739' title='bbox 1422 5292 1791 5348; x_wconf 85' lang='lat' dir='ltr'><strong>universaliter</strong></span> <span class='ocrx_word' id='word_1_740' title='bbox 1821 5293 1890 5348; x_wconf 89' lang='lat' dir='ltr'><strong>ab</strong></span> 
     </span>
    </p>
   </div>
   <div class='ocr_carea' id='block_1_103' title="bbox 312 5380 1893 5454">
    <p class='ocr_par' dir='ltr' id='par_1_103' title="bbox 312 5380 1893 5454">
     <span class='ocr_line' id='line_1_103' title="bbox 312 5380 1893 5454; baseline 0.003 -20"><span class='ocrx_word' id='word_1_741' title='bbox 312 5380 530 5438; x_wconf 91' lang='lat' dir='ltr'><strong>homine</strong></span> <span class='ocrx_word' id='word_1_742' title='bbox 565 5382 852 5454; x_wconf 86' lang='lat' dir='ltr'><strong>denegari,</strong></span> <span class='ocrx_word' id='word_1_743' title='bbox 899 5386 943 5439; x_wconf 94' lang='lat' dir='ltr'><strong>si</strong></span> <span class='ocrx_word' id='word_1_744' title='bbox 997 5384 1079 5440; x_wconf 90' lang='lat' dir='ltr'><strong>vel</strong></span> <span class='ocrx_word' id='word_1_745' title='bbox 1110 5384 1203 5438; x_wconf 92' lang='lat' dir='ltr'><strong>uni</strong></span> <span class='ocrx_word' id='word_1_746' title='bbox 1253 5383 1531 5438; x_wconf 91' lang='lat' dir='ltr'><strong>hominum</strong></span> <span class='ocrx_word' id='word_1_747' title='bbox 1580 5383 1893 5453; x_wconf 88' lang='lat' dir='ltr'><strong>probabitur</strong></span> 
     </span>
    </p>
   </div>
   <div class='ocr_carea' id='block_1_104' title="bbox 310 5469 1891 5541">
    <p class='ocr_par' dir='ltr' id='par_1_104' title="bbox 310 5469 1891 5541">
     <span class='ocr_line' id='line_1_104' title="bbox 310 5469 1891 5541; baseline 0.003 -18"><span class='ocrx_word' id='word_1_748' title='bbox 310 5469 743 5541; x_wconf 88' lang='lat' dir='ltr'><strong>adessejustitia.</strong></span> <span class='ocrx_word' id='word_1_749' title='bbox 788 5473 860 5532; x_wconf 75' lang='lat' dir='ltr'><strong>At</strong></span> <span class='ocrx_word' id='word_1_750' title='bbox 887 5478 931 5529; x_wconf 85' lang='lat' dir='ltr'><strong>si</strong></span> <span class='ocrx_word' id='word_1_751' title='bbox 960 5473 1258 5529; x_wconf 82' lang='lat' dir='ltr'><strong>indeﬁnitae</strong></span> <span class='ocrx_word' id='word_1_752' title='bbox 1287 5476 1608 5535; x_wconf 89' lang='lat' dir='ltr'><strong>sententiam</strong></span> <span class='ocrx_word' id='word_1_753' title='bbox 1648 5473 1891 5528; x_wconf 87' lang='lat' dir='ltr'><strong>veritatis</strong></span> 
     </span>
    </p>
   </div>
   <div class='ocr_carea' id='block_1_105' title="bbox 314 5554 1895 5632">
    <p class='ocr_par' dir='ltr' id='par_1_105' title="bbox 314 5554 1895 5632">
     <span class='ocr_line' id='line_1_105' title="bbox 314 5554 1895 5632; baseline 0.005 -18"><span class='ocrx_word' id='word_1_754' title='bbox 314 5563 615 5630; x_wconf 88' lang='lat' dir='ltr'><strong>obtineant,</strong></span> <span class='ocrx_word' id='word_1_755' title='bbox 646 5554 979 5622; x_wconf 80' lang='lat' dir='ltr'><strong>universales</strong></span> <span class='ocrx_word' id='word_1_756' title='bbox 1012 5577 1121 5622; x_wconf 93' lang='lat' dir='ltr'><strong>tum</strong></span> <span class='ocrx_word' id='word_1_757' title='bbox 1152 5582 1328 5632; x_wconf 88' lang='lat' dir='ltr'><strong>veras,</strong></span> <span class='ocrx_word' id='word_1_758' title='bbox 1371 5575 1481 5621; x_wconf 91' lang='lat' dir='ltr'><strong>tum</strong></span> <span class='ocrx_word' id='word_1_759' title='bbox 1510 5567 1723 5622; x_wconf 90' lang='lat' dir='ltr'><strong>eveniet</strong></span> <span class='ocrx_word' id='word_1_760' title='bbox 1775 5580 1895 5622; x_wconf 86' lang='lat' dir='ltr'><strong>esse</strong></span> 
     </span>
    </p>
   </div>
   <div class='ocr_carea' id='block_1_106' title="bbox 310 5652 1892 5728">
    <p class='ocr_par' dir='ltr' id='par_1_106' title="bbox 310 5652 1892 5728">
     <span class='ocr_line' id='line_1_106' title="bbox 310 5652 1892 5728; baseline 0.004 -24"><span class='ocrx_word' id='word_1_761' title='bbox 310 5652 596 5708; x_wconf 84' lang='lat' dir='ltr'><strong>mendaces</strong></span> <span class='ocrx_word' id='word_1_762' title='bbox 615 5673 627 5708; x_wconf 92' lang='lat'>:</span> <span class='ocrx_word' id='word_1_763' title='bbox 648 5656 790 5711; x_wconf 89' lang='lat' dir='ltr'><strong>velut</strong></span> <span class='ocrx_word' id='word_1_764' title='bbox 815 5672 937 5712; x_wconf 88' lang='lat' dir='ltr'><strong>cum</strong></span> <span class='ocrx_word' id='word_1_765' title='bbox 965 5657 1192 5713; x_wconf 86' lang='lat' dir='ltr'><strong>dicimus</strong></span> <span class='ocrx_word' id='word_1_766' title='bbox 1222 5658 1491 5713; x_wconf 88' lang='lat' dir='ltr'><strong>hominem</strong></span> <span class='ocrx_word' id='word_1_767' title='bbox 1516 5673 1638 5713; x_wconf 87' lang='lat' dir='ltr'><strong>esse</strong></span> <span class='ocrx_word' id='word_1_768' title='bbox 1665 5658 1892 5728; x_wconf 87' lang='lat' dir='ltr'><strong>justum,</strong></span> 
     </span>
    </p>
   </div>
   <div class='ocr_carea' id='block_1_107' title="bbox 311 5750 1893 5828">
    <p class='ocr_par' dir='ltr' id='par_1_107' title="bbox 311 5750 1893 5828">
     <span class='ocr_line' id='line_1_107' title="bbox 311 5750 1893 5828; baseline 0.008 -31"><span class='ocrx_word' id='word_1_769' title='bbox 311 5757 495 5799; x_wconf 83' lang='lat' dir='ltr'><strong>verum</strong></span> <span class='ocrx_word' id='word_1_770' title='bbox 526 5756 645 5813; x_wconf 89' lang='lat' dir='ltr'><strong>est,</strong></span> <span class='ocrx_word' id='word_1_771' title='bbox 674 5756 757 5802; x_wconf 89' lang='lat' dir='ltr'><strong>est</strong></span> <span class='ocrx_word' id='word_1_772' title='bbox 783 5750 926 5804; x_wconf 89' lang='lat' dir='ltr'><strong>enim</strong></span> <span class='ocrx_word' id='word_1_773' title='bbox 961 5750 1122 5805; x_wconf 92' lang='lat' dir='ltr'><strong>homo</strong></span> <span class='ocrx_word' id='word_1_774' title='bbox 1149 5753 1241 5823; x_wconf 90' lang='lat' dir='ltr'><strong>qui</strong></span> <span class='ocrx_word' id='word_1_775' title='bbox 1283 5751 1493 5828; x_wconf 75' lang='lat' dir='ltr'><strong>justitia</strong></span> <span class='ocrx_word' id='word_1_776' title='bbox 1537 5768 1644 5810; x_wconf 90' lang='lat' dir='ltr'><strong>non</strong></span> <span class='ocrx_word' id='word_1_777' title='bbox 1690 5760 1893 5812; x_wconf 80' lang='lat' dir='ltr'><strong>careat.</strong></span> 
     </span>
    </p>
   </div>
   <div class='ocr_carea' id='block_1_108' title="bbox 558 5861 1933 5949">
    <p class='ocr_par' dir='ltr' id='par_1_108' title="bbox 558 5861 1933 5949">
     <span class='ocr_line' id='line_1_108' title="bbox 558 5861 1933 5949; baseline 0.004 -25"><span class='ocrx_word' id='word_1_778' title='bbox 558 5861 831 5928; x_wconf 64' lang='lat' dir='ltr'><strong>Panos.</strong></span> <span class='ocrx_word' id='word_1_779' title='bbox 878 5862 1105 5928; x_wconf 79' lang='lat' dir='ltr'><strong>LXIV.</strong></span> <span class='ocrx_word' id='word_1_780' title='bbox 1296 5930 1307 5946; x_wconf 71' lang='grc'><strong>,</strong></span> <span class='ocrx_word' id='word_1_781' title='bbox 1520 5932 1549 5949; x_wconf 63' lang='lat'>_</span> <span class='ocrx_word' id='word_1_782' title='bbox 1648 5882 1655 5889; x_wconf 77' lang='lat'><strong>&#39;</strong></span> <span class='ocrx_word' id='word_1_783' title='bbox 1758 5928 1759 5931; x_wconf 40' lang='grc' dir='ltr'><strong>η</strong></span> <span class='ocrx_word' id='word_1_784' title='bbox 1870 5884 1933 5899; x_wconf 45' lang='grc' dir='ltr'><strong>*νη</strong></span> 
     </span>
    </p>
   </div>
   <div class='ocr_carea' id='block_1_109' title="bbox 1987 4653 3567 4730">
    <p class='ocr_par' dir='ltr' id='par_1_109' title="bbox 1987 4653 3567 4730">
     <span class='ocr_line' id='line_1_109' title="bbox 1987 4653 3567 4730; baseline -0.003 -15"><span class='ocrx_word' id='word_1_785' title='bbox 1987 4674 2111 4715; x_wconf 92' lang='lat' dir='ltr'><strong>cum</strong></span> <span class='ocrx_word' id='word_1_786' title='bbox 2136 4667 2313 4730; x_wconf 85' lang='lat' dir='ltr'><strong>negat,</strong></span> <span class='ocrx_word' id='word_1_787' title='bbox 2343 4659 2412 4714; x_wconf 90' lang='lat' dir='ltr'><strong>de</strong></span> <span class='ocrx_word' id='word_1_788' title='bbox 2448 4657 2580 4713; x_wconf 91' lang='lat' dir='ltr'><strong>solis</strong></span> <span class='ocrx_word' id='word_1_789' title='bbox 2609 4657 2726 4711; x_wconf 88' lang='lat' dir='ltr'><strong>luce</strong></span> <span class='ocrx_word' id='word_1_790' title='bbox 2756 4654 3039 4725; x_wconf 89' lang='lat' dir='ltr'><strong>signiﬁcat.</strong></span> <span class='ocrx_word' id='word_1_791' title='bbox 3070 4653 3170 4709; x_wconf 86' lang='lat' dir='ltr'><strong>llic</strong></span> <span class='ocrx_word' id='word_1_792' title='bbox 3204 4654 3364 4724; x_wconf 86' lang='lat' dir='ltr'><strong>igitur</strong></span> <span class='ocrx_word' id='word_1_793' title='bbox 3400 4654 3567 4724; x_wconf 71' lang='lat' dir='ltr'><strong>aequi-</strong></span> 
     </span>
    </p>
   </div>
   <div class='ocr_carea' id='block_1_110' title="bbox 1990 4748 3569 4819">
    <p class='ocr_par' dir='ltr' id='par_1_110' title="bbox 1990 4748 3569 4819">
     <span class='ocr_line' id='line_1_110' title="bbox 1990 4748 3569 4819; baseline -0.002 -15"><span class='ocrx_word' id='word_1_794' title='bbox 1990 4765 2180 4804; x_wconf 91' lang='lat' dir='ltr'><strong>vocum</strong></span> <span class='ocrx_word' id='word_1_795' title='bbox 2212 4748 2556 4819; x_wconf 67' lang='lat' dir='ltr'><strong>praedicatum</strong></span> <span class='ocrx_word' id='word_1_796' title='bbox 2590 4755 2841 4816; x_wconf 91' lang='lat' dir='ltr'><strong>utrasque</strong></span> <span class='ocrx_word' id='word_1_797' title='bbox 2883 4760 3069 4801; x_wconf 89' lang='lat' dir='ltr'><strong>verum</strong></span> <span class='ocrx_word' id='word_1_798' title='bbox 3098 4759 3420 4801; x_wconf 87' lang='lat' dir='ltr'><strong>conservare</strong></span> <span class='ocrx_word' id='word_1_799' title='bbox 3445 4759 3569 4815; x_wconf 85' lang='lat' dir='ltr'><strong>per-</strong></span> 
     </span>
    </p>
   </div>
   <div class='ocr_carea' id='block_1_111' title="bbox 1994 4834 3572 4909">
    <p class='ocr_par' dir='ltr' id='par_1_111' title="bbox 1994 4834 3572 4909">
     <span class='ocr_line' id='line_1_111' title="bbox 1994 4834 3572 4909; baseline -0.002 -13"><span class='ocrx_word' id='word_1_800' title='bbox 1994 4840 2165 4896; x_wconf 90' lang='lat' dir='ltr'><strong>misit.</strong></span> <span class='ocrx_word' id='word_1_801' title='bbox 2195 4839 2325 4895; x_wconf 87' lang='lat' dir='ltr'><strong>ltem</strong></span> <span class='ocrx_word' id='word_1_802' title='bbox 2348 4840 2393 4894; x_wconf 89' lang='lat' dir='ltr'><strong>si</strong></span> <span class='ocrx_word' id='word_1_803' title='bbox 2438 4840 2557 4909; x_wconf 90' lang='lat' dir='ltr'><strong>quis</strong></span> <span class='ocrx_word' id='word_1_804' title='bbox 2583 4837 2652 4893; x_wconf 91' lang='lat' dir='ltr'><strong>de</strong></span> <span class='ocrx_word' id='word_1_805' title='bbox 2680 4837 2901 4894; x_wconf 89' lang='lat' dir='ltr'><strong>Socrate</strong></span> <span class='ocrx_word' id='word_1_806' title='bbox 2935 4845 3197 4907; x_wconf 89' lang='lat' dir='ltr'><strong>proponat</strong></span> <span class='ocrx_word' id='word_1_807' title='bbox 3222 4835 3424 4904; x_wconf 88' lang='lat' dir='ltr'><strong>dicens,</strong></span> <span class='ocrx_word' id='word_1_808' title='bbox 3467 4834 3572 4893; x_wconf 85' lang='lat' dir='ltr'><strong>So-</strong></span> 
     </span>
    </p>
   </div>
   <div class='ocr_carea' id='block_1_112' title="bbox 1996 4928 3583 5002">
    <p class='ocr_par' dir='ltr' id='par_1_112' title="bbox 1996 4928 3583 5002">
     <span class='ocr_line' id='line_1_112' title="bbox 1996 4928 3583 5002; baseline -0.003 -13"><span class='ocrx_word' id='word_1_809' title='bbox 1996 4946 2174 4989; x_wconf 88' lang='lat' dir='ltr'><strong>crates</strong></span> <span class='ocrx_word' id='word_1_810' title='bbox 2196 4933 2382 4999; x_wconf 87' lang='lat' dir='ltr'><strong>sedet,</strong></span> <span class='ocrx_word' id='word_1_811' title='bbox 2410 4941 2569 5002; x_wconf 90' lang='lat' dir='ltr'><strong>atque</strong></span> <span class='ocrx_word' id='word_1_812' title='bbox 2601 4931 2738 4988; x_wconf 87' lang='lat' dir='ltr'><strong>alius</strong></span> <span class='ocrx_word' id='word_1_813' title='bbox 2778 4939 2957 5002; x_wconf 88' lang='lat' dir='ltr'><strong>neget,</strong></span> <span class='ocrx_word' id='word_1_814' title='bbox 2991 4928 3243 4987; x_wconf 91' lang='lat' dir='ltr'><strong>Socrates</strong></span> <span class='ocrx_word' id='word_1_815' title='bbox 3264 4945 3369 4985; x_wconf 89' lang='lat' dir='ltr'><strong>non</strong></span> <span class='ocrx_word' id='word_1_816' title='bbox 3391 4928 3583 4997; x_wconf 71' lang='lat' dir='ltr'><strong>sedet,</strong></span> 
     </span>
    </p>
   </div>
   <div class='ocr_carea' id='block_1_113' title="bbox 1998 5020 3575 5093">
    <p class='ocr_par' dir='ltr' id='par_1_113' title="bbox 1998 5020 3575 5093">
     <span class='ocr_line' id='line_1_113' title="bbox 1998 5020 3575 5093; baseline -0.001 -14"><span class='ocrx_word' id='word_1_817' title='bbox 1998 5033 2240 5093; x_wconf 82' lang='lat' dir='ltr'><strong>utraeque</strong></span> <span class='ocrx_word' id='word_1_818' title='bbox 2266 5035 2410 5078; x_wconf 74' lang='lat' dir='ltr'><strong>verte</strong></span> <span class='ocrx_word' id='word_1_819' title='bbox 2438 5037 2561 5079; x_wconf 86' lang='lat' dir='ltr'><strong>esse</strong></span> <span class='ocrx_word' id='word_1_820' title='bbox 2612 5029 2833 5092; x_wconf 88' lang='lat' dir='ltr'><strong>queunt,</strong></span> <span class='ocrx_word' id='word_1_821' title='bbox 2882 5021 2929 5076; x_wconf 90' lang='lat' dir='ltr'><strong>si</strong></span> <span class='ocrx_word' id='word_1_822' title='bbox 2976 5021 3045 5077; x_wconf 90' lang='lat' dir='ltr'><strong>ad</strong></span> <span class='ocrx_word' id='word_1_823' title='bbox 3093 5020 3306 5077; x_wconf 85' lang='lat' dir='ltr'><strong>diversa</strong></span> <span class='ocrx_word' id='word_1_824' title='bbox 3331 5027 3575 5090; x_wconf 75' lang='lat' dir='ltr'><strong>tempora</strong></span> 
     </span>
    </p>
   </div>
   <div class='ocr_carea' id='block_1_114' title="bbox 1998 5110 3637 5183">
    <p class='ocr_par' dir='ltr' id='par_1_114' title="bbox 1998 5110 3637 5183">
     <span class='ocr_line' id='line_1_114' title="bbox 1998 5110 3637 5183; baseline 0 -13"><span class='ocrx_word' id='word_1_825' title='bbox 1998 5115 2319 5170; x_wconf 84' lang='lat' dir='ltr'><strong>referantur.</strong></span> <span class='ocrx_word' id='word_1_826' title='bbox 2353 5113 2537 5168; x_wconf 70' lang='lat' dir='ltr'><strong>Potest</strong></span> <span class='ocrx_word' id='word_1_827' title='bbox 2580 5112 2725 5167; x_wconf 91' lang='lat' dir='ltr'><strong>enim</strong></span> <span class='ocrx_word' id='word_1_828' title='bbox 2770 5127 2911 5167; x_wconf 91' lang='lat' dir='ltr'><strong>nunc</strong></span> <span class='ocrx_word' id='word_1_829' title='bbox 2938 5112 3155 5183; x_wconf 90' lang='lat' dir='ltr'><strong>quidem</strong></span> <span class='ocrx_word' id='word_1_830' title='bbox 3201 5112 3577 5175; x_wconf 67' lang='lat' dir='ltr'><strong>Socratesse-</strong></span> <span class='ocrx_word' id='word_1_831' title='bbox 3634 5110 3637 5115; x_wconf 74' lang='grc'><em>’</em></span> 
     </span>
    </p>
   </div>
   <div class='ocr_carea' id='block_1_115' title="bbox 2000 5203 3578 5278">
    <p class='ocr_par' dir='ltr' id='par_1_115' title="bbox 2000 5203 3578 5278">
     <span class='ocr_line' id='line_1_115' title="bbox 2000 5203 3578 5278; baseline -0.003 -13"><span class='ocrx_word' id='word_1_832' title='bbox 2000 5208 2152 5275; x_wconf 84' lang='lat' dir='ltr'><strong>dere,</strong></span> <span class='ocrx_word' id='word_1_833' title='bbox 2180 5208 2286 5264; x_wconf 91' lang='lat' dir='ltr'><strong>alio</strong></span> <span class='ocrx_word' id='word_1_834' title='bbox 2313 5222 2442 5264; x_wconf 90' lang='lat' dir='ltr'><strong>vero</strong></span> <span class='ocrx_word' id='word_1_835' title='bbox 2472 5215 2716 5278; x_wconf 90' lang='lat' dir='ltr'><strong>tempore</strong></span> <span class='ocrx_word' id='word_1_836' title='bbox 2756 5222 2864 5263; x_wconf 91' lang='lat' dir='ltr'><strong>non</strong></span> <span class='ocrx_word' id='word_1_837' title='bbox 2889 5204 3103 5263; x_wconf 91' lang='lat' dir='ltr'><strong>sedere.</strong></span> <span class='ocrx_word' id='word_1_838' title='bbox 3132 5206 3341 5262; x_wconf 82' lang='lat' dir='ltr'><strong>Rursus</strong></span> <span class='ocrx_word' id='word_1_839' title='bbox 3383 5204 3430 5261; x_wconf 87' lang='lat' dir='ltr'><strong>si</strong></span> <span class='ocrx_word' id='word_1_840' title='bbox 3454 5203 3578 5275; x_wconf 80' lang='lat' dir='ltr'><strong>quis</strong></span> 
     </span>
    </p>
   </div>
   <div class='ocr_carea' id='block_1_116' title="bbox 2001 5295 3578 5368">
    <p class='ocr_par' dir='ltr' id='par_1_116' title="bbox 2001 5295 3578 5368">
     <span class='ocr_line' id='line_1_116' title="bbox 2001 5295 3578 5368; baseline -0.001 -15"><span class='ocrx_word' id='word_1_841' title='bbox 2001 5298 2219 5355; x_wconf 90' lang='lat' dir='ltr'><strong>humani</strong></span> <span class='ocrx_word' id='word_1_842' title='bbox 2247 5297 2387 5354; x_wconf 90' lang='lat' dir='ltr'><strong>oculi</strong></span> <span class='ocrx_word' id='word_1_843' title='bbox 2410 5298 2647 5353; x_wconf 92' lang='lat' dir='ltr'><strong>colorem</strong></span> <span class='ocrx_word' id='word_1_844' title='bbox 2680 5299 2887 5368; x_wconf 82' lang='lat' dir='ltr'><strong>nigrant</strong></span> <span class='ocrx_word' id='word_1_845' title='bbox 2919 5311 3038 5354; x_wconf 89' lang='lat' dir='ltr'><strong>esse</strong></span> <span class='ocrx_word' id='word_1_846' title='bbox 3078 5295 3381 5366; x_wconf 87' lang='lat' dir='ltr'><strong>conﬁrmet,</strong></span> <span class='ocrx_word' id='word_1_847' title='bbox 3413 5295 3578 5351; x_wconf 82' lang='lat' dir='ltr'><strong>alius-</strong></span> 
     </span>
    </p>
   </div>
   <div class='ocr_carea' id='block_1_117' title="bbox 2003 5388 3579 5461">
    <p class='ocr_par' dir='ltr' id='par_1_117' title="bbox 2003 5388 3579 5461">
     <span class='ocr_line' id='line_1_117' title="bbox 2003 5388 3579 5461; baseline -0.001 -16"><span class='ocrx_word' id='word_1_848' title='bbox 2003 5405 2106 5461; x_wconf 90' lang='lat' dir='ltr'><strong>que</strong></span> <span class='ocrx_word' id='word_1_849' title='bbox 2135 5390 2342 5461; x_wconf 88' lang='lat' dir='ltr'><strong>nigrum</strong></span> <span class='ocrx_word' id='word_1_850' title='bbox 2366 5406 2474 5445; x_wconf 91' lang='lat' dir='ltr'><strong>non</strong></span> <span class='ocrx_word' id='word_1_851' title='bbox 2520 5404 2640 5446; x_wconf 85' lang='lat' dir='ltr'><strong>esse</strong></span> <span class='ocrx_word' id='word_1_852' title='bbox 2688 5389 2995 5454; x_wconf 89' lang='lat' dir='ltr'><strong>contendat,</strong></span> <span class='ocrx_word' id='word_1_853' title='bbox 3026 5388 3238 5459; x_wconf 86' lang='lat' dir='ltr'><strong>utrique</strong></span> <span class='ocrx_word' id='word_1_854' title='bbox 3281 5403 3467 5445; x_wconf 88' lang='lat' dir='ltr'><strong>verum</strong></span> <span class='ocrx_word' id='word_1_855' title='bbox 3496 5388 3579 5444; x_wconf 84' lang='lat' dir='ltr'><strong>lo-</strong></span> 
     </span>
    </p>
   </div>
   <div class='ocr_carea' id='block_1_118' title="bbox 2002 5477 3581 5550">
    <p class='ocr_par' dir='ltr' id='par_1_118' title="bbox 2002 5477 3581 5550">
     <span class='ocr_line' id='line_1_118' title="bbox 2002 5477 3581 5550; baseline -0.003 -14"><span class='ocrx_word' id='word_1_856' title='bbox 2002 5490 2256 5550; x_wconf 91' lang='lat' dir='ltr'><strong>quentur,</strong></span> <span class='ocrx_word' id='word_1_857' title='bbox 2289 5480 2337 5534; x_wconf 90' lang='lat' dir='ltr'><strong>si</strong></span> <span class='ocrx_word' id='word_1_858' title='bbox 2368 5480 2434 5535; x_wconf 89' lang='lat' dir='ltr'><strong>ad</strong></span> <span class='ocrx_word' id='word_1_859' title='bbox 2459 5481 2698 5550; x_wconf 89' lang='lat' dir='ltr'><strong>singulas</strong></span> <span class='ocrx_word' id='word_1_860' title='bbox 2723 5480 2861 5535; x_wconf 92' lang='lat' dir='ltr'><strong>oculi</strong></span> <span class='ocrx_word' id='word_1_861' title='bbox 2889 5488 3070 5548; x_wconf 87' lang='lat' dir='ltr'><strong>partes</strong></span> <span class='ocrx_word' id='word_1_862' title='bbox 3106 5477 3390 5533; x_wconf 89' lang='lat' dir='ltr'><strong>afﬁrmatio</strong></span> <span class='ocrx_word' id='word_1_863' title='bbox 3415 5492 3581 5548; x_wconf 79' lang='lat' dir='ltr'><strong>nega-</strong></span> 
     </span>
    </p>
   </div>
   <div class='ocr_carea' id='block_1_119' title="bbox 2007 5567 3578 5642">
    <p class='ocr_par' dir='ltr' id='par_1_119' title="bbox 2007 5567 3578 5642">
     <span class='ocr_line' id='line_1_119' title="bbox 2007 5567 3578 5642; baseline -0.001 -17"><span class='ocrx_word' id='word_1_864' title='bbox 2007 5572 2188 5642; x_wconf 90' lang='lat' dir='ltr'><strong>tioque</strong></span> <span class='ocrx_word' id='word_1_865' title='bbox 2219 5570 2536 5627; x_wconf 90' lang='lat' dir='ltr'><strong>referantur.</strong></span> <span class='ocrx_word' id='word_1_866' title='bbox 2590 5571 2724 5625; x_wconf 87' lang='lat' dir='ltr'><strong>Nam</strong></span> <span class='ocrx_word' id='word_1_867' title='bbox 2768 5570 2912 5639; x_wconf 89' lang='lat' dir='ltr'><strong>quod</strong></span> <span class='ocrx_word' id='word_1_868' title='bbox 2964 5570 3109 5625; x_wconf 91' lang='lat' dir='ltr'><strong>circa</strong></span> <span class='ocrx_word' id='word_1_869' title='bbox 3159 5568 3345 5625; x_wconf 90' lang='lat' dir='ltr'><strong>orbem</strong></span> <span class='ocrx_word' id='word_1_870' title='bbox 3371 5577 3457 5625; x_wconf 89' lang='lat' dir='ltr'><strong>est</strong></span> <span class='ocrx_word' id='word_1_871' title='bbox 3482 5567 3578 5638; x_wconf 84' lang='lat' dir='ltr'><strong>qui</strong></span> 
     </span>
    </p>
   </div>
   <div class='ocr_carea' id='block_1_120' title="bbox 2004 5657 3579 5732">
    <p class='ocr_par' dir='ltr' id='par_1_120' title="bbox 2004 5657 3579 5732">
     <span class='ocr_line' id='line_1_120' title="bbox 2004 5657 3579 5732; baseline -0.002 -15"><span class='ocrx_word' id='word_1_872' title='bbox 2004 5662 2212 5717; x_wconf 88' lang='lat' dir='ltr'><strong>medius</strong></span> <span class='ocrx_word' id='word_1_873' title='bbox 2244 5663 2495 5732; x_wconf 86' lang='lat' dir='ltr'><strong>pupulam</strong></span> <span class='ocrx_word' id='word_1_874' title='bbox 2531 5672 2694 5721; x_wconf 84' lang='lat' dir='ltr'><strong>tenet.</strong></span> <span class='ocrx_word' id='word_1_875' title='bbox 2728 5661 2905 5714; x_wconf 90' lang='lat' dir='ltr'><strong>albmn</strong></span> <span class='ocrx_word' id='word_1_876' title='bbox 2934 5668 3035 5714; x_wconf 90' lang='lat' dir='ltr'><strong>est.</strong></span> <span class='ocrx_word' id='word_1_877' title='bbox 3085 5658 3204 5728; x_wconf 89' lang='lat' dir='ltr'><strong>lpse</strong></span> <span class='ocrx_word' id='word_1_878' title='bbox 3257 5673 3386 5713; x_wconf 92' lang='lat' dir='ltr'><strong>vero</strong></span> <span class='ocrx_word' id='word_1_879' title='bbox 3431 5657 3579 5714; x_wconf 87' lang='lat' dir='ltr'><strong>orbis</strong></span> 
     </span>
    </p>
   </div>
   <div class='ocr_carea' id='block_1_121' title="bbox 2001 5748 3578 5832">
    <p class='ocr_par' dir='ltr' id='par_1_121' title="bbox 2001 5748 3578 5832">
     <span class='ocr_line' id='line_1_121' title="bbox 2001 5748 3578 5832; baseline -0.001 -27"><span class='ocrx_word' id='word_1_880' title='bbox 2001 5754 2151 5832; x_wconf 75' lang='lat' dir='ltr'><strong>niger</strong></span> <span class='ocrx_word' id='word_1_881' title='bbox 2180 5754 2388 5811; x_wconf 88' lang='lat' dir='ltr'><strong>visitur.</strong></span> <span class='ocrx_word' id='word_1_882' title='bbox 2418 5753 2624 5810; x_wconf 78' lang='lat' dir='ltr'><strong>Rursus</strong></span> <span class='ocrx_word' id='word_1_883' title='bbox 2656 5752 2701 5809; x_wconf 90' lang='lat' dir='ltr'><strong>si</strong></span> <span class='ocrx_word' id='word_1_884' title='bbox 2733 5750 2800 5807; x_wconf 92' lang='lat' dir='ltr'><strong>de</strong></span> <span class='ocrx_word' id='word_1_885' title='bbox 2840 5752 3061 5809; x_wconf 87' lang='lat' dir='ltr'><strong>Socrate</strong></span> <span class='ocrx_word' id='word_1_886' title='bbox 3090 5752 3231 5807; x_wconf 89' lang='lat' dir='ltr'><strong>inter</strong></span> <span class='ocrx_word' id='word_1_887' title='bbox 3254 5748 3578 5817; x_wconf 84' lang='lat' dir='ltr'><strong>duosloeato</strong></span> 
     </span>
    </p>
   </div>
   <div class='ocr_carea' id='block_1_122' title="bbox 3137 5859 3218 5923">
    <p class='ocr_par' dir='ltr' id='par_1_122' title="bbox 3137 5859 3218 5923">
     <span class='ocr_line' id='line_1_122' title="bbox 3137 5859 3218 5923; baseline -0.012 0"><span class='ocrx_word' id='word_1_888' title='bbox 3137 5859 3218 5923; x_wconf 78' lang='lat'><strong>25</strong></span> 
     </span>
    </p>
   </div>
  </div>
