4056 6330
550 318 659 373 779

1729 317 1737 325 '
1822 315 1930 370 ΑΝ.
1972 313 2179 376 MAN]...
2218 317 2369 375 SEV.
2410 318 2632 376 BOETII

3727 312 3835 368 780

566 437 688 507 quis
718 430 943 487 dixerit:
969 429 1217 487 Socrates
1265 429 1450 484 dexter
1479 436 1582 491 est,
1644 428 1886 499 aliusque
1911 446 2132 501 respon-
2160 438 2215 497 Δ
2237 433 2302 489 ad
2334 434 2496 489 alium
2528 433 2739 503 negatio
2760 433 3044 497 referatur,
3076 443 3179 486 una
3204 439 3422 499 semper
3451 423 3672 482 veritati
3696 437 3830 480 eon-

568 532 713 599 deat,
757 530 1007 582 Socrates
1059 525 1245 578 dester
1286 537 1388 577 non
1453 531 1563 587 est,
1610 523 1848 591 utrisque
1891 535 2139 580 constare

570 623 767 676 veritas
798 615 1092 687 potest.Ad
1116 630 1237 668 cum
1268 614 1355 681 qui
1384 627 1503 665 cum
1532 613 1743 665 sinistra
1771 614 2010 668 Socratis
2033 625 2134 680 est,

567 714 756 767 dexter
785 718 888 763 εει.
924 704 1000 760 Ad
1031 719 1154 759 cum
1184 717 1312 757 vero
1340 702 1492 769 cujus
1525 702 1659 755 laevo
1685 702 1868 757 lateris
1892 718 2013 772 pars
2040 703 2141 759 So-

566 803 725 857 cratis
752 801 948 854 dextra
1003 795 1363 865 conjungitur,
1411 793 1600 848 dexter
1628 808 1730 848 non
1762 802 1861 847 est.
1906 795 2058 859 Item,
2094 796 2139 851 si

565 895 681 962 quis
710 906 867 945 ovum
901 889 1096 943 animal
1150 901 1269 942 esse
1316 887 1633 950 constituat,
1683 887 1924 956 aliusque
1978 886 2136 941 ov'um

565 983 761 1041 animal
801 995 921 1037 esse
975 989 1173 1048 neget,
1228 987 1464 1046 utraeque
1506 992 1534 1029 a
1592 978 1814 1031 veritate
1862 992 1968 1032 non
2031 979 2142 1032 dis-

565 1083 804 1132 sonant:
835 1086 1066 1142 namque
1127 1086 1284 1125 ovum
1329 1078 1589 1138 potestate
1636 1071 1830 1124 animal
1857 1080 1959 1137 est,
2018 1080 2139 1126 actu

565 1166 764 1223 animal
817 1180 921 1220 non
972 1174 1074 1219 εει.
1133 1163 1208 1216 lta
1239 1163 1398 1230 igitur
1469 1162 1607 1216 inter
1661 1177 1719 1216 se
1792 1163 2139 1232 singularium

564 1256 927 1327 subiectorum
956 1252 1354 1323 propositiones
1376 1266 1561 1306 verum
1610 1252 1914 1323 lalsumque
1958 1252 2142 1307 distri-

564 1352 747 1412 buent,
773 1355 832 1401 ut
861 1360 1022 1400 unam
1049 1342 1328 1398 veritatem
1361 1357 1582 1409 necesse
1634 1344 1701 1396 sit
1755 1344 1972 1409 habere,
2009 1345 2176 1406 alte-,

567 1457 681 1497 ram
709 1439 1046 1495 mendacium
1067 1477 1081 1503 ,
1115 1437 1159 1491 si
1190 1451 1363 1505 neque
1391 1436 1532 1505 quod
1570 1435 1865 1505 subjectum
1905 1447 2006 1502 est,
2048 1453 2143 1492 ne-

563 1548 665 1603 que
691 1531 835 1603 quod
868 1530 1235 1600 praedicatum,
1267 1528 1441 1597 aliqua
1474 1527 1542 1580 sit
1571 1526 1994 1595 teqnivocatione
2013 1542 2142 1581 con-

560 1626 739 1681 fusum
768 1624 835 1679 ad
858 1623 996 1677 idem
1044 1634 1272 1690 tempus,
1297 1620 1363 1674 ad
1408 1619 1627 1674 easdem
1661 1629 1862 1689 partes,
1889 1620 1954 1674 ad
1984 1635 2141 1675 eum-

564 1719 683 1774 dem
716 1717 951 1781 modum,
985 1714 1336 1783 eamdemque
1382 1728 1496 1767 rem
1542 1712 1607 1766 ad
1651 1726 1811 1782 quam
1854 1713 2143 1769 affirmatio

2239 528 2425 596 juncta
2465 535 2569 594 εει,
2614 527 2807 582 retinet
2860 540 3075 595 semper
3123 523 3294 579 altera
3340 519 3834 588 falsitatem.Quoo

2242 621 2383 675 niam
2415 621 2483 676 de
2506 636 2568 675 ea
2601 617 2973 675 convenientia
3023 614 3451 687 propositionum
3500 626 3620 685 qua
3657 609 3834 666 utris-

2243 724 2347 780 que
2369 710 2703 780 simplicibus
2733 708 2975 764 terminis
2988 708 3286 774 eodemque
3302 703 3492 759 ordine
3523 709 3837 771 captantur

2244 804 2498 872 explicui,
2523 817 2665 857 nunc
2682 801 2751 857 de
2775 816 2838 856 ea
2870 798 3277 870 participatione
3295 795 3582 851 dicendum
3613 802 3697 848 est
3715 805 3838 861 qua

2242 903 2296 948 et
2327 902 2584 963 utrosque
2616 893 2877 949 terminos
2918 901 2972 946 et
3012 889 3260 946 eumdem
3306 888 3555 944 ordinem
3613 895 3837 950 servat;

2245 992 2348 1041 hoc
2376 995 2553 1042 autem
2588 985 2667 1058 (ut
2709 986 2909 1039 dictum
2935 985 3042 1055 est)
3098 984 3269 1040 tribus
3316 982 3632 1052 contingere
3660 979 3841 1034 modis

2244 1087 2442 1148 potest,
2477 1088 2569 1133 aut
2618 1080 2761 1133 enim
2792 1077 3114 1145 pra'dicatus
3155 1084 3385 1140 tantum,
3414 1084 3511 1128 aut
3560 1072 3841 1140 subjectus

2246 1175 2530 1235 terminus,
2556 1180 2646 1225 aut
2676 1180 2899 1239 uterque
2921 1184 3042 1225 cum
3071 1170 3355 1240 negatione
3385 1169 3731 1237 proponitur.
3775 1165 3840 1221 At

2248 1273 2357 1317 tum
2389 1262 2685 1316 enuntiatio
2707 1262 2792 1319 vel
2824 1262 2891 1316 ab
2940 1262 3153 1316 inﬁnito
3180 1259 3449 1330 subjecto,
3482 1258 3565 1314 vel
3615 1256 3686 1310 ab
3719 1255 3839 1309 inli-

2247 1356 2363 1410 nito
2391 1357 2699 1425 praedicata,
2734 1354 2817 1409 vel
2864 1355 2932 1411 ab
2989 1354 3208 1409 inﬁnitis
3268 1353 3511 1422 utrisque
3562 1347 3837 1405 consistit.

2246 1448 2470 1511 Quoties
2523 1450 2665 1503 enim
2712 1447 2914 1503 nomini
2951 1447 3162 1515 negatio
3209 1445 3586 1516 subjungitur,
3640 1454 3836 1499 nomen

2245 1539 2491 1594 redditur
2538 1539 2824 1595 inﬁnitum.
2888 1539 3061 1608 Atque
3109 1537 3231 1592 ideo
3284 1551 3381 1606 per
3437 1533 3833 1612 oppositioneut

2246 1629 2587 1699 partieipatio
2614 1629 2732 1684 ﬁeri
2761 1628 2975 1685 dicitur.
3017 1627 3228 1682 Nomini
3257 1628 3402 1682 enim
3432 1624 3670 1695 simplici
3699 1637 3833 1679 sem~

2250 1733 2346 1788 per
2375 1720 2642 1774 inﬁnitum
2671 1736 2866 1775 nomen
2882 1719 3187 1791 opponitur,
3213 1728 3272 1773 ut
3301 1719 3482 1780 homo,
3510 1732 3619 1771 non
3653 1716 3833 1780 homo,

565 1810 747 1865 retulit
793 1823 854 1862 ea
884 1822 1001 1877 qua:
1031 1812 1399 1877 pr0ponuntur
1438 1804 1492 1857 in
1544 1804 1830 1873 negatione
1864 1803 2139 1873 afferatur,
2171 1818 2224 1881 Β
2250 1811 2465 1875 animal,
2491 1826 2595 1866 non
2619 1813 2906 1877 animal,ct
2930 1822 3157 1867 caetera:
3183 1827 3302 1882 quae
3329 1826 3447 1864 cum
3480 1810 3551 1864 ita
3582 1808 3833 1873 sint,dis~

564 1903 686 1958 ut'si
709 1902 904 1972 quisde
929 1900 1150 1954 Socrate
1182 1897 1510 1967 proituntiet,
1542 1896 1792 1951 Socrates
1822 1897 2006 1953 calvus
2032 1908 2138 1964 est,

565 1996 812 2051 Socrates
836 1994 1017 2049 calvus
1050 2007 1153 2046 non
1182 2002 1286 2047 est.
1313 1990 1371 2046 Si
1402 1991 1561 2060 igitur
1588 1990 1655 2045 de
1683 1990 1905 2045 Socrate
1947 1993 2140 2048 eodem

564 2087 847 2141 afﬁrmatio
879 2086 1194 2154 negatioque
1224 2090 1543 2152 preponant,
1577 2084 1620 2136 si
1663 2084 1907 2138 eamdem
1936 2084 2141 2141 calvitii

566 2178 1008 2249 signiﬁcationem
1065 2174 1351 2230 afﬁrmatio
1403 2176 1692 2244 sumpserit
1736 2184 1790 2229 et
1832 2177 2063 2249 negatio,
2096 2177 2144 2231 si

566 2193 1008 2249 atgntttcattonem
1065 2193 1351 2230 allll'mallo
1403 2193 1692 2244 sumpsertt
1736 2193 1790 2229 ει
1869 2193 2063 2247 egatto,
2096 2193 2141 2231 SI

565 2268 809 2323 eamdem
843 2277 1082 2336 utraque
1132 2265 1322 2333 capitis
1372 2276 1580 2335 partem
1627 2193 1930 2411 loquan¥tn
1972 2268 2017 2321 si
2056 2267 2141 2323 vel

565 2373 738 2411 nutum
766 2372 1007 2411 utrmque
1037 2367 1423 2411 notestatemve
1453 2359 1775 2411 sitmiﬁcent.
1809 2374 1834 2411 ε
1879 2360 2028 2411 nulla
2060 2360 2141 2411 di-

564 2373 738 2417 actum
766 2372 1007 2431 utrteque
1037 2367 1423 2428 potestatcmve
1453 2359 1775 2429 signiﬁcent,
1809 2359 1855 2413 sl
1879 2360 2028 2414 nulla
2060 2360 2141 2414 di-

565 2456 814 2511 versitate
829 2453 1085 2523 temporis
1110 2460 1341 2516 erretur,
1381 2450 1426 2505 si
1449 2444 1552 2506 non
1574 2451 1640 2506 ad
1659 2452 2142 2522 aliumafﬁrmatio,
2178 2445 2190 2453 ’

920 2569 1104 2626 Omnis
1139 2569 1295 2623 homo
1319 2567 1598 2623 rationalis
1628 2577 1730 2622 est.

920 2662 1107 2718 Nullus
1135 2661 1295 2717 homo
1325 2661 1602 2715 rationalis
1631 2669 1735 2715 εει.

918 2752 1140 2820 Quidam
1175 2751 1336 2806 homo
1366 2749 1642 2804 rationalis
1680 2758 1785 2805 est.

918 2843 1142 2910 Quidam
1176 2842 1334 2897 homo
1360 2840 1640 2896 rationalis
1665 2854 1775 2896 non
1805 2848 1890 2896 est

919 2978 1107 3034 Omnis
1135 2979 1293 3031 homo
1312 2975 1698 3046 grammaticus
1720 2984 1823 3030 est.

913 3068 1102 3123 Nullus
1132 3071 1290 3129 homo
1316 3066 1696 3135 grammaticus
1721 3075 1823 3121 est.

905 3158 1132 3226 Quidam
1166 3158 1324 3210 homo
1351 3156 1730 3226 grammaticus
1751 3163 1855 3222 est,
1924 3208 1931 3213 .

918 3248 1144 3318 Quidam
1172 3246 1332 3302 homo
1352 3246 1731 3318 grammaticus
1765 3261 1868 3305 non
1894 3254 1998 3305 est.

912 3382 1100 3439 Omnis
1125 3382 1285 3436 homo
1327 3380 1461 3449 lapis
1487 3387 1586 3436 εει.

908 3475 1096 3531 Nullus
1128 3475 1287 3528 homo
1320 3472 1454 3540 lapis
1479 3481 1583 3526 est.

904 3568 1130 3635 Quidam
1156 3565 1318 3619 homo
1346 3564 1481 3633 lapis
1513 3571 1616 3621 est;

905 3659 1132 3726 Quidam
1162 3657 1322 3713 homo
1348 3654 1484 3726 lapis
1507 3669 1616 3711 non
1647 3660 1751 3712 est.

910 3798 1097 3853 Omnis
1127 3797 1284 3850 homo
1305 3796 1483 3865 justus
1511 3802 1612 3851 εει.
1666 3776 1671 3787 ’

907 3887 1091 3944 Νιιιιιιε
1116 3886 1272 3940 homo
1298 3887 1474 3955 justus
1496 3894 1602 3941 est.

910 3976 1133 4048 Quidam
1163 3975 1321 4029 homo
1346 3974 1521 4045 justus
1550 3980 1655 4029 εει.

908 4067 1133 4138 Quidam
1167 4066 1326 4119 homo
1351 4064 1527 4133 justus
1554 4078 1660 4119 non
1689 4072 1792 4119 est.

901 4184 1086 4240 Omnis
1113 4181 1274 4237 homo
1299 4179 1521 4236 risibilis
1546 4188 1650 4235 est.

905 4273 1090 4331 Nullus
1116 4273 1276 4326 homo
1307 4270 1525 4325 risibilis
1554 4279 1653 4325 εει.

905 4364 1127 4432 Quidam
1159 4364 1319 4417 homo
1348 4361 1570 4416 risihilis
1599 4368 1701 4414 est.

910 4455 1133 4524 Quidam
1170 4454 1332 4510 homo
1360 4452 1576 4507 risibilis
1607 4466 1710 4507 non
1740 4461 1843 4509 est.

2252 1911 2518 1970 ponantur
2543 1903 2841 1973 simplices,
2873 1912 3033 1974 atque
3054 1918 3122 1962 ex
3147 1917 3332 1957 earum
3376 1911 3569 1955 natura
3602 1898 3835 1955 'czeterat

2250 1993 2581 2063 colligamus.
2611 1994 2794 2050 Primo
2834 1984 3001 2065 igitur
3038 1993 3464 2065 propositionum
3525 1992 3699 2045 series
3742 1990 3835 2043 de-

2250 2085 2538 2152 scribatur,
2594 2102 2653 2141 ea
2686 2088 2892 2141 scilicet
2920 2102 3040 2156 quae
3085 2088 3327 2155 utrisque
3377 2084 3625 2153 jungitur
3653 2081 3837 2148 ﬁnitis,

2250 2179 2645 2249 propositisque
2674 2179 3006 2249 simplicibus
3029 2180 3099 2233 ita
3122 2194 3187 2233 ex
3218 2178 3366 2233 inﬁni
3396 2178 3439 2230 is
3469 2176 3726 2230 omnibus
3755 2188 3836 2225 εον

2249 2273 2549 2340 pulatarum
2576 2274 2998 2344 propositionum
3026 2276 3161 2328 ordo
3209 2271 3483 2341 jungatur.
3517 2276 3577 2321 ut
3605 2266 3817 2319 afﬁrma

2254 2363 2424 2418 tiones
2452 2365 2918 2430 afﬁrmationibus,
2951 2363 3265 2434 negationes
3297 2357 3695 2431 negationibnsi
3746 2354 3835 2409 3d‘

2252 2456 2425 2510 versis
2458 2455 2723 2511 frontibus
2738 2456 3091 2511 collocentur.

2322 2551 2508 2607 Omnis
2533 2566 2636 2606 non
2668 2551 2827 2607 homo
2857 2564 2963 2605 non
2990 2547 3267 2605 rationalis
3298 2548 3399 2601 est.

2324 2646 2509 2701 Nullus
2538 2663 2644 2702 non
2674 2645 2835 2701 homo
2862 2660 2969 2700 non
2999 2642 3281 2699 rationalis
3318 2649 3420 2695 εει.

2322 2737 2551 2806 Quidam
2573 2752 2678 2792 non
2706 2738 2864 2791 homo
2892 2750 2998 2789 non
3029 2733 3309 2789 rationalis
3337 2739 3436 2785 est.

2322 2827 2548 2895 Quidam
2572 2843 2681 2883 non
2712 2826 2875 2882 homo
2903 2840 3009 2880 non
3034 2823 3309 2879 rationalis
3339 2835 3444 2876 non
3474 2827 3578 2875 est.

2317 2964 2507 3022 Omnis
2533 2978 2638 3018 non
2670 2964 2830 3017 h'omo
2859 2974 2965 3015 non
2997 2959 3378 3030 grammaticus
3409 2961 3510 3009 est.

2319 3056 2507 3112 Nullus
2534 3069 2639 3109 non
2670 3052 2832 3108 homo
2864 3069 2966 3105 non
2993 3048 3375 3121 grammaticus
3404 3052 3509 3101 est.

2320 3146 2545 3215 Quidam
2577 3160 2681 3198 non
2707 3143 2867 3198 homo
2892 3156 2996 3195 non
3024 3141 3405 3211 grammaticus
3432 3142 3539 3191 est.

2320 3237 2548 3307 Quidam
2577 3253 2682 3292 non
2715 3234 2876 3291 homo
2899 3249 3006 3289 non
3029 3231 3407 3308 grammaticus
3431 3241 3539 3284 non
3561 3233 3669 3284 est.

2318 3375 2506 3430 Omnis
2536 3389 2642 3429 non
2671 3372 2836 3428 homo
2864 3387 2971 3427 non
3001 3370 3138 3440 lapis
3157 3379 3261 3425 est.

2320 3469 2511 3525 Nullus
2542 3483 2647 3523 non
2677 3469 2837 3522 homo
2869 3482 2973 3520 non
3006 3465 3141 3535 lapis
3161 3471 3265 3519 est.

2325 3562 2553 3629 Quidam
2586 3575 2693 3615 non
2722 3559 2885 3613 homo
2906 3571 3010 3612 non
3042 3554 3177 3626 lapis
3198 3563 3302 3610 est.

2319 3655 2547 3720 Quidam
2575 3667 2680 3708 non
2706 3650 2870 3706 homo
2898 3664 3006 3705 non
3037 3649 3175 3720 lapis
3205 3661 3311 3703 non
3337 3651 3439 3704 est.

2318 3787 2503 3843 Omnis
2531 3803 2639 3844 non
2668 3787 2830 3842 homo
2861 3798 2966 3840 non
2992 3786 3167 3854 justus
3193 3793 3297 3840 est.

2319 3879 2505 3934 Nullus
2535 3895 2641 3933 non
2674 3878 2834 3932 homo
2864 3891 2968 3931 non
2990 3876 3171 3945 justus
3191 3883 3295 3932 est.

2313 3971 2538 4038 Quidam
2571 3983 2675 4023 non
2698 3968 2858 4023 homo
2889 3983 2992 4022 non
3020 3966 3199 4038 justus
3224 3973 3327 4022 est.

2314 4062 2537 4131 Quidam
2568 4077 2675 4116 non
2702 4061 2860 4116 homo
2884 4075 2996 4115 non
3022 4060 3201 4130 justus
3228 4073 3335 4116 non
3362 4065 3468 4117 est.

2301 4179 2491 4233 Omnis
2523 4194 2627 4232 non
2662 4178 2824 4232 homo
2852 4194 2961 4233 non
2988 4177 3207 4233 risibilis
3238 4184 3341 4233 est.

2299 4269 2487 4325 Nullus
2514 4284 2621 4323 non
2651 4268 2813 4324 homo
2842 4286 2949 4324 non
2982 4270 3200 4324 risibilis
3228 4277 3332 4323 est.

2302 4361 2527 4429 Quidam
2558 4376 2663 4417 non
2695 4363 2856 4418 homo
2882 4378 2987 4418 non
3020 4362 3241 4418 risibilis
3265 4370 3369 4417 est.

2297 4453 2525 4522 Quidam
2554 4469 2659 4511 non
2685 4454 2845 4511 homo
2875 4471 2980 4513 non
3009 4455 3228 4512 risibilis
3256 4471 3362 4512 non
3391 4464 3496 4513 est.

553 4594 751 4651 llarum
789 4589 948 4661 igitur
978 4588 1097 4642 talis
1146 4595 1228 4641 est
1252 4584 1603 4640 consociauda
1652 4583 1880 4639 falsitate
1911 4585 1995 4640 vel
2021 4599 2118 4641 ve-
2150 4574 2199 4641 C
2227 4590 2567 4660 pronuntiet,
2609 4593 2783 4646 omnis
2835 4591 2995 4646 homo
3040 4593 3418 4664 grammaticus
3462 4602 3579 4660 est,
3623 4594 3812 4652 falsum

551 4687 711 4740 ritate
743 4679 1066 4752 proprietas,
1109 4685 1166 4731 ut
1208 4677 1586 4730 afﬁrmationcs
1617 4674 1827 4744 quidem
1872 4677 2013 4731 inter
2064 4693 2121 4733 se

551 4773 877 4833 universales
911 4768 1361 4839 particularesque
1407 4767 1715 4837 negationes
1744 4770 1825 4820 vel
1872 4767 1926 4821 in
1978 4770 2122 4823 veri-

550 4876 657 4922 tate
700 4863 786 4919 vel
824 4859 1193 4915 in'mendacio
1218 4857 1519 4912 consentire
1547 4864 1774 4926 queant,
1808 4858 1890 4911 vel
1934 4872 2121 4913 verum

550 4963 691 5014 inter
719 4971 777 5011 se
812 4954 1110 5021 falsumque
1154 4950 1410 5005 dividere.
1454 4949 1508 5003 Si
1538 4948 1663 5017 quid
1699 4949 1842 5001 enim
1880 4948 1949 5004 de
1994 4951 2124 5005 sub.

549 5051 697 5121 μειο
750 5047 854 5101 tale
880 5044 1198 5115 przedicetur
1224 5042 1363 5111 quod
1392 5042 1472 5095 vel
1501 5042 1566 5093 de
1611 5039 1852 5109 subjecto
1891 5051 2122 5111 nequeat

549 5138 816 5210 segregari
834 5178 849 5201 ,
874 5146 932 5191 nt
951 5137 1017 5191 ab
1043 5137 1256 5189 homine
1285 5132 1689 5196 rationabilitas,
1716 5132 1795 5185 vel
1822 5148 1851 5185 a
1882 5133 2123 5202 subjecto

546 5233 762 5304 quidem
804 5228 1057 5285 recedere
1086 5235 1273 5298 queat,
1321 5226 1413 5279 sed
1446 5223 1675 5292 subjecti
1723 5233 1965 5278 naturam
2013 5240 2119 5280 non

546 5324 715 5395 possit
740 5335 972 5390 aequare,
1009 5327 1065 5372 ut
1111 5316 1341 5371 hominis
1384 5317 1788 5383 grammaticus,
1836 5330 1994 5369 unam
2029 5330 2122 5369 ve-

545 5432 690 5481 ram,
719 5415 944 5469 alteram
978 5412 1160 5465 falsam
1196 5423 1317 5464 esse
1348 5408 1650 5478 proveniet.
1687 5406 1816 5460 Nam
1844 5408 1933 5476 qui
1960 5406 2112 5472 dicit,

545 5508 719 5563 omnis
764 5505 922 5558 homo
951 5499 1226 5557 rationalis
1266 5507 1377 5563 est,
1412 5512 1595 5552 verum
1645 5498 1897 5567 loquitur,
1929 5506 1985 5551 et
2026 5498 2117 5565 qui

545 5597 740 5654 dixerit
759 5636 771 5659 ,
797 5595 970 5648 omnis
998 5607 1100 5647 non
1130 5591 1289 5644 homo
1318 5604 1420 5643 non
1452 5588 1725 5643 rationalis
1756 5596 1839 5642 est
1884 5589 2112 5643 mentie-

546 5697 650 5744 tur.
700 5685 900 5742 Divina:
945 5696 1176 5753 namque
1225 5680 1535 5736 substantia:
1597 5679 1820 5734 rationis
1895 5678 2110 5749 quidem

545 5787 817 5849 compotes
843 5784 994 5843 sunt,
1024 5777 1119 5834 sed
1151 5778 1391 5834 homines
1424 5792 1528 5832 non
1560 5785 1706 5834 sunt.
1742 5775 1873 5831 Item
1911 5775 1955 5830 si
1990 5777 2110 5847 quis

2233 4679 2450 4735 dixerit.
2480 4682 2539 4735 At
2566 4682 2657 4751 qui
2689 4685 2960 4750 prononit,
2982 4683 3155 4738 omnis
3184 4697 3287 4739 n0n
3321 4683 3484 4739 homo
3512 4702 3623 4740 non
3644 4701 3811 4756 gram-

2234 4773 2457 4823 maticus
2484 4778 2593 4837 est,
2623 4786 2803 4826 verum
2834 4771 3048 4827 dixerit.
3071 4773 3197 4827 Nam
3229 4774 3317 4843 qui
3347 4773 3510 4830 homo
3540 4790 3648 4830 non
3693 4782 3811 4845 est,

2229 4861 2607 4929 grammaticus
2646 4876 2767 4917 esse
2805 4877 2908 4918 non
2941 4871 3134 4932 potest.
3175 4864 3245 4919 At
3272 4864 3317 4919 si
3359 4865 3410 4919 id
3452 4864 3522 4921 de
3567 4867 3812 4936 subjecto

2230 4950 2553 5021 prmdicetur
2603 4953 2745 5023 quod
2772 4954 2855 5009 vel
2900 4968 3165 5024 nunquam
3196 4955 3437 5024 subjecto
3473 4957 3657 5012 valeat
3680 4972 3807 5011 con-

2229 5043 2431 5107 venire,
2467 5054 2523 5099 ut
2552 5044 2686 5113 lapis
2716 5044 2938 5111 homini,
2985 5047 3063 5099 vel
3093 5036 3419 5101 conveniens
3445 5047 3515 5102 ab
3542 5062 3612 5102 eo
3634 5048 3810 5118 possit

2228 5133 2541 5200 abscedere,
2582 5149 2702 5189 cum
2742 5136 2810 5191 sit
2852 5135 3024 5205 majus
3071 5147 3231 5202 atque
3280 5137 3640 5195 universalius
3683 5140 3807 5193 sub-

2220 5224 2385 5295 jecto,
2420 5234 2475 5280 ut
2497 5226 2703 5296 justitia
2738 5227 2955 5291 homini,
2990 5226 3148 5283 simul
3178 5230 3422 5298 utrisque
3452 5228 3662 5285 falsitas
3684 5246 3803 5301 pro-

2224 5319 2391 5372 venit.
2433 5319 2563 5371 Nnm
2603 5318 2649 5373 si
2695 5319 2815 5388 quis
2859 5319 3018 5386 dicit,
3060 5319 3235 5373 omnis
3287 5320 3447 5375 homo
3500 5320 3638 5389 lapis
3685 5332 3801 5387 est,

2224 5410 2409 5465 falsam
2449 5412 2635 5468 fecerit
2665 5413 3100 5481 pronositionem.
3146 5412 3347 5468 Eodem
3379 5427 3594 5485 quoque
3637 5413 3797 5467 modo

2225 5501 2581 5569 qui‘dixerit,
2614 5504 2934 5559 omnisnon
2985 5507 3141 5559 homo
3190 5518 3293 5558 non
3337 5504 3469 5573 lapis
3516 5510 3637 5567 est,
3680 5518 3803 5556 cum

2225 5592 2362 5647 silex
2414 5592 2574 5647 homo
2621 5610 2725 5648 non
2780 5595 2882 5663 sit,
2930 5596 3023 5651 sed
3079 5596 3233 5666 lpis.
3288 5596 3418 5649 Item
3483 5594 3799 5662 propositio,

2220 5682 2399 5763 omnis
2442 5683 2603 5741 homo
2649 5686 2825 5757 justus
2866 5697 2978 5751 est,
3019 5688 3147 5742 falsa
3195 5695 3309 5755 est,
3353 5687 3506 5753 cujus
3550 5684 3797 5754 sequitur

2220 5774 2533 5842 falsitatem,
2578 5778 2750 5834 omnis
2786 5793 2893 5835 non
2938 5779 3097 5835 homo
3144 5793 3248 5835 non
3289 5775 3467 5849 justus
3511 5782 3614 5834 est.
3654 5769 3794 5832 Nam
