4112 6332
304 295 421 359 281

1129 289 1603 350 INTRODUCTIO
1641 288 1737 349 AD
1773 286 2245 350 SYLI.OG|SMOS
2281 291 2781 353 CATEGORICOS.

315 414 515 474 divinis
540 408 852 471 substantiis
878 410 1031 466 adest
1052 423 1267 479 semper
1290 410 1513 480 iustitia,
1541 423 1663 464 cum
1691 421 1801 463 non
1831 406 1902 461 sit
1933 409 1988 472 Α
2013 408 2199 477 igiturv
2217 408 2453 478 quidem‘
2481 409 2536 466 in
2588 409 3039 468 attirmationibus
3093 412 3491 471 universalibus
3538 424 3597 471 et

317 507 642 564 humanitas.
696 508 763 560 At
801 504 846 559 si
876 502 1002 574 quid
1033 503 1137 557 tale
1179 504 1249 557 de
1294 501 1538 571 subiecto
1587 500 1910 571 praedicetur

318 598 461 671 quod
499 606 555 653 et
594 611 807 667 semper
835 595 887 651 ei
931 596 1236 664 copuletur,
1279 610 1451 665 neque
1494 604 1670 650 tamen
1727 592 1909 663 subie-

318 703 464 749 ctum
514 694 683 762 possit
726 690 1008 755 excedere,
1041 698 1099 744 ut
1144 689 1346 744 risibile
1388 690 1626 756 homini,
1651 682 1909 770 utrinque

318 787 585 842 sententia
635 787 688 841 in
733 786 1068 857 signiﬁcandi
1118 786 1341 841 veritate
1392 787 1694 853 concurrit,
1729 785 1907 843 omnis

320 875 742 932 homo'risibilis
787 886 899 943 est,
937 892 1061 932 vera
1104 887 1215 941 est,
1246 878 1422 932 omnis
1471 892 1576 932 non
1608 877 1770 932 homo
1801 892 1909 933 non

320 970 471 1026 risibi
494 971 539 1025 is
581 980 703 1038 est,
735 971 847 1025 huic
880 969 1072 1024 retinet
1118 971 1417 1025 veritatem.
1451 969 1579 1024 Nam
1624 970 1747 1039 quia
1778 969 1903 1025 risi-

322 1063 429 1120 bile
472 1064 702 1118 hominis
746 1065 1027 1134 proprium
1056 1071 1176 1129 est,
1224 1074 1369 1119 recte
1415 1063 1611 1117 dicitur
1651 1078 1756 1116 non
1787 1076 1910 1119 esse

320 1157 529 1213 risibile
558 1158 815 1229 quidquid
847 1158 1010 1212 homo
1058 1173 1163 1212 non
1196 1156 1376 1212 fuerit.
1411 1157 1610 1212 Eadem
1645 1159 1823 1210 omnia
1855 1156 1909 1211 in

321 1251 635 1320 particulari
670 1248 957 1321 negatione
986 1249 1304 1306 redduntur.
1337 1250 1468 1305 Nam
1495 1250 1607 1303 sive
1635 1264 1755 1319 quae
1784 1255 1912 1302 sunt

320 1341 529 1412 maiora
559 1342 803 1414 suhjecto
834 1354 991 1413 atque
1019 1345 1088 1398 ab
1117 1359 1182 1399 eo
1206 1344 1492 1400 discedere
1515 1340 1817 1414 nequeunt,
1853 1351 1912 1399 ut

256 1498 259 1501 λ
320 1436 717 1491 rationabilltas
746 1436 814 1491 ab
837 1434 1079 1502 homine,
1104 1437 1189 1491 vel
1214 1452 1333 1507 quae
1361 1428 1645 1492 discedunt
1669 1436 1910 1507 quidem,

322 1527 422 1583 sed
452 1539 578 1582 sunt
609 1529 814 1597 majora
845 1527 1109 1599 subiecto,
1144 1537 1201 1583 ιιι
1238 1530 1623 1598 grammaticus
1666 1528 1906 1595 homine,

318 1622 394 1678 de
421 1622 663 1689 subjecto
690 1624 1071 1693 prmdicmnur,
1100 1638 1258 1678 unam
1290 1638 1467 1678 veram
1487 1666 1502 1691 ,
1537 1625 1760 1679 alteram
1808 1621 1910 1677 fal-

322 1714 441 1769 Sam
470 1715 691 1770 iaciunt.
720 1713 848 1769 Nam
884 1718 971 1785 qui
1003 1714 1162 1781 dicit,
1190 1715 1406 1785 quidam
1440 1715 1601 1771 homo
1629 1713 1907 1771 rationalis

2014 501 2432 573 partiruiaribus
2463 503 2722 573 negativis
2772 503 2968 560 veritas
3010 505 3323 577 falsitasque
3353 518 3408 563 et
3434 506 3595 563 simul

2016 594 2302 665 aliquoties
2353 594 2653 661 invenitur,
2701 606 2754 651 et
2810 596 2949 652 inter
2998 605 3253 665 utrasque
3312 597 3593 654 dividitur.

2015 687 2338 758 Negationes
2364 703 2493 744 vero
2522 690 2848 744 universales
2877 699 2933 745 et
2973 692 3320 759 particulares
3359 689 3597 747 al‘lirma—

2018 782 2194 837 tiones
2220 799 2324 837 non
2356 782 2519 837 simili
2566 782 2895 851 respondent
2936 783 3115 838 modo.
3151 782 3258 838 Sed
3285 785 3599 854 negationes

2016 874 2231 943 quidem
2280 876 2628 941 universi-les,
2678 892 2839 930 unam
2888 890 3073 931 verum
3121 875 3330 947 dicere,
3374 878 3599 932 alteram

2017 968 2238 1035 falsam,
2267 969 2420 1022 simul
2455 978 2706 1037 utrasque
2747 968 2909 1023 falsas
2941 983 3061 1024 esse
3092 969 3345 1039 possibile
3374 978 3476 1024 εει.
3507 969 3599 1026 Si-

2018 1063 2125 1117 mul
2166 1070 2343 1117 autem
2381 1076 2539 1118 veras
2590 1077 2860 1132 nunquam
2890 1077 3012 1119 esse
3047 1062 3331 1134 contingit.
3373 1062 3504 1118 Nam
3552 1062 3599 1117 si

2018 1158 2070 1212 id
2102 1156 2243 1227 quod
2284 1157 2474 1212 adesse
2503 1156 2745 1227 subiecto
2772 1172 2876 1213 non
2920 1166 3116 1226 potest,
3142 1157 3484 1227 praedicetur,
3546 1164 3602 1212 ut

2016 1249 2154 1319 lapis
2184 1249 2421 1316 homini,
2456 1264 2614 1303 unam
2649 1265 2830 1305 veram
2860 1249 3098 1316 faciunt,
3130 1250 3351 1305 alteram
3379 1248 3599 1318 falsam,

2020 1355 2076 1399 ut
2096 1355 2207 1411 est,
2238 1342 2414 1399 nullus
2443 1345 2603 1402 homo
2631 1343 2767 1414 lapis
2794 1354 2907 1411 εει,
2930 1359 3055 1399 vera
3078 1352 3191 1412 est,
3219 1344 3347 1399 falsa
3374 1354 3456 1401 est
3484 1360 3603 1415 quae

2022 1438 2300 1507 preponit,
2334 1437 2512 1493 nullus
2561 1452 2667 1492 non
2710 1439 2870 1491 homo
2920 1452 3027 1491 non
3079 1437 3214 1506 lapis
3258 1447 3360 1503 est,
3418 1438 3603 1492 omnia

2019 1533 2216 1599 quippe
2243 1533 2495 1585 animalia
2525 1541 2717 1599 praeter
2745 1529 3016 1586 hominem
3064 1530 3137 1585 ita
3169 1546 3275 1586 non
3304 1543 3427 1587 sunt
3470 1531 3601 1599 lapi-

2020 1621 2141 1689 des,
2173 1622 2313 1676 sirut
2356 1621 2425 1676 ab
2457 1621 2735 1677 hominum
2766 1631 2957 1678 natura
2988 1622 3229 1693 seiuncta
3257 1633 3401 1679 sunt.
3442 1623 3604 1691 Quid-

2018 1714 2146 1789 quid
2178 1730 2304 1771 vero
2332 1715 2475 1771 aliud
2503 1718 2571 1771 de
2606 1716 2850 1787 subiecto
2894 1716 3235 1787 praedicetur,
3269 1718 3440 1774 neutri
3470 1732 3604 1772 cou-

323 1816 431 1859 non
461 1812 578 1871 est,
605 1805 799 1860 ialsutn
823 1808 1133 1876 proposuit;
1164 1806 1253 1875 qui
1285 1822 1413 1862 vero
1443 1807 1765 1876 respondet,
1791 1806 1907 1878 qui-
1936 1800 1989 1865 Β
2015 1818 2161 1864 ειειη
2211 1809 2410 1865 veritas
2461 1818 2638 1879 potest
2671 1827 2685 1863 :
2720 1817 2777 1864 ut
2825 1809 2870 1864 si
2912 1810 3031 1879 quis
3082 1819 3383 1879 proponat,
3428 1809 3606 1864 nullus

322 1890 447 1950 iam
479 1910 584 1950 non
628 1897 789 1951 homo
834 1912 941 1952 non
989 1898 1267 1953 rationalis
1310 1911 1412 1952 non
1463 1907 1573 1965 est,
1609 1913 1794 1954 verum
1826 1899 1910 1954 lo-

322 1989 528 2061 quitur.
572 1990 757 2046 Divina
808 1992 1004 2062 quippe
1057 1993 1356 2048 substantia
1401 2006 1509 2049 nou
1558 2004 1642 2049 est
1690 1995 1910 2065 quidam

326 2077 514 2149 homo,
544 2081 640 2137 sed
688 2096 873 2145 carere
921 2098 1025 2138 non
1071 2092 1251 2154 potest
1297 2084 1539 2140 humanm
1574 2087 1781 2144 ratione
1811 2104 1911 2144 na-

323 2174 486 2229 tura.
532 2173 698 2242 ltem,
747 2172 962 2244 quidam
1010 2174 1172 2231 homo
1218 2179 1597 2248 grammaticus
1646 2196 1749 2234 non
1798 2188 1909 2246 est,

325 2276 453 2319 vera
483 2273 591 2329 est,
625 2264 718 2320 sed
765 2265 896 2321 falsa
927 2275 1008 2321 est
1039 2269 1083 2321 si
1122 2266 1326 2332 dicam,
1358 2268 1572 2338 quidam
1604 2282 1710 2324 non
1743 2269 1910 2324 homo

324 2372 436 2412 non
484 2359 867 2428 grammaticus
918 2374 1023 2414 non
1071 2362 1348 2433 εειεϐυπι
1402 2361 1531 2416 illud
1583 2363 1651 2417 sit
1698 2363 1907 2433 verius,

323 2448 577 2520 quoniam
602 2451 690 2520 qui
725 2451 887 2506 homo
913 2466 1017 2506 non
1044 2452 1232 2521 fuerit,
1266 2468 1372 2509 non
1398 2463 1573 2523 potest
1595 2468 1715 2510 esse
1740 2469 1917 2523 gram-

329 2540 576 2595 maticus.
600 2541 669 2594 At
690 2542 734 2596 si
768 2555 889 2612 qua:
916 2542 999 2596 vel
1032 2557 1302 2611 nunquam
1323 2543 1392 2598 de
1416 2544 1658 2613 suhiecto
1688 2554 1914 2615 possunt

325 2646 454 2688 vere
496 2635 809 2704 praedicari,
847 2644 905 2689 ut
950 2635 1085 2705 lapis
1123 2637 1190 2691 de
1221 2636 1461 2705 homine,
1492 2638 1579 2692 vel
1612 2638 1913 2707 praedicari.

325 2734 415 2781 tur
443 2728 657 2796 quidem
704 2736 760 2782 et
787 2736 912 2782 sunt
942 2726 1146 2798 maiora
1175 2729 1442 2798 subiecto,
1472 2730 1566 2784 sed
1597 2731 1671 2785 ab
1695 2744 1761 2785 eo
1787 2729 1911 2785 dis-

252 2817 257 2820 ’
325 2818 517 2873 cedere
575 2819 920 2887 separarique
979 2821 1279 2888 patiuntur,
1343 2830 1403 2875 ut
1454 2820 1658 2890 iustitia
1701 2820 1769 2878 ab
1814 2822 1915 2879 ho-

329 2910 498 2973 mine,
530 2923 681 2963 veras
722 2908 967 2978 pr0tinus
998 2921 1251 2981 utrasque
1279 2924 1622 2969 conservant.
1654 2914 1787 2969 Nam
1816 2916 1909 2985 qui

325 2997 487 3067 dicit,
534 3000 750 3071 quidam
804 3000 964 3054 homo
1004 3001 1155 3071 'lapis
1202 3016 1309 3057 non
1359 3011 1470 3070 est,
1516 3019 1703 3059 verum
1752 3005 1909 3062 dixe-

327 3091 420 3147 rit.
455 3092 526 3147 At
561 3093 606 3147 si
646 3093 766 3162 quis
812 3093 1159 3161 reSpondeat,
1189 3095 1402 3165 quidam
1446 3111 1552 3151 non
1591 3097 1755 3152 homo
1799 3112 1909 3153 non

2023 1904 2189 1956 homo
2236 1899 2513 1954 rationalis
2557 1911 2674 1965 est,
2716 1897 2908 1954 falsum
2956 1899 3188 1967 dixerit;
3232 1902 3478 1971 aliusque
3523 1915 3607 1954 re-

2019 1991 2318 2062 spondeat,
2349 1991 2530 2046 nullus
2558 2006 2663 2045 non
2697 1992 2858 2046 homo
2880 2006 2983 2045 non
3015 1990 3295 2047 rationalis
3323 2001 3436 2061 est,
3469 1992 3606 2046 hanc

2020 2099 2236 2155 quoque
2283 2083 2553 2137 convincit
2600 2076 2736 2136 ratio
2768 2079 3018 2148 mentiri,
3062 2096 3233 2154 equus
3276 2080 3471 2153 quippe
3502 2095 3607 2136 non

2022 2178 2187 2232 homo
2212 2185 2326 2244 est,
2357 2189 2455 2230 nec
2495 2190 2615 2229 eum
2658 2176 2778 2244 quis
2808 2174 3004 2230 dixerit
3039 2174 3261 2230 rationis
3293 2190 3415 2232 esse
3441 2177 3608 2246 parti-

2018 2271 2226 2341 cipem;
2258 2280 2315 2323 ut
2340 2278 2515 2325 autem
2545 2268 2704 2323 simul
2732 2284 2871 2324 vera:
2900 2269 3038 2337 sint,
3067 2270 3245 2324 nullus
3272 2268 3473 2338 poterit
3498 2276 3608 2326 ter-

2022 2363 2201 2420 minus
2225 2364 2547 2433 approbare.
2577 2363 2935 2419 Particulares
2979 2370 3158 2418 autem
3189 2363 3526 2421 aitlrmativaa
3551 2364 3606 2420 in

2021 2456 2381 2514 dili‘ereutiam
2414 2455 2656 2511 veritatis
2706 2454 3063 2526 falsitatisque
3105 2456 3423 2523 discedunt,
3469 2474 3608 2530 quo-

2023 2553 2125 2607 ties
2156 2551 2357 2621 aliquid
2392 2551 2495 2604 ta‘e
2534 2549 2600 2603 de
2630 2548 2875 2618 subjecto
2904 2548 3124 2621 dicitur,
3153 2552 3294 2622 quod
3337 2567 3608 2624 nunquam

2020 2643 2194 2715 possit
2233 2644 2425 2696 adesse
2454 2639 2722 2711 subiecto,
2752 2649 2808 2695 ut
2838 2640 2977 2711 lapis
3002 2658 3016 2699 :
3051 2654 3175 2697 nam
3204 2645 3250 2697 si
3290 2646 3408 2713 quis
3433 2659 3607 2700 enun-

2023 2736 2154 2801 tiet,
2193 2733 2408 2805 quidam
2455 2732 2616 2786 homo
2661 2731 2794 2799 lapis
2836 2737 2948 2798 est,
2992 2726 3125 2786 falsa
3170 2735 3465 2803 propositio
3485 2745 3605 2803 est;

2022 2836 2079 2882 at
2107 2828 2153 2883 si
2182 2827 2304 2898 quis
2329 2823 2679 2894 respondeat,
2728 2823 2945 2895 quidam
2990 2838 3098 2879 non
3135 2825 3297 2881 homo
3326 2842 3430 2881 non
3474 2827 3609 2898 lapis

2022 2928 2139 2987 est,
2176 2926 2322 2973 tenet
2358 2917 2683 2972 contrariam
2716 2915 3035 2983 veritatem,
3065 2930 3239 2987 equus
3277 2919 3473 2988 quippe
3503 2934 3611 2975 non

2023 3011 2188 3067 homo
2232 3020 2344 3078 est,
2388 3026 2488 3066 nec
2546 3008 2679 3079 lapis
2726 3022 2847 3065 esse
2890 3008 3119 3065 dicetur.
3170 3010 3433 3082 Quidquid
3483 3026 3611 3069 vero

2020 3102 2166 3157 aliud
2197 3103 2266 3157 de
2310 3098 2552 3171 subiecto
2592 3099 2991 3168 prtedicabitur,
3021 3106 3106 3155 est
3149 3114 3241 3156 ess
3287 3101 3339 3155 in
3373 3104 3612 3159 veritatis

327 3183 466 3252 lapis
504 3198 611 3239 non
656 3193 770 3251 εει,
805 3185 850 3239 is
892 3200 1104 3255 quoque
1132 3199 1317 3241 verum
1348 3187 1579 3255 dixerit;
1614 3189 1659 3243 si
1692 3190 1908 3258 quidem
1940 3186 1991 3252 (Ξ
2021 3194 2463 3265 signiﬁcationem
2481 3192 2788 3259 convenire,
2824 3199 2898 3255 ut,
2934 3189 3152 3261 quidam
3186 3192 3344 3247 homo
3372 3196 3613 3252 rationa-

323 3275 395 3332 de
446 3276 595 3332 silice
644 3277 726 3332 vel
767 3277 834 3333 de
879 3277 1180 3348 huiusmodi
1224 3282 1433 3336 caeteris
1475 3283 1610 3337 velit
1649 3284 1911 3354 intelligi,

326 3383 454 3439 quae
484 3385 604 3423 cum
648 3384 753 3425 non
796 3372 902 3426 sint
930 3370 1191 3439 homines,
1234 3382 1339 3428 non
1382 3375 1590 3443 lapides
1628 3391 1736 3432 non
1764 3388 1909 3435 sunt.

325 3457 455 3516 Item
474 3502 489 3528 ,
518 3462 733 3531 quidam
766 3463 925 3521 homo
945 3465 1127 3533 iustus
1155 3482 1259 3517 non
1290 3474 1402 3529 est,
1434 3470 1733 3537 pmpositio
1762 3470 1906 3525 veri-

324 3562 490 3607 tatem
521 3563 687 3610 tenet.
715 3555 818 3610 Sed
850 3570 919 3612 ne
960 3555 1046 3610 illa
1076 3558 1292 3629 qn;de
1331 3557 1459 3612 talea
1503 3568 1589 3613 est
1625 3576 1742 3629 qua!
1784 3574 1913 3631 pro-

323 3646 475 3714 p0uit
504 3646 787 3715 quemdam
818 3662 921 3701 non
951 3647 1219 3702 hominem
1246 3662 1352 3703 non
1388 3647 1589 3717 iustum
1620 3666 1724 3705 non
1752 3666 1911 3720 esse;

323 3735 430 3790 hoc
457 3738 602 3791 enim
626 3778 641 3805 ,
671 3746 728 3792 ut
756 3738 957 3792 dictum
984 3747 1099 3805 est,
1139 3737 1335 3817 divinis
1360 3741 1677 3797 substantiis
1703 3742 1916 3798 inveni-

325 3837 433 3893 tur,
466 3839 519 3883 ut
548 3830 810 3897 justitiam
842 3839 1093 3896 teneant,
1124 3833 1368 3902 quamvis
1398 3834 1465 3889 ab
1497 3835 1730 3891 hominis
1759 3838 1909 3892 diffi-

325 3920 531 3976 uitione
559 3924 813 3990 seiuncta:
842 3931 984 3977 sunt.
1016 3924 1179 3992 Item,
1209 3925 1255 3979 si
1296 3925 1348 3980 id
1399 3927 1541 3997 quod
1588 3904 1779 3985 abesse
1808 3946 1915 3985 non

326 4021 536 4081 potest,
570 4021 628 4067 et
663 4015 731 4069 sit
775 4017 984 4084 aequale
1030 4015 1293 4085 subjecto,
1324 4016 1394 4072 de
1436 4019 1625 4075 eodem
1670 4022 1917 4092 subiecto

327 4105 680 4175 pradicetur,
731 4114 786 4160 ut
840 4108 917 4162 ris
939 4106 1045 4163 bile
1103 4109 1340 4175 homini,
1392 4111 1621 4167 incurrit
1674 4117 1916 4185 utrisque

328 4196 693 4251 mendacium.
732 4196 863 4254 Nam
912 4200 1130 4270 quidam
1180 4200 1343 4255 homo
1386 4203 1607 4259 risibilis
1644 4221 1752 4261 non
1795 4218 1914 4275 est,

328 4285 459 4342 falsa
486 4297 597 4355 est,
626 4291 778 4358 cuius
826 4290 1043 4346 falsitati
1074 4307 1196 4348 sese
1243 4294 1491 4348 aemulam
1538 4308 1756 4365 prmstat
1795 4315 1916 4371 quae

2030 3286 2094 3339 lis
2134 3292 2244 3350 est,
2273 3299 2396 3338 vera
2428 3289 2538 3347 est,
2582 3281 2795 3352 quidam
2842 3295 2946 3335 non
2997 3282 3159 3336 homo
3189 3296 3293 3336 non
3335 3283 3612 3338 rationalis

2027 3383 2142 3439 est,
2189 3374 2310 3429 huic
2339 3386 2550 3443 quoque
2579 3371 2774 3427 veritas
2800 3380 3038 3436 constat,
3065 3386 3233 3442 equus
3262 3374 3456 3443 quippe
3502 3389 3605 3428 non.

2032 3468 2193 3521 homo
2220 3475 2333 3531 est,
2367 3475 2465 3519 nec
2495 3464 2701 3518 ratione
2730 3464 3001 3527 subsistit;
3039 3471 3096 3518 ut
3122 3476 3251 3518 vero
3276 3465 3432 3519 simul
3462 3468 3611 3522 falsa:

2028 3558 2172 3622 sint,
2228 3556 2386 3611 nullis
2435 3556 2737 3623 reperietur
2794 3555 3073 3621 exemplis.
3125 3554 3206 3609 Ad
3262 3554 3403 3609 hunc
3451 3560 3611 3621 igitur

2030 3650 2248 3706 modum
2292 3651 2437 3704 etde
2479 3647 2691 3701 caeteris
2714 3661 2833 3715 qua:
2878 3647 2961 3701 vel
3015 3646 3131 3715 subi
3170 3658 3311 3702 ctum
3353 3648 3432 3702 vel
3479 3665 3614 3718 prm-

2023 3743 2261 3797 (iicatum
2305 3741 2540 3795 retinent
2565 3735 2863 3803 inttniium,
2893 3736 2959 3791 ad
2993 3737 3228 3793 veritatis
3256 3740 3611 3808 falsitatisque

2021 3845 2352 3888 consensum
2406 3828 2836 3884 enuntiationum
2888 3828 3184 3897 proprietas
3222 3830 3610 3884 consideranda

2024 3938 2109 3983 est
2130 3971 2143 3993 ,
2174 3926 2241 3981 de
2267 3925 2464 3995 quibus
2496 3923 2656 3977 modo
2694 3924 2928 3977 treviter
2954 3922 3081 3992 quid
3120 3925 3333 3977 eveniat
3376 3926 3613 3994 tetigisse

2024 4020 2287 4083 sulticiat,
2312 4018 2517 4088 singula
2548 4026 2681 4073 tero
2707 4017 2923 4071 lectoris
2948 4017 3271 4085 exploranda
3299 4016 3607 4088 diligentiw,

2024 4120 2083 4165 et
2114 4126 2206 4179 per
2232 4110 2616 4165 convenientes
2652 4109 2908 4162 terminos
2951 4107 3197 4161 ritnanda
3229 4111 3610 4187 permittimus.

2028 4205 2391 4275 Dispouantur
2437 4204 2601 4273 igitur
2646 4203 3037 4273 propositiones
3089 4216 3209 4272 quae
3259 4219 3325 4257 ex
3373 4205 3615 4275 utrisque

2027 4295 2365 4364 simplicibus
2395 4292 2639 4349 ter’miuis
2664 4301 2942 4358 constant,
2977 4304 3176 4361 easque
3219 4306 3444 4365 quarum
3482 4294 3615 4349 subi

332 4386 612 4455 proponit,
645 4388 860 4456 quidam
894 4406 998 4447 non
1050 4392 1211 4447 homo
1242 4410 1347 4450 non
1395 4396 1599 4451 risibile
1646 4411 1752 4451 non
1797 4405 1917 4464 est,
2022 4390 2225 4461 iectum
2266 4398 2470 4445 tantum
2514 4390 2776 4445 abnuatur
2820 4400 2886 4443 ex
2936 4385 3162 4443 adversa
3215 4395 3369 4459 parte
3436 4388 3611 4459 respi-

330 4477 479 4545 quasi
525 4480 612 4547 qui
659 4480 822 4537 homo
865 4499 973 4538 non
1044 4483 1113 4540 sit
1154 4490 1324 4555 possit
1372 4502 1496 4544 esse
1544 4489 1784 4548 risibilis.
1840 4491 1917 4547 Ita
1944 4484 2192 4548 Dciant.
2890 4492 2896 4497 ‘

1207 4603 1506 4672 Simplices.

897 4693 1085 4750 Omnis
1114 4692 1276 4750 homo
1306 4699 1581 4753 rationalis
1605 4708 1706 4753 est.

913 4787 1095 4841 bullus
1122 4785 1282 4842 homo
1315 4790 1587 4845 rationalis
1618 4802 1720 4847 est.

906 4876 1132 4943 Quidam
1167 4880 1323 4933 homo
1353 4881 1626 4936 rationalis
1657 4890 1757 4937 est.

897 4967 1137 5036 Quidam
1170 4970 1331 5025 homo
1361 4973 1634 5027 rationalis
1662 4988 1769 5029 non
1798 4984 1899 5030 est.

902 5105 1085 5161 Omnis
1114 5107 1276 5163 homo
1306 5108 1524 5164 risibilis
1557 5118 1659 5166 est.

898 5196 1084 5253 Nullus
1114 5198 1273 5254 homo
1302 5198 1518 5255 risibilis
1548 5209 1650 5254 est.

844 5364 847 5367 Α
898 5289 1124 5361 Quidam
1154 5294 1317 5348 homo
1345 5293 1567 5348 risibilis
1596 5302 1699 5348 εει.

898 5381 1123 5453 Quidam
1156 5385 1316 5441 homo
1345 5383 1564 5441 risibilis
1592 5399 1703 5441 non
1725 5390 1831 5443 est.

902 5523 1088 5578 Omnis
1119 5523 1278 5578 homo
1302 5523 1477 5593 iustus
1502 5529 1609 5579 est.

910 5617 1093 5673 Nullus
1125 5621 1286 5693 hoer
1310 5617 1484 5687 iustus
1514 5627 1620 5674 est.

916 5711 1141 5780 Quidam
1173 5709 1334 5766 homo
1358 5705 1539 5778 iustus
1568 5717 1670 5766 est.

916 5802 1143 5873 Quidam
1177 5802 1338 5861 homo
1359 5800 1539 5873 iustus
1568 5815 1674 5861 non
1705 5804 1807 5889 est.

2275 4600 2352 4658 Ex
2384 4597 2637 4668 subiectis
2665 4592 2848 4648 finitis.

2045 4699 2236 4754 Omnis
2261 4711 2366 4751 non
2397 4692 2559 4748 homo
2588 4687 2863 4744 rationalis
2892 4698 2993 4743 εει.

2050 4791 2238 4846 Nullus
2264 4802 2367 4843 non
2396 4784 2556 4839 homo
2578 4779 2852 4836 rationalis
2878 4788 2979 4834 est.

2048 4880 2275 4949 Quidam
2309 4892 2411 4932 non
2446 4876 2605 4929 homo
2643 4872 2920 4927 rationalis
2950 4880 3051 4927 est.

2054 4973 2281 5040 Quidam
2312 4984 2416 5025 non
2445 4968 2608 5049 homo
2637 4964 2913 5021 rationalis
2941 4980 3047 5021 non
3079 4972 3179 5023 est.

2064 5108 2253 5164 Omnis
2282 5124 2388 5163 non
2421 5107 2583 5163 homo
2612 5105 2835 5161 risibilis
2857 5115 2958 5162 est.

2066 5199 2258 5255 Nullus
2285 5214 2390 5253 non
2423 5200 2585 5252 homo
2613 5196 2835 5251 risibilis
2855 5207 2954 5250 est.

2054 5294 2283 5362 Quidam
2313 5306 2421 5347 non
2454 5290 2615 5346 homo
2647 5290 2866 5346 risibilis
2894 5300 2998 5344 est.

2048 5384 2279 5451 Quidam
2309 5398 2417 5439 non
2444 5381 2607 5438 homo
2636 5381 2857 5438 risibilis
2886 5394 2992 5437 non
3018 5388 3141 5437 est.

2054 5522 2241 5579 Omnis
2273 5536 2377 5579 non
2410 5522 2572 5578 homo
2598 5522 2769 5592 iustus
2796 5529 2897 5578 est.

2057 5616 2242 5673 Nullus
2272 5630 2375 5673 neu
2407 5615 2568 5672 homo
2590 5618 2763 5687 iustus
2794 5624 2896 5671 est.

2052 5708 2278 5777 Quidam
2310 5724 2412 5763 non
2446 5708 2606 5761 homo
2632 5707 2807 5776 justus
2839 5712 2940 5761 est.

2056 5800 2281 5867 Quidam
2314 5815 2418 5854 non
2454 5802 2614 5855 homo
2642 5798 2816 5868 iustu’s
2847 5811 2953 5854 non
2981 5801 3081 5857 est.

3490 286 3701 358 Μ’
