4112 6332
548 316 654 389 383

1114 430 1297 491 Omnis
1328 426 1487 489 homo
1514 437 1895 505 grammaticus
1921 449 2025 495 est.

1117 530 1302 584 Nullus
1335 531 1493 585 homo
1523 532 1899 599 grammaticus
1926 544 2031 589 est.

1120 626 1343 692 Quidam
1377 624 1536 678 homo
1565 628 1943 694 grammaticus
1970 636 2073 682 est.

1763 314 1872 377 AN.
1913 321 2124 379 MANL.
2163 319 2318 381 εεγ.
2351 321 2579 380 Βοετιι

3710 316 3816 377 γει

2238 440 2423 495 Omnis
2452 455 2555 495 non
2586 438 2748 493 homo
2775 436 3154 509 grammaticus
3183 446 3288 494 est.

2240 533 2426 588 Nullus
2458 549 2561 587 non
2587 532 2746 586 homo
2770 529 3146 599 grammaticus
3171 538 3272 585 est.

2242 614 2473 693 Quidam
2499 641 2605 681 non
2646 625 2807 680 homo
2836 623 3212 693 grammaticus
3236 632 3335 677 est.

1116 719 1340 787 Quidam
1366 719 1523 773 homo
1544 722 1924 789 grammaticus
1949 735 2057 797 non
2079 728 2182 778 est.
2231 720 2458 788 Quidam
2489 735 2595 775 non
2628 720 2790 776 homo
2818 719 3197 791 grammaticus
3227 731 3333 772 non
3371 723 3474 771 est.

1107 834 1291 889 Omnis
1325 834 1483 888 homo
1515 833 1649 901 lapis
1677 845 1777 890 est.

1120 927 1305 982 Nullus
1335 927 1491 981 homo
1522 927 1656 994 lapis
1683 936 1784 982 est.

1112 1019 1333 1086 Quidam
1365 1020 1524 1072 homo
1554 1019 1688 1087 lapis
1714 1028 1817 1074 est.

1117 1109 1338 1176 Quidam
1367 1110 1526 1164 homo
1553 1110 1685 1179 lapis
1715 1126 1820 1165 non
1859 1122 1961 1165 est.

2250 836 2437 891 Omnis
2469 851 2573 890 non
2604 836 2763 892 homo
2795 836 2928 906 lapis
2958 846 3060 892 est.

2257 930 2443 984 Nullus
2475 946 2583 984 non
2611 930 2773 983 homo
2800 930 2931 999 lapis
2963 938 3064 984 est.

2258 1021 2484 1087 Quidam
2512 1021 2809 1076 non-homo
2842 1020 2975 1088 lapis
2999 1030 3103 1075 εει.

2257 1111 2483 1179 Quidam
2515 1129 2619 1168 non
2647 1114 2806 1168 homo
2840 1113 2975 1182 lapis
3003 1127 3109 1167 non
3138 1120 3240 1168 est.

551 1258 607 1314 ln
630 1258 816 1311 harum
844 1251 1002 1323 igitur
1025 1248 1464 1303 aflirmationibus
1486 1247 1697 1317 quidem
1728 1248 2119 1304 universalibuz
2165 1253 2213 1311 Α
2248 1248 2482 1319 loquitur
2512 1258 2736 1319 utraque
2767 1264 2893 1304 vera
2921 1248 3201 1304 sententia.
3237 1242 3503 1313 Quidquid
3532 1256 3661 1297 vero
3689 1255 3822 1310 pra:-

551 1354 747 1407 veritas
777 1358 829 1403 et
869 1346 1068 1399 falsitas
1109 1342 1463 1405 distribuitur,
1506 1343 1548 1394 si
1591 1339 1713 1408 quid
1747 1340 1849 1394 tale
1893 1340 1960 1395 de
2001 1339 2129 1395 sub-

552 1445 692 1513 jecto
723 1438 1043 1510 przediretnr
1078 1433 1218 1503 quod
1252 1433 1443 1485 abesse
1492 1447 1595 1483 non
1628 1432 1827 1498 possit,
1857 1432 1970 1485 sive
2002 1432 2132 1487 illud

553 1532 728 1603 majus
758 1530 844 1597 sit,
881 1536 938 1582 ιιι
967 1525 1158 1579 animd
1180 1523 1415 1588 homine,
1443 1522 1555 1576 sive
1578 1522 1802 1590 mquale,
1838 1532 1897 1576 ut
1926 1522 2131 1577 risibile

554 1628 778 1682 homini.
811 1623 863 1676 In
912 1622 993 1676 his
1038 1620 1178 1673 enim
1211 1632 1368 1670 unam
1416 1630 1629 1683 veram,
1663 1615 1887 1669 alteram
1940 1615 2126 1670 falsam

556 1734 674 1775 esse
705 1729 922 1769 necesse
968 1722 1079 1778 εει,
1126 1709 1384 1779 quidquid
1435 1724 1563 1761 vero
1612 1716 1806 1776 prmter
1852 1721 1912 1761 ca
1968 1705 2130 1761 fuerit

554 1810 899 1882 prtedicatum
919 1846 933 1871 ,
960 1819 1117 1859 uuam
1147 1817 1358 1869 semper
1386 1802 1605 1866 veritas,
1651 1800 1874 1854 alteram
1917 1814 2131 1869 semper

555 1901 759 1956 falsitas
785 1913 889 1952 non
918 1905 1167 1961 sequetur
1195 1912 1205 1946 :
1236 1902 1292 1947 ut
1321 1901 1500 1946 autem
1528 1892 1688 1945 simul
1720 1906 1862 1944 verae
1892 1892 1998 1945 sint
2038 1906 2133 1945 ne-

556 1993 669 2065 quit
714 1990 943 2046 ostendi.
979 1986 1382 2042 Part‘cularium
1428 1999 1554 2039 vero
1582 1986 1634 2039 in
1683 1984 2136 2040 aflirmationibus

555 2086 793 2158 quidem,
820 2081 1081 2152 siquidem
1111 2096 1171 2135 ea
1205 2078 1561 2149 prmdicentur
1585 2094 1703 2148 qure
1728 2079 1934 2133 valeant
1960 2088 2135 2134 trans-

556 2180 635 2234 ire
662 2179 980 2247 subjectum,
1008 2175 1120 2229 sive
1151 2173 1220 2227 ab
1246 2188 1311 2227 eo
1339 2172 1577 2241 separari
1608 2181 1899 2241 nequeunt,
1934 2181 1992 2226 ut
2018 2172 2136 2227 ani-

540 2268 664 2327 ~mal
693 2269 760 2326 ab
788 2267 1022 2337 homine,
1056 2280 1149 2321 seu
1181 2254 1420 2333 possint,
1454 2274 1509 2319 ut
1547 2262 1754 2333 iustitia
1782 2264 1851 2320 ab
1889 2264 2132 2336 homine,

1053 2383 1356 2451 Simplices.

949 2479 1134 2537 Omnis
1162 2479 1322 2532 homo
1352 2474 1486 2545 lapis
1512 2483 1615 2531 est.

948 2574 1135 2630 Nullus
1168 2573 1329 2628 homo
1362 2571 1496 2640 lapis
1530 2578 1634 2625 est.

944 2652 1170 2735 Quidam
1204 2666 1366 2721 homo
1389 2665 1522 2735 lapis
1548 2674 1649 2720 est.

947 2762 1176 2830 Quidam
1211 2762 1371 2823 homo
1403 2759 1535 2829 lapis
1564 2746 1672 2812 non
1704 2769 1804 2814 est.

1014 2853 1203 2910 Omnis
1227 2852 1384 2907 homo
1411 2850 1607 2906 animal
1646 2859 1748 2906 est.

941 2944 1130 3000 Nullus
1162 2943 1324 2997 homo
1360 2941 1558 2995 animal
1599 2948 1702 2995 εει.

937 3033 1163 3101 Quidam
1207 3032 1368 3085 homo
1395 3029 1591 3085 animal
1618 3038 1721 3084 εει.

931 3124 1157 3192 Quidam
1189 3123 1347 3177 homo
1366 3121 1562 3176 animal
1594 3135 1699 3175 non
1721 3128 1824 3177 est.

1017 3215 1203 3271 Onmis
1230 3214 1389 3268 homo
1414 3212 1633 3267 risibilis
1647 3220 1752 3269 est.

954 3313 1143 3372 Nullus
1173 3311 1334 3365 homo
1362 3308 1583 3363 risibilis
1622 3316 1725 3363 est.

940 3406 1166 3477 Quidam
1194 3406 1354 3458 homo
1376 3401 1602 3458 risibilis
1624 3410 1726 3458 est.

948 3498 1175 3567 Quidam
1202 3496 1363 3551 homo
1388 3496 1605 3550 risibilis
1635 3508 1743 3551 non
1768 3502 1871 3553 est.

1018 3591 1204 3646 Omnis
1227 3590 1385 3643 homo
1417 3586 1593 3657 justus
1623 3596 1726 3643 est.

945 3686 1135 3743 Nullus
1173 3684 1333 3738 homo
1366 3682 1543 3751 justus
1572 3687 1675 3736 est.

942 3778 1168 3846 Quidam
1196 3776 1356 3830 homo
1372 3775 1549 3845 justus
1578 3781 1680 3829 εει.

936 3873 1177 3941 ’Quidam
1208 3871 1368 3925 homo
1390 3869 1561 3935 iustus
1591 3882 1698 3921 non
1724 3877 1829 3923 est.

1024 3963 1209 4019 Omnis
1249 3962 1410 4016 homo
1434 3960 1808 4031 grammaticus
1835 3969 1937 4018 est.

949 4056 1135 4115 Nullus
1160 4054 1321 4109 homo
1355 4052 1731 4123 grammaticus
1776 4060 1880 4107 εει.

943 4151 1169 4221 Quidam
1201 4149 1361 4203 homo
1383 4146 1764 4217 grammaticus
1791 4154 1895 4201 est.
1952 4205 1961 4216 ,

948 4243 1172 4312 Quidam
1206 4242 1366 4296 homo
1396 4239 1774 4311 grammaticus
1803 4253 1909 4293 non
1940 4246 2044 4293 εει.

2245 1350 2326 1396 ter
2371 1358 2432 1396 ea
2482 1342 2639 1397 fuerit
2683 1343 3058 1412 praedicatum,
3108 1355 3266 1395 unam
3315 1338 3534 1402 veritas,
3584 1336 3813 1390 alteram

2242 1430 2444 1487 fals‘tas
2473 1443 2647 1500 tenet;
2682 1436 2827 1489 falae
2869 1450 2995 1489 vero
3042 1433 3198 1487 simul
3243 1438 3515 1502 nequeunt
3564 1426 3818 1482 inveniri.

2240 1524 2561 1595 Negationes
2605 1543 2731 1581 vero
2764 1526 3109 1596 particulares
3140 1523 3401 1595 siquidem
3433 1523 3482 1576 id
3523 1521 3821 1591 prmdicent
3868 1514 3873 1517 ⁷

2240 1617 2379 1686 quod
2409 1635 2437 1672 a
2468 1620 2710 1687 subjecto
2738 1635 2840 1673 nou
2874 1620 3040 1686 possit
3067 1619 3377 1682 abscedere,
3410 1616 3521 1671 sive
3549 1612 3679 1670 illud
3708 1628 3822 1668 ma-

2235 1711 2324 1780 jus
2352 1711 2448 1777 sit,
2489 1721 2544 1766 ut
2574 1712 2831 1767 rationale
2863 1712 3098 1777 homine,
3128 1726 3222 1766 seu
3251 1709 3478 1781 :equale,
3515 1716 3576 1762 ut
3612 1706 3818 1761 risibile

2242 1801 2477 1869 homini,
2514 1802 2605 1857 uni
2647 1805 2911 1858 constabit
2955 1806 3170 1869 veritas,
3202 1802 3368 1858 altera
3413 1800 3730 1856 mentietur.
3757 1797 3815 1853 Si

2244 1895 2368 1964 quid
2392 1910 2521 1950 vero
2550 1904 2743 1964 prmter
2769 1912 2829 1952 ea
2853 1895 3013 1951 fuerit
3036 1896 3403 1966 praedicatum,
3431 1906 3584 1947 veras
3605 1904 3822 1960 semper

2244 1997 2496 2057 utrasque
2534 1998 2769 2055 constat,
2805 1990 2941 2044 utin
2981 2005 3073 2045 eas
3117 1988 3412 2044 communis
3452 1986 3657 2041 falsitas
3687 1999 3821 2037 nun-

2242 2096 2400 2150 quam
2445 2082 2612 2149 possit
2648 2083 2906 2141 incidere.
2939 2084 3068 2138 ltem
3104 2084 3452 2152 diSponantur
3483 2080 3537 2134 in
3569 2077 3818 2134 ordinem

2242 2174 2473 2243 primum
2502 2176 2716 2245 quidem
2746 2177 3038 2248 simplices,
3075 2178 3172 2234 has
3198 2192 3231 2233 e
3266 2177 3484 2248 regione
3530 2171 3822 2245 respiciant

2241 2279 2361 2335 quae
2390 2266 2629 2336 subjecto
2660 2268 2890 2339 simplici
2916 2270 3248 2344 denegantur
3273 2268 3581 2342 praedicam.

2320 2382 2399 2437 Ex
2426 2381 2636 2439 infinito
2667 2385 2977 2455 praedicato.

2212 2474 2401 2531 Omnis
2433 2475 2597 2531 homo
2625 2493 2731 2534 non
2766 2478 2901 2549 lapis
2938 2488 3044 2536 εει.

2193 2568 2383 2625 Nullus
2418 2573 2579 2627 homo
2608 2586 2715 2627 non
2746 2572 2881 2642 lapis
2910 2582 3009 2630 εει.

2196 2662 2426 2731 Quidam
2456 2662 2618 2719 homo
2645 2680 2752 2721 non
2779 2666 2913 2736 lapis
2943 2673 3049 2723 εει.

2203 2757 2429 2823 Quidam
2456 2758 2616 2814 homo
2643 2774 2748 2815 non
2778 2759 2912 2830 lapis
2942 2774 3051 2815 non
3081 2768 3183 2817 est.

2262 2849 2447 2903 Omnis
2475 2853 2633 2905 homo
2656 2865 2762 2906 non
2790 2852 2986 2906 animal
3010 2859 3111 2907 est.

2193 2936 2384 2994 Nullus
2415 2941 2575 2996 homo
2605 2958 2712 2997 non
2740 2944 2938 2999 animal
2964 2952 3069 3003 est.

2189 3028 2421 3098 Quidam
2452 3036 2612 3090 homo
2639 3052 2745 3091 non
2786 3036 2983 3091 animal
3008 3048 3113 3092 εει.

2191 3123 2419 3193 Quidam
2456 3126 2618 3183 homo
2646 3144 2751 3183 non
2783 3130 2982 3185 animal
3025 3144 3133 3186 non
3157 3139 3259 3186 est.

2278 3217 2465 3273 Omnis
2496 3220 2656 3275 homo
2689 3237 2794 3277 non
2826 3223 3043 3278 risibilis
3063 3231 3163 3287 est,

2196 3309 2386 3367 Nulius
2415 3311 2577 3367 homo
2604 3328 2710 3368 non
2752 3314 2967 3370 risibilis
3007 3322 3109 3371 εει.

2198 3403 2424 3470 Quidam
2452 3404 2615 3461 homo
2643 3421 2750 3462 non
2792 3407 3010 3462 risibilis
3037 3416 3140 3463 est.

2201 3497 2429 3566 Quidam
2456 3500 2618 3555 homo
2644 3515 2748 3556 non
2779 3501 3001 3556 risibilis
3027 3516 3133 3557 non
3154 3509 3257 3557 est.

2271 3590 2461 3646 Omnis
2491 3592 2651 3647 homo
2681 3607 2785 3647 non
2809 3590 2988 3661 justus
3012 3600 3113 3655 est.

2188 3679 2378 3738 Nullus
2406 3682 2567 3739 homo
2593 3699 2698 3739 non
2721 3684 2900 3754 justus
2929 3692 3034 3739 est.

2185 3773 2413 3840 Quidam
2446 3776 2606 3831 homo
2632 3792 2738 3831 non
2755 3774 2932 3845 justus
2956 3784 3058 3831 εει.

2190 3867 2419 3936 Quidam
2443 3871 2604 3952 homo
2631 3884 2737 3925 non
2764 3868 2940 3939 justus
2966 3884 3073 3924 non
3103 3877 3205 3924 εει.

2275 3962 2460 4017 Omnis
2492 3963 2654 4018 homo
2681 3980 2785 4018 non
2819 3963 3195 4033 grammaticus
3224 3970 3324 4019 est.

2126 4090 2131 4095 η
2206 4052 2395 4108 Nullus
2424 4055 2585 4109 homo
2614 4071 2720 4110 non
2748 4055 3129 4126 grammaticus
3167 4064 3270 4110 εει.

2192 4146 2419 4215 Quidam
2453 4149 2612 4204 homo
2641 4164 2746 4204 non
2775 4149 3155 4219 grammaticus
3185 4156 3286 4204 est.

2194 4238 2421 4307 Quidam
2454 4242 2615 4297 homo
2654 4257 2757 4297 non
2790 4243 3169 4313 grammaticus
3210 4255 3317 4295 non
3340 4248 3443 4296 εει.

557 4349 758 4408 narum
808 4340 968 4412 igitur
1015 4336 1397 4405 aflirmationes
1453 4333 1813 4400 universales,
1869 4332 2132 4403 siquidem
2166 4335 2215 4397 B
2245 4335 2332 4390 vel
2353 4336 2543 4391 abeSse
2575 4337 2920 4405 praedicetur,
2958 4339 3072 4413 sive
3102 4336 3232 4392 illud
3268 4336 3438 4406 majus
3466 4335 3555 4405 sit,
3589 4344 3646 4391 ut
3668 4335 3822 4407 justi.

557 4437 849 4511 pradicent
891 4429 1031 4501 quod
1069 4428 1310 4495 subjecto
1357 4434 1588 4495 nequeat
1625 4425 1931 4493 convenire,
1966 4435 2023 4479 ut
2053 4425 2138 4479 lao

556 4531 644 4603 pis
683 4525 908 4589 homini,
938 4522 1020 4576 vel
1060 4536 1090 4574 a
1132 4518 1406 4589 subjecto,
1438 4531 1557 4571 cum
1607 4516 1677 4569 sit
1705 4516 1911 4585 a‘quale
1938 4515 2022 4570 vel
2066 4516 2139 4571 sit

558 4623 754 4693 majus,
800 4634 907 4673 non
945 4613 1115 4687 possit
1148 4611 1459 4677 abscedere,
1502 4617 1562 4665 ut
1590 4610 1783 4663 animal
1817 4607 1901 4663 vel
1933 4608 2135 4664 risibile

558 4720 628 4775 ab
649 4716 885 4780 homine,
916 4725 1075 4768 unam
1119 4724 1329 4778 semper
1358 4721 1576 4762 necesse
1607 4714 1690 4760 est
1720 4704 2021 4770 veritatem,
2053 4702 2138 4756 al-

557 4819 727 4866 teram
760 4802 997 4875 proferre
1027 4800 1394 4856 mendacium:
1422 4796 1675 4867 quidquid
1704 4810 1830 4849 vero
1860 4805 2052 4863 praeter
2075 4807 2138 4849 ea

555 4900 718 4956 fuerit
760 4896 1124 4968 praedicatum,
1156 4892 1393 4962 utrisque
1421 4890 1622 4945 falsitas
1654 4888 1956 4953 invenitur,
1991 4896 2046 4941 ut
2071 4885 2138 4941 ad

554 4994 835 5048 veritatem
882 4986 1169 5043 convenire
1212 5000 1319 5039 non
1371 4982 1596 5053 possint.
1644 4980 1963 5049 Negatioues
2009 4993 2138 5034 vero

555 5084 885 5141 universales
912 5079 1169 5151 siquidem
1204 5077 1256 5130 id
1286 5075 1352 5130 de
1373 5075 1615 5145 subjecto
1643 5073 1934 5144 prmdicent
1993 5072 2136 5143 quod

555 5175 800 5245 subjecto
829 5173 1018 5227 adesse
1047 5169 1217 5240 possit
1259 5175 1314 5223 et
1342 5167 1553 5235 abesse,
1582 5166 1652 5219 ita
1702 5173 1761 5219 ut
1805 5165 2049 5229 excedat,
2077 5173 2142 5219 ut

556 5269 726 5324 virtus
764 5266 1058 5330 hominem,
1083 5260 1170 5317 vel
1199 5261 1248 5315 id
1294 5259 1434 5331 quod
1466 5260 1655 5315 adesse
1702 5259 1916 5328 quidem
1957 5267 2137 5327 queat,

557 5358 652 5415 sed
684 5374 787 5414 non
811 5356 979 5428 possit
1002 5354 1286 5424 adaequare
1326 5351 1646 5420 subjectum,
1675 5361 1731 5405 ιιι
1758 5350 2136 5420 grammaticus

557 5451 853 5516 hominem,
876 5459 1113 5519 utraque
1157 5448 1209 5501 in
1239 5445 1469 5500 falsitate
1505 5444 1925 5499 communicant.
1968 5441 2132 5508 Quid-

558 5544 686 5613 quid
712 5558 839 5599 vero
861 5542 1004 5597 aliud
1033 5540 1188 5594 fuerit
1218 5537 1586 5607 prazdicatum.
1614 5551 1772 5589 unam
1801 5535 2024 5595 Veritas,
2056 5532 2137 5587 al-

558 5643 729 5691 teram
757 5631 956 5688 falsitas
975 5637 1347 5697 consequetur;
1376 5638 1432 5682 ut
1455 5638 1632 5682 autem
1660 5626 1815 5679 simul
1845 5640 1983 5677 vera:
2005 5624 2133 5693 sint,

2246 4428 2319 4482 tia
2365 4428 2601 4492 homine,
2635 4444 2730 4484 seu
2768 4432 2966 4496 minus,
2998 4439 3057 4484 ut
3086 4431 3464 4499 grammaticus
3493 4428 3560 4481 ah
3590 4428 3823 4484 homine.

2243 4516 2297 4573 Si
2328 4518 2453 4587 quid
2488 4532 2616 4573 vero
2646 4520 2790 4573 aliud
2840 4520 2995 4574 fuerit
3025 4520 3395 4593 praedicatum,
3428 4519 3625 4574 veritas
3652 4519 3706 4573 in
3735 4533 3827 4575 ea:

2243 4621 2307 4662 ac
2335 4608 2535 4663 falsitas
2565 4608 2922 4675 distribuitur,
2956 4610 3026 4665 ita
3069 4618 3128 4665 ut
3164 4625 3437 4681 nunquam
3478 4625 3825 4666 communem

2243 4714 2478 4755 consone
2503 4711 2538 4754 ιι
2590 4700 2894 4758 falsitatem.
2941 4703 3297 4759 Particulares
3324 4718 3536 4773 quoque
3567 4704 3827 4773 negativm

2242 4788 2295 4844 in
2322 4791 2587 4846 similibus
2636 4795 2879 4849 terminis
2926 4795 3156 4851 veritate
3194 4795 3543 4850 concordant.
3589 4794 3725 4850 Nam
3781 4794 3828 4853 si

2243 4881 2385 4950 quod
2415 4882 2606 4938 adesse
2631 4883 2715 4937 vel
2742 4884 2933 4940 abesse
2974 4895 3168 4954 potest,
3217 4886 3332 4941 sive
3366 4885 3492 4940 illud
3522 4887 3694 4955 majus
3735 4885 3826 4951 sit,

2243 4981 2302 5025 ut
2328 4972 2499 5040 justus
2529 4973 2596 5027 ab
2625 4974 2863 5039 homine,
2913 4976 3028 5031 sive
3076 4976 3274 5042 minus,
3332 4985 3391 5030 ut
3443 4977 3827 5044 grammaticus

2242 5062 2312 5117 ah
2341 5064 2580 5133 homine,
2611 5066 2678 5122 de
2706 5068 2947 5135 subjecto
2988 5068 3331 5137 prmdicetur,
3357 5070 3557 5124 veritas
3587 5071 3829 5136 utrisque

2241 5157 2527 5212 constabit.
2558 5157 2615 5211 In
2667 5158 2789 5213 aliis
2815 5174 2946 5215 vero
2992 5159 3197 5215 cunctis
3242 5159 3708 5230 praedicationibus
3737 5158 3829 5213 uni

2243 5251 2463 5315 veritas,
2496 5250 2651 5304 alteri
2692 5250 2896 5306 falsitas
2938 5251 3100 5307 cedit.
3147 5251 3431 5321 Nunquam
3459 5262 3636 5307 tamen
3663 5260 3829 5305 utrae-

2240 5356 2346 5412 que
2387 5342 2439 5396 in
2488 5342 2762 5411 prodenda
2803 5343 3034 5398 falsitate
3064 5342 3423 5399 consentient.
3459 5342 3662 5397 Prmter
3689 5344 3830 5396 hanc

2240 5447 2417 5491 autem
2450 5437 2588 5492 inter
2616 5451 2675 5492 se
2701 5436 3123 5492 convenientiam
3157 5436 3597 5506 propositionum,
3633 5432 3831 5491 habent

2241 5530 2438 5601 aliquid
2468 5531 2552 5586 ha:
2593 5531 2867 5601 proprium
2898 5544 3015 5599 qua:
3041 5528 3387 5599 prmdicatum
3430 5525 3638 5595 adjecta
3666 5538 3805 5594 nega

2242 5626 2384 5680 tione
2417 5623 2785 5695 pronuntiant,
2829 5622 2970 5692 quod
3018 5622 3227 5676 caeteris
3278 5621 3456 5674 inesse
3484 5633 3589 5671 non
3637 5616 3830 5684 possit.

562 5724 746 5793 nequit
770 5722 1000 5779 ostendi.
1035 5720 1440 5778 Particularium
1462 5734 1587 5772 vero
1610 5716 1995 5771 altirtnationes
2017 5719 2136 5786 qui-
2162 5707 2209 5773 C
2242 5717 2637 5772 Atlirmationes
2681 5730 2909 5784 namque
2958 5714 3351 5783 negationibus,
3401 5709 3830 5780 negationesque

564 5815 689 5873 dem
718 5813 879 5875 simul
897 5827 1037 5874 vera:
1065 5820 1210 5881 sunt.
1238 5811 1285 5870 si
1330 5808 1567 5880 idquod
1612 5807 1692 5867 vel
1746 5808 1935 5867 adesse
1972 5809 2143 5877 possit

2249 5809 2708 5875 alﬁrmationibus,
2756 5820 2983 5876 quarum
3022 5804 3339 5864 universalis
3380 5810 3460 5860 est
3506 5799 3828 5871 prepositio,
