4056 6330
241 346 347 401 785

1069 316 1529 402 turnonucrto
1570 343 1659 399 AD
1701 311 2171 398 svt.t.octs.\tos
2207 334 2703 393 carecomcos.

3406 340 3507 398 786

246 460 479 527 itemque
508 453 858 526 particulares
882 452 1271 509 afﬁrmationes
1297 440 1695 523 negationibus,
1726 464 1823 507 ne-
1854 453 1909 514 Α
1933 449 2258 506 venientium
2303 458 2480 503 autem
2513 446 2756 502 ordinem
2805 444 3110 514 seriemque
3138 439 3513 506 describimus,"

246 552 491 620 gationes
515 548 965 604 afﬁrmationibus
989 546 1064 603 ita
1094 548 1444 610 conveniunt,
1472 554 1529 599 ut
1557 560 1827 614 nunquam

247 656 420 713 neque
442 641 494 696 in
526 640 777 705 falsitate,
806 654 978 709 neque
1001 638 1053 692 in
1081 638 1305 692 veritate
1328 636 1655 692 discordent.
1689 635 1829 691 Con-

1938 556 2069 612 quas
2107 542 2151 595 si
2196 542 2325 609 quis‘
2365 542 2415 593 in
2462 540 2706 608 superius
2755 536 2927 607 posita
2974 531 3288 605 respexerit,
3316 527 3516 588 videbit

1936 634 2262 706 angulariter
2287 648 2591 690 conversas.

671 757 862 814 Omnis
897 756 1058 813 homo
1082 753 1362 810 rationalis
1394 760 1479 808 est
1748 750 2088 807 Conveniunt
2234 750 2421 805 Nullus
2451 750 2612 803 homo
2640 762 2746 804 non
2776 745 3053 805 rationalis
3074 752 3180 811 est.

672 851 861 907 Omnis
898 850 1062 905 homo
1101 862 1208 902 non
1237 846 1514 901 rationalis
1539 854 1626 901 est
1747 843 2093 902 Conveniunt
2236 843 2426 899 Nullus
2458 842 2618 897 homo
2648 842 2922 896 rationalis
2962 848 3064 896 est.

674 953 903 1022 Quidam
934 951 1098 1006 homo
1127 964 1232 1006 non
1258 947 1537 1001 rationalis
1566 955 1650 1003 est
1749 946 2091 1001 Conveniunt
2240 942 2466 1012 Quidam
2496 940 2657 996 homo
2682 938 2956 994 rationalis
2982 951 3087 991 non
3114 943 3218 991 est.

683 1046 912 1114 Quidam
955 1046 1117 1101 homo
1140 1046 1418 1102 rationalis
1454 1052 1538 1097 est
1753 1041 2089 1098 Conveniunt
2233 1036 2461 1105 Quidam
2493 1037 2653 1091 homo
2680 1050 2787 1090 non
2814 1033 3089 1090 rationalis
3112 1046 3219 1087 non
3246 1036 3350 1087 est.

245 1161 405 1233 Quod
433 1158 636 1217 idcirco
682 1158 737 1213 in
767 1158 855 1215 his
901 1166 1105 1212 tantum
1154 1156 1360 1211 videtur
1413 1154 1650 1220 evenire,
1692 1152 1838 1223 quod

248 1258 322 1314 de
360 1254 549 1311 eodem
573 1250 818 1321 subjecto
855 1259 1078 1320 uterque
1126 1248 1439 1317 intelligitur
1467 1247 1600 1301 ordo
1624 1245 1840 1316 opposi-

246 1347 438 1405 tionis.
489 1343 623 1399 Nam
653 1355 774 1412 quae
801 1340 951 1407 dicit,
982 1339 1160 1394 omnis
1205 1339 1364 1392 homo
1410 1336 1688 1391 rationalis
1732 1342 1834 1400 est,

245 1438 320 1495 de
344 1434 563 1491 homine
592 1435 853 1489 rationale
880 1432 1221 1501 praedicavit;
1254 1441 1381 1485 item
1423 1446 1539 1498 qua!
1565 1428 1838 1499 proponit,

246 1527 428 1583 omnis
456 1524 619 1580 homo
646 1537 755 1578 non
798 1523 1072 1578 rationalis
1114 1530 1219 1586 est,
1276 1522 1343 1576 de
1390 1521 1577 1576 eodem
1627 1520 1843 1574 homine

253 1621 514 1679 rationale
542 1618 796 1689 sejunxit,
827 1624 884 1671 ut
929 1616 1124 1672 merito
1152 1615 1422 1684 simplices
1458 1613 1842 1667 afﬁrmationes

256 1712 530 1782 negationi
553 1708 910 1764 consentiant.
931 1710 997 1762 At
1013 1722 1117 1761 non
1147 1707 1199 1761 in
1227 1706 1350 1760 aliis
1374 1705 1685 1775 intelligitur
1702 1704 1842 1757 idem

1947 1165 2176 1220 eamque
2227 1156 2511 1205 convertat
2564 1146 2749 1203 dicens
2807 1145 3086 1217 quemdam
3133 1142 3358 1212 lapidem
3404 1152 3530 1198 esu

1949 1244 2244 1307 hominem,
2267 1240 2465 1297 mansit
2493 1240 2545 1295 in
2576 1240 2819 1309 utrisque
2836 1234 3194 1292 mendacium.
3228 1234 3337 1289 Hoc
3365 1233 3528 1302 igitur

1950 1339 2114 1394 modo
2142 1336 2429 1391 afﬁrmatio
2474 1332 2810 1405 particularis
2855 1331 2941 1386 sui
2984 1329 3173 1399 recipit
3218 1322 3529 1382 conversio-

1951 1447 2094 1488 nem.
2128 1429 2259 1485 Item
2298 1428 2509 1497 negatio
2537 1425 2857 1481 universalis
2898 1422 3139 1479 converti
3172 1427 3369 1489 potest,
3400 1425 3457 1472 ut
3483 1416 3531 1472 si

1951 1524 2071 1593 quis
2098 1522 2340 1577 enuntiet
2383 1522 2587 1576 nullum
2642 1519 2910 1573 hominem
2960 1530 3078 1571 esse
3106 1513 3533 1582 lapidem,eam-

1948 1616 2177 1686 demque
2224 1616 2502 1671 conversis
2548 1613 2791 1669 terminis
2844 1612 2988 1667 dicat
3041 1610 3242 1664 nullum
3301 1606 3536 1678 lapidem

1952 1725 2071 1765 esse
2109 1690 2406 1776 hominem,
2438 1709 2600 1762 simul
2646 1708 2933 1763 veritatem
2975 1714 3207 1759 tuentur.
3249 1703 3316 1757 At
3346 1701 3391 1754 si
3418 1699 3538 1770 quis

255 1816 380 1858 esse
418 1800 737 1869 ευδΙθειυιη·
778 1797 908 1853 Nam
945 1805 999 1852 θι
1047 1797 1135 1850 illa
1176 1810 1295 1866 (ιιιω
1336 1796 1584 1863 Proponit
1628 1808 1844 1848 omnem
1877 1808 1926 1868 B
1951 1803 2093 1858 dicat
2123 1802 2329 1856 nullum
2362 1801 2633 1855 hominem
2683 1813 2804 1855 esse
2848 1798 3080 1863 animal,
3108 1782 3267 1865 atque
3294 1792 3540 1849 eamdem

258 1906 367 1948 non
409 1891 681 1946 hominem
715 1903 834 1945 esse
862 1887 1176 1944 rationalem
1203 1928 1218 1952 ,
1262 1895 1316 1941 et
1346 1887 1433 1940 illa
1456 1901 1573 1955 quae
1602 1887 1846 1940 enuntiat

260 1998 476 2040 omnem
506 1980 612 2038 non
638 1981 909 2038 hominem
942 1964 1061 2037 esse
1084 1995 1191 2034 non
1229 1979 1512 2043 risibilem,
1541 1979 1607 2032 de
1630 1978 1845 2033 homine

257 2091 369 2131 non
416 2075 728 2145 loquuntur,
779 2073 874 2130 sed
918 2072 1154 2142 quolibet
1186 2070 1291 2125 alio
1320 2070 1460 2140 quod
1494 2070 1724 2123 hominis
1752 2083 1847 2124 ne-

255 2168 473 2241 satione
495 2167 837 2236 relinquitur.
867 2166 1041 2234 Atque
1072 2163 1192 2218 ideo
1220 2163 1655 2217 velutextraneae
1684 2170 1849 2229 atque

257 2275 292 2316 ι
319 2268 490 2316 semet
516 2258 726 2323 alienae,
759 2272 860 2313 nec
898 2258 952 2311 in
1006 2256 1239 2311 veritate
1297 2254 1573 2324 possident
1615 2254 1848 2324 aliquam

258 2358 368 2407 nec
396 2351 451 2403 in
494 2347 727 2404 falsitate
770 2347 1134 2404 concordiam.
1166 2346 1476 2403 lndetiuitas
1515 2358 1694 2401 autem
1725 2344 1855 2417 pro;

258 2442 600 2514 positiones,
655 2440 928 2511 .quoniam
1001 2439 1411 2510 particularibus
1477 2439 1678 2494 similes
1728 2453 1853 2495 esse

257 2534 704 2599 monstravimus,
735 2533 1100 2607 adjungendas
1130 2534 1499 2605 superioribus
1516 2549 1619 2588 non
1645 2533 1849 2604 putavi.

261 2624 326 2683 Id
355 2626 499 2680 enim
535 2624 824 2680 indeﬁnitis
866 2641 1086 2683 necesse
1126 2636 1209 2683 est
1237 2626 1475 2690 evenire,
1507 2624 1651 2694 quod
1692 2623 1855 2693 parti-

257 2716 539 2772 cularibus
572 2718 709 2772 solet
756 2717 1050 2775 incurrere.
1097 2719 1380 2789 Expeditis
1410 2719 1571 2788 igitur
1601 2718 1684 2773 his
1724 2731 1853 2787 pro-

266 2808 625 2880 positionibus
659 2824 778 2880 qute
806 2806 888 2866 ex'
915 2813 1158 2883 utrisque
1185 2812 1582 2867 communicant
1612 2810 1858 2866 terminis

268 2907 429 2970 atque
455 2899 645 2955 eodem
676 2901 864 2956 ordine
886 2904 1179 2971 collocatis,
1214 2920 1354 2959 nunc
1381 2920 1499 2959 eam
1532 2903 1856 2974 propositio.

269 3006 401 3047 num
451 2991 877 3047 convenientiam
918 2995 1000 3049 vel
1040 2995 1503 3065 participationem
1548 2995 1853 3064 loquamur,

272 3097 392 3154 quae
419 3081 473 3137 iu
495 3082 734 3153 utrisque
773 3083 987 3154 quidem
1029 3088 1275 3141 terminis
1321 3085 1718 3152 convenientia,
1761 3084 1860 3140 sed

1949 1895 2048 1969 sub
2076 1895 2428 1948 terminorum
2452 1894 2807 1948 conversione
2837 1898 3098 1961 pr0ponat
3122 1889 3308 1944 dicens
3336 1885 3542 1942 nullum

1949 1987 2145 2041 animal
2175 2001 2294 2041 esse
2329 1986 2625 2050 hominem,
2651 1990 2840 2039 neutra
2884 1996 3034 2036 suam
3078 1978 3309 2051 perdidit
3337 1975 3541 2032 falsita-

1953 2088 2081 2133 tem.
2132 2077 2246 2131 Hoc
2296 2076 2460 2145 igitur
2507 2075 2667 2130 modo
2717 2073 3034 2129 universalis
3079 2087 3291 2143 quoque
3333 2068 3545 2139 negatio

1952 2172 2056 2228 sibi
2086 2171 2198 2241 ipsa
2230 2170 2579 2236 convertitur,
2612 2168 2934 2224 universalis
2962 2181 3090 2221 vero
3118 2164 3402 2220 afﬁrmatio
3433 2175 3544 2219 non

1954 2274 2103 2321 tenet
2125 2273 2432 2333 perpetuam
2452 2264 2862 2318 conversionem
2878 2278 2893 2319 :
2910 2260 3154 2331 quamvis
3172 2258 3316 2316 enim
3338 2256 3546 2328 quoties

1954 2359 2025 2414 de
2063 2357 2349 2427 speciebus
2386 2356 2603 2426 propria
2644 2355 3002 2425 praedicantur
3051 2351 3291 2409 converti
3335 2350 3546 2406 univer-

1957 2451 2098 2505 sales
2140 2449 2528 2503 aflirmationes
2573 2434 2810 2517 queant,
2842 2457 2901 2502 ut
2948 2448 2994 2501 si
3037 2447 3159 2517 quis
3202 2445 3345 2501 dicat
3373 2443 3550 2500 omnis

1959 2541 2119 2595 homo
2149 2540 2369 2595 risibilis
2404 2547 2509 2604 est,
2540 2539 2734 2609 poterit
2766 2537 3117 2593 terminorum
3145 2535 3388 2591 ordinem
3417 2549 3545 2604 per-

1959 2642 2190 2702 mutare,
2241 2647 2401 2687 omne
2449 2631 2654 2686 risibile
2697 2645 2818 2687 esse
2864 2630 3172 2696 hominem,
3214 2638 3392 2683 tamen
3440 2642 3547 2683 non

1962 2734 2046 2780 est
2076 2724 2192 2779 haec
2224 2723 2445 2793 aequalis
2472 2731 2631 2793 atque
2662 2722 2715 2777 in
2742 2723 2995 2777 omnibus
3023 2721 3265 2775 terminis
3295 2720 3399 2774 ﬁda
3424 2733 3552 2774 con-

1963 2815 2164 2871 versio.
2212 2815 2351 2882 Quid
2399 2816 2543 2870 enim
2589 2828 2710 2868 cum
2762 2813 2879 2883 quis
2930 2814 3000 2867 ita
3049 2812 3330 2882 proponit,
3380 2811 3555 2868 omnis

1963 2906 2128 2961 homo
2176 2906 2374 2960 animal
2420 2906 2537 2963 est?
2580 2896 2813 2982 nunqt'iid
2860 2914 3173 2960 convertere
3202 2918 3327 2959 vere
3358 2912 3553 2974 potest,

1965 3004 2023 3051 ut
2050 3011 2210 3052 omne
2254 2996 2449 3052 animal
2496 2996 2769 3051 hominem
2818 3009 2941 3051 esse
2988 2993 3331 3064 pronuntiet?
3375 2995 3554 3063 Quare

1964 3103 2089 3144 cum
2128 3087 2410 3157 aliquoties
2454 3087 2775 3142 universalis
2818 3086 3103 3142 afﬁrmatio
3144 3099 3401 3141 Conversa
3431 3100 3557 3155 pro-

274 3173 480 3229 ordinis
517 3178 939 3241 commutatione
965 3180 1285 3245 consistunt,
1318 3180 1468 3249 cujus
1509 3180 1853 3249 disceptatio-
1887 3209 1933 3273 ο
1968 3182 2136 3252 priam
2188 3196 2293 3235 non
2353 3190 2531 3236 teneat
2581 3182 2861 3236 veritatem
2884 3221 2899 3247 ,
2947 3180 3142 3234 dicitur
3189 3179 3557 3235 conversionis

275 3264 362 3320 nis
391 3264 478 3320 hic
506 3266 627 3321 ﬁnis
666 3278 771 3334 est,
812 3269 879 3324 de
909 3273 1332 3340 prepositionum
1373 3273 1725 3327 conversione
1765 3272 1860 3325 do-

275 3357 502 3423 cuisse;
557 3359 683 3431 quid
745 3362 885 3415 enim
920 3371 1002 3417 est
1029 3363 1171 3417 aliud
1223 3364 1616 3432 propositiones
1652 3371 1859 3417 mutato

278 3446 467 3504 ordine
491 3451 779 3506 convenire
828 3454 1068 3523 utrisque
1098 3456 1363 3521 terminis,
1393 3456 1491 3510 nisi
1537 3456 1862 3524 propositio-

282 3554 379 3596 nes
407 3542 956 3600 converti?Converti
985 3556 1160 3601 autem
1198 3549 1281 3601 vel
1307 3548 1411 3601 sibi
1443 3549 1525 3601 vel
1566 3547 1685 3601 aliis
1740 3562 1863 3615 pro-

281 3633 573 3703 positiones
601 3635 869 3701 dicuntur,
892 3640 1124 3706 quoties,
1157 3648 1359 3693 mutato
1389 3639 1579 3694 ordine
1606 3641 1865 3693 termino-

282 3738 433 3792 rum,
491 3725 544 3780 id
599 3735 683 3781 est
732 3729 873 3797 quod
926 3729 1225 3799 subjectum
1259 3729 1433 3786 fuerat
1477 3731 1766 3801 praedicato
1811 3741 1866 3787 et

282 3814 427 3883 quod
479 3817 868 3881 praedicabatur
915 3828 1040 3875 ante
1086 3822 1348 3890 subjecto,
1396 3824 1674 3877 veritatem
1706 3822 1866 3877 simul

285 3905 525 3962 obtinent
568 3910 654 3964 vel
701 3911 1004 3967 falsitatem.
1075 3912 1148 3966 De
1196 3915 1387 3983 quibus
1435 3915 1739 3980 plenissime
1778 3914 1865 3970 hic

284 3994 583 4067 disputandi
616 4016 890 4057 sumemus
927 4005 1228 4059 exordium.
1264 4007 1501 4073 Quatuor
1544 4008 1868 4078 propositio-

289 4106 385 4146 nes
400 4107 518 4147 esse
548 4094 926 4162 prmdisimus;
946 4113 1067 4168 quae
1089 4098 1317 4153 habeant
1337 4099 1670 4154 differentias
1693 4116 1893 4169 quan-.

285 4186 496 4241 titatum
546 4197 600 4242 et
647 4188 883 4258 utrisque
922 4191 1162 4245 terminis
1191 4189 1393 4260 absque
1422 4190 1625 4245 ordinis
1654 4206 1869 4260 permu-

285 4284 488 4339 tatione
540 4284 875 4353 participant.
932 4284 1026 4340 Ha:
1068 4300 1197 4340 vero
1247 4295 1371 4339 sunt
1416 4283 1699 4337 afﬁrmatio
1751 4284 1870 4337 uni-

295 4377 515 4432 versalis
548 4419 564 4445 ,
630 4377 842 4447 negatio
893 4379 1244 4443 universalis,
1287 4377 1572 4431 afﬁrmatio
1634 4375 1868 4445 particu-

292 4467 438 4531 laris,
468 4467 678 4537 negatio
706 4467 1059 4536 particularis.
1098 4469 1295 4524 llarum
1345 4470 1506 4540 igitur
1534 4468 1870 4539 particularis

1969 3284 2213 3329 naturam
2241 3286 2347 3327 non
2385 3287 2544 3342 posse
2574 3272 2867 3342 suscipere.
2898 3270 3118 3341 Negatio
3147 3286 3360 3342 quoque
3390 3269 3557 3341 parti-

1966 3364 2164 3421 enlaris
2212 3364 2482 3418 interdum
2530 3364 2741 3417 videtur
2786 3376 2943 3431 posse
2990 3362 3265 3425 converti,
3303 3360 3465 3414 veluti
3510 3359 3559 3414 si

1968 3456 2086 3524 quis
2114 3456 2355 3508 enuntiet
2384 3454 2670 3524 quemdam
2711 3453 2983 3507 hominem
3010 3452 3241 3522 lapidem
3274 3467 3380 3505 non
3411 3464 3556 3518 esse,

1968 3563 2157 3601 verum
2192 3548 2462 3617 loquetur,
2494 3562 2613 3600 cum
2639 3546 2838 3601 dixerit
2866 3544 3151 3615 quemdam
3183 3543 3417 3612 lapidem
3454 3541 3555 3595 ho-

1970 3641 2169 3696 minem
2220 3656 2327 3695 non
2370 3654 2517 3705 esse;
2565 3638 2658 3693 sed
2700 3646 2782 3693 est
2816 3636 3081 3692 instabilis
3106 3645 3161 3691 et
3188 3638 3391 3691 incerta
3422 3650 3558 3690 con-

1969 3738 2336 3790 versioznam
2385 3748 2505 3787 cum
2552 3731 2768 3801 quidam
2819 3729 2979 3784 homo
3023 3730 3404 3799 grammaticus
3448 3740 3558 3783 non

1970 3831 2062 3893 sit,
2092 3828 2284 3882 falsum
2317 3836 2400 3882 est
2428 3826 2608 3881 dicere
2640 3824 2923 3895 quemdam
2952 3823 3357 3893 grammaticum
3387 3821 3559 3875 homi-

1972 3936 2095 3976 nem
2128 3935 2233 3974 non
2264 3934 2402 3973 esse.
2438 3919 2508 3972 lta
2540 3919 2700 3988 igitur
2724 3919 2843 3973 haec
2871 3931 3082 3986 quoque
3105 3914 3397 3971 conversio
3429 3927 3558 3984 pro-

1973 4014 2118 4069 tinus
2142 4027 2172 4067 a
2198 4028 2293 4067 sua
2319 4012 2548 4066 veritate
2578 4010 2779 4065 deﬁcit.
2824 4009 3081 4078 Superius
3124 4007 3285 4077 igitur
3316 4005 3559 4075 proposi-

1972 4115 2147 4163 tarum
2176 4116 2404 4176 quatuor
2425 4106 2848 4160 enuntiationum
2877 4102 2997 4157 dure
3033 4102 3248 4170 quidem
3271 4100 3557 4172 oppositae,

1973 4198 2026 4253 id
2056 4208 2139 4251 est
2166 4196 2502 4267 particularis
2550 4194 2837 4251 afﬁrmatio
2866 4202 2920 4248 et
2961 4194 3277 4248 universalis
3323 4193 3561 4264 negatio,

1974 4292 2380 4341 conversionem
2409 4285 2491 4339 sui
2534 4284 2742 4339 ﬁrmam
2782 4294 3202 4352 perpetuamque
3239 4282 3560 4353 suscipiunt;

1974 4375 2095 4430 dua:
2125 4390 2255 4430 vero
2295 4375 2574 4443 Oppositte,
2609 4374 2662 4429 id
2706 4383 2788 4430 est
2819 4373 3107 4428 afﬁrmatio
3154 4374 3473 4432 universalis
3502 4385 3559 4432 et

1974 4472 2187 4538 negatio
2236 4468 2567 4537 particularis
2588 4507 2605 4534 ,
2644 4464 3010 4521 conversionis
3042 4479 3146 4519 non
3180 4475 3361 4522 tenent
3395 4468 3561 4522 ﬁrmi-

290 4558 571 4613 afﬁrmatio
616 4560 1009 4628 particulariter
1061 4560 1275 4628 quidem
1342 4561 1443 4615 sibi
1492 4561 1603 4630 ipsa
1645 4576 1870 4615 conver—
1901 4568 2165 4654 Dtatem,
2195 4559 2291 4614 sed
2333 4560 2454 4629 quia
2502 4556 2823 4613 universalis
2870 4556 3182 4624 afﬁrmatio,
3211 4571 3331 4627 qua:
3377 4558 3429 4612 in
3477 4558 3564 4617 sui

299 4653 447 4715 titur,
477 4652 764 4707 universali
805 4664 983 4709 autem
1030 4656 1364 4712 afﬁrmationi
1398 4672 1491 4726 per
1517 4658 1789 4724 accidens,
1821 4668 1874 4716 et

290 4756 473 4797 rursus
507 4742 827 4798 universalis
869 4747 1103 4813 negatio,
1150 4747 1267 4802 loco
1297 4748 1536 4816 principe
1567 4750 1646 4802 sui
1683 4750 1875 4819 recipit

288 4832 718 4901 conversionem,
743 4834 807 4886 ad
840 4835 1216 4903 partieularem
1246 4851 1374 4890 vero
1406 4842 1741 4907 negationem
1776 4854 1876 4907 per

288 4923 533 4979 accidens
570 4925 808 4977 converti
838 4932 1033 4992 potest.
1086 4924 1469 4982 Afﬁrmatiouis
1498 4942 1625 4982 vero
1653 4929 1873 4983 univer-

288 5016 510 5071 salioad
540 5031 601 5072 se
630 5018 797 5085 ipsam
831 5027 1085 5086 perpetua
1132 5033 1236 5071 non
1283 5027 1461 5087 potest
1498 5034 1617 5074 esse
1649 5035 1875 5075 conver-

287 5104 395 5173 sio,
424 5106 493 5160 ad
521 5105 893 5174 particularem
918 5122 1046 5163 vero
1068 5108 1483 5164 afﬁrmationem
1509 5125 1605 5178 per
1627 5112 1876 5168 accidens

287 5201 489 5267 potest.
522 5193 631 5249 Nec
660 5210 790 5251 vero
818 5197 1118 5267 negationis
1149 5198 1485 5266 particularis
1514 5199 1579 5253 ad
1622 5215 1680 5255 se
1707 5201 1875 5268 ipsam
1922 5211 1933 5223 '

288 5284 654 5357 principaliter
669 5286 876 5341 stabilis
899 5302 960 5341 ac
982 5285 1135 5341 ﬁrma
1163 5289 1447 5343 conversio
1463 5296 1565 5353 est,
1603 5289 1694 5343 sed
1722 5303 1881 5357 nega-

290 5377 422 5432 tioni
448 5377 735 5433 universali
756 5376 995 5432 secundo
1010 5378 1126 5432 loco
1138 5386 1296 5449 atque
1313 5377 1732 5433 accidentalitcr.
1752 5379 1881 5445 Qua

291 5467 470 5523 omnia
502 5466 710 5523 facilius
734 5466 1073 5523 declarantur
1097 5468 1377 5536 exemplis.
1415 5468 1716 5521 Afﬁrmatio
1738 5468 1878 5523 enim

294 5556 653 5626 particularis,
680 5566 741 5612 ut
768 5572 831 5615 ea
855 5574 976 5629 qua:
1002 5559 1270 5629 proponit,
1296 5558 1508 5629 quidam
1540 5559 1701 5613 homo
1722 5559 1877 5614 albus

295 5653 398 5713 est,
414 5646 565 5704 facile
575 5648 676 5704 sibi
690 5648 803 5719 ipsa
816 5651 1167 5716 convertitur,
1186 5651 1230 5707 si
1242 5651 1503 5716 dicamus,
1520 5651 1785 5721 quoddam
1799 5649 1878 5705 al-

298 5734 707 5804 bumhomoest,
732 5742 965 5811 atquein
992 5742 1235 5813 utrisque
1254 5741 1620 5798 simulveritas
1644 5748 1875 5796 constat.

297 5830 367 5890 At
390 5832 436 5890 si
456 5834 575 5908 quis
597 5844 859 5908 proponat
876 5837 1162 5910 quemdam
1186 5837 1457 5896 hominem
1477 5852 1600 5898 esse
1619 5836 1878 5911 lapidem,

1980 4652 2335 4707 conversione
2374 4650 2583 4705 videtur
2624 4649 2922 4717 instabilis,
2950 4650 2994 4704 si
3026 4664 3151 4705 vera
3191 4660 3292 4717 est,
3327 4653 3561 4721 particu-

1980 4745 2146 4802 larem
2205 4759 2415 4815 quoque
2468 4743 2877 4797 afﬁrmationem
2926 4758 3109 4796 veram
3162 4758 3281 4797 esse
3335 4757 3561 4799 necesse

1980 4846 2082 4892 est.
2124 4835 2181 4891 Si
2216 4846 2393 4889 autem
2436 4834 2769 4903 particularis
2815 4834 3100 4887 affirmatio
3146 4847 3402 4889 conversa
3450 4846 3560 4889 non

1981 4926 2178 4980 amittit
2224 4924 2491 4994 propriam
2542 4926 2847 4990 veritatem,
2880 4924 3196 4979 universalis
3242 4938 3454 4994 quoque
3484 4922 3561 4977 afa

1985 5015 2216 5071 ﬁrmatio
2258 5030 2513 5071 conversa
2573 5016 2880 5086 particulari
2930 5015 3272 5071 afﬁrmationi
3316 5016 3562 5073 eamdem

1983 5105 2266 5161 veritatem
2299 5106 2529 5171 sonabit,
2556 5106 2702 5161 velut
2738 5106 2821 5161 his
2848 5108 3111 5177 exemplis
3139 5108 3470 5178 probabitur.
3503 5108 3562 5164 Si

1986 5198 2105 5267 quis
2148 5197 2290 5251 enim
2330 5206 2591 5266 proponat
2619 5212 2832 5252 omnem
2880 5198 3148 5253 hominem
3179 5211 3299 5251 esse
3338 5196 3587 5269 animal”

1985 5303 2169 5343 verum
2201 5288 2415 5354 dixerit,
2443 5288 2599 5359 hujus
2628 5289 2934 5344 subalterna
2962 5288 3300 5358 particularis
3326 5286 3562 5341 afﬁrma-

1985 5380 2061 5433 tio
2090 5378 2369 5449 quemdam
2402 5379 2670 5435 hominem
2701 5394 2820 5436 esse
2847 5380 3044 5434 animal
3063 5418 3078 5444 .
3105 5393 3164 5435 ea
3196 5391 3407 5449 quoque
3432 5392 3562 5436 vera

1982 5480 2084 5539 est,
2117 5471 2368 5541 quoniam
2400 5473 2716 5528 universalis
2757 5470 3126 5527 afﬁrmationis
3170 5471 3367 5527 veritas
3409 5479 3563 5528 antc-

1981 5563 2164 5617 cessit.
2211 5563 2317 5618 Sed
2354 5565 2595 5621 eamdem
2640 5564 2877 5621 converti
2906 5563 3008 5620 sibi
3050 5562 3328 5620 verissime
3357 5573 3560 5636 potest,

1981 5652 2178 5708 dicitur
2210 5656 2353 5710 enim
2399 5656 2661 5723 quoddam
2705 5657 2900 5711 animal
2928 5669 3050 5712 esse
3093 5655 3382 5714 hominem.
3414 5658 3563 5726 Quo-

1981 5746 2122 5799 circa
2175 5746 2461 5802 aftirmatio
2514 5747 2826 5802 universalis
2878 5761 2996 5817 qua:
3049 5746 3299 5818 proponit
3343 5762 3563 5808 omnem

1983 5836 2256 5895 hominem
2282 5852 2402 5895 esse
2429 5838 2647 5906 animal,
2678 5847 2732 5895 et
2758 5853 3019 5898 conversa
3048 5839 3387 5914 particularis
3413 5837 3561 5901 afﬁr-
