4112 6332
535 358 637 416 787

1770 338 1882 415 an.
1923 358 2133 416 MANL.
2171 358 2323 416 sev.
2363 356 2585 415 BOE'I‘II

3711 356 3818 414 788

535 474 701 533 matio
730 488 847 545 qua:
898 472 1202 542 pronuntiat
1243 471 1511 543 quoddam
1560 472 1754 526 animal
1786 487 1910 529 esse
1942 473 2118 529 homi-
2144 478 2199 540 Α
2225 477 2399 544 Atque
2446 477 2499 529 in
2549 472 2632 528 his
2673 472 3134 529 enuntiationibus
3175 471 3414 528 converti
3462 472 3677 527 termini
3718 486 3816 544 per

536 582 693 633 neut,
722 578 960 637 utraeque
1006 566 1164 620 simul
1213 580 1240 618 a
1287 565 1528 620 veritatis
1574 564 1964 635 signiﬁcatzone
2010 580 2118 621 non

537 660 815 716 deﬁciunt.
870 660 945 714 lta
989 659 1149 730 igitttr
1195 659 1514 713 universalis
1544 659 1858 727 afﬁrmatio,
1893 674 2009 729 qum
2035 660 2120 716 sui

536 750 943 808 conversionem
1009 763 1317 820 perpetuam
1379 754 1518 807 ferre
1578 769 1683 809 non
1737 761 1977 821 poterat,
2027 767 2122 820 per

538 843 787 897 accidens
833 841 1139 912 particulari
1180 841 1521 898 al‘ﬁrmationi
1567 858 1828 899 conversa
1868 853 1971 898 est.
2018 843 2121 898 Per

538 934 787 991 accidens
825 945 1001 991 autem
1032 934 1152 992 ideo
1183 938 1435 1007 quoniam
1474 938 1812 1006 particularis
1834 938 2120 991 afﬁrmatio

539 1030 783 1099 principe
812 1029 911 1083 sibi
962 1030 1073 1099 ipsa
1107 1030 1224 1084 loco
1254 1030 1603 1094 convertitur,
1633 1047 1908 1085 conversa:
1940 1042 2118 1085 autem

538 1124 842 1196 particulari
862 1122 1207 1178 amrntationi
1231 1125 1547 1178 universalis
1566 1123 1849 1179 afﬁrmatio
1874 1124 2118 1181 eamdem

504 1220 509 1225 ’
535 1216 728 1271 retinet
761 1213 813 1270 in
841 1215 1064 1269 veritate
1090 1214 1431 1269 sententiam.
1472 1214 1670 1268 Eadem
1698 1215 1815 1269 ideo
1844 1225 1926 1269 est
1956 1215 2119 1269 etiam

537 1305 854 1360 universalis
884 1305 1205 1376 negationis,
1235 1322 1353 1373 quae
1404 1307 1656 1376 quoniam
1700 1307 1811 1374 ipsa
1856 1308 2120 1377 principa-

537 1395 662 1455 liter
689 1398 927 1451 converti
959 1405 1153 1466 potest,
1188 1410 1572 1465 conversaeque
1604 1398 1869 1468 negationi
1901 1399 2118 1452 univer-

537 1490 637 1547 sali
668 1491 757 1547 illa
794 1506 913 1562 quae
939 1491 1249 1551 subalterna
1304 1506 1381 1546 εει
1413 1491 1657 1545 eamdem
1690 1492 1929 1547 veritatis
1960 1489 2121 1545 refert

537 1588 882 1640 sententiam.
926 1582 1273 1639 Particularis
1301 1584 1513 1653 negatio
1540 1597 1800 1639 conversa
1826 1583 1893 1637 ad
1926 1583 2122 1637 verita-

536 1676 608 1732 tis
662 1676 1105 1745 signiﬁcationem
1171 1676 1366 1745 poterit
1424 1678 1745 1743 convenire,
1791 1684 1849 1730 ut
1894 1675 1941 1731 si
2002 1676 2120 1745 quis

538 1768 741 1823 nullum
792 1768 1061 1824 hominem
1106 1782 1227 1823 esse
1276 1767 1503 1837 lapidem
1535 1770 1844 1832 conﬁrmet,
1873 1775 1930 1821 et
1960 1768 2119 1837 hujus

2226 568 2617 639 appositionem
2648 565 2921 632 dicuntur,
2954 565 3320 634 unusquisque
3365 578 3508 619 enim
3553 564 3816 623 termino.

2228 680 2345 719 rum
2383 662 2667 731 negatione
2712 658 2992 728 praeposita
3043 668 3111 713 tet
3128 658 3287 713 minis
3335 658 3650 727 simpliciter
3688 673 3816 730 pro-

2229 756 2485 812 nuntiatis
2513 754 2723 809 videtttr
2754 751 3051 821 oppositus.
3087 747 3256 819 Ilnjus
3284 764 3411 804 vero
3440 748 3813 818 participatio-

2227 856 2311 911 nis
2349 852 2669 920 estutriples
2714 848 2906 905 modus
2931 864 2946 900 :
2975 856 3066 901 aut
3087 846 3232 901 enim
3284 843 3573 913 praedicata
3605 854 3811 902 tantum

2229 948 2480 1014 termino,
2526 945 2737 1016 negatio
2777 942 3040 1014 jungitur,
3066 951 3159 995 aut
3183 939 3446 1011 subjecto,
3470 948 3563 995 aut
3600 941 3812 1009 utrique

2224 1041 2438 1101 termini
2463 1038 2813 1105 denegantur.
2840 1034 3073 1088 Primum
3095 1030 3253 1100 igitur
3275 1030 3548 1101 supposita
3570 1030 3812 1102 descrip-

2225 1133 2371 1188 tione
2395 1130 2694 1200 pandantur
2716 1126 2977 1196 exempla.
3005 1124 3130 1178 Post
3151 1133 3328 1179 autem
3352 1121 3810 1194 quemadmodum

2224 1239 2284 1281 se
2308 1224 2501 1279 habent
2534 1222 2598 1275 ad
2631 1221 2869 1277 veritatis
2898 1216 3216 1273 falsitatisve
3245 1230 3566 1271 consensum
3610 1232 3808 1271 conse-

2224 1317 2437 1387 quentis
2459 1314 2646 1368 ordine
2669 1312 2987 1379 distuttetur.
3019 1311 3096 1363 Ac
3120 1307 3346 1377 primum
3374 1306 3586 1377 quidem
3616 1306 3687 1363 de
3710 1306 3810 1360 hac

2224 1411 2548 1466 disseremus
2569 1406 2721 1476 cujus
2752 1404 3050 1473 subjectum
3079 1401 3532 1474 praedicatumque
3560 1411 3806 1473 negatur.

2223 1503 2354 1559 Post
2406 1514 2536 1556 vero
2580 1501 2732 1569 cujus
2779 1493 3077 1567 subjectum
3126 1492 3319 1559 solum,
3349 1502 3624 1563 postremo
3653 1494 3810 1565 cujus

2223 1595 2316 1668 qui
2347 1594 2665 1664 [indicatur
2713 1588 2977 1645 terminus
3003 1602 3125 1643 cum
3176 1586 3463 1657 negatione
3510 1584 3805 1654 profertur.

2222 1690 2397 1761 Atque
2443 1702 2626 1743 earum
2674 1684 2888 1753 quidem
2935 1693 3180 1739 naturam
3227 1690 3387 1751 atque
3437 1680 3687 1736 ordinem
3734 1695 3802 1739 ex

2222 1781 2552 1852 simplicibus
2576 1777 3004 1835 informabimus.
3031 1774 3313 1846 Simplices
3333 1782 3530 1839 autem,
3560 1774 3613 1830 in
3637 1788 3806 1844 quan-

537 1860 821 1915 θοηνετείο
859 1870 963 1927 es"
995 1859 1196 1913 "unum
1228 1858 1458 1930 lapidem
1505 1873 1624 1913 esse
1672 1858 1963 1927 hO'llinemv
1998 1872 2119 1926 ίιυεε
2151 1864 2196 1924 Β
2226 1877 2433 1932 titatum
2457 1870 2773 1928 diﬁ‘ercntiis
2793 1862 3381 1937 constitutas,quatuor
3401 1882 3523 1923 esse
3546 1877 3805 1923 monstra-

537 1963 659 2006 cum
687 1965 813 2006 vera
844 1951 1126 2018 prtecedat,
1150 1951 1474 2005 subalterna-
1499 1951 1833 2020 particularis
1858 1952 2117 2021 negativm

537 2040 745 2111 perﬁcit
778 2042 1054 2097 veritatean
1086 2058 1100 2095 :
1133 2057 1194 2096 ea
1227 2056 1355 2095 vero
1399 2051 1500 2108 est,
1531 2040 1746 2110 quidam
1797 2041 1930 2110 lapis
1948 2040 2118 2096 homo

538 2149 645 2191 non
693 2145 793 2201 est,
826 2150 944 2205 quae
990 2146 1301 2205 comparata
1352 2136 1637 2192 universali
1686 2136 1955 2206 negationi
2002 2150 2120 2207 quae

538 2230 671 2287 dicit
699 2231 899 2285 nullum
935 2231 1203 2286 hominem
1234 2245 1354 2287 esse
1386 2230 1634 2298 lapidem,
1664 2231 1906 2302 quamvis
1935 2232 2121 2286 termi-

543 2324 629 2380 nls
675 2322 1011 2394 discrepans,
1043 2333 1222 2380 tamen
1276 2325 1463 2379 similis
1516 2326 1738 2380 veritate
1788 2326 2116 2396 proponitur.

542 2415 710 2489 Igitur
757 2419 1093 2487 particularis
1141 2422 1387 2488 negatio,
1419 2419 1689 2487 qum-sibi
1732 2418 1832 2489 ipsi
1882 2418 2122 2474 converti

540 2524 651 2565 non
701 2512 917 2580 poterit,
948 2510 1236 2565 universali
1286 2510 1554 2580 negationi
1598 2524 1692 2581 per
1720 2510 1969 2565 accidens
1995 2525 2123 2566 con-

539 2603 679 2657 verti
726 2611 918 2672 potest.
972 2603 1076 2657 Per
1120 2602 1369 2657 accidens
1411 2612 1587 2659 autem
1628 2601 1830 2659 idcirco
1871 2603 2122 2673 quoniam

540 2698 860 2755 universalis
891 2699 1103 2769 negatio
1133 2698 1185 2752 itt
1225 2714 1284 2754 se
1314 2698 1484 2769 ipsam
1527 2699 1705 2769 priore
1735 2699 1852 2754 loco
1879 2699 2123 2754 converti

538 2801 733 2864 potest.
767 2790 871 2847 Per
908 2793 1310 2848 conversionem
1350 2800 1525 2846 autem
1556 2792 1638 2847 sui
1669 2788 1790 2847 cum
1822 2791 2125 2861 particulari

539 2887 719 2958 negati
744 2888 809 2941 ani
840 2887 1077 2943 similem
1108 2886 1345 2941 veritatis
1395 2886 1606 2941 videtur
1636 2886 1879 2941 obtinere
1906 2895 2126 2942 senten-

541 2981 691 3036 tiam.
721 2980 903 3050 Itaque
932 2980 1358 3036 concludendum
1393 2991 1474 3035 est
1494 2984 1869 3051 particularem
1913 2996 2125 3053 quoque

541 3074 953 3131 afﬁrmationem
1000 3074 1464 3145 universalemque
1515 3077 1845 3146 negationem
1903 3092 2127 3131 convcr-

544 3166 751 3224 Sionetu
782 3167 861 3221 sui
888 3167 1093 3221 ﬁrmam
1125 3182 1187 3223 ac
1210 3169 1454 3223 stabilem
1484 3168 1774 3223 custodire.
1802 3168 2128 3223 Atﬁrmatio-

2220 1968 2415 2025 vimus.
2441 1965 2521 2020 Sit
2539 1965 2697 2035 igitur
2725 1964 2891 2033 prima
2914 1961 3126 2032 quidem
3151 1959 3436 2016 afﬁrmatio
3459 1957 3805 2025 universalis,

2217 2075 2337 2133 qua:
2360 2067 2621 2131 proponat
2648 2071 2861 2112 omnem
2896 2057 3164 2112 hominem
3193 2068 3314 2111 esse
3342 2052 3572 2119 animal;
3606 2051 3803 2107 adver-

2219 2170 2338 2213 sum
2380 2155 2518 2211 hanc
2546 2153 2841 2211 collocetur
2867 2152 3158 2207 afﬁrmatio
3184 2150 3525 2217 universalis,
3554 2166 3674 2220 qua:
3697 2163 3809 2205 non

2221 2248 2393 2305 solum
2420 2246 2694 2303 conversis
2736 2242 2980 2301 terminis
3012 2242 3342 2307 enuntietur,
3371 2255 3559 2297 verum
3605 2243 3659 2295 in
3697 2254 3811 2297 uno

2222 2354 2434 2413 quoque
2481 2338 2715 2393 termino
2768 2335 3074 2407 negativum
3122 2333 3434 2389 adverbium
3475 2331 3673 2387 habeat
3715 2331 3805 2385 ad-

2217 2430 2462 2505 junctnm
2495 2430 2595 2485 hoc
2625 2428 2807 2495 modo,
2832 2444 2993 2484 omne
3015 2442 3121 2483 non
3151 2425 3345 2482 animal
3370 2438 3479 2495 non
3510 2424 3673 2479 homo
3700 2432 3837 2483 εει.-

2223 2524 2429 2580 Rursus
2457 2530 2785 2593 proponatur
2832 2518 3149 2591 universalis
3190 2516 3426 2589 negatio,
3448 2530 3514 2572 ea
3550 2530 3673 2586 qum
3702 2524 3805 2581 eat,

2224 2616 2405 2673 nullus
2430 2619 2587 2670 homo
2610 2612 2805 2668 animal
2827 2619 2943 2679 est;
2973 2611 3097 2666 huic
3120 2609 3403 2665 adversum
3425 2617 3609 2669 teneat
3629 2608 3808 2665 locum

2227 2707 2546 2765 universalis
2593 2705 2806 2775 negatio
2847 2703 3088 2760 terminis
3113 2716 3236 2757 cum
3267 2702 3550 2771 negatione
3579 2715 3807 2759 conver~

2228 2802 2324 2866 sis,
2352 2800 2403 2856 id
2432 2810 2512 2857 est
2536 2798 2737 2854 nullum
2767 2811 2870 2850 non
2903 2793 3101 2850 animal
3126 2808 3233 2849 non
3262 2793 3423 2849 homo
3454 2802 3556 2849 est.
3589 2793 3722 2851 Item
3745 2793 3810 2853 sit

2228 2893 2566 2969 particularis
2592 2889 2876 2946 afﬁrmatio
2904 2887 3153 2957 simplex,
3183 2886 3398 2957 quidam
3426 2884 3589 2942 homo
3610 2886 3811 2947 animal

2229 2998 2342 3055 est;
2369 2986 2488 3040 huic
2520 2986 2777 3039 terminus
2804 2992 2966 3051 atque
2986 2993 3051 3034 ex
3082 2971 3601 3035 adversoreferatui'
3641 2977 3809 3048 parti~

2230 3078 2427 3141 cularis
2448 3072 2754 3140 afﬁrmatio,
2778 3086 2918 3141 quze,
2953 3070 3293 3126 commutatis
3337 3068 3394 3127 in
3426 3068 3673 3127 ordinem
3704 3077 3813 3128 In.

2233 3171 2413 3230 minis,
2444 3168 2758 3238 negationes
2803 3164 3042 3236 utrisque
3082 3172 3254 3233 gestet
3299 3162 3602 3233 Oppositaa,
3634 3170 3695 3219 ut
3729 3168 3812 3222 εει

544 3274 670 3315 nem
699 3268 875 3314 autem
900 3260 1263 3317 universalem
1289 3260 1766 3333 particularemque
1789 3261 2122 3329 negationem
2156 3261 2202 3324 C
2232 3261 2500 3337 quoddam
2529 3274 2633 3315 non
2663 3258 2861 3313 animal
2908 3272 3017 3312 non
3058 3256 3219 3311 homo
3258 3263 3361 3311 est.
3392 3253 3523 3311 Item
3549 3256 3621 3311 sit
3649 3255 3813 3325 partio

544 3350 599 3411 In
650 3353 1013 3409 convertendo
1060 3355 1241 3409 li'mas
1286 3370 1405 3410 esse
1453 3370 1558 3411 non
1614 3370 1800 3425 posse,
1842 3356 1934 3409 sed
1986 3354 2122 3408 hanc

545 3443 894 3503 afﬁrmationi
945 3447 1273 3517 particulari,
1323 3447 1464 3501 illaut
1515 3447 1799 3501 universali
1855 3445 2123 3516 negatiotti

545 3550 644 3607 per
664 3537 934 3604 accidens,
968 3554 1123 3607 posse
1153 3540 1415 3596 converti.
1450 3538 1634 3593 Restat
1657 3554 1795 3593 nunc
1824 3537 1891 3593 de
1920 3552 1981 3592 ea
2011 3552 2127 3605 pro-

547 3630 871 3699 positionum
895 3632 1268 3689 convenientia
1293 3632 1377 3687 vel
1409 3633 1813 3702 participatione
1839 3632 2126 3697 disserere,

545 3721 601 3778 in
637 3738 738 3794 qua
777 3725 1024 3797 utrinque
1066 3726 1413 3789 terminorum
1451 3725 1637 3781 ordine
1681 3732 2004 3797 permutato,
2034 3723 2126 3777 uni

549 3802 631 3866 vel
672 3813 883 3883 utrique
908 3828 1091 3869 eorum
1139 3818 1443 3887 negativum
1473 3817 1750 3888 copulatur
1789 3814 2121 3871 adverbium.

1192 3910 1489 3980 Simplices.

621 3998 803 4056 Omnis
830 4000 989 4057 homo
1036 4000 1230 4057 animal
1276 4011 1378 4057 est.

624 4091 804 4147 Nullus
832 4092 993 4147 homo
1021 4094 1216 4151 animal
1246 4093 1349 4149 εει.

622 4184 845 4250 Quidam
879 4187 1037 4239 homo
1062 4186 1260 4241 animal
1284 4195 1386 4242 est.

623 4275 844 4344 Quidam
874 4276 1033 4334 homo
1063 4278 1256 4333 animal
1285 4295 1390 4333 non
1434 4287 1535 4347 est.

553 4369 659 4425 Sed
690 4384 991 4439 quanquam
1019 4369 1321 4439 Itujusmodi
1355 4368 1774 4441 pat‘ticipatiOnis
1801 4366 1985 4441 plures
2016 4381 2136 4423 esse

552 4459 880 4516 differentias
922 4464 1247 4530 noverimus,
1280 4463 1345 4517 ad
1377 4463 1781 4517 instructionem
1829 4471 2005 4516 tamen
2033 4460 2135 4515 Ca-

2232 3356 2429 3419 cularis
2490 3353 2719 3425 simplex
2778 3351 2989 3422 negatio
3047 3366 3167 3422 qute
3216 3357 3480 3421 preponat
3525 3347 3811 3419 quemdam

2235 3454 2505 3510 hominem
2554 3448 2750 3505 animal
2783 3463 2890 3503 non
2933 3461 3081 3512 esse;
3114 3444 3253 3500 banc
3282 3460 3351 3499 ex
3379 3443 3607 3501 adverso
3643 3440 3823 3509 rupit

2236 3549 2342 3605 ciat
2364 3543 2700 3615 particularis
2723 3540 2952 3609 negatio,
2976 3554 3115 3610 qum,
3140 3536 3451 3607 permutatis
3471 3534 3538 3591 ad
3566 3532 3813 3590 ordine.

2238 3638 2516 3702 terminis,
2559 3633 2872 3691 adverbium
2919 3632 3216 3703 negationis
3264 3629 3552 3699 adjecerit,
3592 3635 3653 3687 ut
3694 3634 3809 3691 est,

2235 3732 2503 3805 quoddam
2532 3744 2639 3787 non
2676 3724 2872 3782 animal
2904 3738 3008 3779 non
3041 3723 3200 3777 homo
3224 3736 3328 3776 non
3349 3727 3450 3777 est.

2603 3898 2891 3956 Conversa:
2924 3896 3161 3965 utrisque
3189 3892 3425 3949 inﬁnitis.

2308 3995 2477 4051 Omne
2501 4008 2606 4048 non
2644 3990 2841 4047 animal
2882 4004 2985 4045 non
3036 3989 3195 4043 homo
3233 3997 3336 4043 est.

2304 4087 2521 4145 Nullum
2549 4100 2655 4141 non
2681 4082 2879 4139 animal
2913 4096 3017 4137 non
3041 4079 3199 4134 homo
3226 4084 3327 4133 eSt.

2308 4179 2584 4253 Quoddam
2615 4192 2721 4233 non
2761 4173 2960 4230 animal
2984 4187 3088 4227 non
3136 4171 3296 4226 homo
3336 4177 3434 4224 est.

2309 4272 2583 4343 Quoddam
2612 4267 2807 4324 animal
2851 4281 2955 4320 non
2989 4264 3149 4318 homo
3178 4276 3283 4315 non
3322 4269 3423 4315 est.

2241 4363 2297 4418 lu
2341 4362 2448 4418 illis
2491 4360 2632 4415 enim
2676 4356 2964 4411 afﬁrmatio
3009 4352 3329 4408 universalis
3376 4345 3821 4418 particularisque

2241 4456 2453 4527 negatio
2481 4453 2887 4508 conversionem
2930 4446 3175 4501 stabilem
3218 4459 3322 4498 non
3354 4439 3625 4497 tenebant.
3657 4438 3819 4494 Afﬁro

554 4552 912 4623 tegorlcorum
957 4553 1398 4627 SyIIOgismorum
1439 4552 1505 4609 de
1555 4554 1655 4608 bac
1702 4563 1905 4609 tantum
1942 4567 2137 4622 propo-
2160 4550 2402 4641 Dmatio
2432 4556 2608 4600 autem
2654 4539 2985 4611 particularis
3032 4548 3193 4607 atque
3240 4533 3570 4641 univerSaIis.
3603 4530 3818 4641 negaui:

540 4646 727 4701 ,suisse
756 4645 1006 4713 sufﬁciat,
1031 4664 1254 4720 quarum
1298 4648 1512 4720 quidem
1561 4648 1981 4719 propositionum
2014 4661 2135 4715 pars

556 4754 622 4796 ex
653 4740 981 4810 simplicibus
1013 4742 1315 4797 nominibus
1346 4752 1575 4807 constat,
1603 4758 1724 4810 pars
1765 4755 1891 4795 vero
1918 4754 1982 4793 ex
2013 4739 2135 4793 inﬁ-

555 4831 698 4885 nitis.
749 4830 877 4886 Nam
930 4832 1221 4903 propositio
1264 4834 1610 4897 universalis,
1642 4846 1760 4901 qua:
1807 4845 1881 4887 εει
1908 4875 1920 4898 ,
1957 4831 2133 4885 omnis

558 4924 718 4979 homo
747 4925 941 4979 animal
983 4935 1083 4990 est,
1118 4941 1182 4979 ex
1214 4926 1450 4997 utrisque
1481 4925 1784 4980 nominibus
1818 4925 1975 4978 ﬁnitis
2000 4940 2133 4979 con-

557 5023 681 5069 stat.
718 5014 846 5070 Nam
872 5033 954 5083 ⁸ιιε
985 5028 1038 5071 ει
1080 5017 1242 5071 homo
1281 5024 1335 5070 et
1361 5016 1555 5070 animal
1600 5017 1743 5072 liuita
1771 5016 1982 5071 nomina
2012 5029 2135 5070 esse

557 5107 903 5162 manifestum
947 5118 1045 5161 est.
1100 5108 1171 5161 Ea
1222 5110 1348 5161 vero
1397 5106 1681 5161 afﬁrmatio
1724 5121 1844 5177 qua:
1887 5104 2137 5174 praponit

556 5214 720 5257 omne
758 5216 864 5254 non
910 5200 1107 5254 animal
1155 5215 1263 5254 non
1314 5199 1583 5255 hominem
1638 5214 1757 5256 esse
1808 5198 2136 5255 inﬁnitarum

538 5293 911 5349 -terntinorum
965 5292 1225 5361 positione
1282 5292 1561 5362 conjuncta
1625 5300 1726 5348 est.
1778 5291 1892 5346 Non
1942 5290 2143 5345 animal

560 5365 800 5440 enim'et
829 5399 933 5439 non
975 5383 1135 5438 homo
1174 5384 1387 5439 nomina
1419 5400 1538 5441 esse
1566 5384 1792 5450 inﬁnita,
1815 5382 1868 5437 itt
1911 5380 2140 5436 nonruis

569 5468 636 5526 ιίε
662 5472 884 5551 faitione
913 5478 1278 5557 prmdiximus,
1310 5494 1429 5549 qum
1461 5478 1673 5549 quidem
1705 5491 1824 5531 sese
1856 5474 1923 5529 ad
1945 5474 2140 5528 verita-

567 5565 980 5628 difﬁnlsitatisve
1008 5574 1269 5629 rationein
1312 5574 1389 5627 sic
1433 5572 1652 5646 habent,
1685 5580 1743 5625 ut
1786 5572 1929 5623 enim
1973 5582 2138 5636 nega-

566 5666 799 5724 tionibus
840 5666 1099 5733 adjunctis
1133 5666 1333 5720 inﬁnita
1374 5666 1587 5718 nomina
1617 5661 1946 5731 simplicibus
1977 5673 2142 5729 oppoc

568 5770 785 5825 nuntur,
806 5759 876 5813 ita
902 5763 1061 5815 etiam
1085 5759 1365 5815 conversio
1392 5756 1816 5827 propositionum
1839 5740 2140 5810 econtrario

567 5850 829 5923 contingit
850 5865 1004 5908 unam
1034 5852 1189 5912 Daulo
1218 5859 1341 5909 ante
1382 5851 1438 5907 in
1471 5849 1798 5919 simplicibus
1826 5843 2141 5903 habebatur.

2244 4656 2523 4697 conversa:
2571 4635 2873 4692 certissime
2913 4630 3199 4687 tuebantur
3249 4627 3330 4684 vel
3369 4627 3421 4680 in
3461 4625 3709 4688 veritate,
3734 4620 3818 4679 vel

2244 4736 2296 4790 in
2348 4731 2578 4785 falsitate
2623 4739 2968 4781 consensum.
3026 4723 3123 4776 llic
3180 4733 3338 4773 omne
3394 4715 3664 4770 diversum
3711 4722 3817 4769 est.

2248 4821 2576 4879 Universalis
2608 4831 2835 4887 namque
2864 4813 3152 4868 afﬁrmatio
3188 4820 3241 4865 et
3280 4807 3617 4879 particularis
3657 4820 3819 4876 nega-

2243 4917 2316 4970 tio
2341 4930 2433 4983 per
2455 4910 2845 4981 appositionem
2870 4907 2972 4963 sibi
2994 4908 3105 4975 ipsa
3129 4900 3477 4971 convertitur,
3499 4895 3820 4953 universalis

2242 5015 2418 5062 autem
2465 5002 2760 5071 negationis
2806 5012 2861 5054 et
2912 4995 3246 5065 particularis
3292 4991 3667 5049 afﬁrmationis
3690 5002 3819 5069 {ton

2243 5096 2411 5155 estad
2435 5095 2672 5151 veritatis
2702 5092 3020 5146 l'alsitatisve
3062 5100 3383 5144 consensum
3444 5083 3551 5139 ﬁda
3597 5094 3819 5139 conver-

2243 5193 2342 5249 sio.
2371 5193 2446 5245 Ac
2473 5187 2698 5259 primum
2720 5185 2788 5241 de
2812 5183 3101 5241 universali
3124 5178 3478 5237 afﬁrmatione
3505 5184 3823 5238 tractemus,

2245 5302 2363 5357 quae
2408 5296 2526 5338 cum
2570 5286 2623 5335 in
2653 5278 2985 5348 simplicibus
3015 5291 3139 5331 vera
3167 5271 3258 5339 sit,
3296 5273 3576 5327 veritatem
3605 5281 3823 5339 quoque

2246 5392 2341 5450 per
2368 5373 2761 5448 oppositionejn
2788 5383 3047 5426 conversa
3071 5366 3323 5430 custodit,
3351 5373 3407 5419 ut
3436 5377 3502 5419 ea
3528 5376 3646 5431 qua:
3694 5358 3824 5415 dicit

2247 5485 2461 5529 omnem
2490 5466 2758 5523 hominem
2785 5479 2905 5520 esse
2934 5460 3151 5527 animal,
3170 5472 3295 5514 tera
3308 5466 3412 5520 est,
3434 5463 3595 5522 atque
3624 5451 3703 5505 illi
3730 5464 3822 5521 per

2248 5560 2639 5631 oppositionem
2662 5556 3014 5620 convertitur,
3044 5552 3096 5608 id
3142 5558 3245 5615 est,
3294 5561 3453 5605 omne
3478 5560 3582 5599 non
3622 5540 3824 5597 animal

2250 5669 2356 5711 non
2386 5652 2545 5707 homo
2571 5660 2670 5719 est,
2704 5663 2822 5705 eam
2851 5659 3063 5716 quoque
3092 5650 3432 5698 veram‘esse
3463 5647 3685 5691 necesse
3714 5639 3824 5686 est.

2250 5736 2636 5816 Propositionis
2661 5751 2836 5797 autem
2862 5739 3019 5809 hujus
3041 5737 3140 5794 ista
3160 5731 3420 5790 sententia
3436 5740 3540 5793 εει,
3569 5726 3824 5797 quoniam

2250 5852 2359 5895 non
2382 5847 2466 5895 est
2492 5837 2672 5907 homo,
2709 5830 2961 5904 quidquid
2987 5828 3184 5889 animal
3215 5841 3319 5885 non
3346 5832 3447 5889 est,
3472 5817 3612 5893 quod
3636 5828 3823 5873 verum
