4112 6332
335 350 443 407 789

1160 348 1621 408 INTRODUCTIO
1661 348 1750 402 AD
1790 344 2264 401 SYLLOGISMOS
2303 341 2800 400 CA'I‘EGORICOS.

3504 334 3604 391 790

337 432 457 521 esse
485 465 662 521 nullus
685 470 914 534 .gnorat.
943 460 1078 517 Item
1104 460 1150 515 si
1171 459 1244 515 sit
1268 459 1397 514 falsa
1426 457 1747 514 universalis
1771 457 1919 514 affir-
1947 458 2005 522 Α
2030 459 2240 515 minum
2266 469 2454 513 natura
2484 459 2721 528 sejuncta
2751 460 2905 524 sunt,’
2928 467 2984 512 ut
3013 472 3201 528 equus,
3234 457 3412 520 arbor,
3440 465 3600 525 atque

339 559 505 613 tuatio
531 557 583 612 itt
614 556 945 627 simplicibus
966 553 1208 611 terminis
1227 555 1535 623 constituta,
1556 552 1685 608 falsa
1711 568 1925 623 quoque

340 650 457 720 ejus
505 663 601 719 per
638 647 1028 716 oppositionem
1084 646 1393 717 probabitur
1445 660 1566 702 esse
1596 645 1874 701 conversio
1902 662 1922 703 :

344 757 467 796 nam
495 756 615 796 cum
639 739 883 809 dicimus,
914 739 1090 794 omnis
1120 738 1252 808 lapis
1279 737 1478 794 animal
1507 747 1610 807 est,
1647 739 1775 794 falsa
1816 745 1921 802 εει,

341 845 502 905 atque
529 832 602 887 illi
631 848 724 901 per
753 832 1143 901 oppositionem
1167 832 1518 896 convertitur,
1549 830 1601 885 id
1628 839 1732 893 est,
1762 844 1921 884 omne

344 943 450 982 non
472 925 668 981 animal
719 940 824 979 non
856 924 992 993 lapis
1038 934 1141 989 εει,
1172 939 1290 978 eam
1330 937 1542 993 quoque
1570 921 1754 977 falsam
1805 937 1926 978 esse

346 1032 568 1073 necesse
610 1025 713 1071 est.
756 1016 808 1070 Id
852 1016 994 1071 enim
1040 1030 1103 1069 ex
1157 1015 1247 1069 tali
1277 1015 1645 1069 enuntiatione
1674 1016 1925 1081 sentitur,

347 1115 595 1182 quoniam
638 1110 889 1180 quidquid
939 1109 1133 1164 animal
1182 1125 1286 1164 non
1339 1110 1515 1172 fuerit,
1548 1108 1598 1163 id
1649 1108 1785 1177 lapis
1817 1125 1924 1164 non

346 1215 450 1269 est,
489 1202 630 1274 quod
682 1203 1019 1272 apertissime
1087 1201 1275 1256 falsum
1325 1211 1427 1269 est,
1469 1216 1588 1256 cum
1630 1201 1763 1270 lapis
1814 1203 1928 1270 ipse

345 1298 541 1351 animal
573 1312 675 1348 non
706 1295 797 1355 sit;
827 1295 969 1364 quod
998 1295 1044 1348 si
1077 1294 1394 1350 universalis
1420 1294 1707 1349 affirmatio
1739 1295 1928 1347 termi-

348 1403 538 1442 norum
590 1387 978 1456 oppositionem
1031 1401 1290 1442 conversa
1343 1388 1559 1441 sibimet
1610 1387 1665 1441 in
1704 1387 1928 1440 veritate

348 1479 599 1535 convenit
628 1488 681 1532 et
708 1479 758 1531 itt
792 1477 1045 1544 falsitate,
1078 1495 1184 1533 non
1206 1488 1290 1535 est
1320 1480 1537 1534 dubium
1559 1481 1685 1550 quin
1716 1479 1931 1534 univer-

349 1571 475 1626 salis
502 1570 730 1639 simplex
754 1571 1038 1627 affirmatio
1061 1573 1235 1626 stabili
1266 1588 1360 1640 per
1378 1574 1773 1639 ottpositionem
1801 1587 1932 1627 cou-

348 1664 597 1719 versione
618 1674 964 1719 monstretur.
1000 1665 1141 1720 Idem
1167 1666 1235 1719 de
1258 1666 1487 1734 simplici
1516 1667 1675 1719 etiam
1702 1668 1932 1736 particu-

350 1755 446 1811 lari
489 1757 770 1826 negatione
796 1757 1057 1811 dicemus.
1088 1756 1217 1811 Nam
1263 1775 1383 1813 cum
1420 1760 1533 1811 Ιιεεε
1558 1757 1691 1813 falsa
1739 1769 1843 1823 est,
1877 1768 1935 1813 ut

2031 551 2137 607 alia
2169 552 2416 621 plurima.
2445 552 2505 607 Si
2529 551 2690 623 igitur
2719 553 2928 622 negatio
2955 551 3271 607 universalis
3301 566 3395 620 per
3435 564 3606 619 oppo-

2030 645 2281 700 sitionem
2334 646 2562 715 propriae
2609 647 2947 703 conversioni
3007 648 3058 701 in
3108 646 3338 709 falsitate
3385 644 3604 715 quidem

2028 738 2301 804 convenit,
2340 742 2436 791 nec
2466 746 2642 791 tamen
2668 738 2725 792 in
2751 742 2975 794 veritate
3001 742 3287 803 consentit,
3318 748 3461 794 recte
3485 756 3607 809 pro-

2031 829 2307 884 nuntiatur
2323 830 2726 882 conversionem
2751 841 3059 900 perpetnam
3102 840 3259 898 atque
3288 831 3606 901 aequabilem

2031 936 2142 975 non
2169 921 2386 977 habere.
2419 918 2614 973 Eadem
2664 936 2872 991 quoque
2904 924 3038 977 ratio
3067 922 3221 977 estin
3250 921 3607 976 affirmatione

2032 1013 2258 1080 simplici
2291 1011 2618 1081 particulari.
2668 1012 2796 1067 Nam
2832 1014 2881 1066 in
2915 1016 3014 1068 hoc
3043 1030 3251 1083 quoque
3277 1029 3419 1082 saepe
3450 1030 3605 1069 error

2032 1104 2472 1183 deprehenditur,
2509 1113 2565 1158 ut
2595 1114 2750 1159 εει-ιι·
2784 1106 3199 1183 prepositionum
3230 1108 3608 1162 conversiones

2034 1180 2306 1270 putentur,
2331 1200 2373 1253 si
2392 1199 2509 1268 quis
2532 1214 2633 1252 non
2653 1198 2718 1251 ad
2736 1197 2975 1253 falsitatis
2998 1180 3227 1269 quoque,
3248 1201 3339 1255 sed
3357 1200 3420 1253 ad
3440 1202 3610 1254 solam

2032 1293 2460 1348 convenientiam
2488 1293 2725 1347 veritatis
2747 1292 2987 1359 aspiciat.
3014 1293 3142 1346 Nam
3173 1308 3294 1347 cum
3323 1291 3610 1346 affirmatio

2032 1387 2258 1454 simplex
2286 1385 2617 1453 particularis
2638 1400 2760 1438 vera
2782 1386 2871 1452 sit,
2891 1392 2949 1449 ut
2966 1396 3045 1439 εει
3068 1385 3280 1453 quidam
3310 1386 3469 1441 homo
3496 1386 3612 1438 ani-

2035 1479 2138 1532 mal
2166 1488 2266 1541 εει,
2289 1480 2332 1532 si
2366 1479 2520 1544 hujus
2547 1480 2752 1532 termini
2784 1493 2903 1531 cum
2926 1480 3262 1547 Oppositione
3295 1489 3612 1535 convertan-

2036 1580 2141 1635 tur,
2161 1571 2352 1638 fiatque
2372 1570 2686 1638 pr0positio,
2702 1568 2965 1639 quoddam
2986 1586 3089 1624 non
3114 1570 3308 1623 animal
3332 1584 3432 1624 non
3452 1570 3613 1625 homo

2035 1674 2136 1728 est,
2159 1680 2189 1717 a
2211 1666 2433 1718 veritate
2458 1680 2559 1718 non
2582 1663 2866 1731 discrepat.
2891 1664 3028 1730 Quid
3051 1664 3191 1718 enim
3216 1663 3358 1718 aliud
3373 1666 3616 1719 enuntia-

2039 1758 2113 1812 tio
2144 1757 2241 1811 ista
2278 1756 2517 1823 designat
2559 1772 2716 1824 quam
2748 1770 2867 1810 esse
2916 1771 3028 1810 rem
3077 1755 3306 1825 aliquam
3349 1771 3465 1826 qua:
3494 1770 3613 1809 cum

349 1862 409 1903 ea
433 1862 553 1917 qua:
593 1847 741 1916 dicit,
767 1847 981 1918 quidam
1013 1847 1172 1903 homo
1200 1847 1392 1902 animal
1428 1863 1532 1902 non
1557 1857 1656 1912 est,
1683 1848 1773 1903 illa
1797 1864 1933 1918 quo-
1962 1835 2013 1897 Β
2037 1850 2233 1904 animal
2258 1865 2361 1902 non
2388 1851 2476 1913 sit,
2508 1865 2574 1903 nc
2604 1850 2762 1904 homo
2792 1848 3003 1919 quidem
3024 1848 3115 1914 sit,
3151 1848 3354 1918 utlapis
3382 1849 3538 1903 simul
3564 1855 3619 1906 el

349 1956 452 2011 que
483 1940 765 1996 falsitatem
798 1942 1021 2009 tenebit,
1054 1958 1173 2014 qua:
1206 1942 1328 1998 huic
1380 1943 1725 1998 terminorum
1768 1960 1936 2013 oppo-

350 2031 543 2087 sitione
589 2031 940 2099 convertitur,
974 2041 1033 2087 ut
1083 2048 1146 2088 ea
1195 2048 1316 2103 qua:
1366 2032 1635 2103 proponit,
1669 2035 1934 2103 quoddam

351 2139 454 2178 non
484 2121 680 2177 animal
709 2137 812 2178 non
842 2123 1002 2178 homo
1034 2138 1139 2178 non
1167 2132 1268 2179 εει.
1298 2123 1352 2178 Id
1378 2125 1519 2178 enim
1544 2140 1607 2179 cx
1639 2123 1739 2180 hac
1761 2141 1935 2180 enun-

352 2215 569 2269 tiatione
599 2215 887 2285 colligitur,
925 2214 1066 2283 quod
1099 2229 1186 2271 res
1214 2231 1334 2286 quae
1364 2231 1470 2271 non
1509 2217 1579 2271 sit
1605 2218 1821 2285 animal,
1868 2218 1938 2273 sit

353 2302 530 2360 homo.
556 2305 765 2360 Etenim
800 2306 901 2361 hoc
925 2317 1005 2362 εει
1033 2322 1152 2362 εεεε
1180 2308 1475 2375 hominem,
1507 2308 1646 2379 quod
1677 2326 1781 2363 non
1812 2324 1934 2365 esse

353 2412 457 2451 non
486 2397 775 2453 hominem.
809 2400 878 2452 At
908 2399 952 2453 si
979 2414 1101 2453 vcra
1130 2398 1201 2455 sit
1244 2400 1458 2469 negatio
1505 2402 1838 2470 particularis
1870 2418 1935 2456 ex

354 2490 683 2560 simplicibus
710 2490 953 2547 termlnis
978 2491 1181 2561 juncta,
1211 2502 1268 2545 ιιι
1304 2501 1387 2547 εει
1412 2494 1625 2565 quidam
1660 2494 1794 2562 lapis
1824 2495 1940 2548 ani-

356 2581 460 2637 mal
491 2598 594 2635 non
618 2591 721 2648 est,
755 2598 863 2636 non
892 2582 1064 2638 deerit
1088 2568 1286 2637 veritas
1312 2599 1433 2639 cum
1468 2586 1814 2638 terminorum
1843 2599 1940 2655 0p-

358 2673 619 2743 positione
639 2688 912 2729 conversa:
938 2690 1055 2745 quae
1089 2676 1363 2745 proponit,
1394 2675 1659 2746 quoddam
1684 2692 1798 2749 non
1826 2678 1940 2732 ani-

358 2765 465 2821 mal
496 2781 600 2821 non
651 2764 881 2835 lapidem
934 2782 1040 2821 non
1072 2782 1209 2822 esse.
1260 2768 1317 2823 ld
1348 2770 1491 2824 enim
1543 2772 1822 2825 conversio
1868 2773 1939 2827 ita

359 2857 645 2930 significat,
674 2860 815 2929 quod
856 2873 945 2915 res
972 2860 1214 2931 quadam
1244 2876 1362 2931 qua:
1390 2861 1585 2917 animal
1614 2878 1719 2918 non
1751 2864 1819 2918 sit
1863 2863 1941 2919 la-

360 2949 443 3021 pis
471 2951 564 3019 sit,
595 2950 695 3006 hoc
716 2960 798 3007 est
824 2952 966 3007 enim
988 2968 1108 3009 esse
1128 2953 1358 3023 lapidem
1382 2955 1521 3026 quod
1548 2972 1652 3011 non
1684 2972 1804 3013 esse
1834 2976 1940 3015 non

361 3040 632 3113 lapidem;
670 3042 808 3113 quod
854 3043 898 3100 si
948 3046 1281 3115 particularis
1310 3047 1534 3118 simplex
1587 3051 1796 3119 negatio
1846 3068 1941 3123 per

362 3131 722 3201 oppositiones
751 3134 982 3205 propriae
1008 3136 1344 3191 conversioni
1369 3147 1422 3192 et
1448 3138 1504 3192 in
1531 3140 1768 3195 veritatis
1799 3150 1853 3196 et
1884 3142 1938 3197 in

2037 1942 2284 1997 animalis
2314 1952 2366 1996 et
2394 1941 2626 1996 hominis
2669 1952 2856 1995 natura
2885 1940 3115 1996 deficiat.
3148 1939 3255 1995 Sed
3284 1939 3369 1995 ltic
3394 1940 3447 1995 in
3479 1941 3619 1996 veri-

2041 2044 2146 2090 tate
2174 2049 2469 2090 consensus
2498 2033 2564 2088 ad
2608 2032 2893 2088 falsitatem
2926 2048 3093 2103 usque
3118 2047 3222 2087 non
3264 2032 3451 2087 tendit.
3480 2032 3619 2100 Quid

2038 2127 2179 2181 enim
2209 2127 2253 2181 si
2288 2126 2358 2180 sit
2401 2125 2527 2180 falsa
2570 2123 2794 2195 simplex
2840 2124 3129 2180 affirmatio
3178 2125 3533 2195 particularis,
3562 2135 3622 2181 ut

2040 2227 2139 2279 est,
2172 2216 2382 2287 quidam
2407 2216 2565 2269 homo
2597 2215 2730 2285 lapis
2762 2216 2893 2270 est?
2926 2231 3029 2269 non
3062 2215 3166 2271 erit
3194 2214 3309 2284 ejus
3332 2232 3426 2284 per
3455 2230 3621 2288 oppo-

2040 2309 2285 2363 sitionem
2315 2307 2444 2361 falsa
2476 2308 2778 2373 conversio,
2807 2306 3019 2376 quidam
3044 2321 3150 2362 non
3176 2305 3309 2377 lapis
3334 2321 3441 2362 non
3460 2306 3619 2363 homo

2038 2402 2161 2455 est?
2204 2400 2360 2469 Atqui
2388 2399 2498 2454 hrec
2522 2399 2670 2452 firma
2701 2399 2923 2454 veritate
2944 2399 3206 2465 εοημίειίι,
3263 2397 3316 2453 id
3361 2398 3504 2453 enim
3546 2412 3617 2455 ex

2043 2491 2140 2546 hac
2173 2490 2534 2561 prepositione
2564 2490 2717 2544 datttr
2746 2489 2962 2561 intelligi
2990 2491 3129 2561 quod
3154 2490 3223 2545 sit
3244 2490 3457 2561 quidam
3477 2490 3620 2563 quod

2041 2598 2161 2638 cum
2192 2584 2324 2651 lapis
2347 2599 2448 2636 non
2494 2582 2585 2646 sit,
2614 2597 2678 2635 ne
2708 2581 2866 2635 homo
2887 2582 3100 2651 quidem
3133 2583 3221 2647 sit,
3255 2590 3311 2637 ut
3332 2599 3502 2655 equus
3530 2592 3618 2638 at-

2043 2690 2149 2746 que
2178 2676 2359 2738 arbor,
2392 2688 2507 2743 qua:
2530 2688 2701 2742 neque
2726 2673 2977 2740 hominis,
3004 2688 3173 2741 neque
3204 2673 3391 2741 lapidis
3420 2673 3621 2729 difﬁni-

2042 2767 2188 2821 tione
2216 2765 2552 2820 clauduntur.
2567 2763 2717 2831 Quod
2746 2764 2787 2817 si
2813 2764 3147 2833 particularis
3174 2763 3620 2830 afflrmatio,dum

2044 2873 2140 2928 per
2169 2856 2555 2927 oppositionem
2585 2859 2932 2925 convertitur,
2967 2858 3018 2909 in
3049 2855 3274 2911 veritate
3303 2854 3515 2927 quidem
3541 2866 3620 2913 te-

2036 2956 2137 3003 net
2165 2962 2347 3003 secum
2385 2946 2549 3016 ipsam
2575 2945 2938 3016 concordiam,
2984 2948 3035 3001 in
3067 2946 3296 3002 falsitate
3334 2955 3513 3002 autem
3554 2946 3622 3002 si-

2045 3037 2213 3092 bimet
2265 3039 2376 3108 ipsa
2419 3037 2683 3101 dissentit,
2719 3046 2921 3092 rectum
2972 3046 3052 3093 est
3095 3037 3437 3108 pronuntiare
3483 3035 3624 3109 quod

2030 3130 2260 3200 .termini
2308 3130 2593 3202 negatione
2640 3130 2921 3201 conjuncta
2966 3132 3367 3188 conversionem
3415 3130 3622 3187 firmam

365 3221 606 3280 falsitatis
657 3225 1041 3297 significatione
1087 3229 1398 3294 concordat,
1447 3246 1551 3286 non
1605 3242 1687 3287 est
1718 3234 1940 3290 dubium

2048 3223 2399 3291 stabilemque
2428 3237 2533 3277 non
2560 3232 2793 3276 teneant.
2823 3221 2999 3290 Quare
3024 3236 3144 3278 cum
3187 3223 3240 3279 in
3268 3222 3622 3294 simplicibus,

364 3315 733 3386 particularcm
782 3319 1079 3388 simplicem
1129 3323 1466 3390 negationem
1523 3333 1670 3378 certo
1726 3325 1829 3380 sibi
1882 3342 1945 3383 ac

365 3406 541 3461 stabili
599 3406 757 3462 modo
805 3424 902 3478 per
950 3411 1347 3482 Oppositionem
1395 3417 1746 3472 terminorum
1788 3433 1949 3489 posse

367 3501 623 3555 converti.
654 3501 709 3555 ln
752 3503 1035 3571 negatione
1090 3520 1220 3561 vero
1251 3506 1539 3563 universali
1582 3524 1686 3563 non
1716 3522 1796 3564 est
1827 3527 1948 3581 per-

368 3599 525 3660 petua
548 3607 722 3660 neque
753 3593 857 3647 fida
884 3598 1185 3652 conversio.
1220 3598 1368 3664 Quod
1394 3600 1606 3670 quidem
1638 3603 1818 3658 fallere
1848 3620 1945 3674 po-

371 3685 511 3748 terit,
539 3686 582 3739 si
610 3686 728 3755 quis
756 3687 822 3741 ad
852 3690 1020 3743 solam
1066 3692 1318 3760 respiciat
1344 3697 1771 3753 convenientiam
1802 3699 1949 3756 falsi-

372 3776 517 3830 tatis.
548 3775 679 3830 Nam
705 3793 827 3832 cum
877 3780 948 3834 sit
986 3782 1113 3835 falsa
1145 3785 1369 3854 simplex
1400 3788 1713 3844 universalis
1741 3794 1953 3862 negatio

372 3880 487 3934 qua:
512 3870 762 3938 proponit
790 3871 993 3926 nullum
1022 3872 1295 3931 hominem
1326 3892 1445 3935 esse
1469 3882 1688 3950 animal,
1715 3885 1843 3940 falsa
1871 3896 1956 3943 est

372 3973 491 4027 qua:
517 3961 566 4015 ei
599 3976 694 4029 per
713 3965 1105 4030 oppositionem
1147 3970 1495 4038 convertitur,
1528 3983 1586 4027 ut
1612 3987 1713 4044 est,
1748 3976 1954 4035 nullum

373 4064 482 4104 non
508 4052 838 4108 animal'non
869 4055 1029 4112 homo
1054 4068 1154 4114 est.
1202 4060 1259 4116 ld
1285 4063 1426 4117 enim
1468 4081 1535 4119 ex
1576 4068 1673 4123 hac
1714 4071 1955 4140 proposi-

377 4142 526 4198 tione
570 4154 909 4216 monstratur,
944 4152 1194 4219 quoniam
1226 4168 1386 4210 omne
1424 4159 1563 4226 quod
1612 4163 1807 4217 animal
1850 4180 1956 4219 non

377 4244 479 4302 est,
514 4236 565 4291 id
598 4236 755 4293 homo
784 4250 888 4307 est,
918 4240 1187 4298 hominem
1219 4259 1341 4302 esse
1378 4249 1662 4317 significat,
1696 4254 1957 4324 quidquid

380 4327 577 4382 animal
623 4344 728 4384 non
773 4331 861 4397 sit,
910 4348 1028 4402 qua:
1059 4336 1326 4403 proponit,
1356 4339 1560 4393 nullunt
1592 4357 1711 4398 εεεε
1734 4360 1837 4399 ιιοιι
1865 4347 1962 4402 lto-

381 4420 599 4485 minem,
628 4421 716 4489 qui
742 4424 939 4477 animal
973 4440 1078 4479 non
1110 4427 1199 4481 sit.
1230 4427 1334 4482 Sed
1366 4428 1454 4484 hic
1482 4431 1535 4485 in
1576 4432 1807 4490 falsitate
1833 4450 1963 4491 con-

382 4524 571 4565 sensus
615 4511 682 4566 ad
704 4515 979 4569 veritatem
1010 4531 1178 4586 usque
1218 4535 1325 4574 non
1367 4525 1631 4589 pervenit.
1673 4526 1785 4595 Age
1817 4529 1962 4583 enim

2051 3329 2112 3370 ac
2138 3326 2332 3385 praeter
2370 3314 2761 3384 oppositionem
2787 3317 3248 3384 conversionibus,
3296 3318 3622 3375 universali!

2051 3403 2264 3474 quidem
2293 3406 2506 3476 negatio
2550 3408 2990 3477 particularisque
3033 3407 3321 3464 affirmatio
3365 3418 3622 3481 perpetua

2052 3502 2264 3574 fidaque
2310 3505 2653 3559 terminorum
2706 3504 3093 3574 permutatione
3136 3513 3428 3572 vertantur,
3479 3505 3622 3559 affir-

2053 3596 2216 3651 matio
2265 3612 2392 3652 vero
2445 3598 2755 3651 universalis
2785 3596 3223 3667 particularisque
3282 3597 3491 3667 negatio
3521 3597 3620 3651 mi-

2055 3693 2219 3758 nime,
2269 3688 2393 3743 dum
2438 3704 2530 3758 per
2579 3690 2923 3743 terminorum
2970 3688 3356 3759 oppositionem
3397 3688 3622 3754 simplex

2056 3785 2347 3855 propositio
2397 3785 2497 3839 sibi
2546 3786 2658 3856 ipsa
2712 3786 3059 3849 convertitur,
3094 3784 3295 3848 omnia,
3347 3792 3401 3836 ιιι
3427 3782 3623 3837 dictum

2056 3886 2161 3943 est,
2189 3877 2407 3932 adversa
2451 3878 2657 3933 ratione
2693 3877 3028 3947 contingunt,
3057 3876 3369 3931 universalis
3397 3888 3625 3943 namque

2062 3969 2344 4023 affirmatio
2374 3977 2427 4022 et
2452 3967 2787 4039 particularis
2816 3969 3027 4040 negatio
3067 3968 3273 4021 firmam
3313 3974 3623 4037 ncgatarttm
3674 4014 3683 4023 ,

2059 4071 2286 4141 partium
2330 4072 2560 4124 retinent
2601 4067 3026 4123 conversionem.
3073 4064 3394 4122 Universalis
3448 4074 3625 4117 autem

2061 4163 2274 4234 negatio
2305 4162 2354 4214 in
2387 4160 2616 4214 falsitate
2660 4159 2872 4228 quidem
2906 4167 3049 4212 recte
3092 4157 3190 4210 sibi
3244 4159 3356 4225 ipsa
3399 4171 3629 4211 conver-

2063 4253 2209 4307 titur.
2253 4252 2307 4305 lu
2346 4252 2567 4304 veritate
2610 4258 2788 4303 autem
2842 4248 2942 4309 sibi
2991 4249 3102 4318 ipsa
3133 4246 3429 4304 discordat.
3462 4246 3626 4301 Parti-

2065 4342 2254 4396 cularis
2283 4348 2457 4393 autem
2480 4340 2765 4393 affirmatio
2790 4340 2843 4393 in
2873 4342 3097 4394 veritate
3117 4339 3332 4409 quidem
3364 4338 3466 4393 sibi
3498 4352 3627 4393 con-

2066 4431 2229 4496 venit,
2266 4431 2359 4484 sed
2408 4431 2458 4483 in
2510 4430 2739 4485 falsitate
2784 4430 3049 4485 dissentit.
3079 4430 3276 4485 Similis
3298 4440 3473 4484 autem
3506 4444 3629 4483 cun-

2066 4523 2341 4592 templatio
2375 4532 2454 4577 est
2495 4523 2545 4577 in
2574 4522 2655 4576 his
2693 4538 2833 4590 qum,
2872 4537 3130 4576 converso
3171 4522 3356 4575 ordine
3385 4521 3630 4576 termino.

384 4603 454 4657 sit
491 4619 613 4659 vera
654 4607 884 4675 simplex
917 4612 1232 4665 universalis
1280 4617 1515 4684 negatio,
1565 4618 1744 4674 nullus
1801 4620 1961 4676 homo
1989 4589 2043 4650 Β
2072 4619 2513 4685 rum,pr:edicato
2539 4616 2835 4668 tantumvel
2852 4614 3631 4683 subjectosihicopulantnegav

386 4692 518 4763 lapis
539 4704 644 4763 est,
674 4712 778 4752 non
805 4712 928 4753 vera
955 4708 1128 4769 potest
1158 4717 1301 4770 esse,
1348 4707 1524 4761 nullus
1551 4724 1656 4763 non
1686 4709 1820 4780 lapis
1854 4726 1960 4766 non

387 4787 659 4843 bomoest.
683 4789 736 4844 ld
760 4788 1242 4863 namqtteldesignat
1262 4797 1358 4850 ista
1384 4801 1685 4869 conversio,
1713 4805 1963 4871 quoniam

386 4880 642 4948 quidquid
686 4882 820 4951 lapis
848 4899 954 4939 non
990 4886 1169 4954 fuerit,
1219 4887 1271 4941 id
1323 4888 1484 4944 homo
1527 4904 1647 4955 est;
1692 4894 1963 4950 hominem

387 4988 617 5043 namque
644 4989 764 5030 esse
806 4975 1051 5045 designat
1079 4980 1220 5049 quod
1249 4982 1386 5051 lapis
1418 4998 1522 5037 non
1572 4984 1663 5049 sit,
1708 4988 1796 5054 qui
1844 5004 1968 5057 pro-

388 5067 593 5120 nuntiat
634 5068 836 5123 nullum
865 5083 989 5124 esse
1039 5087 1146 5126 non
1178 5074 1444 5128 hominem
1482 5077 1622 5145 quod
1674 5078 1806 5148 lapis
1859 5096 1963 5135 non

388 5165 489 5223 est,
505 5158 647 5227 quod
672 5160 1004 5230 apertissime
1027 5163 1214 5217 falsum
1238 5174 1338 5228 est;
1363 5167 1607 5234 quamvis
1631 5170 1771 5222 enim
1798 5172 1965 5225 multa

389 5248 653 5319 proferam
702 5266 822 5321 quae
868 5267 990 5307 cum
1041 5253 1243 5323 lapides
1276 5271 1378 5309 non
1409 5256 1534 5322 sint,
1561 5264 1737 5313 tamen
1770 5260 1837 5316 ab
1872 5261 1970 5317 ho-

959 5413 1256 5486 Simplices.

611 5527 797 5582 Omnis
823 5528 985 5584 bomo
1014 5529 1209 5585 animal
1239 5541 1339 5586 est.

601 5618 788 5677 Nullus
819 5621 979 5677 homo
1004 5623 1196 5677 animal
1229 5634 1330 5677 est.

602 5713 827 5780 Quidam
845 5716 1023 5771 ‘homo
1052 5715 1247 5769 animal
1279 5725 1377 5770 est.

611 5810 832 5876 Quidam
867 5814 1027 5866 homo
1054 5810 1249 5865 animal
1284 5825 1389 5865 non
1409 5819 1505 5873 est,

2075 4712 2303 4763 tionem:
2330 4707 2611 4777 inquibus,
2639 4716 2693 4760 ttt
2712 4706 2762 4761 in
2779 4706 3139 4774 superioribus
3161 4720 3369 4775 quoque
3393 4706 3632 4769 fecimus,

2075 4801 2491 4870 prottositionum
2523 4808 2723 4852 tantum
2753 4798 2995 4851 ordinem
3016 4796 3399 4861 describemus,
3430 4806 3481 4851 et
3510 4794 3633 4864 quid

2072 4897 2281 4951 eveniat
2330 4893 2430 4947 sub
2482 4892 2739 4947 brevitate
2788 4890 3232 4953 monstrabimus,
3290 4888 3635 4957 perquirenda

2075 4996 2233 5057 atque
2263 4983 2613 5040 examinanda
2641 4983 2848 5053 singula
2896 4983 3109 5038 lectoris
3157 4980 3444 5051 diligentia:
3492 4978 3635 5031 dere-

2080 5082 2397 5151 linqueutes.
2444 5077 2733 5146 De'st'riptis
2779 5092 2905 5146 ergo
2944 5075 3273 5145 simplicibus
3322 5088 3381 5126 ev
3415 5071 3634 5124 adversa

2080 5180 2250 5239 parte,
2290 5184 2431 5241 qua},
2462 5183 2721 5223 converso
2750 5168 2957 5231 ordine,
3001 5166 3340 5235 prmdicatttm
3380 5179 3500 5219 cum
3552 5175 3635 5216 ne.

2075 5264 2286 5333 gatione
2311 5260 2678 5332 pronuntiant,
2720 5258 3082 5314 conferantur.

2343 5488 2349 5495 ἡ
2397 5416 2685 5474 Conversa:
2710 5416 2776 5472 de
2801 5417 3089 5488 praedicata
3115 5415 3320 5469 ittflnit'o

2288 5532 2457 5589 Onme
2484 5530 2680 5585 animal
2705 5543 2811 5585 non
2841 5529 3000 5582 homo
3027 5536 3129 5583 est.

2289 5624 2498 5680 Nullum
2528 5621 2722 5676 animal
2754 5635 2858 5674 non
2898 5619 3057 5673 homo
3085 5627 3186 5672 est.

2283 5715 2559 5785 Quoddam
2600 5712 2798 5767 animal
2838 5726 2942 5765 non
2976 5712 3135 5764 homo
3156 5717 3255 5767 est.

2286 5806 2563 5879 Quoddam
2595 5804 2789 5859 animal
2823 5818 2927 5858 non
2958 5802 3118 5859 homo
3145 5815 3251 5859 non
3273 5808 3375 5865 est.
