4112 6332
558 328 650 390 79l
1516 322 1519 325 λ
1774 340 1881 395 AN.
1927 338 2133 396 MANL.
2173 340 2327 398 sev.
2369 342 2591 398 eoum

768 449 954 507 Omnis
981 450 1141 505 homo
1174 449 1350 520 justus
1386 461 1489 509 est.

765 543 949 598 Nullus
989 543 1147 598 homo
1180 543 1356 614 justus
1398 554 1496 602 est.

761 634 986 702 Quidam
1016 634 1174 688 homo
1202 636 1377 705 justus
1414 646 1517 692 est.

764 728 987 795 Quidam
1022 729 1181 783 homo
1205 730 1382 799 justus
1405 745 1512 787 non
1540 742 1641 787 cst.

760 860 946 915 Omnis
976 860 1137 916 homo
1176 864 1551 933 grammaticus
1580 874 1677 922 εει.

756 951 944 1007 Nullus
980 956 1144 1009 homo
1168 956 1547 1025 grammaticus
1575 966 1677 1013 est.

758 1043 984 1112 Quidam
1025 1044 1185 1101 homo
1220 1047 1598 1117 grammaticus
1626 1056 1725 1105 εει.

666 1181 679 1196 .
759 1136 985 1204 Quidam
1013 1136 1171 1193 homo
1208 1139 1593 1209 grammaticus
1638 1155 1745 1197 non
1774 1149 1877 1197 εει.

758 1273 944 1330 Omnis
974 1276 1133 1330 homo
1164 1274 1298 1345 lapis
1325 1284 1426 1331 est.

756 1365 946 1422 Nullus
976 1366 1136 1420 homo
1159 1367 1295 1436 lapis
1325 1375 1428 1422 est.

753 1456 979 1526 Quidam
1007 1458 1168 1513 homo
1195 1458 1329 1530 lapis
1358 1466 1458 1513 est.

750 1548 979 1617 Quidam
1008 1549 1169 1607 homo
1194 1551 1329 1621 lapis
1359 1565 1464 1606 non
1493 1557 1599 1607 est.

748 1685 939 1741 Omnis
976 1684 1137 1742 homo
1165 1685 1385 1742 risibilis
1422 1686 1543 1754 est!

750 1776 935 1832 Nullus
965 1778 1125 1832 homo
1156 1778 1374 1833 risibilis
1411 1786 1514 1833 est.

754 1870 983 1940 Quidam
1030 1874 1190 1927 homo
1220 1872 1441 1927 risibilis
1469 1879 1572 1927 εει.

746 1961 974 2030 Quidam
1004 1962 1166 2018 homo
1197 1964 1416 2019 risibilis
1445 1978 1555 2018 non
1582 1970 1685 2020 εει.

3703 344 3816 413 792

2450 458 2639 513 Omnis
2666 458 2841 528 justus
2871 474 2975 515 non
3003 458 3163 515 homo
3199 473 3301 517 εει.

2452 549 2639 604 Nullus
2662 550 2837 620 justus
2874 565 2981 606 non
3022 551 3183 607 homo
3208 562 3310 609 εει.

2449 640 2675 708 Quidam
2703 642 2879 711 justus
2916 658 3022 698 non
3052 644 3213 699 homo
3247 653 3350 701 εει.

2444 734 2670 801 Quidam
2693 734 2868 804 justus
2904 750 3012 790 non
3042 739 3203 792 homo
3227 752 3334 794 non
3361 747 3465 797 est.

2448 869 2633 928 Omnis
2652 869 3036 941 grammaticus
3063 883 3169 926 non
3197 870 3359 925 homo
3394 879 3497 928 εει.

2449 965 2643 1025 Nullus
2666 964 3046 1035 grammaticus
3082 979 3188 1019 non
3216 964 3377 1019 homo
3403 972 3507 1021 εει.

2450 1056 2676 1125 Quidam
2701 1056 3082 1126 grammaticus
3111 1069 3217 1110 non
3248 1055 3408 1112 homo
3435 1064 3539 1114 εει.

2444 1148 2670 1217 Quidam
2700 1147 3083 1219 grammaticus
3111 1161 3217 1203 non
3249 1150 3409 1205 homo
3438 1164 3546 1206 non
3572 1156 3679 1208 εει.

2447 1280 2637 1337 Omnis
2665 1280 2800 1350 lapis
2822 1294 2932 1335 non
2955 1279 3115 1335 homo
3141 1289 3244 1337 est.

2438 1374 2626 1430 Nullus
2653 1374 2786 1445 lapis
2812 1389 2915 1429 non
2936 1372 3099 1428 homo
3138 1383 3243 1429 εει.

2439 1466 2664 1535 Quidam
2694 1466 2830 1535 lapis
2872 1480 2978 1520 non
3010 1465 3171 1520 homo
3200 1475 3303 1521 εει.

2439 1557 2670 1625 Quidam
2698 1554 2834 1627 lapis
2862 1571 2969 1612 non
3002 1555 3163 1611 homo
3184 1570 3293 1612 non
3318 1564 3421 1613 εει.

2440 1694 2612 1752 Omne
2647 1693 2854 1750 risibile
2883 1708 2989 1748 non
3014 1692 3176 1749 homo
3201 1701 3305 1750 εει.

2438 1785 2653 1841 Nullum
2692 1787 2899 1855 risibile
2926 1801 3030 1841 non
3068 1786 3226 1841 homo
3255 1794 3354 1843 est.

2437 1877 2714 1945 Quoddam
2742 1878 2946 1932 risibile
2972 1892 3079 1931 non
3112 1877 3270 1931 homo
3298 1883 3401 1933 εει.

2439 1968 2722 2036 Quoddam
2750 1967 2955 2023 risibile
2983 1983 3089 2023 non
3120 1968 3280 2023 homo
3308 1984 3414 2023 non
3441 1976 3544 2025 εει.

530 2056 731 2115 Harum
790 2057 953 2130 igitur
1006 2059 1061 2113 in
1107 2058 1550 2113 allirmationibus
1615 2055 1828 2128 quidem
1898 2055 2115 2112 univer—
2142 2066 2197 2127 Α
2221 2072 2341 2115 cum
2372 2060 2607 2129 separari
2640 2059 2869 2131 possint,
2894 2069 3005 2114 tum
3031 2059 3113 2113 vel
3152 2059 3351 2130 majora
3380 2069 3523 2127 sunt,
3558 2058 3806 2131 utjustus

527 2149 734 2205 salibus
754 2151 798 2206 si
820 2166 881 2205 ea
911 2152 979 2206 de
1008 2151 1249 2222 subjecto
1279 2151 1639 2221 prmdiccntur
1692 2164 1813 2221 quae
1838 2157 1893 2204 et
1921 2149 2114 2205 adesse

527 2251 586 2299 et
610 2243 801 2300 abesse
826 2245 1158 2316 contingant,
1201 2247 1317 2301 sive
1347 2245 1473 2299 illud
1518 2246 1760 2315 subjecto
1806 2246 1979 2317 majus
2019 2248 2107 2313 sit,

526 2342 587 2390 ιιι
608 2334 813 2404 justitia
843 2336 1079 2404 homine,
1120 2338 1234 2393 sive
1263 2338 1459 2401 minus,
1508 2346 1567 2391 ut
1604 2338 1986 2407 grammaticus
2015 2339 2111 2393 lio-

524 2429 695 2492 miue.
719 2429 803 2485 vel
832 2429 878 2484 si
908 2444 969 2485 ea
1000 2446 1118 2501 qua:
1149 2431 1368 2486 omnino
1405 2430 1596 2486 adesse
1626 2445 1736 2486 non
1772 2438 2019 2500 possunt,
2052 2438 2112 2487 ut

523 2521 662 2591 lapis
688 2522 911 2591 homini,
941 2522 1102 2577 simul
1129 2537 1342 2595 semper
1374 2524 1533 2579 falsas
1565 2539 1688 2581 esse
1736 2539 1957 2581 necesse
2003 2533 2107 2581 est.

522 2611 579 2669 Si
608 2612 734 2683 quid
772 2628 902 2669 vero
929 2626 1123 2685 przeter
1164 2615 1278 2672 haec
1308 2615 1469 2671 fuerit
1524 2618 1892 2687 praedicatum,
1948 2633 2108 2673 unam

520 2713 737 2773 veram,
806 2703 995 2760 falsam
1034 2706 1258 2762 alteram
1300 2721 1420 2762 esse
1474 2708 1789 2778 proveniet,
1820 2722 2109 2778 numquam

519 2807 651 2852 vero
680 2796 891 2867 utrique
909 2800 1108 2853 veritas
1132 2800 1467 2855 consonabit.
1493 2800 1548 2855 In
1578 2800 1954 2871 uegationibus
1978 2815 2107 2856 vero

520 2889 917 2943 universalibus
944 2882 1303 2959 siquidem'ea
1343 2890 1411 2944 de
1450 2892 1692 2960 subjecto
1744 2890 2107 2961 prredicentur

520 2993 640 3048 qua:
682 2995 714 3034 a
760 2980 1003 3049 subjecto
1044 2982 1257 3037 valeant
1286 2984 1595 3059 segregari,
1632 2985 1747 3038 sive
1778 2982 1865 3038 illa
1898 2983 2102 3053 majora

520 3068 648 3135 Iint,
679 3071 961 3139 utjustitia
994 3071 1232 3136 homine,
1264 3074 1379 3129 sive
1408 3076 1613 3129 minora
1655 3083 1715 3129 ut
1759 3074 1948 3130 eodem
1995 3074 2098 3129 ho-

518 3161 667 3216 mine
704 3165 1104 3232 grammaticus,
1157 3166 1396 3237 utrisque
1422 3166 1595 3223 aderit
1636 3167 1767 3223 falsa
1808 3152 2095 3224 sententia.

519 3255 783 3326 Quidquid
808 3273 936 3313 vero
960 3259 1285 3329 reliquorum
1316 3259 1474 3316 fuerit
1513 3262 1858 3330 prazdicatum
1886 3262 1978 3316 uni
2005 3276 2100 3317 ve-

519 3360 661 3416 rum,
686 3350 839 3407 alteri
870 3351 1027 3409 faciet
1042 3354 1234 3410 adesse
1260 3355 1615 3411 mendacium.
1658 3355 1935 3424 Nunquam
1966 3369 2098 3411 vero

519 3436 573 3497 In
620 3440 704 3498 his
750 3458 975 3501 concors
1021 3445 1217 3502 veritas
1262 3447 1553 3502 invenitur.
1598 3447 1653 3503 ln
1686 3447 2095 3517 particularibus

519 3543 647 3592 vero
673 3536 1117 3597 allirmationibus
1152 3539 1417 3611 siquidem
1455 3555 1521 3597 ea
1562 3540 1941 3613 praedicentttr,
1971 3555 2094 3612 quae

1188 3653 1491 3725 Simplices.

2220 2148 2459 2216 homine,
2492 2150 2576 2204 vel
2607 2149 2834 2216 minora,
2868 2158 2926 2203 ut
2967 2151 3343 2221 grammaticus
3390 2150 3625 2218 homine,
3658 2166 3805 2207 como

2217 2245 2394 2299 munis
2423 2243 2810 2299 afﬁrmationes
2842 2244 3039 2299 veritas
3057 2244 3336 2299 obtinebit.
3355 2243 3475 2299 Alia
3505 2260 3631 2300 vero
3655 2260 3803 2315 que-

2216 2335 2343 2393 libet
2374 2337 2681 2407 praedicatio
2711 2351 2873 2391 unam
2900 2351 3101 2401 veram,
3142 2337 3361 2391 alteram
3392 2352 3607 2406 semper
3637 2336 3801 2393 faciet

2213 2444 2334 2486 esse
2361 2428 2694 2491 mendacem,
2724 2427 2819 2483 sed
2851 2442 3117 2497 nunquam
3145 2427 3501 2483 communiter
3522 2427 3791 2483 mentien-

2213 2529 2322 2577 tur.
2362 2520 2418 2575 lu
2452 2518 2822 2590 negationibus
2862 2533 2989 2573 vero
3038 2519 3449 2588 particularibus
3481 2518 3569 2573 hic
3608 2518 3799 2576 modus

2214 2600 2316 2682 est,
2369 2623 2427 2669 ut
2475 2614 2589 2669 sive
2618 2628 2681 2669 ea
2720 2628 2841 2683 quae
2879 2612 3070 2668 adesse
3123 2629 3229 2668 non
3279 2623 3524 2682 possunt,
3567 2623 3627 2667 ut
3665 2614 3798 2684 lapis

2213 2705 2439 2773 homini,
2480 2704 2592 2760 sive
2640 2719 2761 2775 qua:
2814 2711 3041 2773 possunt
3093 2718 3156 2757 ac
3215 2713 3466 2773 poterunt
3501 2708 3794 2775 segregari,

2212 2813 2333 2855 cum
2358 2808 2534 2853 tamen
2556 2812 2740 2854 eorum
2769 2797 2911 2852 aliud
2939 2796 3111 2865 majus
3132 2796 3225 2863 sit,
3249 2805 3308 2851 ut
3325 2797 3527 2867 justitia
3553 2798 3791 2867 homine,

2209 2890 2353 2945 aliud
2394 2891 2589 2956 minus,
2623 2897 2680 2944 ut
2716 2889 3095 2958 grammaticus
3122 2888 3358 2953 homine,
3410 2888 3792 2960 prmdiceutur,

2208 2982 2410 3037 veritas
2441 2981 2681 3049 utrisque
2707 2978 2994 3034 constabit.
3018 2978 3282 3048 Quidquid
3326 2994 3454 3034 vero
3481 2982 3683 3050 absque
3712 2981 3793 3037 his

2207 3073 2601 3145 praedicabitur,
2627 3072 2902 3126 veritatem
2934 3070 3047 3136 uni,
3071 3070 3225 3124 alteri
3250 3069 3450 3125 dividet
3477 3070 3789 3137 falsitatem,

2168 3184 2173 3189 ·
2212 3166 2371 3222 simul
2402 3174 2580 3219 tamen
2615 3163 2775 3217 falsas
2801 3178 2920 3218 esse
2944 3178 3050 3217 non
3088 3164 3287 3218 evenit.
3329 3162 3456 3218 ltcm
3498 3163 3790 3232 descriptio

2208 3265 2535 3329 supponatur
2566 3270 2684 3326 quae
2713 3254 2891 3326 priore
2943 3263 3093 3325 parte
3131 3255 3457 3325 simplicibus
3487 3256 3786 3321 collocatis,

2206 3365 2300 3407 eas
2340 3365 2459 3420 qua:
2487 3362 2746 3404 converso
2784 3345 2974 3401 ordine
2999 3346 3297 3416 subjectum
3334 3361 3455 3403 cum
3498 3346 3785 3419 negatione

2206 3450 2510 3517 proponunt
2546 3440 2812 3497 contraria
2840 3439 3013 3496 fronte
3040 3440 3345 3496 constituat.

2249 3649 2533 3705 Conversa
2562 3647 2630 3702 de
2654 3644 2897 3716 subjecto
2924 3644 3147 3701 infinito.

933 3792 1121 3849 Omnis
1149 3793 1312 3850 homo
1342 3795 1539 3850 animal
1570 3805 1671 3852 est.

934 3881 1121 3938 Nul‘us
1149 3884 1308 3939 homo
1338 3886 1535 3941 animal
1563 3894 1689 3941 est.’

933 3977 1159 4046 Quidam
1200 3979 1360 4034 homo
1388 3981 1582 4036 animal
1610 3988 1711 4036 est.

932 4071 1159 4142 Quidam
1196 4074 1357 4130 homo
1385 4075 1581 4130 animal
1609 4091 1715 4131 non
1743 4084 1845 4132 est.

930 4234 1117 4291 Omnis
1140 4234 1305 4292 homo
1328 4237 1548 4295 risibilis
1572 4250 1676 4297 est.

926 4326 1115 4383 Nullus
1141 4328 1300 4384 homo
1326 4330 1544 4386 risibilis
1572 4340 1676 4387 est.

932 4418 1155 4485 Quidam
1183 4422 1345 4478 homo
1373 4425 1593 4482 risibilis
1622 4435 1724 4483 est.

924 4510 1151 4577 Quidam
1182 4513 1344 4571 homo
1369 4516 1587 4574 risibilis
1617 4534 1723 4576 non
1755 4528 1857 4576 est.

927 4663 1110 4721 Omnis
1133 4667 1294 4724 homo
1319 4670 1454 4742 lapis
1480 4682 1582 4729 est.

921 4755 1107 4814 Nullus
1136 4759 1296 4818 ltomo
1326 4762 1461 4832 lapis
1486 4775 1587 4821 est.

925 4851 1149 4916 Quidam
1180 4858 1340 4913 homo
1365 4859 1501 4929 lapis
1531 4868 1632 4916 est.

920 4942 1145 5009 Quidam
1171 4944 1334 5003 homo
1361 4948 1496 5018 lapis
1526 4966 1632 5006 non
1660 4960 1761 5007 est.

923 5096 1112 5153 Omnis
1136 5098 1297 5156 homo
1317 5102 1495 5171 justus
1523 5114 1629 5160 est.

920 5189 1104 5245 Nullus
1133 5191 1293 5247 homo
1318 5194 1494 5263 justus
1520 5207 1623 5251 est.

918 5281 1143 5348 Quidam
1173 5282 1335 5339 homo
1359 5285 1532 5352 justus
1561 5295 1661 5342 est.

919 5372 1146 5440 Quidam
1178 5375 1336 5432 homo
1370 5376 1539 5436 iustus
1564 5394 1671 5434 non
1705 5389 1805 5436 est.

918 5532 1105 5591 Omnis
1131 5535 1293 5593 homo
1319 5537 1698 5608 grammaticus
1724 5546 1825 5595 est.

920 5626 1104 5680 Nullus
1134 5626 1298 5681 homo
1320 5628 1700 5698 grammaticus
1727 5635 1826 5682 est.

917 5715 1138 5780 Quidam
1167 5717 1328 5771 homo
1352 5718 1729 5787 grammaticus
1758 5726 1861 5773 est.

923 5804 1147 5869 Quidam
1184 5807 1339 5863 homo
1364 5810 1739 5879 grammaticus
1769 5825 1875 5867 non
1898 5818 1999 5867 est.

2120 3791 2294 3847 Omne
2315 3803 2423 3844 non
2450 3784 2646 3840 animal
2673 3784 2833 3837 homo
2859 3792 2963 3839 est.

2117 3882 2332 3937 Nullum
2363 3894 2473 3934 non
2504 3876 2697 3931 animal
2730 3874 2891 3929 homo
2916 3883 3016 3932 εει.

2118 3977 2393 4048 Quoddam
2423 3990 2529 4028 non
2554 3970 2750 4027 animal
2778 3971 2940 4027 homo
2966 3982 3065 4028 est.

2121 4071 2400 4142 Quoddam
2428 4083 2534 4124 non
2563 4065 2762 4123 animal
2790 4058 2950 4123 homo
2981 4081 3084 4124 non
3111 4074 3209 4124 est.

2110 4240 2282 4298 Omne
2312 4255 2418 4297 non
2446 4240 2652 4297 risibile
2683 4241 2846 4296 homo
2872 4250 2976 4298 est.

2107 4333 2322 4388 Nullum
2354 4348 2461 4389 non
2492 4334 2695 4389 risibile
2727 4334 2886 4387 homo
2911 4341 3011 4388 est.

2107 4427 2386 4497 Quoddam
2415 4444 2522 4483 non
2551 4428 2754 4483 risibile
2782 4427 2943 4481 homo
2971 4433 3071 4481 εει.

2104 4519 2384 4587 Quoddam
2414 4535 2521 4576 non
2552 4520 2755 4577 risibile
2784 4520 2945 4575 homo
2973 4534 3078 4576 non
3107 4526 3208 4576 εει.

2098 4676 2286 4733 Omnis
2312 4693 2418 4735 non
2447 4680 2581 4749 lapis
2608 4679 2771 4735 homo
2797 4691 2901 4737 est.

2099 4768 2289 4825 Nullus
2314 4786 2418 4826 non
2450 4772 2584 4843 lapis
2612 4774 2774 4829 homo
2802 4782 2908 4853 est.

2100 4863 2329 4932 Quidam
2360 4880 2465 4920 non
2498 4867 2631 4937 lapis
2661 4867 2821 4924 homo
2849 4875 2952 4925 est.

2098 4954 2325 5021 Quidam
2358 4969 2464 5009 non
2495 4954 2630 5025 lapis
2656 4955 2818 5013 homo
2844 4972 2950 5013 non
2977 4959 3077 5013 est.

2096 5109 2284 5165 Omnis
2310 5127 2416 5166 non
2441 5113 2617 5183 justus
2646 5114 2808 5170 homo
2839 5125 2940 5172 est.

2100 5201 2289 5258 Nullus
2317 5219 2421 5259 non
2447 5204 2625 5275 justus
2649 5207 2810 5262 homo
2834 5216 2938 5263 est.

2094 5292 2320 5361 Quidam
2352 5310 2456 5350 non
2485 5295 2659 5367 justus
2688 5297 2849 5353 homo
2879 5307 2980 5352 est.

2095 5384 2323 5451 Quidam
2354 5401 2458 5441 non
2486 5386 2664 5456 justus
2692 5388 2853 5444 homo
2880 5403 2984 5446 non
3011 5402 3110 5447 εει.

2095 5541 2283 5598 Omnis
2312 5557 2416 5598 non
2448 5546 2826 5615 grammaticus
2857 5547 3017 5603 homo
3042 5556 3143 5605 εει.

2099 5631 2284 5686 ΝιιΙΙυε
2314 5648 2421 5686 non
2450 5637 2829 5704 grammaticus
2856 5636 3010 5691 homo
3048 5650 3145 5693 est.

2094 5720 2320 5788 Quidam
2348 5738 2452 5777 non
2486 5727 2862 5794 grammaticus
2894 5728 3052 5783 homo
3083 5740 3186 5785 est.

2087 5811 2311 5878 Quidam
2341 5829 2447 5872 non
2477 5818 2856 5886 grammaticus
2883 5817 3043 5875 homo
3076 5837 3163 5878 n0t
3210 5834 3307 5882 εει.
