4056 6330
525 311 635 404 τυε

1743 337 1854 397 ΑΝ.
1893 334 2103 395 MANL.
2142 333 2295 397 ειν.
2336 334 2565 395 ΒΟΕΤῙΙ

3504 291 3799 393 r796

525 456 646 511 uias
676 453 966 522 hominem,
998 451 1191 508 animal
1222 448 1376 517 dicis,
1404 448 1455 506 id
1485 455 1567 505 est
1594 464 1797 521 genus;
1827 461 1948 519 post
1973 465 2103 505 vero
2129 454 2185 513 Α
2211 462 2395 503 verum
2429 462 2604 517 neque
2642 447 2833 505 falsum
2879 452 3103 509 efﬁcies.
3145 453 3214 510 Et
3238 455 3435 511 merito
3476 453 3681 511 dictum
3715 465 3800 514 vt-

525 549 802 613 rationale,
826 547 874 601 id
898 556 981 602 est
1020 544 1339 600 differentia.
1389 543 1726 613 Designativa
1776 557 1905 596 vero
1952 541 2095 597 dicta

523 649 625 705 est,
649 641 769 710 quia
800 648 922 693 sunt
948 652 1105 692 voces
1127 637 1368 708 quaedam
1399 651 1517 708 quae
1539 635 1668 690 nihil
1699 635 2014 705 significant,
2045 642 2102 690 ut

523 732 929 806 sunt’syllabae.
974 731 1176 787 Nomen
1224 746 1371 796 vero,
1423 730 1668 800 designat
1718 730 1767 783 id
1818 728 1971 798 cujus
2014 735 2097 782 εει

523 820 736 879 nomen.
761 823 841 879 Ad
875 822 1122 892 plaettuut
1150 836 1299 888 vero,
1341 816 1463 892 quia
1510 821 1713 876 nullum
1763 835 1954 875 nomen
2003 819 2102 874 ali-

521 915 645 988 quid
682 932 776 987 per
810 931 871 972 se
913 917 1206 985 signiﬁcat,
1256 918 1349 972 sed
1407 916 1473 969 ad
1524 916 1771 985 ponentis
1822 906 2095 984 placitum.

522 1004 653 1065 Illud
692 1010 834 1065 enim
883 1025 1212 1080 unaquaeque
1257 1025 1344 1064 res
1389 1010 1581 1064 dicitur
1623 1007 1761 1077 quod
1796 1008 1841 1062 ei
1900 994 2099 1076 placuii

523 1103 611 1174 qui
654 1104 854 1173 primus
900 1105 977 1159 rei
1026 1120 1217 1159 nomen
1266 1103 1394 1158 illud
1445 1103 1736 1172 impressit.
1789 1100 1924 1156 Sunt
1951 1100 2095 1155 enim

522 1211 679 1253 voces
726 1197 1042 1251 naturaliter
1093 1198 1473 1267 significantes,
1527 1206 1582 1250 ut
1630 1210 1823 1250 canum
1874 1194 2094 1249 latratus

521 1288 628 1346 iras
683 1305 872 1345 canum
928 1289 1209 1359 signiﬁcat,
1268 1300 1322 1343 et
1376 1290 1474 1342 alia
1526 1288 1641 1354 ejus
1696 1286 1938 1357 qumtlatn
1989 1300 2094 1339 vox

524 1380 901 1447 blandimenta;
930 1381 1022 1436 sed
1056 1396 1159 1434 non
1203 1390 1328 1435 sunt
1372 1380 1622 1445 nomina,
1663 1380 1784 1450 quia
1828 1391 1932 1432 non
1975 1385 2099 1431 sunt

520 1472 586 1527 ad
622 1472 870 1543 placitum
902 1472 1284 1541 signiﬁcantes,
1314 1472 1405 1525 sed
1435 1481 1637 1524 natura.
1694 1470 1821 1525 Sine
1854 1480 2095 1537 tempore

520 1577 670 1634 vero,
721 1564 863 1634 quod
913 1564 1070 1619 verba
1111 1565 1323 1633 quidem
1367 1577 1525 1617 voces
1572 1571 1696 1617 sunt
1743 1560 2093 1631 designativze

522 1650 578 1713 et
620 1658 913 1713 secundum
966 1658 1239 1726 placitum,
1280 1658 1371 1711 sed
1418 1657 1639 1720 distant,
1688 1654 1827 1725 quod
1879 1653 2093 1708 nomina

520 1750 637 1805 sine
662 1759 903 1823 tempore
932 1761 1079 1817 sunt,
1112 1751 1274 1806 verba
1316 1766 1434 1805 cum
1470 1760 1727 1818 tempore.
1762 1747 1924 1817 Cujus
1952 1748 2109 1801 nuila.

2206 541 2383 597 detur.
2435 542 2588 611 Quod
2616 548 2759 598 enim
2794 546 2968 614 primo
2992 547 3312 603 vocabulum
3363 551 3585 604 nomina
3628 551 3796 609 rebus

2160 636 2543 707 'imponcntes
2581 640 2878 706 dixerunt,
2933 641 2985 696 id
3037 643 3212 697 solum
3269 657 3466 698 nomen
3513 644 3800 701 vocabitur

2205 731 2420 786 merito.
2468 731 2569 799 Qui
2598 731 2743 787 enim
2776 732 2982 802 primus
3019 733 3166 789 circo
3202 734 3405 791 circum
3449 750 3649 790 nomen
3697 734 3799 791 im-

2202 822 2412 889 posuit,
2497 822 2565 877 ita
2621 821 2825 878 dixisse
2881 823 3112 889 videtur,
3170 825 3386 880 Dicatur
3439 826 3543 881 hoc
3596 828 3797 883 circus.

2204 912 2380 981 Atque
2423 911 2544 967 ideo
2589 915 2790 983 primus
2830 913 2919 969 hic
2953 929 3110 970 casus
3136 918 3502 971 nominativus
3548 926 3795 984 vocatur,

2204 1003 2344 1072 quod
2374 1019 2567 1059 nomen
2602 1006 2692 1061 sit.
2737 1007 2875 1062 Aliis
2900 1022 3029 1062 vero
3059 1009 3367 1063 nominibus
3419 1025 3528 1064 non
3561 1011 3797 1066 nominis

2203 1105 2433 1152 c:i~teros
2472 1112 2630 1153 casus
2659 1100 3020 1171 appellavere.
3057 1102 3202 1172 Ergo
3233 1117 3264 1156 a
3294 1103 3471 1171 capite
3504 1105 3797 1160 revolvcno

2203 1187 2328 1242 dum
2359 1200 2462 1256 est,
2514 1205 2701 1246 vocem
2737 1192 2939 1248 dictum
2977 1196 3121 1264 quod
3153 1209 3257 1249 vox
3302 1196 3584 1250 nominum
3626 1212 3797 1267 genus

2204 1282 2315 1347 sit;
2343 1282 2726 1351 designativam
2776 1299 2933 1351 vero,
2980 1287 3124 1357 quod
3173 1297 3298 1341 sunt
3342 1289 3590 1358 quadam
3634 1304 3795 1347 voces

2202 1387 2321 1442 qum
2365 1373 2496 1426 nihil
2540 1374 2842 1441 designant,
2884 1384 2945 1431 ut
2996 1377 3065 1430 ab
3108 1376 3190 1432 his
3235 1379 3462 1434 vocibus
3508 1392 3795 1449 separetur

2202 1478 2322 1530 quae
2353 1462 2485 1517 nihil
2531 1464 2869 1535 significant;
2916 1466 2982 1520 ad
3016 1469 3299 1536 placitum,
3336 1478 3395 1523 ut
3424 1471 3494 1525 ab
3536 1472 3624 1526 bis
3646 1475 3790 1545 voci-

2202 1556 2302 1609 bus
2342 1566 2621 1625 separetur
2665 1573 2786 1628 quae
2841 1562 3160 1616 naturaliter
3204 1562 3527 1632 signiﬁcant,
3567 1574 3628 1619 ut
3665 1576 3789 1621 sunt

2202 1650 2486 1717 pecudum.
2525 1652 2657 1706 Sine
2687 1665 2929 1721 tempore
2945 1669 3074 1710 vero
3102 1655 3303 1709 dictum
3334 1665 3442 1723 est,
3469 1658 3537 1711 ad
3565 1657 3786 1713 divisio-

2200 1757 2321 1796 nem
2390 1745 2537 1799 verbi
2595 1746 2737 1816 quod
2781 1762 2902 1802 cum
2955 1756 3199 1820 tempore
3254 1760 3369 1815 est;
3425 1751 3584 1821 cujus
3636 1753 3782 1806 nulla

519 1837 642 1912 pars
680 1852 830 1898 extra
865 1842 1190 1913 designativa
1221 1846 1335 1898 est:
1371 1857 1564 1896 nomen
1596 1842 1664 1896 ah
1703 1841 1944 1895 oratione
1984 1839 2095 1894 dis-
2125 1824 2177 1888 Β
2206 1853 2329 1908 pars
2374 1848 2524 1894 extra
2574 1840 2869 1911 signiﬁcat,
2921 1851 2981 1897 ut
3032 1843 3367 1899 divideretur
3411 1846 3480 1900 ab
3514 1848 3779 1912 oratione,

519 1934 711 2005 jungit,
746 1935 886 2004 quod
926 1936 1097 1989 oratio
1140 1945 1196 1990 et
1233 1936 1345 2005 ipsa
1375 1950 1477 1990 vox
1523 1944 1623 2000 est,
1657 1944 1711 1988 et
1741 1932 2091 2003 designativa,

518 2036 573 2082 et
608 2028 898 2083 Secundum
945 2029 1229 2098 placitum,
1271 2037 1326 2083 et
1370 2028 1650 2097 aliquoties
1692 2029 1807 2080 sine
1853 2034 2094 2096 tempore

519 2129 620 2185 e-t,
653 2121 747 2176 sed
777 2123 1036 2177 orationis
1077 2132 1256 2190 partes
1298 2122 1625 2191 significant,
1661 2122 1936 2176 nominum
1968 2137 2096 2177 vero

519 2211 757 2268 minime.
810 2212 866 2265 in
897 2212 1170 2267 Ciceronis
1196 2212 1338 2267 enim
1369 2214 1584 2266 nomine
1615 2212 1756 2265 nulla
1788 2220 1935 2266 extra
1973 2227 2096 2281 pars

521 2306 862 2376 designativa,
904 2308 1008 2373 est,
1075 2308 1377 2377 neque’ci,
1434 2319 1608 2374 neque
1662 2319 1737 2369 ce,
1794 2318 1967 2374 neque
2016 2319 2094 2356 ro.

523 2400 709 2469 Neque
757 2400 803 2455 si
853 2415 918 2455 ex
963 2399 1170 2455 duobus
1224 2400 1447 2470 integris
1493 2399 1710 2455 nomina
1759 2400 1887 2453 sint.
1945 2396 2098 2465 Quod

520 2493 662 2548 enim
705 2494 761 2546 in
806 2509 913 2547 uno
945 2493 1333 2563 consignificat,
1372 2492 1423 2545 id
1462 2504 1611 2547 extra
1654 2506 1761 2545 non
1806 2489 2094 2559 significat.

517 2579 573 2640 In
599 2584 811 2640 nomine
835 2586 976 2641 enim
1004 2586 1279 2656 magister,
1298 2585 1459 2654 niagis
1486 2596 1538 2638 et
1564 2593 1639 2637 ter
1664 2582 2093 2652 consigniﬁcant,

521 2674 643 2743 quia
673 2685 751 2728 est
784 2662 1057 2747 magister.
1119 2676 1396 2733 Sublatum
1442 2690 1569 2730 vero
1612 2683 1686 2729 ter
1715 2684 1768 2730 et
1792 2674 1954 2746 magis
1990 2688 2097 2728 non

517 2767 619 2823 erit
665 2768 887 2839 alicujus
931 2768 1267 2839 signiﬁcatio,
1322 2769 1423 2823 nisi
1478 2768 1575 2823 tibi
1622 2768 1722 2823 hoc
1765 2768 1857 2823 alii
1898 2782 2094 2822 nomen

520 2857 650 2913 dare
680 2860 955 2928 placuerit.
1014 2859 1200 2913 Omnia
1231 2861 1371 2915 enim
1405 2860 1617 2915 nomina
1651 2876 1758 2915 non
1783 2862 2098 2917 naturaliter

520 2959 661 3018 sunt,
695 2951 787 3006 sed
814 2955 880 3006 ad
910 2952 1161 3020 placitum
1195 2962 1480 3020 ponuntur.
1506 2952 1610 3008 Sed
1638 2952 1705 3007 de
1733 2952 1833 3006 hoc
1866 2954 1915 3006 in
1944 2968 2093 3008 com-

520 3040 782 3096 mentario
806 3041 925 3095 fibri
955 3045 1073 3116 περὶ
1107 3045 1399 3113 Ἐρμηνιίας
1428 3042 1728 3099 Aristotelis
1759 3044 1955 3099 dictum
1986 3053 2090 3111 εει,

519 3140 575 3186 ει
603 3133 773 3200 major
800 3133 915 3203 ejus
942 3136 1020 3187 rei
1054 3143 1309 3188 tractatus
1336 3143 1420 3189 est
1444 3176 1459 3201 ,
1490 3151 1649 3205 quam
1674 3147 1731 3190 ut
1762 3152 1903 3192 nunc
1928 3145 2093 3207 queat

518 3223 778 3291 expediri.
810 3223 1156 3288 Revertamur
1182 3224 1341 3291 igitur
1360 3225 1424 3279 ad
1456 3241 1669 3282 nomen.
1703 3227 1806 3281 Sed
1840 3229 2091 3297 quoniam

520 3323 643 3381 sunt
691 3314 933 3385 quaedam
984 3330 1141 3371 voces
1185 3332 1303 3386 quae
1349 3327 1405 3373 et
1448 3318 1794 3390 designativa-
1836 3331 1997 3386 sunt,
2039 3331 2095 3377 et

520 3407 810 3463 secundum
826 3408 1072 3478 placitum
1088 3419 1136 3464 et
1151 3408 1270 3465 sine
1288 3422 1530 3480 tempore
1546 3454 1559 3478 ,
1585 3427 1805 3480 quarum
1824 3412 1987 3470 dubia
2016 3416 2087 3470 sit

517 3506 722 3566 natura,
742 3509 799 3555 ut
818 3511 897 3557 est
921 3516 1033 3579 non,
1046 3500 1202 3557 homo
1215 3502 1339 3575 μεθ.
1372 3500 1715 3573 non-homo],
1734 3503 1833 3559 hoc
1857 3505 1996 3561 enim
2020 3506 2088 3561 si-

515 3590 728 3659 gniﬁcat
748 3593 996 3663 quiddam
1011 3594 1367 3649 etsccundum
1384 3594 1653 3663 placitum,
1674 3596 1980 3667 impositum
2010 3607 2094 3652 est

516 3686 681 3755 enim,
710 3687 804 3741 sed
836 3687 1058 3742 dubium
1086 3697 1170 3742 est
1193 3688 1279 3742 cui
1307 3687 1462 3743 subdi
1491 3690 1677 3757 possit,
1709 3690 1912 3744 nomini
1947 3690 2092 3744 enim

520 3792 628 3832 non
679 3786 875 3847 potest,
937 3795 1099 3834 omne
1138 3780 1282 3835 enim
1332 3797 1525 3837 nomen
1573 3783 1842 3851 signiﬁcat
1889 3784 2095 3854 aliquid

516 3868 813 3934 deﬁnitum,
896 3883 1003 3923 non
1056 3869 1216 3923 homo
1266 3880 1442 3924 autem
1493 3872 1637 3939 quod
1683 3872 1959 3927 deﬁnitum
2010 3883 2095 3929 est

516 3962 769 4031 perimit;
801 3958 974 4015 oratio
1023 3974 1151 4014 vero
1175 3960 1279 4013 dici
1325 3975 1431 4015 non
1477 3970 1674 4028 poteSt,
1725 3963 1900 4016 onmis
1950 3964 2095 4019 enim

516 4057 689 4114 oratio
732 4070 802 4110 ex
846 4054 1149 4110 nominibus
1196 4063 1250 4109 et
1288 4054 1469 4109 verbis
1506 4064 1737 4122 constat,
1785 4070 1893 4110 non
1934 4056 2096 4110 homo

519 4157 729 4211 autern,
759 4161 933 4213 neque
961 4160 1025 4200 ex
1054 4145 1363 4200 nominibus
1406 4153 1639 4208 constat,
1670 4160 1843 4216 neque
1876 4162 1941 4201 ex
1975 4162 2097 4201 ver-

515 4240 617 4304 bis,
666 4238 760 4295 sed
816 4237 982 4292 multo
1038 4237 1208 4306 magis
1259 4249 1383 4294 esse
1438 4250 1548 4291 non
1616 4246 1790 4307 potest
1847 4239 2095 4306 verbum,

492 4345 679 4387 omne
727 4328 872 4385 enim
922 4328 1145 4384 verbum
1195 4341 1316 4383 cum
1363 4337 1605 4398 tempore
1644 4336 1749 4395 est,
1792 4344 1900 4384 non
1931 4331 2093 4387 homo

516 4436 645 4477 vero
680 4421 795 4476 sine
826 4431 1067 4491 tempore
1104 4429 1230 4475 est:
1264 4419 1390 4488 quid
1417 4420 1487 4474 sit
1530 4435 1663 4492 ergo
1693 4419 1768 4475 ita
1808 4420 2097 4477 videndum

517 4523 627 4583 est;
684 4526 735 4569 et
771 4514 1018 4584 quoniam
1058 4528 1165 4569 non
1193 4514 1352 4571 homo
1382 4527 1481 4568 vox
1517 4512 1775 4582 signiﬁcat
1825 4513 2096 4582 quiddam,

478 4654 479 4657 η
516 4609 645 4678 quid
673 4618 851 4665 autem
877 4609 1139 4680 significet
1161 4608 1215 4663 in
1242 4605 1456 4662 homine
1483 4605 1600 4676 ipso
1622 4620 1727 4660 non
1787 4606 2093 4661 continetur

518 4701 724 4771 (potest
771 4700 911 4755 enim
959 4715 1063 4753 non
1106 4700 1270 4753 homo
1317 4708 1369 4752 et
1414 4711 1583 4768 equus
1609 4711 1730 4752 esse
1771 4705 1825 4751 et
1872 4696 2004 4765 lapis
2040 4706 2095 4752 et

516 4792 743 4859 domus,
776 4800 831 4847 et
870 4789 1123 4862 quidquid
1169 4789 1328 4845 homo
1370 4805 1475 4844 non
1522 4788 1711 4854 fuerit,
1743 4786 1995 4857 quoniam
2028 4803 2093 4842 ea

516 4900 633 4953 qua:
662 4882 963 4955 signiﬁcare
985 4889 1160 4951 potest
1189 4880 1391 4935 inﬁnita
1425 4889 1570 4947 sunt,
1596 4879 1864 4934 inﬁnitum
1896 4895 2093 4935 nomen

523 4977 809 5045 vocatur);
842 4984 895 5029 tt
939 4973 1191 5044 quoniam
1238 4980 1362 5025 sunt
1412 4971 1652 5040 quaedam
1703 4986 1861 5027 voces
1900 4982 1951 5026 et
1994 4973 2091 5026 de-

516 5068 791 5136 signatum
832 5075 882 5120 et
924 5064 991 5120 ad
1034 5065 1314 5135 placitum,
1362 5070 1417 5119 et
1463 5062 1716 5130 deﬁnitae,
1760 5074 1815 5119 et
1861 5079 2090 5134 quarum

519 5168 693 5227 partes
735 5165 890 5213 extra
926 5156 1056 5211 nihil
1098 5157 1424 5224 significant,
1454 5162 1513 5208 ut
1554 5164 1675 5209 sunt
1721 5169 1878 5209 casus
1924 5156 2095 5209 nomi-

518 5264 665 5315 num,
712 5256 768 5302 ut
796 5247 1067 5303 Ciceronis
1114 5254 1170 5301 et
1195 5245 1454 5302 Cicerone
1497 5252 1553 5301 et
1594 5255 1810 5311 caetera,
1848 5244 1963 5300 htec
1995 5260 2093 5299 no-

518 5344 658 5399 mina
686 5358 806 5405 non
850 5349 1024 5397 erunt.
1073 5338 1244 5395 Omne
1285 5339 1427 5393 enim
1468 5352 1662 5395 nomen
1691 5337 1937 5406 junctum
1971 5352 2093 5393 cum

517 5443 601 5489 est
627 5433 818 5499 verbo,
851 5441 942 5491 aut
970 5445 1161 5487 verum
1187 5440 1280 5485 aut
1324 5428 1515 5484 falsum
1545 5429 1898 5486 demonstrat.
1952 5428 2019 5484 Ut
2050 5430 2097 5484 si

517 5527 696 5592 dicas,
727 5526 842 5581 dies
864 5534 978 5594 est,
1020 5524 1121 5578 hoc
1150 5537 1277 5578 vero
1305 5532 1399 5577 aut
1437 5514 1623 5577 verum
1653 5530 1743 5574 aut
1774 5520 1962 5576 falsum
1992 5531 2093 5580 est.

521 5618 579 5675 Si
603 5633 732 5673 vero
775 5631 959 5672 casum
1000 5617 1213 5686 jungas,
1244 5630 1417 5684 neque
1461 5628 1648 5669 verum
1686 5628 1857 5682 neque
1904 5614 2096 5670 falsum

519 5711 713 5767 efﬁcis.
755 5696 815 5768 Si
858 5712 1000 5765 enim
1040 5710 1217 5778 dicas,
1247 5709 1352 5764 diei
1380 5719 1495 5773 est,
1530 5708 1661 5762 nihil
1702 5709 1840 5779 quod
1872 5710 2098 5776 sinaut

524 5815 631 5858 non
668 5802 757 5868 sit,
792 5798 1189 5857 demonstrasti.
1246 5800 1427 5870 Itaque
1474 5799 1603 5854 nihil
1655 5816 1719 5854 ex
1766 5799 1867 5855 hoc
1920 5816 2091 5873 neque

2207 1933 2364 2000 cujus
2393 1942 2570 2002 partes
2595 1935 2813 1990 nomina
2856 1945 2982 1991 sunt
3007 1947 3064 1992 et
3089 1939 3273 2005 verba,
3306 1955 3426 2009 qua:
3450 1924 3785 2010 signiﬁcant;

2204 2025 2354 2080 finita
2404 2042 2550 2093 vero,
2604 2038 2662 2082 ut
2707 2029 2777 2085 ab
2828 2029 3051 2085 inﬁnitis
3107 2043 3428 2103 separetur;
3488 2047 3676 2099 recta,
3735 2044 3789 2092 ut

2204 2131 2237 2170 a
2267 2117 2477 2173 casibus
2507 2120 2947 2191 distingueretur.
3004 2125 3070 2179 Et
3096 2125 3147 2179 in
3178 2125 3345 2181 verbo
3382 2126 3570 2181 eadem
3611 2128 3788 2182 omnia

2204 2208 2318 2265 fere
2346 2213 2695 2267 conveniunt.
2744 2214 2838 2269 Est
2874 2217 3019 2271 enim
3049 2217 3269 2272 verbum
3309 2233 3410 2273 vox
3440 2218 3788 2288 signiﬁcativa

2201 2300 2271 2354 ad
2312 2302 2563 2369 placitum
2614 2320 2734 2359 cum
2776 2316 3037 2374 tempore,
3088 2310 3242 2375 cuius
3288 2308 3429 2364 nulla
3468 2326 3597 2380 pars
3638 2322 3789 2367 extra

2201 2392 2553 2458 signiﬁcativa
2585 2404 2705 2463 est;
2737 2406 2793 2453 et
2820 2397 2948 2467 quia
2982 2409 3066 2455 est
3106 2400 3347 2467 quaedam
3386 2416 3488 2456 vox
3520 2401 3788 2472 signiﬁca-

2205 2485 2309 2537 tiva
2353 2494 2408 2539 et
2443 2486 2511 2541 ad
2556 2486 2804 2557 placitum
2849 2504 2974 2544 cum
3006 2502 3276 2561 tempore,
3318 2492 3467 2562 cujus
3500 2508 3624 2561 pars
3655 2493 3786 2549 nihil

2141 2572 2146 2577 ’
2201 2578 2484 2646 significat,
2518 2588 2573 2633 ut
2604 2595 2708 2635 non
2752 2582 2894 2635 albet
2921 2583 3100 2655 (Alhet
3139 2585 3321 2650 enim,
3358 2585 3497 2653 qttod
3527 2601 3651 2641 cum
3681 2602 3786 2643 non

2194 2669 2439 2742 junctum
2467 2673 2857 2743 consigaiﬁcat,
2886 2676 3056 2729 solum
3106 2690 3212 2731 non
3236 2677 3548 2748 signiﬁcat).
3579 2689 3635 2734 et
3660 2680 3784 2750 quia

2200 2761 2334 2815 nihil
2391 2762 2667 2817 definitum
2722 2774 2984 2820 monstrat
3054 2766 3221 2837 (quod
3273 2768 3414 2821 enim
3465 2785 3571 2823 non
3624 2770 3784 2838 albet,

2197 2863 2375 2923 potest
2421 2865 2475 2910 et
2521 2856 2747 2921 rubere,
2799 2868 2973 2923 potest
3019 2870 3073 2915 ει
3120 2861 3457 2930 nigrescere,
3504 2871 3687 2933 potest
3733 2873 3786 2919 et

2198 2949 2417 3018 pallere,
2460 2958 2514 3004 et
2558 2949 2812 3019 quidquid
2842 2968 2946 3006 non
2975 2953 3162 3024 albet),
3203 2954 3323 3009 ideo
3362 2954 3629 3009 inﬁnitum
3667 2971 3787 3011 vero

2199 3042 2322 3094 hum
2371 3052 2613 3097 vocatum
2663 3054 2787 3100 est-
2816 3044 3061 3101 Faciebat
3110 3055 3288 3102 autem
3320 3056 3375 3102 et
3419 3046 3682 3115 facturus,
3728 3058 3785 3104 ut

2196 3133 2444 3202 superius
2484 3133 2542 3188 in
2572 3137 2809 3206 nemine,
2838 3152 2942 3191 non
2976 3138 3157 3203 verba,
3187 3138 3280 3194 sed
3316 3154 3472 3195 casus
3499 3141 3781 3197 verborum

2199 3239 2346 3281 sunt.
2374 3225 2747 3294 Repetendum
2794 3238 2876 3283 cst
2919 3228 3079 3299 igitur
3120 3230 3187 3284 ab
3224 3230 3374 3285 initio
3403 3232 3627 3286 verbum
3668 3247 3785 3289 esse

2198 3332 2383 3373 vocem
2421 3318 2642 3386 dictum,
2671 3335 2702 3373 a
2749 3335 2978 3389 genere;
3025 3320 3454 3390 signiﬁcativam,
3504 3331 3564 3376 ut
3607 3336 3639 3376 a
3675 3338 3779 3378 non

2198 3411 2568 3480 signiﬁcativis
2607 3412 2828 3467 vocibus
2868 3412 3160 3479 dividatur;
3214 3412 3282 3468 ad
3322 3414 3603 3484 placitum,
3635 3427 3694 3470 ut
3718 3418 3783 3473 ab

2199 3503 2303 3556 illis
2330 3518 2448 3574 qua:
2476 3512 2661 3559 natura
2690 3513 2814 3559 sunt
2841 3505 3206 3574 signiﬁcativa:
3230 3506 3451 3562 vocibus
3479 3518 3781 3577 separetur:

2197 3610 2318 3649 cum
2372 3604 2636 3665 tempore,
2685 3607 2741 3651 ut
2792 3613 2821 3653 a
2872 3599 3090 3652 nomine
3136 3599 3485 3664 divideretur;
3532 3616 3785 3671 praesens

2198 3684 2394 3753 aliquid
2424 3685 2758 3755 significare,
2788 3696 2845 3741 ut
2873 3702 2904 3742 a
2932 3688 3081 3743 verbi
3118 3689 3336 3745 casibus
3361 3690 3777 3762 disjungeretur;

2199 3776 2368 3842 finita,
2413 3785 2468 3830 ut
2506 3777 2573 3831 ab
2616 3777 2838 3833 inﬁnitis
2885 3780 3373 3838 disterminaretur.
3422 3783 3615 3841 Restat
3660 3800 3785 3857 ergo

2199 3881 2341 3921 nunc
2375 3868 2503 3934 quid
2542 3868 2613 3922 sit
2649 3871 2823 3925 oratio
2862 3870 3064 3929 dicere.
3122 3873 3248 3928 ilzec
3286 3875 3431 3930 enim
3467 3890 3538 3930 ex
3572 3877 3790 3935 nomine

2198 3969 2252 4014 et
2289 3961 2453 4013 verbo
2484 3961 2739 4030 componi
2768 3954 2981 4024 vidietur
3018 3981 3032 4017 :
3065 3964 3159 4019 sed
3204 3965 3349 4035 prius
3386 3975 3563 4023 utrum
3595 3984 3788 4027 nomen

2197 4057 2253 4104 et
2282 4050 2500 4106 verbum
2544 4054 2672 4107 solm
2705 4064 2885 4123 partes
2919 4055 3182 4114 orationis
3222 4057 3336 4112 sint
3366 4059 3789 4127 consideremus,

2196 4158 2262 4196 an
2301 4145 2462 4199 etiam
2509 4146 2626 4201 aliae
2668 4162 2792 4214 sex,
2836 4157 2895 4202 ut
2931 4150 3403 4219 grammaticorum
3444 4152 3630 4223 opinio
3670 4151 3785 4219 fert,

2197 4246 2263 4286 an
2294 4233 2485 4303 aliquae
2508 4250 2572 4290 ex
2602 4235 2686 4290 his
2715 4237 2768 4292 in
2800 4236 2952 4292 verbi
2981 4248 3036 4293 et
3066 4240 3302 4295 nominis
3326 4239 3447 4311 jura
3479 4251 3788 4309 vertantur;

2197 4323 2337 4391 quod
2369 4326 2469 4380 nisi
2502 4327 2649 4396 prius
2694 4328 3041 4383 constitutum
3073 4331 3173 4397 sit,
3225 4342 3338 4387 tota
3364 4334 3789 4403 propositionum

2198 4428 2261 4467 ac
2298 4413 2549 4487 deinceps
2578 4432 2643 4472 ea
2672 4418 2785 4488 ipsa
2820 4434 2939 4490 quae
2970 4435 3035 4476 ex
3065 4423 3528 4492 propositimiibus
3575 4440 3788 4495 campo.

2202 4508 2344 4562 nitur
2379 4508 2813 4579 syllogismorum
2855 4511 2995 4567 ratio
3032 4512 3299 4569 titubabit.
3330 4513 3463 4571 Nam
3490 4515 3541 4571 si
3580 4531 3651 4572 ex
3688 4530 3789 4587 quo

2203 4600 2309 4654 sint
2362 4616 2562 4670 genere
2612 4603 2824 4660 termini
2876 4605 3169 4672 nesciatur,
3219 4614 3389 4663 totum
3437 4609 3788 4677 ignorabitur.

2199 4690 2399 4746 Nomen
2441 4700 2494 4746 ει
2535 4694 2755 4748 verbum
2797 4694 2918 4750 duae
2965 4696 3095 4751 solae
3141 4706 3323 4766 partes
3364 4708 3489 4753 sunt
3517 4701 3787 4769 putand'a,

2197 4790 2408 4838 caetera:
2449 4784 2593 4839 enim
2628 4800 2733 4839 non
2772 4794 2975 4855 partes,
3007 4786 3102 4842 sed
3134 4787 3390 4842 orationis
3418 4790 3789 4858 supplementa

2197 4885 2357 4931 sunt:
2392 4883 2447 4929 ut
2492 4876 2633 4931 enim
2682 4877 3061 4947 quadrigarum
3093 4877 3241 4932 frena
3270 4878 3352 4934 vel
3387 4879 3505 4933 lora
3534 4895 3642 4935 non
3674 4896 3788 4949 par-

2200 4974 2280 5019 tes
2302 5006 2316 5030 ,
2351 4966 2445 5019 sed
2478 4966 2720 5037 quaedam
2752 4967 3149 5038 quodammodo
3192 4968 3433 5038 iigatura:
3464 4980 3588 5023 sunt
3615 4982 3702 5035 et,
3735 4982 3789 5025 ut

2198 5061 2399 5117 dictum
2431 5071 2532 5127 est,
2564 5062 2935 5132 supplementa
2977 5076 3081 5116 non
3110 5061 3270 5117 etiam
3297 5072 3510 5132 partes,
3557 5063 3636 5118 sic
3666 5079 3788 5118 con-

2195 5151 2501 5224 junctiones
2550 5162 2604 5210 et
2647 5152 3054 5223 praepositiones
3087 5160 3142 5207 et
3173 5152 3274 5207 alia
3323 5152 3635 5223 bujusmodi
3686 5169 3787 5211 non

2207 5256 2385 5317 partes
2433 5248 2689 5303 orationis
2730 5256 2890 5313 sunt,
2932 5245 3029 5302 sed
3076 5245 3321 5316 quaedam
3392 5246 3786 5316 colligameuta.

2203 5339 2541 5409 Participium
2581 5355 2709 5396 vero
2747 5338 2888 5411 quod
2916 5348 3154 5404 vocatur,
3187 5336 3339 5393 verbi
3378 5337 3498 5394 loco
3538 5346 3785 5408 ponetur,

2206 5432 2454 5503 quoniam
2501 5432 2757 5500 temporis
2801 5429 3280 5486 demonstrativum
3327 5436 3431 5485 est.
3460 5428 3783 5485 Adverbiutu

2206 5538 2334 5580 vero
2360 5538 2554 5589 nomen
2584 5522 2981 5594 est,cujusdam
3009 5523 3154 5579 enim
3184 5521 3419 5579 deﬁnita:
3447 5522 3782 5595 signiﬁcatio-

2206 5616 2287 5669 nis
2314 5624 2395 5670 εει
2420 5615 2535 5669 sine
2556 5620 2816 5683 tempore,
2844 5613 2983 5685 quod
3014 5614 3059 5669 si
3091 5628 3188 5684 per
3212 5627 3371 5669 casus
3400 5627 3503 5668 non
3536 5612 3781 5676 flectitur,

2206 5707 2334 5763 nihil
2364 5708 2603 5777 impedit.
2634 5706 2748 5761 Non
2769 5706 2911 5761 enim
2962 5714 3047 5761 est
3076 5704 3354 5776 proprium
3382 5704 3616 5761 nominis
3643 5700 3778 5758 flecti

2208 5814 2301 5869 per
2345 5813 2523 5855 casus.
2582 5798 2714 5853 Sunt
2750 5797 2909 5854 .enim
2961 5798 3204 5870 quaedam
3234 5799 3472 5873 .nnmina
3496 5812 3614 5871 qua:
3640 5793 3774 5853 ﬂecti
