4112 6332
386 230 492 290 797

1481 227 1571 284 DE
1607 226 2041 285 SYLLOGISMO
2080 226 2533 291 CATEGOBICO.

3052 200 3057 205 ›
3104 190 3187 223 δη.

3534 234 3649 293 -798

387 357 493 401 non
522 350 766 415 possunt,
798 355 919 413 quas
958 356 990 397 a
1034 341 1395 412 grammaticis
1443 351 1754 410 monoptota
1794 326 2051 402 nomi-"A
2081 351 2291 395 nanfttr.
2328 345 2470 411 Quos
2505 342 2794 404 difﬁnimus
2841 344 2919 403 sic
2951 361 2966 402 :
3001 346 3247 406 Termini
3294 358 3420 409 sunt
3468 362 3650 422 partes

390 434 607 503 nantur,
668 434 761 491 sed
815 434 919 491 hoc
966 435 1329 506 grammaticas
1384 434 1553 503 magis
1604 449 1760 504 quam
1814 433 1974 503 hujus

394 528 836 587 considerationis
880 520 985 585 est.
1027 528 1209 584 Oratio
1258 536 1341 584 est
1387 543 1491 583 vox
1541 527 1867 597 designativa
1903 527 1971 582 ad

392 623 667 695 placitum,
697 621 851 693 cujus
897 628 1075 692 partes
1109 618 1313 688 aliquid
1347 628 1505 674 extra
1545 618 1869 688 signiﬁcant,
1915 625 1973 673 ut

392 712 577 776 dictio,
618 725 727 767 non
768 722 823 767 ut
852 709 1156 766 afﬁrmatio.
1204 707 1271 763 Et
1296 716 1379 762 est
1415 707 1645 765 orationi
1690 721 1976 764 commune

393 818 513 858 cum
543 803 760 857 nomine
802 809 858 857 et
892 800 1058 857 verbo
1087 799 1228 871 quod
1257 812 1359 854 vox
1386 807 1498 866 est,
1535 806 1593 853 et
1619 798 1971 870 designativa,

394 907 443 953 et
472 897 537 950 ad
573 895 851 965 placitum.
889 894 1053 965 Cujus
1077 894 1221 948 enim
1252 901 1429 963 partes
1453 893 1519 948 ad
1544 893 1796 962 placitum
1827 901 1972 962 sunt,

395 1004 457 1044 ea
502 1002 714 1058 quoque
758 987 874 1058 ipsa
922 986 990 1041 ad
1035 985 1285 1052 placitum
1331 994 1434 1042 est.
1485 986 1753 1041 Orationis
1796 994 1975 1041 autem

398 1090 578 1151 partes
603 1089 728 1134 sunt
754 1092 950 1134 nomen
976 1089 1031 1134 et
1054 1078 1295 1148 verbum.
1332 1078 1438 1134 Sed
1468 1077 1582 1134 hare
1607 1078 1672 1133 ad
1698 1079 1977 1149 placitum,

397 1175 571 1231 oratio
602 1173 763 1243 igitur
786 1171 853 1229 ad
881 1172 1132 1243 placitum
1161 1180 1263 1227 est.
1297 1171 1533 1227 Termini
1562 1186 1689 1226 vero
1718 1170 1979 1226 orationis

400 1281 431 1322 a
456 1267 748 1325 dialecticis
777 1263 1125 1322 nominantur
1153 1266 1367 1319 nomina
1421 1274 1474 1319 et
1500 1263 1683 1320 verba.
1739 1263 1981 1318 Termini

401 1372 528 1414 vero
567 1358 694 1414 dicti
719 1366 866 1427 sunt,
921 1354 1063 1426 quod
1110 1369 1280 1425 usque
1326 1354 1395 1410 ad
1421 1354 1645 1413 verbum
1690 1363 1744 1410 et
1784 1369 1981 1411 nomen

402 1450 660 1508 resolutio
704 1450 932 1524 partium
975 1447 1237 1504 orationis
1266 1448 1378 1516 ﬁat,
1418 1462 1487 1504 ne
1522 1449 1642 1516 quis
1683 1447 1982 1502 orationem

2079 433 2341 498 simplicis
2370 437 2751 505 propositionis
2781 438 2834 493 in
2872 439 3066 510 quibus
3104 441 3358 499 dividitur
3387 445 3652 515 principa-
3706 432 3716 487 ἶ

2081 525 2205 580 liter
2260 527 2573 597 propositio.
2635 529 2729 585 Est
2780 531 2921 587 enim
2971 533 3230 603 simplicis
3273 538 3652 606 propositionis

2084 616 2404 672 universalis
2446 618 2678 674 secunda
2717 620 2939 689 divisio,
2972 634 3030 679 ut
3056 624 3126 679 sit
3172 625 3223 679 in
3256 628 3648 696 propositione,

2080 709 2257 764 omnis
2278 708 2441 765 homo
2466 711 2660 765 animal
2693 721 2796 781 est,
2824 713 2997 768 oumis
3027 715 3186 770 homo
3205 733 3340 770 unus
3360 721 3649 779 terminus,

2080 800 2217 855 alius
2249 814 2399 866 vero,
2438 801 2636 855 animal
2664 812 2768 856 est.
2804 802 2909 859 Sed
2941 804 3041 859 hoc
3082 806 3316 860 secundo
3347 808 3495 873 loco,
3528 807 3656 862 illud

2081 909 2211 950 vero
2233 894 2621 964 principaliter.
2648 895 2777 949 Nam
2805 896 2959 964 primi
2985 897 3192 952 termini
3215 909 3338 953 sunt
3358 882 3654 969 subjectum

2082 998 2137 1043 et,
2167 987 2541 1057 praedicatum.
2575 989 2668 1042 Est
2709 989 2849 1043 enim
2876 1001 2927 1044 et
2956 1005 3062 1044 non
3092 1001 3193 1056 est,
3220 1008 3323 1045 non
3356 994 3521 1062 magis
3553 1004 3660 1049 ter-

2084 1080 2214 1134 mini
2238 1088 2361 1134 sunt
2389 1092 2547 1151 quam
2573 1080 2941 1136 afﬁrmationis
2968 1083 3051 1137 vel
3083 1085 3378 1153 negationis
3409 1085 3655 1155 designa-

2089 1176 2196 1229 tiva
2223 1186 2365 1241 sunt,
2402 1184 2453 1230 et
2484 1176 2659 1228 omnis
2684 1174 2765 1229 vel
2798 1175 2973 1228 nullus
3003 1176 3082 1230 vel
3115 1177 3306 1247 aliquis
3347 1194 3451 1231 non
3493 1179 3659 1248 magis

2087 1275 2209 1321 sunt
2234 1267 2444 1320 termini
2469 1280 2624 1335 quam
2651 1265 3052 1331 difﬁnitionum,
3075 1280 3247 1321 utrum
3272 1270 3659 1337 particulariter

2087 1372 2153 1412 nn
2188 1358 2563 1414 universaliter
2602 1357 2801 1411 dictmn
2834 1361 2936 1424 sit,
2968 1359 3295 1428 designativa
3339 1371 3479 1414 sunt.
3514 1361 3658 1417 Divi-

2095 1449 2240 1505 ditur
2263 1465 2413 1519 ergo,
2443 1449 2711 1504 utdictum
2740 1458 2840 1517 est,
2872 1450 3163 1519 propositio
3194 1451 3244 1504 in
3276 1451 3327 1505 id
3358 1452 3495 1521 quod
3534 1454 3659 1508 sub.

402 1557 571 1613 usque
630 1541 697 1597 ad
746 1541 978 1613 syllabas
1017 1541 1292 1597 nominum
1341 1540 1423 1594 vel
1473 1538 1757 1595 verborum
1813 1546 1986 1593 tentet
2083 1539 2285 1610 jectum
2317 1551 2428 1606 est,
2468 1550 2523 1593 ct
2572 1540 2622 1593 in
2662 1539 2713 1594 id
2746 1541 2883 1610 quod
2932 1541 3273 1611 pra-dicatur.
3316 1541 3444 1597 Dico
3486 1557 3661 1601 autem

402 1634 698 1699 resolvere,
741 1650 859 1705 quae
903 1636 1015 1703 jam
1062 1632 1409 1702 designativm
1449 1647 1555 1688 non
1600 1640 1747 1689 sunt.
1813 1631 1986 1686 Distat

2092 1633 2413 1701 subjectum,
2444 1641 2497 1685 ut
2523 1633 2571 1684 iu
2601 1632 2773 1685 omnis
2800 1632 2960 1686 homo
2986 1634 3181 1686 animal
3204 1642 3284 1686 est
3307 1634 3665 1702 propositione

401 1735 581 1781 autem
615 1739 647 1779 a
677 1726 893 1781 nomine
923 1726 1005 1781 vel
1044 1724 1214 1779 verbo
1260 1723 1431 1777 oratio
1458 1722 1598 1793 quod
1630 1723 1771 1777 illius
1803 1732 1982 1791 partes
2013 1709 2064 1771 Β
2097 1726 2367 1781 hominem
2393 1764 2409 1791 ,
2444 1724 2494 1778 id
2521 1740 2649 1779 vero
2679 1724 2819 1794 quod
2853 1725 3174 1795 pucdicatur
3202 1724 3323 1778 dico
3349 1725 3577 1787 animal,
3615 1734 3665 1783 et

403 1824 554 1874 extra
580 1815 910 1886 significant,
948 1815 1095 1871 verbi
1133 1823 1187 1869 et
1214 1814 1446 1868 nominis
1473 1822 1651 1883 partes
1681 1815 1812 1869 nihil
1839 1824 1988 1868 extra

405 1908 709 1979 designant.
743 1908 838 1963 Est
864 1917 1045 1964 autem
1081 1907 1246 1964 dictio
1289 1907 1447 1963 unius
1491 1907 1715 1978 simplex
1747 1903 1993 1963 vocabuli

406 2001 753 2072 nuncupatio,
820 2000 900 2056 vel
949 2001 1177 2070 simplex
1246 1998 1551 2073 afﬁrmatio.
1629 2000 1803 2069 Atque
1871 1998 1993 2055 ideo

407 2091 608 2149 dictum
636 2100 721 2148 est
745 2090 1005 2147 orationis
1035 2101 1212 2160 partes
1241 2091 1546 2161 significare
1585 2099 1641 2145 ut
1680 2089 1991 2158 dictionem,

407 2183 464 2243 ιιι
492 2192 576 2240 est
602 2191 661 2239 ut
688 2183 945 2255 simplicis
970 2183 1213 2239 vocabuli
1246 2182 1721 2251 nuncupationem.
1773 2181 1829 2236 lu
1872 2195 1995 2261 ora-

410 2278 558 2335 tione
586 2276 752 2345 enim,
782 2276 1035 2335 Socrates
1062 2276 1320 2345 ambulat,
1363 2286 1590 2343 utraque
1632 2283 1783 2329 extra
1831 2274 1996 2345 signi-

411 2368 541 2425 ﬁcat
573 2376 779 2424 tantum
810 2378 1076 2439 quantum
1121 2368 1348 2439 simplex
1388 2367 1631 2424 vocabuli
1671 2367 1997 2437 nuncupatio

411 2458 698 2533 designare
719 2469 901 2530 queat.
930 2459 1211 2529 Quomodo
1247 2468 1424 2528 autem
1454 2467 1510 2515 ut
1540 2459 1824 2515 afﬁrmatio
1862 2459 1997 2515 sim-

412 2552 538 2626 plex
576 2568 685 2609 non
719 2551 1015 2622 signiﬁcet,
1055 2552 1109 2607 in
1145 2552 1537 2607 commentario
1568 2549 1997 2607 Perihermcnias

415 2644 669 2717 explicui.
729 2636 864 2714 Quid
894 2653 1073 2700 autem
1100 2643 1171 2699 sit
1196 2642 1485 2698 afﬁrmatio
1514 2652 1568 2698 et
1596 2641 1807 2712 negatio
1838 2642 1999 2711 paulo

417 2746 541 2811 post
581 2736 986 2809 explicabimus.
1034 2735 1172 2792 Sunt
1219 2750 1347 2791 vero
1392 2735 1600 2805 species
1639 2733 1897 2789 orationis
1942 2734 1999 2789 in

417 2829 796 2902 angustissima
844 2829 1114 2886 divisione
1169 2830 1428 2900 quinque.
1483 2825 1890 2896 lnterrogativa,
1940 2833 2001 2881 ut

418 2935 645 3002 putasne
669 2922 848 2978 anima
879 2921 1197 2978 immortalis
1224 2920 1344 2975 est?
1372 2918 1706 2989 imperative,
1732 2927 1790 2972 ut
1818 2917 2002 2987 accipe

421 3017 683 3076 codicem.
732 3016 979 3087 Optativa
1024 3015 1108 3071 vel
1149 3012 1509 3085 deprecativa,
1555 3020 1614 3067 ut
1656 3012 1812 3067 faciat
1835 3012 1997 3066 Deus.

2097 1835 2310 1889 semper
2354 1818 2492 1890 quod
2544 1819 2885 1889 praedicatur,
2925 1826 3019 1872 aut
3066 1817 3300 1872 abundat
3328 1827 3382 1873 et
3426 1828 3667 1888 superest

2096 1915 2373 1985 subjecto,
2430 1925 2520 1968 aut
2552 1924 2813 1985 mquatur.
2854 1914 3025 1968 Minus
3053 1920 3229 1967 autem
3268 1911 3610 1982 praedicatum
3640 1928 3671 1973 a

2097 2007 2338 2077 subjecto
2384 2022 2652 2079 nunquam
2693 2007 3013 2077 reperietur.
3054 2006 3158 2061 Sed
3191 2006 3242 2059 id
3272 2004 3413 2075 quod
3441 1998 3671 2081 diximus

2097 2098 2324 2154 diversis
2345 2098 2777 2154 demonstremus
2813 2097 3093 2167 exemplis.
3127 2096 3377 2165 Subjecto
3417 2090 3675 2169 prtedica-ﬁ

2099 2197 2211 2245 tum
2269 2188 2503 2243 abundat
2534 2188 2748 2257 quoties
2780 2202 2947 2258 genus
2974 2186 3187 2256 aliquod
3224 2186 3291 2241 de
3328 2186 3508 2255 aliquo
3538 2200 3671 2257 prze-
3738 2182 3745 2189 ’

2099 2282 2329 2348 dicatur,
2361 2290 2419 2335 ut
2468 2279 2515 2335 si
2548 2268 2729 2345 dicas,
2763 2280 2937 2335 omnis
2978 2280 3139 2334 homo
3168 2278 3363 2333 animal
3412 2286 3513 2333 est.
3559 2260 3679 2343 Non:

2100 2373 2245 2430 enim
2270 2380 2424 2442 potes
2444 2380 2785 2438 convertere,
2817 2382 2875 2425 ut
2898 2370 3047 2425 dicas
3065 2411 3081 2437 ,
3107 2351 3267 2425 omne
3296 2369 3492 2424 animal
3518 2370 3677 2426 homo

2102 2473 2206 2529 est,
2249 2464 2375 2533 quia
2429 2460 2629 2515 animal
2679 2461 2747 2515 ab
2796 2462 3010 2515 homine
3042 2460 3159 2530 plus
3206 2468 3288 2514 est
3330 2469 3383 2514 et
3425 2459 3678 2527 abundat.

2103 2560 2371 2631 Equatur
2396 2568 2571 2614 autem
2626 2558 2972 2628 praedicatum
3016 2558 3258 2628 subjecto
3300 2555 3509 2627 quoties
3558 2568 3679 2625 pr0<

2103 2652 2277 2724 prium
2310 2651 2579 2723 quoddam
2607 2652 2835 2721 cuipiam
2868 2650 3205 2720 praedicatur,
3234 2656 3294 2703 ιιι
3319 2648 3491 2701 omnis
3523 2648 3680 2702 homo

2103 2743 2312 2799 risibile
2334 2753 2436 2808 est,
2463 2751 2616 2813 potes
2638 2749 2970 2806 convertere,
2990 2754 3147 2795 omne
3169 2738 3371 2793 risibile
3394 2738 3551 2792 homo
3576 2748 3678 2802 est;

2108 2846 2165 2891 ut
2194 2844 2374 2891 autem
2408 2835 2585 2890 minus
2614 2834 2683 2889 sit
2712 2833 2763 2888 id
2787 2831 2927 2903 quod
2956 2832 3297 2902 prmdicatur,
3332 2830 3445 2885 ﬁeri
3478 2824 3691 2899 nequit.

2114 2918 2322 2984 Dicitur
2372 2926 2533 2983 etiam
2582 2925 2890 2998 pra-cedere
2936 2923 3314 2996 prmdieatum,
3367 2921 3513 2991 sequi
3543 2912 3695 2992 quod

2108 3019 2412 3088 subjectum
2460 3027 2562 3073 est.
2593 3016 2804 3072 ldonior
2835 3022 2919 3071 est
2955 3016 3098 3070 enim
3137 3012 3445 3084 pratdicatio
3484 3004 3697 3067 constio‘

421 3109 700 3179 νοωιίνθο
740 3117 798 3165 ιιι
828 3108 1015 3165 πάθεῑο
1045 3106 1207 3163 υθυε·
1236 3105 1619 3172 »Εηυῐηίεῑίνηο
1665 3112 1725 3159 ιιι
1751 3104 2001 3160 δοθτειιθε
2027 3088 2077 3155 c
2111 3121 2261 3168 tuere
2290 3108 2718 3182 propositionem
2740 3149 2756 3176 ,
2787 3122 2946 3178 quam
2994 3106 3047 3161 id
3073 3105 3214 3177 quod
3240 3103 3538 3174 subjectum
3582 3108 3685 3159 εει.

421 3202 689 3259 ambulat:
717 3200 812 3256 sed
842 3202 896 3255 in
918 3200 1024 3256 illis
1052 3210 1280 3270 quatuor
1309 3197 1452 3253 nulla
1475 3210 1651 3267 neque
1672 3197 1868 3252 veritas
1898 3204 1998 3261 est,

421 3307 595 3364 neque
620 3290 848 3349 falsitas.
904 3291 1244 3347 Enuntiativa
1273 3304 1401 3345 vero
1425 3290 1538 3343 sola
1568 3296 1661 3343 aut
1694 3303 1880 3343 verum
1911 3292 2007 3341 aut

422 3384 614 3448 falsum
656 3384 914 3441 continet.
956 3384 1130 3464 A.tque
1162 3382 1283 3437 hinc
1309 3380 1699 3451 propositiones
1737 3381 2002 3435 oriuntur.

422 3473 730 3534 Enuntiatio
758 3488 936 3540 autem
976 3492 1029 3531 tn
1057 3474 1190 3531 duas
1220 3483 1399 3546 partes
1439 3473 1730 3535 secabitur,
1760 3471 1815 3527 in
1856 3470 2006 3525 afﬁr-

425 3571 719 3630 mationem
755 3579 810 3627 et
839 3571 1196 3640 negationem.
1243 3567 1542 3622 Afﬁrmatio
1581 3574 1667 3621 est
1709 3563 2008 3621 enuntiatio

427 3666 655 3737 alicujus
694 3665 761 3721 ad
806 3664 1024 3736 aliquid.
1074 3663 1293 3735 Negatio
1321 3671 1405 3718 est
1444 3663 1745 3719 enuntiatio
1781 3662 2010 3732 alicujus

430 3758 500 3815 ab
526 3758 733 3829 aliquo.
764 3756 829 3811 Et
855 3764 938 3812 est
981 3754 1287 3823 afﬁrmatio,
1321 3763 1378 3810 ut
1408 3762 1530 3825 puta
1574 3754 1726 3809 Plato
1766 3752 2008 3824 philoso-

430 3850 570 3919 phus
592 3860 696 3904 est.
729 3846 951 3920 Negatio
971 3888 986 3915 ,
1028 3846 1177 3904 Plato
1207 3845 1557 3918 philosophus
1581 3861 1687 3903 non
1712 3855 1816 3903 est.
1843 3845 2011 3901 Afﬁr-

431 3937 601 3993 matio
656 3937 799 3992 enim
851 3937 919 3991 ad
973 3935 1249 3992 Platonem
1305 3934 1698 4008 philosophiam
1768 3936 2014 3992 enuntiat

434 4028 691 4095 aliquam,
722 4028 772 4082 id
800 4036 883 4083 est
909 4026 1184 4083 Platonem
1208 4042 1328 4101 esse
1354 4016 1754 4098 philos0phum.
1791 4027 2014 4099 Negatio

436 4132 569 4175 vero
594 4117 662 4174 ab
699 4119 878 4190 aliquo
907 4118 1132 4175 Platone
1166 4118 1399 4189 aliquam
1426 4118 1818 4189 philosOphiam
1846 4134 2017 4174 enun-

436 4202 637 4270 tiando'
669 4212 849 4280 tollit,
902 4211 956 4268 id
1001 4220 1085 4268 est
1126 4212 1367 4267 enuntiat
1414 4211 1689 4267 Platonem
1736 4226 1843 4267 non
1894 4225 2017 4266 esse

435 4304 837 4378 philosophum.
867 4304 1328 4361 Enuntiativarum
1356 4304 1520 4376 igitur
1568 4303 1869 4373 orationum
1897 4304 2018 4360 alite

437 4407 563 4453 sunt
588 4395 892 4467 simplices,
935 4396 1055 4451 alia;
1080 4411 1185 4451 non
1215 4396 1507 4467 simplices.
1536 4393 1819 4465 Simplices
1858 4404 2012 4466 sunt,

438 4496 501 4546 ιιι
542 4489 590 4544 si
610 4489 797 4556 dicas,
837 4488 954 4545 dies
982 4497 1084 4556 est,
1128 4488 1223 4543 lux
1250 4496 1353 4544 est.
1387 4488 1501 4544 Non
1529 4488 1833 4559 simplices,
1863 4498 1943 4559 ut,
1975 4488 2022 4544 si
2044 4469 2102 4535 D

441 4581 556 4639 dies
578 4591 665 4640 est
686 4582 777 4637 lux
811 4590 913 4639 est.
944 4581 1347 4640 Afﬁrmationes
1374 4597 1504 4639 vero
1525 4583 1797 4652 simplices
1822 4591 1880 4639 et
1928 4597 2023 4638 ne-

440 4675 716 4749 gationes,
748 4674 869 4730 aliae
890 4682 1015 4730 sunt
1044 4673 1406 4743 universales,
1434 4675 1553 4730 alia:
1589 4684 1715 4732 sunt
1738 4674 2019 4743 particula-

442 4782 564 4837 res,
588 4770 716 4845 aliae
737 4767 1053 4841 indeﬁnitae.
1081 4768 1423 4825 Uuiversales
1452 4778 1575 4825 sunt
1598 4785 1718 4840 qua:
1740 4779 1832 4825 aut
1856 4781 2018 4824 omne

443 4860 734 4930 afﬁrmant,
766 4870 824 4918 ut
844 4863 1020 4917 omnis
1064 4862 1225 4917 homo
1254 4859 1451 4916 animal
1481 4860 1586 4929 est,
1613 4871 1705 4916 aut
1733 4876 1894 4916 omne
1924 4876 2021 4918 ne-

444 4962 593 5026 gant,
611 4962 669 5009 ut
682 4954 858 5009 nullus
875 4953 1038 5009 homo
1057 4954 1256 5009 animal
1269 4961 1370 5019 est;
1396 4954 1745 5023 particulares
1760 4967 1889 5010 vero
1902 4968 2022 5025 quae
2060 4947 2079 5029 γ’

444 5045 677 5118 aliquem
696 5046 968 5102 afﬁrmant
986 5046 1069 5103 vel
1084 5046 1316 5117 aliquem
1331 5055 1548 5116 negant.
1574 5047 1839 5118 utaliqnis
1863 5047 2025 5104 homo

445 5139 644 5196 animal
668 5148 770 5208 est,
802 5140 997 5211 aliquis
1027 5140 1190 5195 homo
1217 5140 1415 5195 animal
1444 5155 1551 5195 non
1575 5148 1698 5205 est;
1730 5138 2022 5194 indeﬁnitze

445 5246 575 5288 vero
605 5247 723 5303 qua
742 5247 918 5306 neque
941 5233 1314 5290 unlversaliter
1341 5232 1607 5293 afﬁrmant
1626 5273 1643 5300 ,
1669 5241 1763 5288 aut
1795 5242 2021 5303 negant,

444 5332 618 5393 neque
642 5323 1060 5394 particulariter,
1086 5332 1145 5381 ut
1171 5326 1332 5380 homo
1360 5323 1557 5381 animal
1582 5333 1693 5389 est,
1720 5323 1881 5380 homo
1909 5326 2022 5381 ani-

444 5415 552 5475 mal
594 5430 699 5471 non
738 5426 842 5472 est.
869 5415 1134 5473 Dividitur
1168 5427 1347 5475 autem
1386 5418 1611 5489 simplex
1647 5420 1938 5489 propositio
1968 5419 2021 5474 iu

443 5506 579 5563 duas
610 5516 791 5576 partes
836 5526 850 5561 :
882 5510 937 5564 in
962 5509 1260 5580 subjectum
1290 5522 1345 5567 et
1374 5512 1742 5581 prmdzca‘inn,
1779 5520 1837 5567 ut
1864 5512 2024 5568 homo

447 5602 641 5657 animal
692 5612 809 5670 est,
853 5603 1015 5660 homo
1064 5604 1363 5675 subjectum
1401 5615 1484 5663 est
1511 5648 1525 5672 ,
1563 5606 1759 5662 animal
1790 5622 1918 5662 vero
1956 5608 2026 5663 de

448 5690 667 5752 homine
710 5695 1057 5761 pradicalur’;
1090 5696 1171 5752 hae
1209 5707 1384 5754 autem
1408 5708 1587 5765 partes
1610 5701 1827 5758 termini
1852 5705 2022 5760 nomi-

2109 3204 2442 3274 Simplicium
2475 3214 2655 3258 autem
2686 3200 3115 3271 propositionum
3146 3198 3265 3251 aliae
3293 3205 3417 3251 sunt
3457 3194 3513 3249 in
3542 3192 3685 3250 ntﬂlo

2111 3296 2212 3352 sibi
2246 3295 2627 3367 participantes
2678 3302 2735 3348 ut
2762 3299 2907 3356 sunt,
2935 3292 3110 3346 omnis
3147 3290 3305 3344 homo
3335 3287 3535 3343 animal
3578 3282 3705 3351 est,

2110 3397 2189 3455 et,
2221 3390 2391 3443 virtus
2416 3389 2555 3443 bona
2589 3395 2692 3451 est,
2722 3394 2775 3441 et
2800 3385 2918 3439 alia:
2942 3380 3686 3452 huiusmodipropositiones,

2111 3482 2231 3536 alia:
2269 3495 2400 3535 vero
2429 3494 2545 3549 qua:
2573 3478 2906 3548 participant.
2940 3475 3376 3542 Participantium
3406 3472 3525 3525 aliae
3553 3478 3686 3526 sunt

2112 3587 2230 3644 qua:
2261 3572 2315 3626 in
2360 3580 2587 3639 utroque
2636 3569 2865 3622 termino
2907 3564 3259 3635 participant,
3312 3562 3431 3616 alia:
3469 3576 3587 3632 qua:
3633 3561 3689 3619 in

2112 3666 2301 3731 altero,
2322 3672 2380 3719 ‘ct
2400 3677 2518 3734 qua:
2550 3662 2717 3717 altero
2748 3661 2977 3716 termino
3006 3656 3325 3728 participant
3359 3654 3529 3710 tribus
3576 3664 3713 3708 mo-'

2112 3758 2216 3822 dis,
2234 3764 2460 3826 utroque
2482 3768 2609 3808 vero
2625 3752 2853 3807 duobus.
2894 3750 3252 3806 Ostendamus
3278 3762 3410 3818 ergo
3433 3745 3690 3815 exemplis

2114 3846 2382 3919 quomodo
2420 3844 2590 3900 altero
2620 3843 2788 3899 tribus
2820 3842 2990 3897 modis
3020 3838 3356 3912 participint.
3379 3838 3692 3917 Communia

2116 3939 2257 3995 enim
2288 3937 2547 3995 terminus
2568 3934 2670 4001 est,
2699 3950 2819 3991 cum
2850 3936 2902 3990 in
2928 3948 3028 3988 una
3050 3932 3324 4003 subjectus
3336 3930 3427 3997 sit,
3450 3932 3502 3985 in
3523 3929 3691 3985 altera

2122 4033 2441 4103 prmdicatus
2460 4074 2477 4098 ,
2518 4040 2577 4085 ut
2598 4039 2681 4087 est
2701 4030 2875 4085 omnis
2896 4027 3057 4081 homo
3086 4025 3283 4081 animal
3311 4034 3421 4090 est,
3450 4031 3506 4078 et
3535 4035 3695 4078 omne

2119 4126 2316 4179 animal
2344 4125 2659 4178 animatum.
2692 4121 2747 4175 In
2789 4121 2966 4191 priore
2996 4118 3140 4183 enim
3182 4114 3548 4188 propositione
3574 4112 3694 4167 ani-

2122 4218 2226 4272 mal
2258 4216 2581 4286 praedicatur
2630 4214 2695 4267 ad
2726 4212 2998 4267 hominem
3026 4251 3041 4275 ,
3069 4210 3122 4264 in
3155 4209 3452 4279 posteriore
3502 4204 3694 4275 praedi-

2124 4314 2275 4360 catur
2305 4304 2369 4359 ad
2397 4304 2591 4360 animal
2628 4303 2943 4367 animatum,
2977 4309 3029 4355 et
3054 4300 3110 4354 ﬁt
3134 4298 3329 4354 animal
3376 4296 3695 4369 subjectum.

2125 4398 2194 4454 Et
2223 4406 2307 4455 est
2337 4398 2422 4452 hic
2453 4396 2653 4467 primus
2683 4394 2871 4449 modus
2908 4394 2977 4448 de
3002 4393 3081 4447 eis
3109 4406 3228 4462 quae
3271 4390 3441 4446 altero
3468 4389 3696 4445 termino

2128 4492 2467 4564 participant.
2520 4487 2800 4546 Secundus
2843 4500 2970 4541 vero
3018 4484 3207 4541 modus
3263 4491 3345 4537 est
3389 4481 3442 4537 in
3490 4494 3596 4551 quo
3644 4478 3697 4537 in

2126 4585 2369 4656 utrisque
2396 4584 2695 4640 communis
2727 4581 2987 4636 terminus
3018 4576 3359 4649 praedicatur,
3390 4584 3446 4630 ιιι
3489 4574 3535 4629 si
3580 4571 3698 4644 quis
3728 4652 3733 4655 Δ

2125 4679 2288 4741 dicat,
2320 4676 2495 4731 omnis
2521 4674 2612 4729 nix
2650 4671 2909 4738 candida,
2937 4678 2992 4726 et
3032 4670 3207 4725 omnis
3248 4667 3530 4737 margarita
3576 4679 3698 4720 cau-

2125 4771 2268 4827 dida.
2310 4768 2521 4824 Etenim
2554 4770 2605 4822 in
2636 4768 2807 4836 prima
2839 4774 2893 4821 et
2920 4765 3155 4821 secunda
3187 4761 3547 4833 propositione
3577 4771 3699 4812 cau~

2125 4862 2249 4919 dida
2287 4862 2628 4932 prmdicatur,
2666 4858 2719 4913 in
2753 4859 2923 4928 prima
2952 4856 3018 4911 ad
3055 4858 3262 4920 nivem,
3293 4857 3346 4908 in
3374 4849 3604 4907 secunda
3636 4846 3699 4904 ad

2128 4957 2497 5026 margaritam.
2540 4954 2605 5007 Et
2633 4960 2717 5008 est
2752 4954 2835 5007 hic
2876 4951 3142 5007 secundus
3178 4948 3368 5004 modus
3392 4945 3564 5000 altero
3595 4951 3701 4997 ter-

2102 5038 2107 5042 ⁷
2134 5024 2281 5107 mino
2308 5048 2765 5121 participantium.
2788 5047 2996 5102 Tertius
3014 5061 3142 5102 vero
3166 5045 3355 5100 modus
3372 5049 3473 5105 est,
3496 5037 3704 5108 quoties
3736 5024 3745 5119 ζ

2130 5143 2184 5199 in
2219 5142 2458 5213 utrisque
2492 5140 2943 5211 prepOsitionibus
2965 5137 3262 5194 communis
3292 5135 3549 5191 terminus
3579 5130 3703 5186 sub-

2124 5234 2301 5307 jectus
2328 5244 2431 5301 est,
2478 5244 2533 5289 ut
2562 5236 2605 5289 si
2637 5234 2811 5297 dicas,
2844 5236 3009 5288 virtus
3035 5234 3229 5289 bonum
3261 5239 3364 5296 est,
3399 5229 3564 5284 virtus
3584 5227 3702 5298 jus-

2130 5335 2242 5383 tum
2278 5336 2381 5383 est.
2428 5327 2483 5381 lu
2519 5327 2759 5396 utrisque
2786 5328 2927 5381 enim
2970 5325 3035 5379 ad
3081 5325 3281 5393 jusmm
3310 5331 3363 5377 et
3390 5322 3455 5376 ad
3505 5321 3702 5375 bonum

2133 5421 2308 5475 virtus
2330 5419 2631 5490 subjectum
2660 5429 2760 5489 est.
2798 5419 2933 5475 Sunt
2975 5416 3133 5487 igitur
3156 5416 3534 5485 participantes
3576 5412 3705 5467 alte-

2127 5532 2251 5574 rum
2306 5515 2589 5571 terminum
2651 5515 2733 5569 his
2786 5513 2953 5567 tribus
2982 5511 3188 5576 modis,
3220 5517 3313 5563 aut
3351 5523 3469 5563 cum
3504 5508 3554 5560 in
3601 5518 3705 5559 una

2135 5610 2441 5667 communis
2470 5609 2730 5664 terminus
2756 5604 3094 5676 praedicatur,
3122 5605 3173 5657 in
3201 5602 3288 5657 illa
3311 5600 3578 5672 subjectus
3600 5607 3701 5663 est;

2131 5717 2224 5763 aut
2250 5723 2369 5763 cum
2398 5707 2450 5762 in
2478 5705 2719 5770 utrisque
2744 5701 3088 5770 praedicatur;
3122 5710 3211 5757 aut
3236 5714 3356 5756 cum
3386 5698 3439 5755 in
3465 5695 3703 5766 utrisque
