4056 6330
504 315 609 374 799

505 531 633 591 pant
662 521 917 577 terminos
941 521 1046 577 duo
1071 531 1196 576 sunt
1222 522 1385 577 modi.
1412 523 1543 578 Alia:
1565 525 1707 580 enim
1736 541 1800 582 au
1830 528 2079 584 eumdem

503 616 781 684 ordinem,
816 615 935 670 alia:
966 615 1033 670 ad
1059 615 1266 671 ordinis
1286 619 1778 674 commutationem.
1814 622 1894 675 Ad
1930 636 2083 677 eum-

505 709 627 766 dem
648 718 774 765 sunt
792 724 911 777 quae
936 710 1002 765 de
1030 712 1221 765 eodem
1252 710 1393 766 idem
1415 711 1804 780 demonstrant,
1830 716 1913 771 vel
1937 715 2083 770 afﬁr-

466 786 467 789 η
503 803 703 858 mative
734 804 816 858 vel
864 805 1147 873 negative,
1180 805 1264 860 vel
1304 804 1480 871 aliter,
1526 806 1610 861 vel
1650 808 2080 879 particulariter,

499 899 675 954 omnis
706 899 951 969 voluptas
983 902 1180 955 bonum
1233 910 1353 967 est,
1385 901 1528 956 nulla
1573 904 1819 973 voluptas
1878 906 2077 962 bonum

499 1002 613 1057 est;
645 1001 699 1048 et
727 1008 915 1048 rursus
966 995 1377 1063 particulariter,
1421 995 1666 1066 quaedam
1696 998 1943 1068 voluptas
1983 999 2081 1056 bo-

496 1099 625 1139 num
656 1093 759 1153 est,
790 1084 1035 1155 quazdam
1065 1087 1311 1156 voluptas
1341 1087 1539 1143 bonum
1573 1103 1682 1144 non
1727 1098 1830 1145 est.
1863 1090 1945 1145 Ad
1988 1086 2079 1147 or-

496 1174 638 1230 diuis
660 1191 788 1230 vero
814 1179 1285 1234 commutationem
1314 1188 1438 1234 sunt
1462 1182 1673 1252 quoties
1712 1184 1802 1252 qui
1836 1183 1888 1237 in
1911 1184 2077 1240 altera

493 1268 768 1339 subjectus
790 1280 875 1326 est
898 1272 1192 1336 terminus,
1223 1274 1274 1327 in
1306 1274 1407 1327 alia
1436 1274 1774 1343 praedicatur,
1814 1287 1872 1330 ut
1917 1292 2077 1333 omne

430 1388 439 1397 κ
491 1359 691 1415 bonum
714 1362 917 1431 justum
941 1373 1047 1430 est,
1077 1373 1130 1418 et
1162 1380 1320 1420 omne
1340 1365 1544 1435 justum
1573 1366 1795 1422 bonum.
1841 1368 1970 1422 Nam
2021 1371 2075 1425 in

490 1452 673 1523 priore
706 1454 903 1511 bonum
935 1456 1235 1525 subjectum
1266 1467 1366 1524 est,
1398 1457 1595 1528 justum
1626 1461 1993 1527 prmdicatum,
2022 1463 2074 1519 in

489 1544 723 1599 secunda
749 1546 951 1613 justum
1003 1549 1300 1618 subjectum
1330 1558 1443 1615 est,
1474 1550 1670 1604 bonum
1703 1552 2069 1621 prmdicatum.

487 1634 641 1693 Nunc
669 1654 797 1709 ergo
826 1642 1079 1710 quoniam
1111 1642 1229 1697 alia:
1258 1642 1325 1697 ad
1364 1644 1614 1700 eumdem
1643 1646 1883 1701 ordinem
1907 1688 1920 1713 ,
1954 1648 2071 1703 aliae

485 1730 555 1786 ad
600 1732 803 1788 ordinis
838 1713 1312 1790 commutationem
1353 1746 1511 1803 sunt,
1553 1738 1700 1807 prius
1729 1738 1969 1795 dicemus
1998 1741 2067 1795 de

488 1821 575 1877 his
600 1838 721 1893 quas
742 1824 807 1879 ad
837 1827 1083 1882 eumdem
1112 1826 1357 1883 ordinem
1380 1838 1607 1899 utroque
1636 1832 1865 1887 termino
1900 1833 2066 1902 parti-

484 1914 690 1986 cipant,
723 1926 779 1972 et
806 1922 1056 1989 quoniam
1087 1930 1213 1976 sunt
1242 1920 1663 1992 prOpositiones,
1688 1923 1805 1978 alite
1831 1924 2065 1979 afﬁrma-

482 2011 628 2080 tivte,
654 2012 772 2068 alia:
798 2016 1077 2085 negativae,
1103 2017 1222 2071 alite
1253 2018 1606 2083 universales,
1631 2018 1752 2073 alim
1779 2019 2064 2088 particula-

480 2116 591 2168 res,
619 2104 740 2160 alia:
770 2106 1097 2173 indeﬁnitae,
1142 2108 1262 2163 dua:
1291 2118 1418 2163 sunt
1443 2123 1509 2164 ex
1541 2109 1623 2163 his
1647 2125 1767 2179 quae
1808 2112 2065 2180 qualitate

481 2193 754 2262 diﬁ‘erttnt,
789 2205 899 2251 tres
923 2214 1042 2267 quae
1069 2199 1386 2269 quantitate.
1416 2200 1482 2253 Et
1512 2207 1776 2270 suntquae
1806 2202 2063 2272 qualitate

480 2286 736 2344 differunt
754 2291 1076 2346 afﬁrmativa
1106 2302 1161 2347 et
1184 2293 1458 2362 negativa;
1484 2293 1550 2347 ad
1570 2296 1919 2363 quantitatem
1944 2311 2062 2366 quae

478 2393 608 2434 vero
628 2378 904 2447 differunt,
952 2393 1080 2439 sunt
1107 2385 1458 2451 universalis,
1505 2388 1839 2455 particularis
1881 2400 1933 2444 et
1976 2390 2061 2443 in-

477 2473 717 2530 deﬁnita.
743 2475 798 2531 In
827 2476 1164 2533 afﬁrmativis
1196 2479 1337 2534 enim
1367 2489 1421 2534 et
1448 2479 1712 2549 negativis
1734 2481 1901 2550 quale‘
1932 2482 2061 2553 quid

478 2566 549 2622 sit
594 2576 684 2622 aut
713 2583 819 2622 non
850 2570 920 2623 sit
949 2556 1269 2626 ostenditur.
1307 2571 1361 2625 In
1407 2573 1695 2626 universali
1740 2573 2053 2641 particulari

476 2667 533 2713 et
553 2659 833 2716 indeﬁnita
874 2660 941 2717 de
970 2652 1216 2717 omnium
1248 2664 1332 2719 vel
1365 2664 1630 2719 nullorum
1661 2666 1743 2720 vel
1776 2668 2060 2722 nonnullo-

474 2764 594 2805 rum
641 2752 939 2823 quantitate
988 2764 1337 2812 monstratur.
1388 2757 1468 2811 Ex
1522 2758 1606 2813 his
1655 2774 1782 2828 ergo
1825 2761 2058 2829 quinque

472 2840 826 2911 differentiis,
861 2846 911 2900 id
941 2855 1024 2900 est
1048 2847 1361 2913 universali,
1389 2849 1728 2916 particulari,
1760 2849 1811 2904 in
1834 2850 2053 2918 leﬁnita,

472 2932 816 3003 afﬁrmativa,
845 2939 1114 3006 negativa,
1144 2953 1241 2993 sex
1272 2940 1678 3007 conjunctiones
1710 2940 1861 3005 fiunt,
1896 2942 1969 2996 ita
2001 2951 2057 2998 ut

470 3023 641 3081 tribus
667 3042 786 3096 qua:
834 3027 900 3081 ad
951 3029 1299 3097 quantitatem
1359 3030 1610 3085 dicuntur
1658 3033 1774 3086 dum
1815 3049 1933 3103 qua:
1988 3034 2055 3090 ad

469 3116 780 3185 qualitatem
809 3119 1061 3174 dicuntur
1086 3132 1359 3189 aptentur,
1391 3133 1445 3178 et
1478 3126 1535 3178 lit
1573 3127 1886 3183 universalis
1908 3130 2055 3182 afﬁr-

468 3205 690 3272 mativa,
716 3218 769 3261 et
808 3208 1128 3265 universalis
1158 3215 1399 3281 negativa
1424 3256 1439 3281 ,
1472 3224 1527 3268 ut
1564 3218 1739 3271 omnis
1777 3218 1936 3274 homo
1966 3223 2052 3289 ju-
2078 3204 2126 3269 C

468 3303 584 3351 stus
605 3306 707 3362 est,
738 3299 916 3353 nullus
943 3298 1103 3356 homo
1127 3301 1303 3371 justus
1330 3313 1432 3370 est;
1458 3315 1512 3360 et
1544 3307 1881 3376 particularis
1907 3311 2051 3365 affir-

469 3387 690 3454 mativa,
723 3398 777 3444 et
808 3390 1146 3458 particularis
1192 3395 1468 3463 ttegativa,
1526 3406 1582 3449 ut
1627 3398 1841 3471 quidam
1891 3400 2052 3455 homo

464 3477 641 3547 justus
666 3489 767 3547 est,
793 3481 1008 3551 quidam
1040 3482 1201 3538 homo
1221 3485 1396 3554 justus
1420 3502 1525 3541 non
1549 3498 1668 3553 est;
1694 3498 1747 3543 et
1775 3490 2061 3567 indefinite

463 3569 779 3629 afﬁrmativa
820 3585 875 3630 et
900 3579 1173 3647 negativa,
1208 3587 1265 3633 ttt
1306 3580 1468 3635 homo
1495 3583 1669 3650 justus
1709 3594 1787 3661 est
1816 3630 1829 3653 ,
1880 3586 2065 3653 homo.

462 3659 634 3731 justus
664 3679 772 3719 non
820 3675 902 3719 est
932 3684 948 3722 :
985 3668 1119 3722 ﬁunt
1146 3684 1275 3741 ergo
1319 3688 1385 3727 ex
1428 3672 1634 3730 duabus
1666 3659 1785 3746 qua:
1816 3689 1941 3733 sunt
1978 3679 2048 3735 ad

464 3756 806 3824 qualitatem,
841 3759 1012 3812 tribus
1038 3777 1157 3830 qua:
1189 3775 1315 3818 sunt
1344 3765 1410 3819 ad
1445 3770 1794 3835 quantitatem
1820 3770 2045 3843 junctis,

462 3861 558 3901 sex
587 3849 1017 3918 conjunctiones,
1042 3853 1109 3905 de
1137 3855 1673 3925 quibusittdcﬁuitas,
1697 3862 2045 3921 afﬁsmativas

461 3947 516 3991 et
540 3939 815 4007 negativas
838 3941 1181 4010 sepa’retnus,
1214 3954 1267 3999 et
1292 3948 1357 3999 de
1396 3948 1530 4003 solis
1559 3950 1947 4009 universalibus
1990 3965 2047 4012 et

461 4028 873 4096 particularibtts
944 4044 1203 4090 tractatus
1279 4038 1563 4096 habeatur.
1631 4043 2045 4105 Subscribantur

459 4122 621 4175 etiam
650 4138 833 4179 earum
879 4128 1313 4197 participantium
1354 4147 1476 4202 qua:
1516 4134 1583 4190 ad
1611 4138 1857 4192 eumdem
1897 4141 2043 4195 ordi-

459 4225 583 4267 nem
628 4206 852 4285 utrbquc
890 4222 1124 4276 termino
1176 4225 1514 4294 participant,
1559 4230 1678 4284 duae
1712 4231 2041 4291 universales

457 4305 877 4377 propositiones,
910 4328 1012 4367 una
1042 4314 1384 4386 afﬁrntativa,
1417 4331 1470 4375 et
1500 4323 1665 4378 altera
1696 4329 1960 4395 negativa,
1985 4338 2041 4397 et

457 4400 530 4455 sit
557 4400 875 4459 afﬁrmativa
904 4410 1246 4478 universalis,
1295 4417 1472 4468 omnis
1498 4416 1656 4471 homo
1678 4419 1853 4486 justus
1876 4432 1960 4475 est
1985 4432 2039 4477 et

455 4499 639 4544 contra
662 4489 831 4562 ipsam
852 4497 1169 4577 universalis
1191 4505 1453 4573 negativa,
1486 4508 1662 4562 nullus
1688 4508 1845 4563 homo
1856 4510 2034 4578 justus

456 4588 562 4635 est.
593 4583 720 4637 ltetn
748 4586 848 4639 sub
887 4586 969 4642 bis
989 4574 1267 4659 ponantur
1295 4596 1630 4664 particulatis
1657 4574 1947 4657 affirmatio
1982 4615 2036 4661 et
2061 4574 2115 4638 D

457 4672 799 4741 particularis
826 4682 1056 4749 negatio,
1092 4683 1166 4737 ita
1195 4695 1253 4739 ut
1272 4688 1370 4743 sub
1396 4690 1687 4747 universali
1710 4694 2031 4751 afﬁrmativa

451 4772 679 4831 ponatur
722 4769 1053 4836 particularis
1106 4774 1463 4845 affirmativa,
1512 4792 1567 4837 et
1595 4786 1694 4839 sub
1743 4789 2034 4844 universali

452 4857 693 4922 negativa
718 4870 943 4928 ponatur
968 4856 1303 4933 particularis
1327 4875 1598 4942 negativa,
1624 4888 1677 4933 et
1702 4881 1774 4934 sit
1799 4883 2033 4950 particu-

452 4942 580 5001 laris
611 4948 945 5019 afﬁrmativa,
982 4956 1197 5025 quidam
1229 4961 1387 5017 homo
1412 4963 1592 5033 justus
1619 4979 1701 5022 est
1722 5012 1737 5037 ,
1764 4942 2044 5045 et‘contra.

454 5034 622 5104 ipsam
651 5042 985 5109 particularis
1006 5051 1269 5119 negativa,
1300 5055 1512 5123 quidam
1544 5056 1705 5115 homo
1725 5034 1908 5130 justus
1929 5081 2035 5122 non

450 5136 555 5201 est,
584 5134 725 5202 quod
751 5135 1079 5194 demonstrat
1099 5156 1329 5211 sequens
1359 5147 1664 5218 descriptio.

1728 318 1836 374 ΑΝ.
1878 319 2085 377 MANL.
2127 321 2254 383 διν
2321 327 2539 386 BOET"

502 429 779 501 subjectus
805 438 908 487 est.
942 429 1140 486 Earum
1167 442 1297 488 vero
1329 446 1446 501 qua:
1476 431 1541 486 ad
1581 441 1838 504 utrosque
1864 438 2079 506 partit'i-
2107 446 2167 507 Α

2882 570 3526 1027 CJtM®

2458 788 2538 833 mo
2558 761 2726 868 ιω
2888 788 2964 837 ria
3168 790 3251 830 mn
3274 759 3441 869 ιιιῘῑιις

2348 831 2393 953 \
2466 860 2549 973 εμ
3172 865 3261 930 eff

2565 1090 2673 1161 εἴ
2852 1092 2905 1155 ’ἓν
2937 1107 2995 1158 ’θ
3243 1121 3278 1151 σι
3305 1100 3343 1170 ἕ

2567 1166 2602 1237 ἶ
2702 1067 2921 1319 ἓν
2939 1052 3387 1307 τεᾷ),

3055 1302 3105 1352 ’e

2476 1503 2557 1541 mo
2578 1476 2746 1574 ῖυμίιε
2854 1511 3013 1566 mn;
3169 1512 3250 1554 tne
3277 1489 3453 1586 tus

2246 1960 2301 2015 In
2353 1964 2618 2033 superiori
2672 1968 2834 2038 igitur
2860 1972 3220 2046 descriptione
3248 1983 3566 2043 universalis
3602 1990 3742 2046 afﬁr-

2168 2053 2363 2106 mativa
2396 2065 2449 2109 et
2480 2057 2796 2115 universalis
2836 2068 3075 2135 negativa
3107 2074 3385 2129 contraria:
3436 2087 3588 2147 sunt,
3621 2086 3742 2137 sub-

2168 2147 2457 2199 contraria:
2482 2164 2609 2203 vero
2633 2154 2970 2220 particularis
2995 2160 3307 2219 affirmativa
3336 2176 3385 2221 et
3405 2171 3740 2237 particularis

2167 2239 2441 2307 negativa,
2495 2242 2817 2299 subalternm
2860 2264 2988 2304 vero
3020 2252 3264 2310 dicuntur
3298 2260 3614 2317 universalis
3664 2267 3742 2318 af-

2169 2328 2433 2385 ﬁrmativa
2462 2341 2516 2386 et
2548 2336 2881 2403 parti‘cularis
2922 2342 3230 2400 afﬁrmativa
3250 2390 3263 2415 ,
3297 2360 3350 2405 et
3376 2351 3498 2406 item
3529 2355 3743 2412 univer-

2165 2420 2293 2473 salis
2312 2418 2552 2492 negativa
2580 2436 2631 2480 et
2657 2430 2987 2497 particularis
3007 2439 3270 2506 negativa.
3298 2428 3740 2514 Contrajacentes

2163 2523 2287 2566 sunt
2317 2518 2621 2584 angulares,
2655 2520 2703 2572 itl
2737 2533 2817 2575 est
2844 2524 3163 2583 universalis
3188 2531 3501 2591 afﬁrmativa
3534 2548 3587 2592 et
3614 2555 3739 2609 par-

2162 2602 2398 2661 ticularis
2444 2612 2708 2679 negativa.
2754 2614 2817 2668 Et
2868 2617 2993 2672 item
3031 2622 3344 2679 universalis
3392 2632 3638 2697 negativa
3688 2643 3741 2689 et

2162 2697 2497 2766 particularis
2519 2705 2870 2775 aflirmativa,
2916 2720 3003 2778 ut,
3035 2717 3204 2772 omnis
3232 2718 3389 2775 homo
3416 2722 3594 2791 justus
3632 2737 3737 2794 est,

2160 2790 2377 2858 quidam
2405 2793 2565 2849 homo
2584 2797 2759 2866 justus
2785 2813 3013 2871 nonest,
3038 2808 3219 2862 nullus
3249 2790 3602 2882 homojustus
3635 2832 3738 2882 est,

2161 2885 2376 2954 quidam
2427 2891 2586 2945 homo
2612 2893 2786 2961 justus
2816 2910 2917 2964 est,
2946 2909 2999 2953 et
3026 2912 3147 2956 sunt
3179 2914 3235 2959 ut
3266 2906 3373 2983 hoc.
3408 2913 3570 2967 modo
3600 2914 3739 2968 difﬁ-

2165 2981 2263 3033 niri
2293 2983 2514 3049 possint.
2547 2987 2842 3045 Contraria:
2870 3006 2992 3047 sunt
3018 3012 3134 3066 qua:
3163 2981 3539 3062 universaliler
3564 3010 3739 3065 eidem

2162 3070 2304 3127 idem
2364 3075 2477 3131 hmc
2519 3077 2783 3147 afﬁrmat,
2833 3083 2947 3140 haec
2977 3100 3155 3159 negat.
3185 3092 3583 3155 Sultcontrariae
3615 3114 3739 3161 sunt

2160 3178 2279 3233 qua:
2335 3168 2731 3235 particulariter
2778 3176 2955 3232 eidem
2989 3181 3125 3235 idem
3178 3184 3292 3241 haec
3312 3188 3575 3259 afﬁrmat,
3626 3196 3740 3252 haec

2160 3265 2335 3326 negat.
2368 3259 2703 3319 Subalternm
2727 3279 2848 3323 sunt
2870 3286 2987 3341 qua:
3010 3275 3183 3330 cidem
3204 3278 3342 3333 idem
3372 3282 3740 3344 afﬁrmautvel

2158 3362 2374 3418 negant,
2399 3354 2511 3409 hrrc
2537 3359 2947 3431 particulariter,
2977 3366 3064 3421 illa
3097 3371 3311 3427 univers
3334 3376 3738 3436 aliter.Contra-

2149 3439 2391 3507 jaceutes
2436 3458 2559 3500 sunt
2597 3452 2808 3519 quando
2838 3455 3010 3510 cidem
3044 3462 3285 3517 eamdem
3316 3480 3427 3521 rem
3454 3468 3569 3523 haec
3594 3474 3736 3528 afﬁr-

2155 3543 2294 3598 mat,
2344 3536 2457 3590 ba-c
2506 3549 2692 3608 negat,
2729 3545 2810 3598 vel
2861 3546 2973 3601 hzec
2997 3560 3172 3619 negat,
3203 3554 3317 3610 haec
3344 3557 3617 3627 afﬁrmat,
3644 3564 3734 3619 illa

2153 3627 2493 3694 generaliter,
2514 3629 2626 3685 haec
2650 3634 3066 3706 particulariter,
3082 3652 3135 3696 et
3157 3654 3733 3717 vocanturcontrarim,

2062 3748 2065 3753 μ
2152 3719 2271 3787 quia
2298 3723 2436 3789 quod
2466 3723 2751 3782 afﬁrmatio
2772 3731 3153 3790 univcrsaliter
3176 3740 3344 3807 ponit,
3371 3746 3588 3813 negatio
3618 3748 3733 3801 uni-

2150 3813 2432 3869 versaliter
2491 3819 2644 3873 tollit.
2705 3822 3037 3880 Subalternte
3090 3844 3253 3896 vero,
3297 3837 3550 3903 quoniam
3592 3842 3733 3909 quod

2149 3900 2238 3956 illa
2286 3906 2664 3964 universalitcr
2715 3916 2897 3982 ponit,
2954 3919 3117 3974 etiam
3168 3921 3283 3979 hate
3315 3900 3731 3994 ﬁpartiettlariter

2147 3994 2316 4063 ponit.
2348 3997 2743 4059 Subcontrarize
2768 4022 2895 4061 vero
2923 4008 3077 4065 dicta:
3100 4022 3243 4079 sunt,
3270 4017 3348 4070 vel
3374 4020 3518 4087 quod
3562 4032 3749 4076 natu-~

2146 4087 2329 4143 raliter
2350 4091 2450 4146 sub
2490 4093 2617 4162 ipsis
2643 4101 2923 4154 contrariis
2952 4104 3137 4171 positae
3179 4117 3321 4167 sunt.
3351 4117 3408 4163 ut
3437 4110 3732 4182 descriptio

2144 4177 2321 4243 docet,
2361 4182 2444 4235 vel
2488 4185 2628 4253 quod
2656 4204 2683 4241 a
2716 4194 2999 4246 contrariis
3028 4196 3255 4253 diverse
3294 4210 3458 4269 sunt,
3506 4213 3560 4257 et
3600 4206 3728 4274 ipsis

2145 4276 2428 4331 contrariis
2472 4279 2865 4348 quodammodo
2914 4291 3217 4345 contrariae.
3265 4292 3399 4347 Nam
3441 4298 3730 4353 contrarie

2143 4374 2202 4419 ut
2243 4376 2482 4439 utraeque
2511 4371 2676 4427 simul
2704 4375 2809 4431 sint
2849 4376 2962 4434 ﬁeri
2995 4397 3097 4435 non
3132 4393 3330 4451 potest,
3382 4395 3439 4441 ut
3487 4397 3727 4459 utrmque

2141 4459 2361 4514 omnino
2396 4478 2499 4516 non
2536 4465 2641 4518 sint
2672 4467 2787 4520 fieri
2830 4480 3026 4538 potest,
3060 4476 3384 4531 contrariam
3428 4480 3537 4532 vim
3580 4481 3724 4534 obti-

2142 4549 2343 4605 ucbunt
2382 4553 2787 4613 subcontrariae.
2831 4560 2963 4615 Nam
2994 4573 3050 4617 ut
3081 4575 3321 4637 utraeque
3367 4571 3588 4625 omnino
3619 4588 3725 4627 non

2143 4645 2254 4699 sint
2285 4645 2397 4701 ﬁeri
2427 4663 2532 4702 non
2564 4660 2760 4721 potest,
2801 4666 2857 4707 ut
2888 4663 3125 4728 utraeque
3155 4661 3314 4715 simul
3346 4663 3455 4717 sint
3488 4664 3601 4718 ﬁeri
3629 4681 3753 4735 pos

2143 4744 2271 4803 test,
2303 4739 2442 4808 quod
2473 4742 2526 4793 in
2558 4745 2913 4811 sequentibus
2955 4750 3146 4803 melius
3178 4752 3552 4819 expliCabitur.
3586 4756 3723 4810 Con-

2104 4842 2113 4849 '
2143 4828 2466 4899 trajacentes
2499 4832 2769 4903 dicuntur,
2801 4840 3052 4907 quoniam
3085 4842 3407 4896 universalis
3435 4845 3724 4900 afﬁrmatio

2140 4921 2229 4976 vel
2275 4924 2506 4992 negatio,
2543 4928 2920 4993 particularetn
2964 4930 3377 4989 afﬁrmationem
3429 4937 3513 4990 vel
3564 4953 3723 5007 nega-

2145 5013 2345 5067 tionem
2376 5015 2708 5084 angulariter
2756 5021 3069 5089 respiciunt.
3101 5022 3233 5077 Cum
3278 5035 3455 5080 autem
3500 5028 3724 5098 singulm

2142 5106 2536 5175 propositiones
2597 5108 2829 5166 habeant
2875 5113 3007 5169 duas
3055 5115 3411 5184 differentias,
3456 5137 3614 5175 unam
3653 5122 3751 5199 ad‘

2140 5199 2475 5268 qualitatem,
2508 5201 2732 5258 alteram
2763 5205 2827 5258 ad
2861 5207 3232 5276 quantitatem,
3267 5222 3324 5266 ut
3354 5229 3473 5282 quae
3504 5215 3721 5269 univerc

2141 5290 2294 5361 salis,
2329 5292 2649 5349 affirmativa
2676 5307 2779 5351 est.
2812 5297 3005 5355 habeat
3032 5300 3388 5357 differentiam
3418 5304 3485 5358 ad
3511 5307 3719 5374 quanti~
3750 5356 3751 5359 η

2138 5392 2306 5439 tatem
2346 5386 2488 5454 quod
2518 5386 2839 5443 universalis
2860 5401 2960 5456 est,
3009 5402 3063 5447 et
3111 5393 3269 5449 aliam
3309 5396 3379 5451 ad
3409 5399 3716 5466 qualitatem

2139 5477 2283 5548 quod
2311 5479 2628 5535 afﬁrmativa
2656 5492 2737 5537 est
2765 5499 2779 5549 ;
2807 5486 2997 5541 eodem
3039 5488 3200 5542 modo
3243 5499 3454 5547 caetera:
3480 5494 3714 5561 proposi-
3750 5546 3755 5551 .

2141 5569 2313 5625 tiones
2355 5572 2506 5627 binas
2554 5574 2785 5630 habeant
2826 5578 3176 5647 differentias,
3228 5597 3392 5637 unam
3425 5585 3711 5639 secundum

2139 5664 2473 5733 qualitatem,
2520 5668 2744 5725 alteram
2789 5673 3080 5728 secundum
3122 5677 3497 5744 quantitatem.
3528 5677 3710 5733 Subal-
3768 5660 3785 5677 ⁸

2138 5760 2310 5811 ternm
2360 5773 2477 5827 qum
2530 5772 2675 5828 sunt,
2722 5766 2853 5819 una
2896 5774 3097 5821 tantum
3172 5769 3471 5825 differentia
3521 5772 3709 5828 distant

2142 5846 2475 5916 quantitatis,
2526 5852 2667 5922 quod
2700 5855 2813 5912 haec
2869 5860 3221 5928 particularis,
3276 5863 3363 5918 illa
3396 5865 3706 5922 universalis
