4056 6330
0 5460 23 5481 ν

0 5530 25 5553 με

0 5556 21 5576 β,

0 5634 23 5669 ιε

0 5734 19 5763 Ι,

0 6013 17 6047 εγ

329 366 422 421 soi
629 331 633 335 ’
1406 349 1491 407 ne
1532 342 1962 407 SYLLOGISMO
1996 345 2447 403 CATEGORICO.
2888 408 2893 414 λ
3485 346 3592 403 ευ,

329 492 432 535 ρει.
493 474 626 531 Nam
670 471 948 545 qualitatis
997 467 1353 526 differentiam
1400 467 1600 522 nullam
1652 463 1906 521 retinent.
1937 464 1993 525 Α
2016 462 2178 519 homo
2204 464 2379 534 justus
2425 469 2528 530 est,
2560 461 2691 518 falsa
2722 460 2905 531 fuerit,
2938 478 3044 520 non
3074 477 3298 521 necesse
3323 465 3426 522 erit
3466 467 3592 536 qui-

332 579 584 641 tztrmque
625 567 770 623 enim
819 564 1151 620 afﬁrmativae
1181 572 1327 616 sunt.
1365 559 1476 614 Illae
1508 572 1639 614 vero
1684 558 1824 621 aliae,
1855 554 1909 609 id

329 676 409 716 l'Sl
452 660 739 716 contraria:
767 668 818 713 et
846 655 1236 712 subcontraria:
1285 652 1352 708 ad
1390 651 1718 722 qualitatem,
1766 648 1909 719 quod

332 759 422 811 illa
451 753 792 816 allirmativa,
826 749 916 806 illa
964 749 1210 820 negativa
1239 754 1342 811 est,
1372 759 1493 800 nam
1544 743 1610 798 ad
1640 743 1909 813 quantita-

331 861 438 903 tem
471 845 602 901 nihil
632 843 903 899 differunt.
934 841 1182 910 Utraque
1210 837 1352 897 enim
1382 834 1667 891 contrariae
1694 833 1913 888 univer-

332 941 495 1005 sales,
524 948 767 1008 utraeque
812 930 1196 991 subcontrarite
1229 932 1583 1003 particulares
1613 939 1760 999 sunt,
1805 928 1912 983 illa:

333 1044 511 1086 autem
552 1045 674 1101 qua:
719 1027 1146 1097 contrajacentes
1197 1024 1443 1080 dicuntur
1473 1021 1715 1092 utrisque
1759 1018 1914 1074 diffe-

333 1121 522 1179 rentiis
570 1120 841 1177 differunt.
875 1120 1005 1175 Nam
1052 1126 1108 1174 et
1148 1117 1238 1172 illa
1264 1114 1584 1172 universalis
1631 1110 1913 1167 afﬁrmatio

334 1224 438 1281 est,
472 1214 588 1269 haec
611 1211 948 1283 particularis
995 1209 1233 1280 negatio,
1279 1216 1335 1263 et
1359 1207 1444 1263 illa
1476 1204 1791 1261 universalis
1821 1217 1915 1257 ne-

334 1309 477 1381 gatio
497 1318 599 1375 est,
630 1308 745 1362 haec
778 1305 1112 1376 particularis
1139 1302 1447 1358 affirmatio.
1484 1300 1633 1354 Nunc
1662 1296 1914 1368 quoniam

335 1417 452 1473 qua:
480 1400 772 1457 secundum
795 1400 1107 1481 qualitatem
1135 1398 1220 1454 vel
1241 1396 1535 1454 secundum
1560 1393 1915 1465 quantitatem

335 1509 387 1554 et
407 1496 677 1569 quomodo
700 1496 951 1552 differant
970 1496 1172 1552 dictum
1197 1505 1301 1560 est,
1326 1506 1510 1548 earum
1538 1488 1911 1560 proprietates,

335 1606 453 1661 qua:
489 1591 783 1647 secundum
830 1604 1016 1644 verum
1057 1588 1355 1655 falsumque
1386 1592 1531 1652 sunt,
1564 1580 1915 1650 explicemus.

336 1682 502 1752 Igitur
544 1697 724 1737 earnm
755 1695 874 1750 qua:
926 1678 1250 1734 subalternm
1300 1684 1452 1740 sunt,
1502 1674 1549 1727 si
1601 1670 1761 1725 fuerit
1789 1681 1917 1722 vera

336 1775 651 1832 universalis
664 1773 970 1839 afﬁrmatio,
992 1786 1116 1828 vera
1133 1769 1235 1825 erit
1252 1765 1587 1839 particularis
1608 1759 1915 1818 afﬁrmatio.

2013 559 2136 614 dam
2169 558 2328 611 homo
2370 573 2475 611 non
2504 571 2585 612 est
2608 558 2786 627 justus
2812 558 2999 614 falsam
3046 574 3185 615 esse.
3220 560 3350 614 Nam
3378 562 3424 616 si
3457 561 3589 619 falsa

2014 659 2098 705 est
2155 650 2331 704 nullus
2361 650 2523 704 ltomo
2560 654 2737 718 justus
2766 661 2867 721 est,
2902 668 3085 707 verum
3117 663 3349 711 estesse
3387 654 3596 726 aliquos

2011 743 2207 813 iustos,
2232 758 2358 797 vera
2385 752 2469 798 est
2491 746 2651 798 etiam
2682 760 2800 813 qua:
2824 744 2955 800 dicit
2998 746 3212 816 quidam
3236 745 3398 801 homo
3416 749 3597 817 justus

2016 854 2122 894 non
2153 849 2256 906 est,
2312 837 2454 910 quod
2504 838 2613 893 sint
2660 839 2875 908 quidam
2902 839 3063 895 etiam
3093 855 3197 895 non
3238 840 3390 910 justi.
3423 840 3598 912 Repe-

2017 938 2133 985 tens
2182 930 2338 1000 igitur
2383 945 2413 984 a
2472 929 2647 1000 capite
2687 928 2830 984 dicat
2875 932 3018 999 quod
3066 930 3118 984 in
3164 931 3511 988 subalternis.
3538 932 3596 988 Si

2018 1021 2354 1077 universales
2378 1036 2522 1076 vera:
2566 1020 2786 1087 fuerint,
2818 1037 2960 1077 vera:
2980 1032 3141 1078 erunt
3164 1026 3323 1079 etiam
3368 1025 3599 1095 particu-

2017 1114 2182 1170 lares.
2216 1113 2322 1170 Sed
2346 1129 2451 1168 non
2479 1115 2827 1169 convertitur.
2853 1113 2982 1169 item
3009 1114 3052 1169 si
3078 1116 3424 1184 particulares
3451 1116 3599 1172 falsas

2016 1206 2235 1272 fuerint,
2265 1206 2413 1260 falsa:
2442 1214 2601 1261 erunt
2626 1206 2788 1261 etiam
2816 1207 3169 1273 universales,
3198 1209 3291 1264 sed
3329 1226 3438 1265 non
3467 1226 3598 1265 con-

2020 1298 2270 1364 vertitur,
2303 1297 2586 1353 contrarite
2626 1313 2754 1353 vero
2795 1299 2955 1354 simul
2996 1315 3115 1354 esse
3156 1316 3297 1356 verae
3328 1316 3601 1372 nunquam

2018 1402 2265 1462 possunt.
2298 1392 2484 1447 Potest
2512 1400 2688 1448 autem
2739 1392 2854 1448 ﬁeri
2888 1403 2945 1448 ut
2986 1394 3120 1449 alias
3173 1405 3410 1467 utraeque
3452 1396 3604 1452 falsa

2019 1484 2148 1549 sint,
2180 1484 2307 1540 alias
2334 1498 2607 1551 unavvera,
2630 1484 2800 1540 altera
2827 1485 2979 1540 falsa.
3008 1484 3257 1555 Utraque
3280 1486 3430 1571 falsa:
3451 1496 3600 1556 sunt,

2020 1586 2081 1634 ut
2106 1578 2151 1634 si
2182 1579 2302 1648 quis
2333 1579 2497 1644 dicat,
2531 1579 2705 1633 omnis
2733 1578 2896 1634 homo
2932 1580 3310 1649 grammaticus
3335 1590 3437 1645 est,
3468 1581 3602 1636 falsa

2020 1680 2125 1739 est,
2149 1686 2271 1751 nam
2292 1687 2396 1727 non
2412 1670 2610 1737 omnis;
2634 1679 2689 1727 ct
2715 1671 2893 1726 nullus
2915 1671 3077 1726 homo
3097 1672 3476 1744 grammaticus
3497 1683 3602 1741 est,

2020 1764 2151 1819 falsa
2170 1774 2275 1833 est,
2305 1780 2427 1819 nam
2449 1779 2556 1820 non
2579 1765 2789 1831 nullus;
2817 1774 2900 1821 est
2917 1774 3095 1822 autem
3118 1782 3220 1822 una
3246 1782 3394 1835 vera,
3426 1769 3596 1825 altera

335 1868 393 1924 Si
423 1869 564 1924 enim
599 1868 776 1922 omnis
824 1867 982 1920 ιιοιηο
1023 1863 1198 1933 iustus
1226 1871 1329 1927 εει,
1352 1873 1478 1914 Vera
1506 1864 1605 1921 est.
1656 1868 1784 1910 vera
1810 1851 1915 1907 eri:
1944 1840 1993 1903 Β
2020 1855 2152 1911 falsa
2188 1898 2204 1922 ,
2237 1866 2296 1911 ut
2336 1856 2382 1912 si
2409 1858 2531 1927 quis
2557 1855 2721 1922 dicat,
2765 1856 2943 1913 omnis
2975 1857 3135 1913 homo
3177 1858 3329 1927 bipes
3352 1868 3454 1925 εει,
3487 1860 3604 1915 haec

334 1964 495 2019 etiam
513 1978 631 2032 qua:
646 1961 796 2031 dicit,
811 1959 1018 2031 Aliquis
1038 1959 1198 2013 homo
1216 1957 1385 2027 justus
1406 1962 1509 2010 est.
1525 1953 1654 2006 Nam
1668 1951 1715 2006 si
1737 1948 1914 2004 omnis

336 2055 498 2111 homo
524 2054 711 2124 justus,
746 2061 849 2117 est,
875 2061 935 2107 et
962 2050 1197 2122 quidam.
1231 2047 1435 2104 Eodem
1465 2045 1625 2101 modo
1653 2041 1914 2111 negativzc

335 2147 657 2203 subalternte
689 2164 702 2198 :
735 2158 860 2200 nam
908 2144 954 2199 si
1002 2141 1325 2198 universalis
1371 2139 1618 2208 negativa
1649 2150 1773 2191 vera
1799 2133 1917 2187 fuec

335 2242 430 2309 rit,
455 2240 562 2297 erit
585 2240 743 2295 etiam
771 2253 896 2294 vera
919 2237 1159 2307 negativa
1193 2232 1549 2305 particularis,
1576 2238 1634 2285 ut
1662 2230 1705 2283 si
1734 2228 1915 2283 nullus

338 2334 501 2391 homo
525 2334 703 2405 justus
727 2341 810 2389 est
837 2346 963 2387 vera
993 2330 1169 2396 fuerit,
1203 2327 1368 2383 etiam
1399 2325 1501 2379 crit
1520 2338 1667 2390 vera,
1698 2318 1914 2388 quidam

338 2427 501 2484 homo
539 2428 714 2498 justus
760 2441 866 2481 non
918 2432 1018 2480 est.
1051 2422 1186 2478 Nam
1234 2420 1281 2477 si
1326 2419 1502 2475 nullus
1532 2416 1693 2470 homo
1736 2412 1919 2483 justus

338 2531 422 2580 est
473 2536 572 2578 nec
627 2521 865 2593 quidam.
894 2517 1145 2573 Converti
1191 2524 1368 2570 autem
1417 2526 1524 2566 non
1565 2515 1761 2578 potest,
1790 2519 1919 2559 nam

340 2616 388 2671 si
435 2614 767 2686 particularis
817 2625 946 2667 vera
987 2609 1165 2677 fuerit,
1213 2621 1320 2662 non
1350 2615 1575 2659 necesse
1602 2599 1706 2655 erit
1734 2610 1920 2652 veram

341 2720 463 2763 esse
493 2708 653 2761 etiam
682 2703 1062 2760 universalem.
1088 2701 1161 2756 Ut
1210 2699 1256 2755 si
1286 2697 1504 2767 quidam
1555 2693 1717 2747 homo
1741 2690 1922 2760 justus

337 2808 441 2864 est,
471 2813 596 2855 vera
626 2798 807 2863 fuerit,
841 2811 949 2851 non
978 2805 1202 2849 necesse
1227 2791 1329 2845 erit
1362 2802 1539 2843 veram
1566 2799 1712 2849 esse,
1740 2782 1921 2837 omnis

338 2890 503 2945 homo
533 2890 707 2960 justus
730 2896 831 2944 est.
859 2889 1089 2943 Possunt
1139 2884 1284 2939 enim
1315 2895 1437 2937 esse
1485 2894 1591 2934 non
1619 2890 1830 2933 omnes.
1854 2873 1923 2929 Et

338 2981 533 3038 eodem
561 2981 723 3036 modo
770 2979 838 3034 de
866 2977 1129 3041 negativa.
1161 2975 1297 3031 Nam
1324 2974 1370 3029 si
1393 2968 1732 3043 particularis
1761 2978 1923 3035 nega-

339 3074 452 3129 tiva
476 3088 603 3128 vera
625 3071 806 3136 fuerit,
834 3080 893 3125 ut
916 3078 1021 3135 est,
1050 3067 1266 3139 quidam
1289 3064 1453 3120 homo
1483 3078 1588 3118 non
1619 3068 1702 3116 est
1721 3060 1920 3130 justus,

339 3180 449 3222 non
481 3178 705 3221 necesse
732 3163 836 3220 erit
872 3159 1261 3224 universalem,
1315 3156 1495 3212 nullus
1544 3154 1705 3208 homo
1745 3152 1923 3222 justus

2022 1950 2337 2004 afﬁrmativa
2363 1965 2491 2006 vera
2521 1959 2633 2017 est;
2659 1949 2839 2007 nullus
2866 1951 3027 2005 homo
3052 1951 3204 2021 bipes
3234 1961 3337 2018 est,
3364 1951 3480 2008 haec
3510 1966 3605 2009 ηε-
3668 1932 3671 1939 ’

2020 2044 2196 2113 gativa
2228 2042 2358 2097 falsa
2385 2051 2489 2098 est.
2525 2043 2595 2097 Et
2623 2044 2750 2098 item
2783 2042 2961 2098 omnis
2982 2043 3144 2099 homo
3166 2042 3473 2114 quadrupes
3496 2053 3605 2113 est,

1975 2160 1985 2169 -
2022 2136 2139 2192 haec
2158 2135 2477 2191 affirmativa
2499 2135 2629 2191 falsa
2654 2146 2758 2193 eSl.
2783 2135 2972 2191 Nullus
2993 2135 3154 2192 homo
3176 2136 3479 2207 quadrupes
3497 2146 3601 2205 est,

2021 2227 2139 2284 haec
2162 2228 2409 2298 negativa
2431 2242 2556 2284 vera
2579 2236 2678 2284 est.
2709 2229 2847 2284 Sunt
2869 2243 2996 2299 ergo
3013 2230 3296 2285 contrariae
3320 2229 3606 2300 aliquoties

2022 2330 2261 2390 utrmque
2298 2319 2473 2385 falsas,
2506 2321 2791 2392 aliquoties
2838 2320 2977 2376 inter
2998 2336 3057 2376 se
3096 2336 3282 2377 verum
3308 2321 3608 2392 falsumque

2023 2412 2362 2479 dividentes;
2410 2422 2469 2467 ut
2497 2422 2738 2484 utraeque
2766 2423 2947 2469 autem
2995 2427 3137 2467 verae
3175 2412 3285 2468 sint
3327 2414 3439 2470 ﬁeri
3471 2428 3607 2469 nun-

1972 2506 1975 2507 ⁷
2024 2517 2182 2573 quam
2211 2513 2410 2575 potest,
2436 2504 2824 2560 subcontrariaa
2854 2518 2985 2560 vero
3014 2506 3280 2560 contraria
3312 2505 3603 2575 patiuntur.

2024 2593 2157 2649 Nam
2183 2594 2332 2651 falsae
2353 2611 2624 2666 nunquam
2654 2597 2877 2666 reperiri
2904 2606 3126 2666 queunt.
3168 2581 3276 2652 Sed
3304 2597 3436 2653 alias
3465 2612 3607 2655 vera:

2024 2695 2264 2758 utrmque
2287 2697 2429 2754 sunt,
2458 2686 2515 2743 ιιί
2539 2697 2624 2744 εει
2644 2689 2859 2758 quidam
2878 2738 2881 2743 .
2899 2687 3065 2743 homo
3092 2689 3471 2759 grammaticus
3499 2698 3607 2759 est,

2024 2794 2151 2834 vera
2202 2791 2306 2845 est,
2353 2790 2410 2835 et
2459 2779 2677 2850 quidam
2726 2779 2888 2837 liomo
2928 2781 3312 2851 grammaticus
3342 2796 3450 2837 non
3500 2791 3605 2851 est,

2027 2872 2189 2926 etiam
2223 2872 2339 2927 haec
2367 2886 2494 2926 vera
2519 2881 2619 2927 est.
2654 2872 2836 2927 Potest
2862 2874 3005 2927 enim
3036 2872 3174 2928 alius
3199 2886 3320 2929 esse
3338 2886 3606 2950 gramma-

2028 2964 2167 3018 ticus
2194 2972 2248 3018 et
2276 2964 2412 3018 alius
2458 2978 2567 3018 non
2613 2978 2757 3019 esse.
2803 2963 2950 3019 Alias
2980 2978 3085 3019 una
3129 2978 3256 3019 vera
3288 2974 3393 3032 est,
3442 2964 3607 3021 altera

2028 3053 2179 3108 falsa.
2218 3054 2352 3109 Vera
2376 3063 2461 3110 est
2504 3055 2984 3135 enimafﬁrmatio,
3016 3054 3232 3126 quidam
3268 3054 3431 3110 homo
3455 3055 3608 3125 bipes

2030 3156 2135 3216 est,
2165 3148 2298 3203 falsa
2321 3156 2406 3203 est
2425 3157 2604 3204 autem
2637 3148 2873 3218 negatio,
2894 3148 3112 3219 quidam
3142 3149 3305 3204 homo
3331 3146 3480 3219 bipes
3502 3163 3609 3205 nou

340 3268 447 3325 est,
480 3273 663 3314 veram
705 3270 848 3313 esse.
893 3255 1079 3310 Potest
1103 3251 1246 3308 enim
1279 3249 1394 3307 fieri
1441 3255 1504 3304 ut
1549 3245 1761 3317 quidam
1788 3243 1921 3311 justi
1950 3226 1996 3289 C
2027 3246 2130 3293 est.
2164 3238 2292 3292 Item
2326 3239 2457 3293 falsa
2481 3250 2565 3295 est
2610 3240 2918 3307 affirmatio,
2945 3240 3161 3310 quidam
3195 3239 3354 3294 homo
3381 3240 3613 3311 quadru.

340 3355 469 3411 sint.
499 3355 638 3423 Ergo
666 3353 907 3408 dicamus
935 3350 988 3405 in
1039 3347 1367 3404 subalternis
1396 3342 1854 3415 propositionibus
1881 3338 1927 3393 si

342 3444 671 3501 universales
703 3457 847 3498 verat
866 3442 995 3506 sint,
1018 3454 1176 3496 veras
1192 3453 1313 3495 esse
1343 3450 1564 3493 necesse
1592 3444 1674 3489 est
1693 3432 1927 3503 particu-

343 3538 506 3608 lares,
534 3536 630 3594 sed
654 3551 762 3593 non
792 3533 1146 3591 convertitur.
1177 3531 1308 3587 Nam
1339 3532 1385 3584 si
1415 3526 1762 3598 particulares
1787 3538 1927 3579 verte

342 3629 562 3696 fuerint,
585 3644 688 3684 non
713 3641 940 3683 necesse
964 3634 1047 3681 est
1067 3637 1225 3679 veras
1246 3622 1406 3676 etiam
1430 3616 1761 3672 universales
1784 3626 1924 3668 esse.

345 3723 704 3781 Particulares
732 3736 862 3778 vero
890 3719 958 3775 ad
978 3716 1319 3772 universales
1346 3712 1671 3769 contrariam
1699 3720 1927 3762 conver-

344 3818 553 3875 sionem
571 3816 790 3872 habent.
810 3810 969 3880 Nam,
989 3823 1048 3867 ut
1068 3808 1337 3881 superius,
1365 3807 1409 3862 si
1434 3803 1763 3861 universales
1785 3813 1927 3854 verae

344 3919 547 3978 essent,
578 3909 736 3965 etiam
765 3904 1119 3977 particulares
1145 3916 1289 3957 verae
1312 3904 1522 3962 essent;
1546 3906 1600 3951 et
1627 3894 1672 3949 si
1695 3892 1927 3961 particu-

344 4004 487 4061 lares
512 4018 659 4060 verte
704 4009 908 4066 essent,
944 4014 1050 4055 non
1102 3998 1323 4053 omnino
1364 4007 1507 4048 verze
1547 3997 1728 4046 essent
1766 3986 1925 4040 etiam

346 4095 679 4152 universales
721 4094 775 4148 in
805 4090 1252 4163 particularibus;
1306 4086 1351 4141 si
1400 4081 1751 4154 particulares
1781 4077 1928 4131 falsae

348 4187 571 4253 fuerint,
597 4185 744 4240 falsa:
769 4192 929 4239 erunt
955 4183 1117 4238 etiam
1140 4176 1494 4235 universales.
1526 4174 1660 4228 Nam
1684 4172 1728 4225 si
1758 4167 1924 4238 parti-

347 4281 547 4339 cularis
568 4278 780 4350 qttidam
813 4280 972 4333 homo
996 4278 1171 4347 jus'us
1196 4283 1279 4329 est
1333 4271 1466 4325 falsa
1491 4268 1670 4333 fuerit,
1712 4266 1927 4319 univer-

345 4374 475 4431 salis
525 4374 686 4428 etiant
716 4372 891 4428 omnis
921 4371 1081 4425 homo
1119 4369 1295 4437 justus
1324 4374 1402 4419 est
1437 4362 1569 4417 falsa
1592 4360 1736 4415 erit.
1784 4354 1919 4410 Nam

346 4471 391 4524 si
422 4469 637 4540 quidam
668 4468 829 4523 homo
856 4467 1030 4538 justus
1084 4473 1167 4520 est
1197 4463 1325 4517 falsa
1373 4469 1476 4525 est,
1535 4472 1659 4510 Vera
1707 4461 1789 4509 est
1814 4452 1929 4507 nul-

350 4563 432 4616 lus
461 4560 620 4615 homo
659 4560 832 4629 justus
854 4567 955 4613 est.
989 4557 1044 4611 Si
1089 4569 1215 4610 vera
1246 4561 1331 4608 est
1361 4552 1538 4606 nullus
1565 4548 1725 4601 homo
1750 4545 1926 4614 justus

348 4660 450 4716 est,
500 4651 630 4706 falsa
660 4660 744 4705 est
791 4648 965 4704 omnis
1014 4647 1172 4701 homo
1213 4645 1389 4710 justus
1417 4650 1519 4697 est.
1570 4637 1724 4693 Falsa
1765 4635 1925 4705 igitur

347 4744 676 4816 particulari,
723 4742 859 4798 falsa
905 4741 1004 4795 erit
1053 4739 1391 4795 universalis.
1424 4738 1555 4791 ltem
1603 4734 1649 4788 si
1679 4732 1924 4800 negativa

348 4836 685 4909 particularis
716 4834 848 4889 falsa
893 4832 1069 4895 fuerit,
1118 4847 1237 4902 quae
1264 4839 1367 4895 est,
1394 4828 1611 4899 quidam
1637 4825 1796 4879 homo
1824 4822 1926 4893 'juo

349 4939 464 4986 stus
486 4945 592 4984 non
615 4936 718 4993 est,
748 4927 877 4982 falsa
908 4927 1009 4981 erit
1029 4926 1211 4985 etiam.
1236 4924 1413 4978 nullus
1443 4922 1602 4975 homo
1623 4918 1799 4988 justus
1821 4922 1923 4969 est.

349 5020 483 5078 Nam
505 5023 549 5077 si
575 5023 764 5075 falsum
806 5028 889 5075 est
916 5020 1036 5087 quia
1058 5016 1270 5088 quidam
1299 5015 1460 5095 homo
1480 5013 1657 5082 justus
1685 5025 1789 5064 non
1820 5015 1925 5071 est,

351 5130 478 5170 vera
507 5123 589 5169 est
616 5114 736 5182 quia
780 5112 955 5167 omnis
983 5113 1145 5164 homo
1186 5109 1361 5185 justus
1414 5117 1515 5160 est.
1560 5106 1615 5159 Si
1664 5117 1790 5158 vera
1843 5107 1926 5154 est

353 5209 491 5277 hac,
524 5207 653 5263 falsa
699 5216 781 5264 est
808 5207 984 5262 nullus
1034 5205 1193 5259 homo
1242 5202 1418 5271 justus
1444 5214 1565 5264 eSt;
1609 5196 1741 5251 falsa
1773 5195 1931 5264 igitur

351 5302 681 5373 particulari,
743 5302 875 5358 falsa
922 5298 1025 5356 erit
1075 5298 1235 5353 etiam
1280 5292 1619 5349 universalis.
1663 5288 1769 5343 Sed
1819 5296 1931 5341 non

351 5396 705 5464 convertitur,
758 5405 817 5451 ut
853 5395 898 5450 si
930 5392 1259 5448 universales
1290 5390 1436 5444 falsa:
1464 5385 1592 5452 sint,
1638 5384 1799 5439 falsas
1839 5396 1934 5437 ne-

351 5504 505 5546 cesse
526 5489 594 5545 sit
614 5504 733 5544 esse
763 5487 1141 5559 particulares:
1166 5499 1286 5538 nam
1311 5483 1355 5538 si
1386 5479 1723 5543 universalis,
1753 5476 1930 5531 omnis

351 5583 516 5639 homo
538 5581 714 5651 justus
742 5589 824 5634 est
852 5579 984 5633 falsa
1040 5576 1222 5640 fuerit,
1257 5590 1362 5630 non
1404 5586 1627 5627 necesse
1656 5579 1739 5624 est
1770 5568 1935 5637 parti-

354 5676 612 5740 cularem,
644 5671 859 5741 quidam
892 5670 1055 5724 homo
1080 5668 1256 5738 justus
1303 5675 1407 5731 est,
1436 5663 1623 5718 falsam
1662 5674 1802 5716 esse.
1832 5657 1936 5712 Po-

354 5775 459 5821 test
481 5766 623 5819 enitn
647 5764 760 5820 fieri
781 5773 842 5819 ut
864 5762 909 5818 si
942 5761 1117 5817 ortinis
1144 5760 1304 5813 homo
1326 5758 1502 5827 justus
1530 5771 1633 5810 non
1666 5752 1844 5827 fuerit,
1869 5752 1940 5806 sit

355 5855 570 5926 quidam
600 5856 799 5926 justus,
826 5863 883 5914 et
901 5859 1031 5913 item
1060 5853 1103 5911 si
1130 5848 1450 5910 universalis
1472 5847 1734 5916 negativa,
1765 5843 1941 5902 nullus

2033 3345 2130 3400 pos
2157 3338 2271 3397 est;
2307 3346 2434 3386 vera
2486 3340 2570 3386 est
2596 3331 2831 3401 negatio,
2861 3332 3076 3402 quidam
3119 3330 3280 3389 homo
3309 3334 3612 3403 quadrupes

2031 3438 2140 3477 non
2170 3432 2251 3477 est
2282 3440 2294 3474 :
2329 3436 2387 3476 ut
2413 3438 2541 3478 vero
2590 3435 2829 3493 utraeque
2872 3423 3017 3479 falsa:
3047 3425 3156 3479 sint
3196 3425 3312 3480 fieri
3340 3438 3611 3494 nunquam

2033 3522 2226 3581 potest.
2258 3513 2442 3568 Restat
2465 3514 2626 3583 igitur
2651 3523 2708 3567 ut
2738 3514 2809 3568 de
2833 3515 3317 3583 contrajacentibus
3344 3515 3610 3579 dicamus,

2031 3620 2152 3675 quae.
2179 3620 2353 3675 neque
2398 3605 2546 3661 falsae
2587 3606 2748 3660 simul
2778 3606 3065 3675 aliquando
3097 3621 3217 3661 esse
3248 3616 3472 3676 possunt
3519 3622 3614 3662 ne-

2031 3712 2135 3767 que
2180 3712 2346 3762 verre,
2389 3697 2484 3754 sed
2528 3713 2741 3768 semper
2786 3713 2891 3752 una
2941 3712 3068 3753 vera
3097 3708 3212 3765 est,
3256 3698 3425 3754 altera
3455 3698 3610 3766 falsa,

2031 3788 2174 3859 quod
2208 3790 2416 3845 facilius
2463 3790 2649 3860 liquet,
2682 3790 2727 3844 si
2773 3791 2892 3859 quis
2922 3790 3021 3845 sibi
3063 3804 3394 3861 quaecunque
3449 3789 3614 3859 fingat

2031 3885 2301 3955 exempla.
2339 3883 2443 3940 Res
2494 3885 2858 3939 admonet-ut
2907 3883 3152 3955 quaedam
3205 3882 3273 3940 de
3319 3883 3612 3939 indelinitis

2031 3976 2486 4047 propositionibus
2509 3976 2930 4031 consideremus.
2957 3976 3251 4032 Indefinitus
3273 3977 3469 4032 etenim
3493 3991 3615 4047 pro-

2029 4071 2328 4141 positiones
2353 4086 2558 4142 aequam
2589 4073 2697 4126 vim
2744 4073 2981 4127 retinent
3020 4069 3433 4141 particularibus
3481 4084 3609 4139 pro-

2031 4164 2408 4233 positionibus.
2443 4164 2649 4217 Dictum
2698 4170 2782 4216 est
2822 4160 2964 4217 enim
3005 4146 3145 4231 quod
3192 4162 3237 4215 si
3286 4162 3616 4217 universales

2033 4256 2119 4329 vel
2148 4252 2485 4309 allirmativa:
2519 4253 2604 4308 vel
2638 4254 2897 4322 negativae
2921 4253 2973 4308 in
3014 4253 3341 4309 subalternis
3373 4252 3618 4323 proposi-

2035 4348 2270 4403 tionibus
2300 4355 2484 4401 essent
2512 4360 2674 4410 verae,
2724 4354 2910 4399 essent
2960 4360 3172 4416 quoque
3200 4360 3341 4401 verte
3382 4346 3619 4415 particu-

2031 4440 2195 4496 lares.
2228 4438 2378 4493 Nunc
2407 4452 2536 4494 vero
2562 4436 2791 4492 dicimus
2820 4436 2963 4506 quod
2992 4438 3037 4490 si
3068 4437 3397 4493 universales
3424 4449 3617 4506 propo-

2034 4534 2257 4588 sitiones
2307 4545 2450 4585 verae
2474 4531 2698 4596 fuerint,
2728 4542 2873 4583 verte
2902 4538 3059 4583 erunt
3086 4530 3248 4584 etiam
3300 4526 3616 4583 indeﬁnite.

2031 4627 2163 4680 ham
2213 4625 2259 4678 si
2303 4637 2427 4677 vera
2456 4629 2541 4678 est
2583 4621 2757 4675 omnis
2798 4621 2959 4674 homo
3003 4619 3154 4688 bipes
3202 4612 3307 4686 est,
3353 4635 3481 4675 vera
3529 4626 3619 4673 est

2034 4721 2194 4774 etiam
2225 4716 2436 4787 quidam
2470 4716 2628 4770 homo
2683 4714 2834 4784 bipes
2865 4723 2986 4781 est,
3030 4727 3158 4768 vera
3205 4715 3308 4769 erit
3336 4716 3497 4769 etiam
3543 4715 3620 4768 in-

2041 4811 2256 4867 deﬁnita
2290 4823 2409 4878 quae
2438 4808 2569 4862 dicit
2599 4807 2761 4860 hoino
2814 4805 2965 4874 bipes
2993 4814 3094 4860 est.
3139 4804 3268 4860 Item
3302 4807 3499 4880 dictum
3542 4813 3623 4862 est

2036 4904 2175 4974 quod
2198 4902 2245 4957 si
2274 4900 2625 4969 particulares
2654 4896 2804 4952 falsa:
2837 4905 3043 4963 essent,
3076 4897 3223 4951 falsae
3254 4908 3434 4951 essent
3457 4896 3617 4950 etiam

2039 4995 2391 5057 universales,
2426 5006 2567 5046 nunc
2596 5005 2724 5046 vero
2770 4989 3057 5044 chendum
3090 4998 3173 5044 est
3200 4988 3344 5059 quod
3372 4989 3416 5043 si
3471 4987 3623 5040 intle-

2040 5090 2190 5142 ﬁnita
2216 5085 2353 5141 falsa
2381 5084 2563 5150 fuerit,
2599 5082 2729 5136 falsa
2755 5081 2861 5136 erit
2905 5081 3065 5135 etiam
3117 5077 3457 5133 universalis.
3492 5076 3622 5130 Nam

2039 5181 2086 5237 si
2110 5180 2239 5233 falsa
2270 5187 2356 5233 est
2377 5191 2495 5245 qua:
2542 5174 2669 5229 dicit
2711 5172 2871 5227 ltomo
2899 5172 3205 5241 quadrupes
3234 5178 3335 5233 est,
3364 5168 3498 5223 falsa
3522 5167 3624 5221 erit

2041 5275 2203 5331 etiam
2235 5286 2355 5344 qua:
2384 5269 2516 5326 dicit
2567 5267 2785 5339 quidam
2817 5266 2976 5322 homo
3003 5264 3307 5335 quadrupes
3334 5272 3416 5315 est
3436 5270 3491 5315 et
3511 5276 3624 5315 om-

2037 5366 2125 5421 nis
2172 5366 2331 5418 ltomo
2360 5360 2663 5433 quadrupes
2705 5366 2809 5413 est.
2865 5359 3035 5427 Atque
3067 5357 3205 5410 idern
3241 5356 3340 5408 lioc
3370 5352 3529 5407 etiam
3566 5352 3621 5403 in

2041 5455 2302 5527 negativis
2328 5453 2621 5509 convenire
2647 5450 2878 5505 videtur.
2909 5447 3059 5504 Unde
3090 5455 3299 5500 constat
3340 5445 3480 5515 quod
3511 5458 3624 5497 orn-

2016 5562 2137 5607 1ics
2165 5550 2454 5606 indeﬁnitaa
2492 5543 2900 5617 particularibus
2930 5539 3389 5611 propositionibus
3416 5550 3624 5606 aequam

2039 5652 2145 5707 vim
2174 5649 2474 5705 continent.
2498 5645 2704 5700 Rursus
2724 5642 2925 5695 dictum
2947 5646 3031 5694 est
3052 5635 3192 5703 quod
3217 5636 3624 5700 subcontrarite,

2041 5758 2162 5815 qua:
2189 5740 2539 5811 particulares
2564 5732 2898 5788 afﬁrinativte
2919 5740 2974 5786 et
3002 5730 3260 5799 negativae
3285 5735 3442 5790 sunt,
3471 5724 3630 5780 simul

2041 5849 2184 5894 verae
2214 5846 2334 5892 esse
2361 5836 2606 5901 possunt,
2640 5822 2882 5882 dividere
2912 5826 3076 5882 etiam
3106 5836 3289 5881 verum
3329 5819 3632 5891 falsumque
