4112 6332
477 352 580 413 ξοδ

1694 349 1808 409 ΔΝ.
1848 348 2056 407 MANL.
2094 344 2248 408 εει.
2290 348 2511 408 BOETII

3640 355 3741 411 804

476 471 682 538 valent,
729 470 887 527 simul
916 484 1043 526 vero
1070 468 1218 525 falsa:
1244 480 1366 525 esse
1412 481 1519 522 non
1550 480 1729 538 posse.
1771 466 1886 523 lloc
1912 468 2053 523 idem
2083 471 2138 533 Α
2159 467 2339 523 omnis
2366 468 2527 523 homo
2552 468 2724 535 justus
2743 473 2864 535 est,
2896 484 3005 528 non
3029 469 3208 526 omnis
3234 468 3394 525 homo
3419 471 3596 541 justus
3620 482 3705 530 est
3724 517 3741 541 ,

476 562 529 617 in
564 563 855 620 indeflnitis
883 562 1333 634 propositionibus
1353 558 1769 630 exspectandum
1792 569 1891 615 est.
1925 559 2058 614 Nim

477 659 722 713 dividunt
752 659 889 713 inter
933 673 993 712 se
1033 672 1217 712 verum
1250 656 1578 726 falsumque,
1612 664 1670 711 ut
1699 656 1742 710 si
1772 657 1892 724 quis
1920 654 2061 710 dicat

479 750 639 803 bomo
682 749 833 820 bipes
879 757 991 817 est,
1033 764 1156 805 vera
1208 757 1310 815 est,
1364 748 1525 803 ltomo
1581 748 1732 819 bipes
1781 764 1888 803 non
1941 755 2053 816 εει,

476 840 607 894 falsa
656 851 760 907 εει,
807 851 861 897 ει
913 841 1041 897 item
1096 841 1257 897 homo
1307 843 1607 912 quadrupes
1636 850 1738 908 est,
1772 840 1905 897 falsa
1950 849 2056 907 εει,

475 931 638 987 homo
690 933 993 1004 quadrupes
1047 946 1290 1001 nonest,
1338 948 1464 990 vera
1516 945 1627 999 est;
1685 946 1828 989 verte
1880 945 2057 987 autem

472 1025 633 1079 simul
665 1026 888 1081 inveniri
922 1038 1169 1096 possunt,
1202 1038 1258 1081 ut
1300 1028 1342 1081 si
1374 1026 1492 1095 quis
1516 1026 1660 1080 dicat
1690 1030 1850 1079 homo
1876 1039 2056 1096 gram-

472 1120 696 1175 maticus
743 1129 847 1185 est,
895 1120 1080 1187 siquis
1130 1118 1233 1173 Itoc
1280 1116 1428 1172 dicat
1480 1118 1546 1172 de
1594 1116 1821 1183 Donato,
1872 1132 2056 1172 verum

472 1220 573 1268 est.
603 1213 733 1269 Item
758 1213 921 1267 homo
961 1213 1337 1283 grammaticas
1366 1227 1474 1266 non
1501 1219 1604 1277 est,
1628 1211 1672 1267 si
1703 1210 1823 1281 quis
1846 1210 1948 1265 hoc
1976 1210 2060 1265 di-

472 1315 558 1361 cat
588 1305 655 1361 de
682 1304 907 1372 Catone,
944 1319 1125 1359 verum
1172 1315 1274 1372 est,
1305 1312 1362 1359 ιιι
1387 1304 1544 1359 simul
1595 1303 1742 1359 falsae
1768 1305 1877 1359 sint
1921 1319 2059 1359 nun-

417 1386 423 1391 ’
471 1412 628 1469 quam
655 1398 1004 1468 reperiemus.
1032 1397 1164 1452 ilinc
1185 1412 1397 1468 quoque
1428 1397 1726 1453 ostenditur
1754 1396 2059 1453 indefinitas

473 1503 594 1545 cum
644 1489 1058 1560 particularibus
1113 1490 1305 1559 aequali
1354 1503 1473 1545 esse
1514 1488 1774 1560 potentia.
1813 1489 2057 1558 Amplius

470 1583 611 1653 quod
641 1583 840 1637 dictum
870 1591 975 1646 est,
1007 1582 1456 1653 contrajacentcs,
1488 1582 1542 1637 id
1575 1589 1658 1637 est
1695 1580 2054 1637 universalem

468 1674 839 1731 aﬂirmativam
870 1684 922 1730 ct
956 1675 1331 1743 particularem
1364 1677 1687 1747 uegativam,
1709 1684 1760 1729 et
1784 1674 2054 1733 item.uni-

468 1769 727 1823 versalem
748 1768 1045 1837 negativam
1064 1778 1116 1824 et
1138 1769 1391 1838 particula
1402 1782 1513 1823 rem
1537 1767 1939 1835 afﬁrmativam,
1962 1785 2057 1824 ne-

2164 572 2220 617 et
2249 577 2434 617 rursus
2474 560 2651 616 nullus
2695 560 2859 618 homo
2894 564 3069 634 justus
3099 573 3221 632 est,
3252 572 3309 619 et
3336 565 3555 634 quidam
3585 566 3748 622 homo

2158 654 2337 724 justus
2362 661 2464 721 est,
2497 654 2548 707 in
2579 655 2662 708 bis
2681 656 2825 709 enim
2852 655 3175 712 universalis
3203 655 3580 712 determinatio
3609 657 3748 712 tolli-

2161 754 2282 810 tur,
2312 746 2406 800 sed
2447 746 2514 801 de
2557 745 2641 800 his
2670 746 2829 802 t-lias.
2859 747 2925 802 Et
2955 748 3205 819 quoniam
3234 746 3435 802 dictum
3462 756 3549 803 est
3571 748 3643 804 de
3664 747 3749 803 his

2162 850 2283 909 qua:
2313 839 2500 894 eodem
2526 840 2715 894 ordine
2742 842 3092 911 participant,
3126 838 3369 896 dicamus
3398 855 3541 895 nunc
3567 841 3637 896 de
3663 840 3748 895 bis

2161 944 2282 1001 quac
2320 931 2526 986 ordinis
2567 935 2984 989 commutatione
3013 933 3350 1003 participant.
3381 932 3580 988 Harum
3612 947 3747 1002 quo-

2160 1036 2267 1093 que
2293 1024 2714 1093 propositionum
2753 1041 2871 1096 qua:
2911 1027 2975 1079 ad
3023 1026 3497 1082 commutationem
3541 1024 3747 1081 ordinis

2165 1119 2489 1187 participant
2520 1119 2715 1189 duplex
2746 1121 2939 1176 modus
2968 1129 3069 1175 est.
3106 1120 3198 1175 Est
3232 1120 3375 1176 enim
3413 1133 3508 1189 per
3534 1128 3750 1174 contra-

2161 1208 2488 1279 positiouem
2517 1212 2832 1279 conversio,
2863 1221 2918 1267 ut
2957 1212 3004 1267 si
3029 1212 3178 1267 dicas
3197 1254 3211 1279 ,
3246 1213 3421 1267 omnis
3444 1210 3606 1265 homo
3635 1212 3753 1264 ani-

2163 1301 2270 1355 mal
2304 1313 2382 1356 est
2405 1344 2419 1367 ,
2452 1318 2611 1357 omne
2640 1318 2745 1359 non
2791 1305 2989 1359 animal
3018 1319 3124 1359 non
3166 1305 3326 1359 homo
3368 1312 3475 1367 est;
3523 1301 3751 1371 simplex

2161 1395 2445 1450 coitversio
2471 1405 2574 1463 est,
2608 1404 2666 1452 ut
2684 1398 2727 1453 si
2765 1397 2943 1464 dicas,
2992 1398 3167 1454 omnis
3214 1396 3377 1451 homo
3423 1396 3666 1459 risibile,
3695 1403 3753 1451 et

2161 1496 2476 1553 convertas,
2501 1503 2660 1544 omne
2689 1489 2890 1544 rlsibile
2921 1490 3123 1545 homo‘:
3155 1487 3250 1545 sed
3278 1489 3328 1543 in
3357 1488 3462 1543 illis
3490 1486 3750 1543 termino.

2160 1591 2280 1631 rum
2309 1587 2513 1633 tantum
2545 1582 2891 1636 commutatio
2917 1582 3326 1638 conversionem
3359 1581 3518 1647 facit,
3552 1581 3605 1634 in
3634 1581 3754 1649 qui-

2163 1669 2264 1724 bus
2312 1687 2485 1741 neque
2517 1674 2865 1739 prtetiicatum
2896 1674 3177 1744 subjecto,
3224 1689 3399 1743 neque
3446 1673 3752 1742 subjectum

2163 1762 2453 1831 prtedicato
2482 1764 2736 1819 abundat.
2793 1765 2848 1819 In
2883 1764 2984 1821 hac
3030 1766 3174 1821 enim
3226 1765 3590 1835 propositione
3631 1778 3756 1835 qua

467 1875 569 1931 que
592 1874 747 1916 veras
773 1861 932 1915 simul
962 1876 1083 1917 esse
1113 1877 1286 1933 neque
1317 1862 1499 1929 falsas,
1529 1862 1623 1917 sed
1652 1862 1793 1917 inter
1818 1876 1878 1917 se
1912 1861 2052 1916 divi-
2084 1848 2135 1910 B
2162 1854 2310 1921 dicit,
2338 1858 2516 1915 omnis
2548 1862 2707 1915 homo
2738 1861 2963 1929 risibile,
2998 1861 3159 1917 homo
3188 1861 3516 1930 subjectum,
3549 1859 3754 1916 risibile

466 1951 596 2008 dere
622 1967 806 2007 verum
840 1952 1133 2023 falsumque
1162 1995 1174 2008 .
1213 1946 1314 2008 hoc
1356 1953 1496 2008 idem
1522 1951 1695 2008 evenit
1722 1952 1775 2007 in
1807 1951 2057 2007 indeﬁni-

466 2049 555 2104 tis.
586 2047 718 2103 Nam
751 2048 1068 2104 universalis
1108 2048 1426 2104 aliirmativa
1475 2056 1531 2102 et
1574 2045 1850 2100 indefinita
1894 2060 2059 2114 nega-

465 2145 574 2200 tiva
597 2191 610 2214 ,
660 2146 742 2201 vel
774 2130 1095 2201 universalis
1141 2145 1388 2214 negativa
1420 2151 1475 2198 et
1504 2141 1778 2197 ittdefinita
1818 2141 2055 2196 affirma-

465 2236 595 2305 tiva,
645 2253 819 2307 neque
849 2252 991 2292 verte
1037 2237 1193 2292 simul
1242 2250 1363 2291 esse
1414 2243 1661 2305 possunt,
1690 2249 1865 2302 neque
1890 2233 2052 2289 simul

466 2316 635 2386 falsae.
670 2330 986 2386 Dividuutur
1014 2339 1194 2385 autem
1232 2328 1374 2383 inter
1400 2342 1459 2382 se
1493 2342 1678 2382 verum
1710 2324 2007 2393 falsumque
2038 2343 2051 2378 :

465 2436 586 2476 nam
619 2422 662 2477 sl
695 2422 919 2490 dixeris,
957 2420 1132 2476 omnis
1163 2418 1324 2475 homo
1370 2418 1523 2489 bipes
1562 2426 1665 2481 est,
1709 2432 1834 2471 vera
1866 2427 1969 2479 est,
2002 2425 2057 2472 ct

463 2512 509 2567 si
536 2511 681 2567 dicas
704 2512 865 2568 homo
886 2512 1039 2583 bipes
1060 2526 1166 2568 non
1198 2521 1302 2578 est,
1334 2509 1464 2566 falsa
1494 2517 1596 2566 est.
1622 2510 1752 2566 Item
1781 2511 1825 2565 si
1856 2509 2057 2564 dixeris

464 2606 628 2662 homo
677 2606 979 2676 quadrupes
1026 2614 1129 2671 est,
1176 2604 1312 2660 falsa
1356 2611 1460 2669 est,
1512 2601 1560 2658 si
1606 2601 1825 2668 dixeris,
1876 2600 2055 2655 nullus

460 2696 622 2754 homo
641 2698 944 2769 quadrupes
966 2704 1069 2765 est,
1097 2712 1219 2751 vera
1250 2704 1363 2751 est:
1387 2693 1528 2751 unde
1559 2693 1683 2749 hinc
1708 2706 1922 2764 quoque
1942 2690 2056 2747 col-

465 2790 629 2860 ligere
658 2791 780 2846 licet
803 2804 992 2845 omnes
1017 2788 1323 2844 indeiiuitas
1353 2794 1622 2859 potestate
1651 2794 1709 2841 et
1736 2786 1788 2840 vi
1818 2784 2054 2855 aequales

460 2895 581 2937 esse
610 2881 1049 2952 particularibus.
1080 2879 1218 2936 Sunt
1244 2879 1404 2935 etiam
1437 2878 1681 2949 quaedam
1718 2876 2051 2946 propositio-

464 2988 559 3029 nes
584 2989 702 3043 qua:
732 2973 975 3028 dividunt
1005 2972 1220 3043 quidem
1262 2980 1317 3026 et
1350 2971 1480 3040 ipsae.
1513 2984 1698 3025 verum
1728 2978 1785 3024 et
1832 2968 2047 3035 falsum,

461 3074 520 3118 ut
555 3063 694 3118 Deus
734 3063 995 3127 fulminat,
1041 3062 1181 3116 Deus
1219 3076 1327 3115 non
1356 3060 1622 3116 fulminat.
1653 3059 1757 3115 Sed
1790 3059 1906 3116 ista:
1927 3069 2053 3113 tunc

460 3146 705 3209 dividunt
726 3156 864 3208 inter
891 3167 949 3208 se
970 3168 1156 3208 verum
1179 3161 1234 3208 et
1258 3153 1471 3216 falsum,
1496 3167 1617 3207 cum
1645 3150 1784 3207 idem
1817 3160 2050 3219 tempus,

2163 1951 2533 2018 praedicatum,
2587 1966 2793 2022 mquam
2840 1953 2946 2008 vim
2995 1953 3215 2022 habent,
3247 1964 3303 2009 et
3348 1956 3468 2010 ideo
3508 1955 3755 2010 converti

2164 2053 2338 2109 potest
2365 2054 2420 2097 ut
2450 2044 2519 2099 sit
2548 2045 2754 2099 risibile
2780 2047 3075 2114 subjectum
3101 2053 3154 2100 et
3184 2046 3346 2101 homo
3377 2044 3751 2113 praedicatum,

2160 2144 2213 2189 et
2244 2136 2453 2191 dicatur
2482 2152 2639 2193 omne
2672 2137 2876 2192 risibile
2902 2138 3082 2191 homo.
3120 2140 3177 2192 In
3217 2137 3410 2207 quibus
3454 2151 3584 2192 vero
3613 2151 3753 2192 unus

2162 2228 2421 2283 terminus
2463 2229 2572 2284 alio
2617 2230 3001 2296 abundaverit,
3034 2231 3273 2285 converti
3317 2228 3615 2298 propositio
3640 2241 3749 2282 non

2161 2329 2355 2389 potest.
2389 2321 2521 2376 Nam
2551 2323 2597 2378 si
2626 2322 2796 2389 dicas,
2840 2324 3015 2379 omnis
3045 2323 3207 2379 homo
3247 2323 3443 2378 animal
3473 2329 3587 2391 est,
3622 2332 3747 2377 vera

2160 2423 2273 2478 est;
2305 2430 2410 2469 non
2446 2425 2622 2471 tamen
2653 2425 2829 2486 potest
2860 2416 2977 2472 fieri
3004 2424 3059 2470 ut
3099 2430 3361 2472 conversa
3405 2415 3520 2471 haec
3550 2429 3748 2485 propo‘

2160 2506 2288 2560 sitio
2314 2508 2559 2563 terminis
2587 2511 2928 2564 commutatis
2957 2524 3084 2564 vera
3113 2511 3185 2564 sit
3217 2526 3228 2561 :
3265 2507 3457 2564 falsam
3489 2516 3575 2563 est
3600 2506 3749 2562 enim

2158 2597 2360 2664 dicere,
2393 2614 2553 2655 omne
2581 2599 2779 2655 animal
2814 2601 2975 2656 homo
3001 2610 3103 2657 est.
3137 2599 3243 2657 Sed
3273 2599 3375 2655 hoc
3401 2614 3500 2655 cur
3527 2597 3705 2654 evenit
3723 2598 3751 2652 τ

2158 2690 2281 2761 quia
2311 2690 2529 2747 homine
2558 2693 2755 2748 animal
2801 2692 3056 2750 abundat.
3106 2692 3203 2750 Illa
3251 2708 3382 2749 vero
3427 2692 3747 2758 conversio,

2162 2798 2284 2851 quae
2316 2798 2412 2852 per
2435 2786 2948 2854 contrapositionem
2980 2787 3040 2842 ﬁt
3078 2788 3178 2843 hoc
3208 2787 3368 2843 modo
3398 2788 3455 2842 fit
3488 2805 3501 2840 :
3536 2796 3750 2857 quottes

2159 2872 2214 2928 in
2263 2874 2585 2930 amrtnativa
2627 2876 2927 2946 subjectum
2972 2877 3151 2945 fuerit,
3198 2879 3336 2935 idem
3387 2874 3651 2932 mu'tatum
3694 2887 3749 2934 et

2157 2963 2362 3020 factum
2410 2967 2757 3037 pradicatum
2803 2970 2869 3024 ad
2902 2972 3200 3040 negativam
3243 2969 3559 3041 particulam
3591 2970 3747 3039 poni-

2160 3067 2266 3125 tttr,
2296 3066 2355 3114 ut
2378 3070 2465 3116 est
2496 3063 2673 3118 omnis
2706 3066 2864 3118 homo
2890 3065 3085 3120 animal
3113 3072 3217 3120 est.
3244 3064 3342 3119 Hie
3370 3063 3532 3119 homo
3565 3064 3749 3134 subje-
3812 3076 3835 3095 ν

2158 3158 2302 3203 ctum
2333 3161 2417 3206 est
2455 3162 2506 3207 et
2544 3152 2611 3208 ad
2640 3152 2740 3210 ltoc
2770 3155 2965 3210 animal
2998 3155 3334 3226 pmdieatur.
3363 3157 3419 3211 Si
3461 3168 3590 3211 vero
3615 3157 3740 3225 quia

463 3246 603 3301 idem
634 3246 929 3315 subjectum
948 3287 965 3314 ,
998 3246 1138 3300 idem
1169 3243 1513 3331 prmdicatum
1543 3245 1634 3299 sit.
1668 3244 1820 3309 Quod
1866 3254 2044 3299 autem
2074 3230 2125 3297 C
2158 3253 2255 3304 per
2278 3245 2790 3313 contrapositionem
2819 3257 3113 3313 convertat,
3133 3257 3187 3304 et
3216 3247 3375 3304 faciat
3400 3248 3597 3303 animal
3617 3239 3748 3303 sub-

461 3337 583 3394 dico
616 3339 720 3394 tale
751 3349 853 3409 est,
904 3338 950 3394 si
980 3340 1314 3409 mquivocum
1364 3336 1669 3409 subjectum
1722 3337 1903 3406 fuerit,
1940 3354 2045 3393 non

458 3428 701 3486 dividant
752 3446 939 3485 vitrum
995 3441 1050 3486 et
1110 3431 1323 3485 falsum.
1380 3432 1438 3487 Si
1491 3432 1613 3502 quis
1665 3432 1809 3487 enim
1868 3433 2045 3501 dicat,

459 3524 589 3578 Cato
642 3538 701 3578 se
749 3523 916 3579 Utica:
961 3523 1182 3591 occidit,
1235 3533 1291 3579 et
1337 3524 1754 3594 respondeatur,
1808 3524 1939 3579 Cato
1989 3540 2050 3580 se

458 3612 625 3670 Uticae
652 3630 759 3671 non
788 3616 1018 3684 occidit,
1048 3626 1291 3687 utraeque
1316 3631 1460 3672 vera:
1500 3625 1645 3671 sunt.
1673 3615 1807 3671 Nam
1834 3625 1891 3671 et
1915 3614 2049 3673 Cato

460 3708 631 3765 ifmor
655 3725 714 3766 se
744 3710 1006 3780 peremit,
1040 3719 1094 3766 et
1124 3711 1255 3766 Cato
1294 3711 1586 3768 Censorius
1616 3727 1676 3767 se
1729 3712 1893 3768 Utica:
1940 3728 2048 3768 non

458 3801 674 3879 occidit.
704 3800 808 3854 Sed
832 3802 933 3855 hoc
961 3801 1161 3855 idcirco
1188 3804 1398 3869 evenit,
1433 3804 1574 3874 quod
1603 3804 1822 3859 Catonis
1853 3818 2049 3861 nomen

458 3894 732 3963 aequivoce
767 3892 983 3959 dicitur,
1014 3892 1211 3948 dicitur
1241 3896 1384 3949 enim
1418 3905 1471 3950 et
1497 3895 1665 3963 Major
1690 3894 1822 3950 Cato
1847 3894 2053 3953 Censo-

459 3980 593 4050 rius,
623 3993 674 4039 et
705 3983 880 4039 Minor
904 3984 1190 4041 Uticensis.
1215 3985 1346 4041 Item
1375 3987 1419 4041 si
1464 3988 1735 4057 :equivoca
1785 3989 1943 4044 fuerit
1994 3991 2051 4046 in

458 4073 821 4157 prOpositione
864 4077 1205 4147 praedicatio,
1239 4092 1422 4133 verum
1477 4078 1618 4133 inter
1659 4093 1719 4134 se
1764 4078 2051 4139 affirmatio

457 4170 775 4239 negatioqne
815 4184 919 4225 non
952 4170 1219 4225 dividunt.
1250 4170 1305 4226 Si
1346 4168 1469 4242 quis
1510 4173 1654 4225 enim
1687 4172 1763 4226 sic
1792 4171 1963 4239 dicat,
1994 4174 2049 4228 in

456 4255 613 4315 nocte
644 4260 822 4325 lucet,
867 4269 921 4315 et
962 4261 1383 4329 respondeatur,
1417 4262 1468 4317 itt
1521 4271 1679 4317 nocte
1723 4277 1827 4316 non
1874 4262 2043 4331 lucet,

456 4345 569 4408 Iieri
600 4362 773 4422 potest
804 4363 859 4408 ut
904 4366 1142 4425 utrmque
1169 4370 1312 4410 vera:
1354 4356 1477 4410 sint.
1514 4354 1644 4409 Nam
1690 4353 1743 4408 in
1775 4364 1934 4411 nocte
1962 4357 2041 4409 Iu-

455 4436 611 4499 cerna
646 4445 825 4500 lucere
851 4456 1044 4515 potest,
1078 4454 1129 4500 et
1176 4447 1257 4500 sol
1310 4447 1492 4502 lucere
1539 4462 1641 4500 non
1687 4456 1901 4516 potest;
1944 4447 2049 4501 hoc

451 4534 572 4592 ideo
602 4538 778 4591 evenit
807 4539 927 4607 quia
965 4539 1143 4593 lucere
1182 4539 1462 4609 mquivoce
1500 4549 1554 4593 et
1600 4538 1666 4593 ad
1698 4539 1930 4593 lucerna:
1959 4539 2047 4592 lu-

2150 3330 2350 3401 jectum
2396 3336 2670 3393 hominem
2732 3339 3074 3408 praedicatum
3099 3380 3115 3402 ,
3141 3348 3198 3395 ει
3225 3340 3290 3394 ad
3323 3340 3592 3394 hominem
3624 3353 3747 3408 par-

2157 3424 2371 3480 ticulam
2402 3432 2704 3498 negativam
2736 3440 2897 3498 ponat
2919 3470 2935 3492 ,
2977 3430 3078 3484 hoc
3109 3430 3273 3485 modo
3309 3429 3470 3485 faciet
3517 3447 3530 3482 :
3580 3442 3745 3486 omne

2152 3532 2260 3574 non
2290 3520 2487 3575 animal
2517 3536 2625 3575 non
2656 3522 2817 3576 homo
2862 3530 2982 3587 est,
3030 3530 3087 3577 et
3125 3522 3230 3577 erit
3275 3523 3376 3576 ista
3418 3519 3742 3587 conversio,

2153 3612 2331 3665 omnis
2360 3612 2519 3667 bomo
2544 3613 2739 3666 animal
2762 3620 2867 3678 est,
2896 3628 3057 3667 trmue
3087 3628 3195 3668 non
3218 3613 3416 3668 animal
3442 3626 3553 3668 non
3580 3611 3746 3668 homo

2155 3711 2260 3767 est;
2292 3704 2386 3758 sed
2416 3704 2485 3757 de
2516 3704 2600 3759 bis
2633 3705 2897 3773 posterius
2924 3705 3287 3770 tractabimus,
3317 3719 3456 3761 nunc
3492 3705 3561 3762 ad
3603 3706 3737 3761 siss-

2153 3794 2321 3863 plices
2346 3800 2705 3853 revertamur.
2734 3797 2869 3852 Cum
2912 3798 3019 3852 sint
3052 3799 3210 3868 igitur
3234 3808 3458 3867 quatuor
3491 3800 3745 3869 preposi-

2154 3892 2333 3944 tiones
2359 3904 2582 3961 quarum
2615 3892 2735 3946 duae
2766 3891 3097 3948 universales
3127 3900 3273 3960 sunt,
3314 3892 3367 3947 id
3396 3900 3483 3948 est
3507 3891 3744 3949 affirma-

2156 3982 2261 4035 tiva
2293 3990 2346 4035 et
2371 3982 2642 4051 negativa,
2672 3981 2796 4037 duae
2838 3998 2969 4039 vero
3012 3985 3379 4053 particulares,
3410 3984 3463 4040 id
3492 3993 3575 4040 est
3595 3983 3744 4039 affir-

2155 4072 2349 4126 mativa
2399 4083 2456 4129 et
2511 4074 2797 4143 negativa,
2854 4075 3191 4145 particularis
3259 4076 3621 4145 aiﬂrmativa,
3686 4083 3743 4143 et

2155 4162 2475 4219 universalis
2516 4168 2757 4235 negattva
2803 4168 3144 4222 commutatis
3190 4168 3435 4223 terminis
3471 4168 3575 4223 sibi
3623 4168 3740 4237 ipsa

2152 4258 2501 4313 convertitur.
2532 4256 2928 4315 Convertuntur
2951 4270 3127 4316 autem
3161 4260 3265 4316 illa
3294 4261 3376 4331 (ut
3398 4260 3599 4315 dictum
3628 4262 3739 4329 est)

2153 4348 2396 4417 quoties,
2429 4352 2773 4405 commutatis
2806 4351 3081 4417 terminis,
3111 4353 3193 4407 vel
3221 4353 3373 4407 simul
3398 4367 3542 4407 verre
3577 4361 3735 4416 sunt,

2154 4438 2237 4493 vel
2285 4440 2453 4507 simul
2490 4440 2661 4496 falsas.
2705 4441 2834 4496 Nam
2882 4442 2928 4498 si
2974 4444 3095 4513 quis
3122 4443 3296 4508 dicat,
3324 4443 3539 4513 quidam
3575 4442 3737 4498 homo

2151 4531 2348 4585 animal
2380 4540 2484 4599 εει,
2516 4549 2640 4587 vera
2684 4542 2788 4589 est.
2819 4531 3112 4603 Conversio
3142 4549 3270 4590 vero
3310 4536 3425 4604 ejus
3465 4534 3736 4604 quoddam

455 4640 575 4682 men
623 4636 678 4682 et
729 4628 793 4681 ad
840 4628 967 4684 solis
1005 4628 1219 4684 dicitur.
1254 4630 1498 4699 Amplius
1528 4630 1575 4685 si
1614 4629 1756 4683 aliud
1796 4638 1852 4685 et
1899 4629 2044 4685 aliud
2069 4614 2124 4678 1)
2148 4622 2346 4677 animal
2373 4609 2534 4678 homo
2557 4632 2658 4691 est,
2685 4641 2809 4680 vera
2850 4635 2952 4681 est.
2996 4624 3127 4680 Item
3157 4626 3371 4697 quidam
3402 4628 3566 4681 homo
3600 4627 3736 4696 lapis

451 4716 505 4770 in
535 4718 789 4785 subjectis
820 4726 871 4774 et
915 4719 1221 4790 praedicatis
1249 4729 1456 4789 tempus
1500 4722 1658 4775 fuerit
1678 4762 1695 4788 ,
1730 4736 1917 4776 verum
1947 4722 2042 4776 fal-

448 4821 678 4879 sumque
713 4809 853 4864 inter
880 4824 938 4866 se
974 4811 1261 4867 affirmatio
1292 4813 1610 4883 negatioque
1638 4828 1744 4868 non
1773 4813 2036 4869 dividunt.

449 4902 579 4958 Nam
612 4904 654 4959 si
685 4905 804 4974 quis
835 4904 1007 4973 dicat,
1037 4905 1288 4962 Socrates
1320 4909 1589 4976 ambulat,
1622 4918 1673 4961 et
1705 4908 2039 4977 respondeao

451 5004 555 5059 tur,
580 4994 832 5049 Socrates
882 5011 985 5049 non
1032 4995 1305 5060 ambulat,
1336 5007 1562 5067 possunt
1607 5008 1848 5067 utrasque
1895 5013 2037 5055 vera

450 5098 588 5151 esse,
624 5093 800 5154 potest
824 5085 967 5139 enim
1000 5085 1117 5138 fieri
1153 5095 1208 5139 ut
1233 5085 1484 5141 Socrates
1509 5087 1615 5141 alio
1647 5095 1888 5157 tempore
1918 5104 2037 5143 am-

450 5174 629 5239 bulet,
661 5176 765 5229 alio
790 5185 1032 5244 tempore
1073 5190 1179 5230 non
1229 5177 1498 5243 ambulet;
1532 5178 1628 5233 sed
1669 5188 1761 5233 aut
1808 5188 1915 5235 stet
1948 5190 2041 5237 aut

451 5267 665 5335 sedeat.
697 5278 788 5323 aut
808 5267 1085 5337 quodlibet
1123 5268 1262 5323 aliud
1296 5269 1383 5323 :in
1416 5271 1612 5326 talibus
1640 5286 1769 5342 ergo
1796 5275 2042 5345 proposi-

451 5362 688 5416 tionibus
718 5361 902 5431 quales
927 5366 1071 5427 sunt,
1106 5361 1353 5417 Socrates
1373 5363 1626 5426 ambulat,
1650 5365 1903 5422 Socrates
1931 5383 2039 5424 non

442 5448 713 5514 ambulat,
761 5451 867 5506 illa;
917 5452 1059 5505 inter
1103 5466 1161 5507 se
1208 5467 1393 5507 verum
1446 5452 1745 5524 falsumque
1795 5457 2042 5515 dividunt

442 5530 567 5613 quae
610 5542 677 5597 ad
721 5540 864 5598 idem
894 5542 1222 5613 subjectum,
1259 5544 1325 5596 ad
1371 5543 1513 5600 idem
1551 5545 1931 5615 przedicatum,
1970 5548 2045 5605 ad

449 5634 590 5690 idem
617 5645 850 5704 tempus,
884 5635 1151 5691 dicuntur.
1177 5635 1313 5692 Sunt
1340 5638 1499 5690 etiam
1528 5637 1651 5693 alia:
1675 5653 1796 5709 qua:
1822 5652 2038 5697 contra-

434 5725 694 5783 ‘dictoria‘.
717 5739 1010 5794 vocantur,
1041 5745 1161 5798 quas
1200 5737 1323 5785 sunt
1354 5730 1676 5800 huiusmodi,
1709 5736 1923 5803 quoties
1952 5736 2036 5791 af-

434 5810 813 5876 lrmatlnnem
856 5817 1213 5878 universalem
1262 5822 1400 5879 tollit
1426 5822 1641 5895 negatio
1665 5825 2033 5901 particularis,

2150 4726 2253 4783 est,
2283 4719 2409 4772 falsa
2439 4727 2542 4782 est,
2570 4718 3017 4789 quemadmodum
3048 4729 3102 4775 et
3126 4719 3245 4788 ejus
3272 4719 3591 4787 conversio,
3610 4720 3735 4790 qui-

2147 4809 2269 4863 dam
2305 4809 2441 4877 lapis
2471 4810 2633 4865 homo
2663 4820 2765 4875 cst,
2798 4826 2921 4866 nam
2950 4820 3004 4866 et
3032 4811 3132 4865 ista
3164 4812 3290 4866 falsa
3317 4820 3418 4866 est.
3453 4812 3549 4866 Est
3576 4813 3735 4881 igitur

2148 4900 2483 4969 particularis
2510 4901 2821 4956 affirmativa
2854 4916 2971 4971 qua
2997 4903 3333 4958 commutatis
3360 4903 3605 4958 terminis
3633 4904 3733 4959 sibi

2145 4992 2258 5061 ipsa
2280 4994 2626 5048 convertitur.
2654 4993 2796 5048 Idem
2826 5008 2954 5050 vero
2983 4995 3180 5064 patitur
3212 4994 3527 5050 universalis
3562 5010 3732 5066 nega-

2148 5084 2243 5138 tio.
2275 5084 2333 5138 Si
2358 5084 2477 5153 quis
2506 5087 2647 5139 enim
2676 5085 2840 5154 dicat,
2884 5085 3063 5141 nullus
3090 5086 3251 5142 homo
3278 5086 3414 5156 lapis
3461 5095 3573 5153 est,
3606 5100 3732 5141 vera

2146 5184 2251 5241 est,
2279 5187 2333 5230 et
2360 5186 2535 5245 potest
2554 5179 2793 5233 conterti
2828 5170 3005 5232 nullus
3036 5179 3171 5249 lapis
3200 5177 3361 5234 homo
3387 5186 3492 5245 est,
3523 5194 3649 5233 nam
3678 5187 3730 5235 et

2146 5268 2249 5323 ista
2278 5283 2404 5323 vera
2435 5279 2534 5324 est.
2564 5269 2692 5324 Item
2717 5270 2893 5325 nullus
2925 5270 3087 5326 homo
3115 5276 3298 5328 rhetor
3324 5280 3430 5339 est,
3459 5272 3590 5325 falsa
3622 5280 3728 5340 est,
3787 5266 3797 5340 ξ

2146 5376 2199 5419 ει
2221 5365 2339 5435 ejus
2363 5367 2645 5420 conversio
2670 5407 2686 5433 ,
2715 5366 2890 5421 nullus
2919 5367 3101 5423 rhetor
3124 5367 3286 5422 homo
3313 5375 3431 5433 est,
3461 5366 3592 5421 falsa
3622 5377 3727 5421 est.
3781 5365 3796 5432 ξ

2146 5457 2207 5513 ιιι
2250 5468 2479 5530 quatuor
2522 5460 2679 5529 igitur
2727 5459 2810 5514 bis
2858 5460 3309 5530 propositionibus
3357 5459 3477 5515 dua:
3524 5468 3731 5513 tantum

2145 5552 2570 5623 contrajacentes
2613 5551 2715 5605 sibi
2768 5553 2897 5617 ipsa:
2932 5560 3336 5618 convertuntur,
3371 5552 3422 5604 id
3451 5560 3533 5605 est
3565 5549 3731 5618 parti-

2144 5643 2344 5697 cularis
2373 5641 2657 5697 affirmatio
2708 5651 2762 5698 et
2802 5643 3117 5700 universalis
3162 5645 3394 5715 negatio.
3437 5644 3571 5697 Alia:
3602 5655 3728 5695 vero

2144 5733 2265 5789 dua:
2293 5732 2395 5788 sibi
2422 5734 2551 5803 ipsis
2575 5750 2680 5790 tton
2708 5746 3117 5794 convertuntur.
3147 5737 3277 5794 Nam
3309 5753 3482 5807 neque
3513 5736 3726 5789 univer-

2145 5825 2279 5884 salis
2306 5825 2622 5899 affirmatio,
2652 5843 2825 5900 neque
2868 5829 3205 5901 particularis
3245 5829 3456 5902 negatio
3485 5824 3590 5883 sibi
3613 5826 3725 5896 ipsa
