4112 6332
354 354 455 413 605

1471 366 1563 424 DE
1601 365 1683 425 ΒΥ
1693 364 2026 425 ιιοειειιο
2060 366 2495 424 CATEGORICO

3509 365 3613 422 806

351 476 695 536 convertitur.
714 476 905 549 Siquis
919 476 1061 534 enim
1075 477 1425 544 dicat,omnis
1442 479 1814 535 homoanimal
1834 489 1936 547 est,
1964 484 2020 548 Α
2045 480 2100 535 in
2128 479 2220 549 his
2247 494 2374 552 ergo
2404 480 2534 536 solas
2562 482 2799 538 converti
2831 490 3074 552 possunt.
3104 481 3160 539 in
3189 481 3306 538 aliis
3327 495 3457 538 vero
3479 497 3610 537 con-

351 589 475 630 vera
501 583 603 630 est.
628 572 685 629 Si
718 572 838 642 quis
865 587 992 628 vero
1013 581 1321 639 convertat,
1358 588 1519 628 omne
1549 572 1740 626 animal
1775 572 1935 627 homo

322 672 448 731 'cst,
466 665 653 721 falsum
669 673 768 720 est.
784 664 900 719 Non
925 665 1085 735 igitur
1100 666 1197 720 sibi
1222 665 1320 735 ipsi
1335 668 1569 721 converti
1589 673 1781 736 potest,
1803 680 1935 734 quo-

347 759 488 812 niam
513 771 771 813 conversa
803 758 996 826 prioris
1041 759 1315 812 veritatem
1364 772 1466 811 non
1510 760 1721 829 recipit.
1752 757 1934 828 Neque

346 867 474 903 vero
505 849 840 917 particularis
866 850 1075 919 negatio
1104 848 1207 904 sibi
1228 848 1326 917 ipsi
1350 852 1702 905 convertitur.
1728 849 1857 903 Nam
1885 848 1931 903 si

342 945 465 1013 quis
494 942 659 1008 dicat,
689 940 906 1011 quidam
938 943 1098 995 homo
1126 941 1503 1010 grammaticus
1532 956 1636 995 non
1671 950 1773 1005 est,
1801 955 1929 996 vera

341 1046 458 1097 ist;
504 1033 551 1087 si
594 1046 726 1086 vero
765 1040 1062 1101 convertat,
1113 1032 1326 1101 quidam
1366 1032 1747 1103 grannnaticus
1766 1034 1932 1086 homo

344 1108 450 1179 non
478 1134 591 1187 est,
617 1124 747 1178 falsa
778 1132 861 1179 est
891 1141 903 1177 :
938 1125 1113 1178 omnis
1159 1125 1299 1178 enim
1344 1124 1724 1191 graniinaticus
1771 1123 1932 1178 homo

344 1228 449 1270 est.
477 1216 843 1298 Repegeutlum
875 1225 958 1270 est
998 1216 1153 1284 igitur
1184 1231 1211 1268 a
1255 1220 1431 1286 capétc
1457 1216 1596 1285 quod
1640 1231 1759 1269 cum
1801 1230 1931 1286 qua~

345 1318 467 1362 tuor
489 1309 883 1377 propositiones
906 1309 1035 1373 sint,
1062 1307 1353 1361 afﬁrmatio
1397 1307 1741 1371 universalis,
1771 1323 1932 1376 nega-

345 1399 423 1454 tio
448 1399 790 1460 universalis,
823 1397 1109 1451 afﬁrmatio
1134 1398 1491 1467 particularis,
1526 1391 1734 1468 negafio
1762 1400 1927 1467 parti-

344 1493 563 1557 cularis,
597 1492 935 1563 parzicularis
956 1490 1263 1559 affirmatio,
1293 1501 1346 1545 et
1375 1492 1691 1546 universalis
1720 1492 1947 1560 negatio!

344 1598 465 1654 quae
486 1588 914 1649 contrajacentes
941 1592 1094 1648 sunt,
1125 1584 1224 1637 sibi
1264 1582 1395 1652 ipsis
1420 1586 1657 1637 converti
1684 1590 1926 1650 possunt.

344 1676 676 1732 Universalis
712 1691 841 1730 vero
886 1677 1172 1731 affirmatio
1211 1685 1265 1731 et
1305 1676 1640 1745 particularis
1680 1676 1928 1743 negatio,

346 1782 465 1837 quae
487 1767 617 1836 ipsa:
645 1766 1073 1834 contrajacentes
1098 1775 1243 1832 sunt,
1276 1781 1546 1837 nunquam
1580 1774 1800 1835 possunt
1830 1765 1931 1820 sibi

2039 570 2172 627 verti
2197 588 2299 626 non
2324 580 2565 642 possunt.
2594 573 2764 644 Atque
2803 574 2923 630 ideo
2951 575 3321 630 universaliter
3347 591 3452 631 non
3484 592 3612 632 con-

2037 670 2348 729 vertuntur;
2379 671 2621 719 remanet
2660 679 2787 735 ergo
2824 672 2880 719 ut
2915 665 2966 719 in
2998 664 3117 721 aliis
3148 665 3304 720 rebus
3343 666 3613 734 omnibus,

2036 763 2096 807 ut
2116 755 2359 824 superius
2388 755 2589 812 dictum
2609 766 2690 811 est
2710 798 2723 823 ,
2752 772 2858 812 non
2900 768 3297 814 convertantur.
3341 761 3451 815 iioc
3486 777 3615 818 vero

2038 845 2463 914 perspiciendum
2504 856 2606 915 est,
2659 849 2800 919 quod
2826 850 3159 919 particularis
3185 850 3470 907 afﬁrmatio
3496 870 3615 925 quae

2035 931 2135 986 sibi
2161 934 2256 1003 ipsi
2278 935 2637 1003 Convenitur,
2664 937 2949 992 universali
2976 938 3338 1006 afﬁrmationi,
3371 957 3487 1013 qua:
3511 941 3615 999 sibi

2035 1037 2144 1078 non
2180 1025 2549 1093 convertitur,
2600 1041 2694 1091 per
2736 1029 2981 1083 accidens
3028 1032 3268 1085 converti
3314 1040 3506 1101 potest.
3553 1034 3615 1088 Et

2034 1112 2161 1167 item
2192 1114 2563 1185 contrajacens
2600 1117 2882 1173 universali
2911 1118 3248 1175 afﬁrtnationi
3277 1123 3614 1191 particularis

2034 1209 2279 1278 negatio,
2318 1224 2436 1277 qua:
2458 1210 2557 1263 sibi
2593 1210 2691 1279 ipsi
2733 1227 2838 1265 non
2866 1217 3215 1281 convertitur,
3249 1216 3486 1270 conserti
3518 1231 3609 1285 po-

2036 1308 2141 1354 test
2164 1315 2259 1369 per
2288 1301 2535 1355 aclidens
2567 1302 2834 1371 negationi
2863 1306 3144 1361 universali
3172 1349 3187 1371 ,
3221 1321 3337 1375 quae
3370 1307 3470 1361 sibi
3514 1307 3613 1375 ipsi

2000 1386 2383 1447 ‘convertitur.
2418 1394 2520 1448 Sed
2566 1396 2833 1463 quomodo
2880 1396 3212 1465 particularis
3252 1397 3532 1453 affirmatio
3560 1405 3615 1453 et

2037 1487 2354 1540 universalis
2396 1488 2607 1558 negatio
2646 1488 2749 1542 sibi
2798 1489 2928 1555 ipsis
2966 1498 3341 1545 convertantur
3375 1491 3613 1548 ostendi-

2034 1593 2176 1633 mus.
2222 1578 2376 1633 Nunc
2442 1594 2567 1634 vero
2622 1581 2894 1649 quomodo
2949 1582 3283 1650 particularis
3333 1583 3614 1640 afﬁrmatio

2035 1670 2325 1725 universali
2371 1671 2714 1726 affirmationi
2753 1688 2848 1741 per
2886 1674 3173 1741 accidens,
3223 1676 3305 1730 vel
3346 1679 3612 1746 quomodo

2036 1763 2371 1830 particularis
2393 1765 2606 1833 negatio
2633 1765 2915 1819 universali
2947 1768 3214 1836 negationi
3248 1783 3343 1837 per
3363 1769 3610 1825 accidens

346 1860 480 1932 ipsis
525 1863 786 1917 converti.
827 1861 946 1917 Nec
995 1862 1096 1915 hoc
1134 1877 1232 1916 nos
1274 1863 1451 1918 turbet
1493 1861 1633 1931 quod
1685 1860 1929 1931 quaedam
1960 1856 2012 1919 B
2038 1864 2438 1922 convertantur,
2472 1856 2947 1912 demonstrandum
2969 1869 3072 1912 est.
3106 1860 3315 1915 Dictum
3345 1869 3425 1917 est
3453 1874 3615 1930 supe-

347 1954 729 2009 afﬁrmationes
790 1955 1122 2009 universales
1172 1964 1224 2008 et
1275 1954 1518 2024 quzedam
1570 1954 1928 2025 particulares

349 2047 658 2115 negationes
680 2047 921 2102 converti
948 2055 1186 2115 possunt.
1218 2048 1396 2101 Potest
1433 2048 1574 2100 enim
1606 2048 1710 2101 diri
1754 2047 1931 2101 omnis

262 2174 267 2177 η
351 2138 513 2194 homo
533 2138 753 2194 risibilis
779 2148 883 2206 est,
906 2153 1066 2195 omne
1088 2138 1286 2193 risibile
1306 2138 1463 2192 homo
1484 2149 1584 2200 est,
1611 2148 1665 2192 et
1690 2147 1927 2208 utrmque

353 2245 488 2286 verae
509 2240 654 2287 sunt.
685 2232 750 2288 Et
773 2233 901 2288 item
928 2233 1104 2287 omnis
1133 2235 1290 2287 homo
1336 2234 1610 2290 hinnibilis
1653 2245 1765 2303 εει,
1799 2236 1927 2288 falsa

354 2334 452 2386 est,
474 2332 526 2377 et
553 2339 711 2379 omne
741 2325 1001 2380 binnibile
1033 2325 1191 2379 homo
1215 2336 1318 2394 est,
1343 2336 1396 2380 et
1421 2325 1535 2380 haec
1566 2341 1776 2395 quoque
1799 2325 1930 2381 falsa

352 2425 454 2470 est.
488 2415 615 2472 item
642 2419 698 2471 in
723 2418 1031 2487 pa'rticulari
1062 2418 1365 2486 negatione,
1388 2419 1603 2489 quidam
1631 2418 1794 2473 homo
1823 2434 1928 2473 non

350 2515 433 2561 est
458 2507 626 2577 lapis,
655 2524 778 2564 vera
802 2518 885 2564 est
909 2554 922 2576 ,
957 2520 1009 2565 et
1040 2509 1253 2579 quidam
1285 2510 1416 2580 lapis
1464 2525 1570 2565 non
1606 2520 1690 2565 est
1731 2510 1926 2572 homo,

350 2611 477 2653 vero
501 2607 603 2653 est.
638 2599 769 2655 Item
799 2600 1014 2671 quidam
1048 2604 1209 2655 homo
1241 2617 1346 2656 non
1390 2610 1472 2656 est
1520 2603 1750 2670 risibile,
1798 2602 1931 2656 falsa

350 2698 454 2755 est,
482 2689 749 2759 quoddam
777 2691 981 2747 risibile
1008 2691 1171 2745 homo
1200 2708 1304 2746 non
1335 2701 1444 2758 est,
1483 2704 1536 2746 et
1577 2694 1689 2747 haec
1715 2708 1934 2762 quoque

350 2778 482 2837 falsa
505 2789 609 2836 est.
634 2780 773 2850 Ergo
800 2780 1047 2835 videntur
1073 2797 1230 2851 posse
1256 2784 1584 2838 universales
1608 2783 1929 2838 afﬁrmatio.

350 2884 448 2937 nes
468 2880 523 2927 et
585 2873 933 2940 particulares
961 2876 1271 2944 negationes
1308 2875 1545 2930 converti
1570 2916 1585 2941 ,
1614 2884 1669 2931 et
1702 2889 1928 2929 convero

350 2971 536 3019 tuntur
572 2964 821 3033 quidem,
871 2966 966 3019 sed
1010 2981 1112 3021 non
1160 2967 1555 3023 universaliter.
1599 2966 1936 3022 Generaliter

351 3066 532 3110 autem
577 3056 698 3111 dico
750 3059 1144 3127 propositiones
1189 3073 1348 3129 posse
1396 3060 1671 3125 converti,
1723 3058 1935 3126 quoties

352 3147 744 3212 universaliter,
784 3149 838 3204 id
872 3159 953 3204 εςι
994 3149 1049 3205 in
1093 3152 1339 3206 omnibus
1381 3161 1786 3207 convertuntur.
1816 3152 1938 3206 Ista:

2032 1948 2145 2002 rius
2171 1947 2313 2017 quod
2337 1948 2383 2002 si
2416 1962 2541 2003 vera
2573 1958 2657 2003 est
2688 1950 3006 2005 universalis
3032 1950 3342 2019 afﬁrmatio,
3376 1968 3500 2009 vera
3536 1965 3623 2010 est

2034 2042 2195 2095 etiam
2221 2041 2557 2110 particularis
2575 2084 2588 2106 ,
2613 2050 2669 2097 et
2697 2055 3012 2111 sequeretur
3041 2046 3374 2114 particularis
3405 2048 3631 2103 univer-r

2031 2132 2222 2189 salem.
2250 2132 2381 2187 Nam
2411 2134 2456 2187 si
2480 2147 2602 2188 vera
2630 2141 2714 2188 est
2755 2134 2929 2189 omnis
2959 2135 3119 2190 homo
3143 2135 3342 2191 animal
3364 2141 3464 2205 e‘st,
3491 2153 3614 2194 vera

1980 2272 1983 2275 .
2031 2236 2112 2282 est
2146 2228 2307 2283 etiam
2329 2227 2541 2298 quidam
2567 2228 2730 2283 homo
2752 2230 2947 2284 animal
2970 2239 3063 2285 est.
3094 2232 3149 2287 Si
3172 2233 3313 2288 enim
3344 2235 3543 2300 omnis,
3565 2232 3633 2288 et“

2033 2321 2272 2390 quidam;
2304 2322 2397 2375 sed
2431 2322 2765 2391 particularis
2785 2323 3068 2380 afﬁrmatio
3094 2325 3189 2381 sibi
3216 2327 3312 2398 ipsi
3342 2316 3631 2383 converti?

2035 2422 2142 2476 tur,
2174 2416 2505 2468 convertitur
2527 2416 2689 2469 etiam
2713 2415 2998 2470 universali
3030 2416 3386 2473 afﬁrmationi.
3418 2422 3549 2475 Nam
3572 2418 3635 2476 si‘

2035 2506 2211 2558 omnis
2233 2506 2392 2558 homo
2430 2506 2622 2559 animal
2647 2512 2761 2575 est,
2787 2517 2838 2561 et
2861 2507 3074 2577 quidam
3106 2510 3268 2565 homo
3293 2513 3488 2567 animal
3514 2504 3633 2569 est.‘

2035 2594 2142 2650 Sed
2172 2595 2269 2649 ista
2294 2597 2390 2650 sibi
2428 2597 2755 2651 convertitur
2780 2598 2880 2652 hoc
2909 2599 3097 2666 modo,
3127 2602 3173 2654 si
3202 2598 3346 2656 dicas
3365 2644 3379 2669 ,
3404 2588 3631 2673 quidam-

2038 2687 2201 2741 homo
2216 2688 2414 2742 animai
2432 2698 2532 2743 est.
2549 2688 2730 2743 Potest
2747 2689 2907 2758 igitur
2920 2692 3158 2747 converti
3172 2688 3238 2748 ad
3260 2695 3435 2749 omnis
3459 2692 3639 2751 homo‘

2037 2778 2233 2831 animal
2270 2787 2352 2833 est
2380 2779 2735 2835 universalem
2759 2781 3166 2838 afﬁrmationem
3192 2780 3620 2853 particularisaf-

2038 2869 2287 2936 ﬁrmatio,
2319 2886 2435 2938 quze
2455 2880 2537 2925 est
2557 2872 2768 2940 quidam
2793 2873 2954 2928 homo
2974 2874 3168 2929 animal
3193 2883 3294 2944 εει,
3316 2886 3368 2931 ει
3395 2860 3627 2933 convenit

2040 2964 2192 3030 titur,
2221 2971 2278 3016 ut
2305 2962 2349 3016 si
2371 2961 2519 3018 dicas
2540 2963 2803 3033 qu-iddam
2834 2967 3030 3020 animal
3061 2968 3220 3021 homo
3248 2976 3349 3035 est;
3377 2962 3635 3040 utraeque

2041 3052 2184 3107 enim
2216 3067 2356 3107 vera:
2404 3063 2558 3117 sunt,
2604 3063 2656 3109 et
2685 3070 2803 3124 qua:
2832 3055 2979 3127 dicit,
3012 3058 3187 3113 omnis
3220 3058 3379 3114 homo
3424 3063 3618 3117 animal

2042 3155 2147 3212 est,
2174 3156 2227 3202 et
2255 3162 2375 3218 quae
2399 3148 2527 3203 dicit
2549 3145 2815 3219 qiioddam
2846 3154 3041 3207 animal
3069 3154 3227 3209 homo
3255 3166 3335 3212 est
3360 3174 3373 3212 :
3407 3173 3500 3226 per
3523 3172 3617 3214 ac-

353 3250 533 3294 autena
572 3239 625 3293 in
669 3240 874 3296 duabus
908 3241 1039 3296 solis
1068 3242 1394 3298 materiebus
1424 3243 1664 3299 converti
1693 3252 1935 3313 possunt.
1964 3229 2013 3293 C
2045 3235 2229 3291 cidens
2258 3246 2436 3293 autem
2467 3238 2704 3294 converti
2745 3240 2941 3297 dicitur
2974 3246 3302 3312 particularis
3340 3238 3639 3305 afﬁrmatio

352 3329 557 3399 Siquis
578 3330 718 3385 enim
775 3334 1049 3401 proprium
1090 3334 1371 3403 cujuslibet
1416 3335 1613 3405 speciei
1657 3336 1721 3389 ad
1763 3336 1936 3405 ipsam

354 3421 588 3490 speciem
614 3421 770 3492 cujus
792 3433 875 3478 est
902 3426 1174 3493 proprium
1201 3425 1348 3480 velut
1373 3425 1439 3481 ad
1470 3426 1766 3496 subjectum
1796 3442 1935 3498 prae-

355 3512 531 3581 dicet,
557 3524 731 3583 potest
751 3525 1086 3573 convertere.
1114 3517 1247 3573 Nam
1279 3520 1402 3589 quia
1428 3520 1631 3574 risibile
1661 3522 1936 3589 pmprium

355 3616 438 3659 est
466 3604 707 3674 homini,
736 3610 780 3662 si
814 3608 1075 3677 praedices
1120 3610 1357 3673 risibile,
1390 3619 1446 3665 et
1487 3609 1736 3680 subjicias
1768 3610 1941 3665 homi-

356 3712 517 3766 nem,
546 3708 605 3754 ut
631 3709 713 3755 est
741 3703 917 3755 omnis
945 3702 1108 3757 homo
1150 3703 1354 3758 risibile
1395 3711 1507 3770 est,
1544 3712 1698 3773 potes
1744 3704 1937 3759 iterum

357 3789 626 3859 subjicere
656 3791 858 3847 risibile
894 3802 950 3847 et
978 3792 1248 3847 hominem
1276 3792 1604 3863 pradicare,
1633 3803 1688 3847 ut
1718 3793 1762 3847 si
1791 3793 1941 3849 dicas

358 3896 518 3937 omne
556 3882 761 3939 risibile
805 3892 889 3938 est
935 3883 1115 3939 homo.
1160 3885 1217 3939 in
1262 3884 1370 3940 illis
1417 3899 1544 3940 vero
1587 3885 1746 3939 simul
1793 3884 1940 3938 falsae

359 3982 484 4027 sunt
513 3974 842 4044 generalium
872 3975 1286 4031 allirmationum
1312 3978 1712 4045 conversiones,
1741 3977 1792 4032 in
1823 3977 1938 4047 qui-

360 4064 465 4118 bus
486 4064 541 4120 id
567 4065 707 4135 quod
739 4068 1058 4136 praedicatur
1091 4070 1157 4123 ad
1187 4070 1483 4139 subjectum
1516 4072 1662 4126 nullo
1700 4081 1940 4141 tempore

362 4169 495 4210 vere
522 4155 623 4211 dici
654 4165 861 4226 potest,
894 4169 952 4214 ut
980 4160 1025 4214 si
1052 4160 1170 4229 quis
1196 4160 1371 4228 dicat,
1402 4162 1578 4215 omnis
1609 4162 1768 4215 homo
1804 4161 1941 4229 lapis

360 4254 476 4312 est,
523 4245 652 4303 falsa
699 4259 801 4305 est.
846 4249 914 4305 Et
961 4252 1180 4315 iterum,
1228 4252 1403 4307 omnis
1449 4251 1584 4321 lapis
1631 4253 1790 4307 homo
1832 4264 1937 4318 εει,

360 4338 490 4393 falsa
519 4350 605 4397 est
639 4340 784 4408 haec,
836 4344 1086 4412 quoniam
1118 4344 1267 4400 nullo
1295 4354 1535 4415 tempore
1565 4360 1737 4414 neque
1779 4345 1941 4415 homo

361 4428 497 4497 lapis
540 4439 657 4499 est,
702 4446 876 4503 neque
918 4434 1051 4504 lapis
1096 4435 1255 4492 homo
1298 4452 1425 4492 vere
1454 4436 1847 4506 prmdicabitur.
1880 4439 1939 4491 In

362 4521 767 4587 particularibus
788 4526 1049 4596 negativis
1062 4534 1385 4583 contrarium
1408 4539 1510 4593 est;
1536 4543 1655 4582 nam
1685 4536 1775 4583 aut
1791 4526 1940 4583 falsae

2044 3327 2333 3382 universali
2377 3326 2739 3393 afﬁrmationi,
2782 3332 2905 3401 quia
2956 3335 3287 3402 particularis
3334 3332 3639 3394 afﬁrmatio

2042 3417 2147 3474 sibi
2168 3418 2267 3488 ipsi
2296 3420 2662 3489 principaliter
2690 3424 3039 3490 convertitur,
3083 3428 3317 3483 secundo
3348 3445 3478 3484 vero
3499 3430 3615 3487 loco

2044 3511 2336 3565 universali
2367 3511 2707 3565 aftirmationi
2751 3515 3098 3570 convertitur.
3131 3517 3315 3573 Restat
3364 3520 3523 3586 igitur
3560 3531 3619 3577 ut

2044 3601 2150 3653 hoc
2176 3609 2566 3667 monstremus,
2601 3602 2867 3670 quomodo
2905 3605 3239 3672 particularis
3268 3613 3479 3678 negatio
3503 3626 3622 3680 qua:

2044 3691 2146 3747 sibi
2206 3706 2308 3746 non
2356 3693 2685 3746 convertitur
2724 3695 3010 3749 universali
3057 3696 3320 3767 negationi
3363 3715 3480 3769 qua:
3518 3701 3621 3756 sibi

2046 3782 2376 3838 convertitur
2430 3799 2524 3852 per
2564 3784 2813 3842 accidens
2839 3798 3199 3859 convertatur,
3240 3798 3293 3846 et
3322 3790 3408 3847 hic
3434 3792 3619 3848 eadem

2046 3876 2184 3931 ratio
2208 3887 2308 3930 est.
2358 3875 2488 3931 Nam
2520 3877 2770 3946 quoniam
2819 3880 3136 3937 universalis
3163 3886 3371 3954 negatio
3414 3884 3458 3940 si
3495 3900 3620 3942 vera

2049 3975 2152 4031 est,
2178 3980 2306 4021 vera
2346 3977 2425 4021 est
2449 3967 2608 4022 etiam
2641 3970 2993 4038 particularis,
3026 3972 3344 4029 universalis
3374 3989 3498 4032 vero
3528 3974 3639 4033 ne?

2048 4059 2191 4127 gatio
2216 4057 2317 4113 sibi
2339 4059 2451 4128 ipsa
2475 4060 2818 4129 convortitur,
2843 4072 3016 4131 potest
3042 4064 3325 4119 universali
3352 4067 3622 4137 negationi

2047 4165 2324 4206 conversa:
2362 4153 2696 4221 particularis
2752 4157 2993 4211 cenverti
3034 4158 3259 4225 negatio.
3310 4158 3423 4229 Age
3476 4161 3619 4216 enim

2050 4244 2409 4299 universalem
2457 4246 2811 4315 negationem,
2846 4246 2899 4301 id
2937 4255 3019 4302 est
3050 4248 3226 4303 nullus
3256 4249 3415 4305 hoino
3445 4246 3647 4307 hinni?

2051 4338 2173 4394 bilis
2198 4348 2298 4401 est,
2327 4349 2722 4407 convertemus,
2759 4350 2817 4395 ut
2850 4342 2919 4396 sit
2946 4342 3147 4397 nullum
3178 4342 3435 4401 binnibile
3464 4345 3622 4403 homo

2051 4439 2155 4484 est.
2180 4429 2287 4487 Sed
2318 4431 2473 4486 istam
2492 4431 2934 4503 propositionem,
2967 4433 3018 4487 id
3050 4444 3126 4489 est
3159 4434 3516 4493 universalem
3536 4453 3626 4493 ne-

2048 4523 2281 4592 gativam
2303 4541 2421 4594 quin
2446 4535 2548 4594 est,
2581 4527 2756 4580 nullus
2783 4527 2944 4582 homo
2966 4526 3242 4583 hinnibilis
3266 4538 3366 4595 est,
3389 4533 3629 4601 sequitur

359 4622 516 4678 sunt,
538 4628 659 4668 cum
690 4615 961 4685 proprium
991 4619 1293 4686 subjectum
1324 4629 1408 4674 est
1437 4629 1528 4675 aut
1563 4619 1933 4688 praedicatum,
1965 4604 2027 4667 Ι)
2049 4618 2389 4688 particularis
2433 4621 2642 4689 negatio
2680 4635 2800 4690 qua:
2841 4629 2942 4685 εει,
2976 4621 3187 4690 quidam
3216 4622 3378 4679 homo
3410 4640 3514 4679 non
3545 4635 3626 4682 est

360 4711 422 4756 ut
446 4704 492 4758 si
531 4706 652 4775 quis
677 4706 848 4775 dicat,
887 4709 1100 4779 quidam
1130 4710 1292 4767 homo
1327 4711 1527 4768 risibile
1550 4725 1655 4767 non
1684 4722 1766 4767 est
1787 4754 1802 4777 ,
1837 4711 1935 4765 fal-

360 4809 483 4850 sum
528 4807 631 4853 est.
675 4799 806 4854 item
858 4800 1128 4872 quoddam
1160 4802 1361 4859 ris'bile
1405 4805 1568 4860 homo
1604 4820 1708 4860 non
1742 4815 1853 4868 cst,
1886 4814 1942 4859 et

360 4888 480 4946 haec
502 4905 716 4963 quoque
746 4893 878 4950 falsa
906 4909 1005 4950 est.
1045 4895 1107 4951 in
1138 4896 1241 4951 illis
1270 4911 1414 4953 verae
1451 4907 1609 4963 sunt,
1637 4897 1850 4966 quando
1884 4898 1939 4951 id

360 4981 506 5051 quod
530 4982 849 5041 afﬁrmando
876 4987 1023 5042 nullo
1051 4995 1290 5057 tempore
1312 5002 1437 5043 vere
1459 4987 1735 5057 praedicari
1764 4999 1941 5057 potest

358 5072 431 5130 ad
460 5075 757 5146 subjectum
788 5079 1110 5148 praedicant,
1136 5088 1194 5133 ut
1221 5080 1268 5135 si
1316 5079 1491 5147 dicas,
1529 5080 1744 5149 quidam
1774 5080 1940 5136 homo

358 5162 499 5232 lapis
524 5180 630 5221 non
653 5179 764 5233 εει,
805 5183 934 5225 vera
972 5178 1075 5226 est.
1120 5170 1313 5226 lterum
1341 5171 1555 5240 quidam
1595 5170 1731 5241 lapis
1776 5174 1939 5227 homo

359 5269 469 5312 nou
491 5268 594 5328 est,
624 5272 749 5316 vera
777 5270 882 5317 est.
908 5262 1045 5333 Ergo
1067 5260 1394 5319 universales
1418 5262 1801 5320 afﬁrmationes
1823 5273 1935 5319 tum

358 5347 463 5403 sibi
489 5348 873 5409 convertuntur
903 5364 958 5409 ut
988 5368 1130 5409 veras
1154 5353 1262 5410 sint
1292 5368 1416 5411 cum
1469 5356 1745 5426 proprium
1799 5373 1937 5426 prai-

358 5439 561 5509 dicant,
594 5453 703 5501 tum
734 5446 834 5502 sibi
864 5450 1254 5518 convertuntur;
1278 5458 1336 5505 ut
1364 5450 1513 5505 [alsia
1538 5452 1646 5506 sint
1698 5466 1821 5506 cuin
1881 5453 1935 5507 id

357 5531 502 5599 quod
542 5535 688 5590 nullo
736 5543 974 5608 tempore
1018 5538 1084 5593 ad
1127 5539 1422 5607 subjectum
1453 5555 1580 5596 vere
1606 5542 1711 5596 dici
1742 5544 1943 5612 poterit

363 5623 706 5699 praedicatur.
755 5627 884 5684 item
933 5629 986 5684 in
1027 5631 1433 5700 particulari'bus
1482 5636 1774 5703 negativis,
1825 5645 1938 5691 tum

360 5708 505 5766 falsa:
526 5724 671 5782 sunt,
695 5732 814 5782 cum
840 5722 1111 5791 propritim
1139 5721 1461 5792 praedicant,
1488 5735 1597 5779 tuin
1630 5741 1791 5793 verte,
1814 5742 1937 5782 cum

360 5797 414 5856 id
444 5804 585 5875 quod
618 5807 766 5864 nullo
810 5820 1052 5883 tempore
1082 5826 1209 5871 vere
1250 5811 1357 5872 dici
1398 5815 1594 5885 poterit
1620 5816 1935 5889 pradicant.

2054 4710 2350 4765 itinnibilis.
2377 4710 2642 4788 Converte
2674 4713 3203 4782 igituruniversaiem
3230 4731 3347 4786 qua!
3379 4726 3479 4785 εει,
3509 4718 3630 4772 nul-

2055 4805 2138 4857 ius
2157 4803 2315 4858 homo
2343 4802 2615 4859 hinnibilis
2633 4812 2735 4869 est,
2759 4812 2814 4859 et
2841 4803 2943 4871 fac,
2966 4806 3167 4861 nullum
3188 4806 3449 4864 binnibile
3468 4809 3628 4866 homo

2053 4905 2155 4961 est,
2188 4905 2442 4950 converte
2474 4897 2594 4949 huic
2615 4896 2987 4965 particularem
3013 4897 3351 4968 negationem
3380 4914 3500 4968 qua:
3525 4908 3626 4962 est,

2053 4986 2268 5054 quidam
2317 4985 2475 5041 homo
2504 4998 2609 5040 non
2655 4994 2737 5040 est
2775 4985 3072 5053 binnibilis,
3115 4996 3171 5043 et
3212 4988 3316 5054 fac,
3364 4987 3628 5058 quoddam

2055 5077 2315 5133 binnibile
2344 5092 2447 5132 non
2477 5087 2559 5133 est
2588 5078 2767 5145 homo,
2800 5090 3038 5151 utraeque
3064 5094 3203 5136 γετίε
3234 5088 3376 5135 ειιιιι.
3413 5079 3542 5134 Nam
3576 5092 3629 5138 et

2053 5173 2257 5226 nullum
2288 5171 2545 5229 binnibi‘e
2578 5173 2735 5229 homo
2760 5180 2860 5241 est,
2893 5189 3014 5246 quae
3039 5183 3121 5230 est
3150 5172 3467 5229 universalis
3496 5188 3629 5230 con-

2052 5264 2230 5319 versio
2257 5266 2575 5335 negationis,
2598 5276 2721 5321 vera
2751 5276 2850 5331 est,
2878 5274 2931 5321 et
2946 5264 3211 5337 quoddam
3240 5263 3495 5321 binnibile
3523 5282 3630 5322 non

2050 5364 2138 5411 est
2167 5354 2347 5417 homo,
2378 5371 2497 5425 qua:
2525 5358 2804 5413 conversio
2838 5357 3173 5427 particularis
3202 5357 3498 5427 negationis
3523 5367 3625 5413 εει.

2048 5447 2161 5504 Cur
2193 5458 2370 5505 autem
2412 5463 2504 5518 per
2548 5450 2797 5506 accidens
2837 5450 3075 5505 converti
3114 5450 3355 5517 dicatur,
3386 5449 3630 5518 superius

2050 5542 2249 5597 dictum
2276 5551 2375 5598 est.
2406 5540 2598 5612 Liquet
2626 5558 2753 5614 ergo
2782 5542 2900 5597 talis
2925 5557 3020 5611 per
3038 5541 3289 5596 accidens
3310 5539 3623 5597 conversio:

2049 5633 2192 5703 quod
2222 5633 2382 5703 igitur
2414 5634 2574 5689 habet
2619 5632 2931 5695 universalis
2968 5630 3276 5699 afﬁrmatio,
3324 5630 3427 5687 hoc
3470 5631 3632 5687 habet

2050 5728 2212 5784 etiam
2230 5727 2600 5800 contrajacens
2618 5727 2950 5797 particularis
2973 5726 3205 5799 negatio,
3225 5736 3466 5795 utrmque
3486 5726 3627 5781 enim

2045 5818 2151 5877 sibi
2197 5824 2436 5877 converti
2493 5838 2596 5876 non
2631 5829 2884 5891 possunt;
2908 5819 3052 5891 quod
3090 5826 3269 5879 autem
3308 5816 3470 5877 habet
3513 5816 3628 5874 uni-
