4112 6332
482 295 579 352 807

1623 344 1627 349 .
1705 283 1815 341 AN.
1857 283 2065 342 MANL.
2105 280 2260 343 SEV.
2303 281 2525 341 ΒΟΕΤΙΙ

3638 281 3740 338 808

479 412 699 469 versalis
752 406 989 480 negatio,
1020 404 1120 460 hoe
1162 402 1321 459 habet
1372 408 1427 456 et
1472 395 1521 455 ei
1561 400 1933 470 contrajacens
1976 401 2054 454 af—
2086 405 2139 465 Α
2165 403 2247 456 nis
2272 400 2433 455 homo
2459 397 2654 454 animal
2681 404 2784 463 est,
2807 397 3084 453 conversio
3110 412 3207 469 per
3227 396 3737 469 contrapositionem

478 502 706 560 ﬁrmatio
762 497 1133 572 particularis,
1181 505 1417 564 utraeque
1475 492 1617 548 enim
1650 491 1753 547 sibi
1800 492 2048 547 converti

478 606 718 669 possunt.
745 594 950 650 Junctae
979 606 1106 661 ergo
1143 604 1261 660 quae
1302 586 1405 643 sibi
1434 587 1673 642 converti
1706 596 1969 657 possunt,
2001 595 2056 642 et

477 678 595 758 quae
629 688 727 742 sibi
774 684 1015 741 converti
1042 698 1145 737 non
1179 688 1420 750 possunt,
1450 688 1504 732 ut
1535 694 1651 750 qua:
1679 678 1781 733 sibi
1809 678 2054 733 converti

475 789 650 854 potest
674 779 932 849 jungatur
953 776 1002 830 ei
1032 788 1149 844 qua:
1191 771 1292 827 sibi
1333 769 1576 825 converti
1606 784 1711 822 non
1751 777 1961 838 potest,
2004 775 2061 822 et

474 889 592 945 quae
623 872 724 927 sibi
764 866 1007 924 converti
1056 880 1163 920 non
1207 872 1382 934 potest
1418 861 1674 932 jungatur
1702 860 1752 914 ei
1790 875 1909 929 qua:
1954 858 2057 913 sibi

475 963 711 1021 converti
750 969 945 1032 potest,
986 957 1188 1012 faciunt
1234 970 1331 1025 per
1371 952 1619 1009 accidens
1669 950 2056 1006 conversiones

474 1076 590 1131 qua:
638 1056 882 1127 superius
925 1052 1301 1107 demonstratae
1348 1057 1491 1102 sunt.
1537 1046 1721 1100 Restat
1769 1053 1824 1098 ut
1860 1043 1928 1097 de
1968 1041 2051 1097 his

475 1149 913 1209 conversiOnibus
965 1143 1203 1199 dicamus
1233 1156 1350 1210 qua:
1390 1154 1487 1210 per
1533 1136 2059 1211 contrapositionem

474 1246 631 1309 fiunt,
663 1252 715 1298 et
741 1242 968 1311 primum
999 1250 1181 1291 earum
1214 1234 1282 1287 sit
1307 1231 1583 1301 dispositio
1608 1231 1661 1284 in
1688 1227 2059 1307 descriptione_

474 1338 729 1408 subjecta,
754 1331 1016 1406 generalis
1039 1330 1179 1385 enim
1207 1326 1573 1381 allirmationis
1608 1340 1727 1395 quae
1758 1325 1907 1392 dicit,
1936 1339 2051 1379 om«
2088 1347 2101 1362 ο

1040 1448 1221 1505 Omnis
1245 1447 1403 1500 homo
1433 1445 1624 1499 animal
1655 1453 1737 1498 εει

948 1560 949 1563 ‘
1041 1540 1227 1595 Nullus
1252 1538 1411 1593 homo
1442 1537 1636 1591 animal
1667 1545 1750 1591 est

1035 1630 1258 1698 Quidam
1283 1629 1442 1682 homo
1470 1628 1665 1683 animal
1695 1635 1776 1681 est

1032 1723 1254 1791 Quidam
1283 1723 1443 1776 homo
1470 1721 1668 1776 animal
1694 1735 1798 1774 non
1825 1727 1909 1774 est

2165 505 2247 550 est
2276 510 2395 565 qua:
2420 494 2568 559 dicit,
2601 508 2758 547 omne
2788 508 2889 547 non
2919 494 3115 547 animal
3146 508 3250 548 non
3283 492 3445 546 homo
3467 501 3570 547 est.
3603 490 3737 546 Item

2167 585 2429 655 generalis
2472 586 2766 655 negationis
2798 601 2916 653 quae
2943 586 3103 652 dicit,
3144 586 3318 639 nullus
3351 584 3513 639 homo
3542 581 3739 661 animal

2168 686 2279 744 est,
2304 676 2579 731 conversio
2609 690 2703 745 per
2730 677 3239 747 contrapositionem
3266 686 3369 741 est,
3400 674 3599 728 nullum
3631 687 3738 730 non

2164 770 2359 824 animal
2386 784 2488 823 non
2520 768 2678 823 homo
2712 777 2812 823 est.
2843 769 2972 824 ltem
2999 767 3331 837 particularis
3370 766 3737 821 afﬁrmationis

2165 879 2283 933 qua:
2313 863 2463 927 dicit,
2493 863 2709 932 quidam
2752 863 2912 917 homo
2956 862 3149 916 animal
3182 869 3297 928 est,
3336 865 3617 915 conversio
3644 875 3739 929 per

2163 956 2671 1024 contrapositionem
2696 964 2777 1010 est
2797 970 2917 1024 quae
2947 955 3099 1023 dicit,
3126 955 3391 1024 quoddam
3418 968 3523 1007 non
3542 951 3738 1007 animal

2159 1063 2265 1103 non
2291 1048 2451 1103 homo
2474 1058 2576 1103 est.
2602 1049 2730 1102 ltem
2764 1048 3101 1118 particularis
3129 1046 3425 1116 negationis
3449 1062 3568 1117 qua:
3588 1045 3736 1111 dicit;

2161 1140 2375 1210 quidam
2406 1140 2563 1196 homo
2586 1141 2780 1196 animal
2810 1156 2918 1196 non
2945 1150 3026 1195 est
3045 1182 3058 1205 ,
3082 1139 3360 1195 conversio
3387 1154 3482 1208 per
3521 1149 3737 1192 contra-

2159 1232 2479 1302 positionem
2510 1241 2591 1287 est
2620 1249 2737 1303 qua:
2763 1233 2924 1298 dicit,
2955 1232 3221 1302 quoddam
3251 1246 3354 1286 non
3402 1229 3601 1283 animal
3630 1243 3737 1283 non

2159 1325 2322 1380 homo
2345 1335 2447 1391 est,
2479 1326 2618 1395 quod
2642 1326 2977 1381 demonstrat
3003 1324 3240 1395 subjecta
3269 1321 3589 1393 descriptio:

2134 1442 2306 1498 Omne
2334 1457 2438 1497 non
2470 1442 2664 1497 animal
2695 1456 2800 1498 non
2832 1442 2990 1497 homo
3018 1448 3102 1496 est

2138 1533 2354 1589 Nullum
2381 1550 2486 1589 non
2515 1535 2712 1590 animal
2742 1551 2846 1589 non
2872 1536 3033 1588 homo
3058 1542 3142 1588 est

2139 1624 2420 1691 Quoddam
2449 1640 2555 1681 non
2584 1626 2781 1680 animal
2814 1642 2921 1681 non
2953 1626 3114 1681 homo
3143 1634 3229 1681 est

2143 1718 2421 1785 Quoddam
2450 1733 2554 1774 non
2581 1718 2778 1774 animal
2803 1734 2905 1773 non
2934 1722 3093 1773 homo
3117 1733 3222 1774 non
3250 1726 3331 1771 est

476 1829 567 1888 His
591 1841 719 1898 ergo
745 1824 814 1879 ita
844 1820 1054 1892 positis,
1078 1816 1341 1888 quomodo
1367 1814 1569 1869 dictum
1598 1822 1682 1868 est
1709 1811 1958 1881 superius
1997 1811 2050 1865 in
2085 1812 2136 1874 B
2164 1818 2249 1864 est
2269 1808 2486 1865 dubium
2517 1810 2645 1879 quin
2676 1808 3013 1879 particularis
3056 1808 3265 1877 negatio
3294 1816 3459 1877 possit
3490 1823 3584 1878 per
3613 1823 3733 1865 con-

477 1915 704 1987 simplici
735 1912 1081 1970 terminorum
1111 1907 1490 1969 conversione,
1525 1904 1667 1973 quod
1716 1901 2053 1969 particularis

474 2008 759 2067 aflirmatio
797 2014 850 2060 et
883 2000 1147 2072 generalis
1190 1998 1400 2069 negatio
1448 1996 1548 2051 sibi
1604 1997 1734 2066 ipsis
1774 2003 2055 2049 converte-

476 2109 693 2167 rentur,
753 2093 1016 2166 generalis
1072 2106 1199 2148 vero
1252 2087 1538 2144 afﬁrmatio
1607 2097 1662 2142 et
1721 2085 2055 2155 particularis

473 2191 684 2263 negatio
710 2188 812 2245 sibi
836 2187 964 2258 ipsis
984 2200 1087 2240 non
1109 2188 1577 2246 converterentur,
1603 2178 1690 2233 hic
1714 2178 1769 2232 in
1796 2192 1892 2247 per
1918 2192 2052 2231 con-

473 2280 877 2352 trapositionem
904 2273 1347 2333 conversionibus
1378 2278 1564 2325 contra
1593 2277 1695 2324 est.
1724 2267 1856 2322 Nam
1884 2281 2049 2336 gene-

473 2372 916 2434 ralis'all‘trmatio
951 2384 1046 2440 per
1077 2363 1585 2435 contrapositionem
1625 2359 1726 2416 sibi
1777 2361 1892 2431 ipsa
1925 2375 2056 2414 con-

475 2467 727 2533 vertitur,
758 2473 812 2521 ει
838 2459 1178 2533 particularis
1203 2456 1414 2528 negatio
1444 2454 1544 2509 sibi
1574 2454 1676 2523 ipsi
1702 2452 2051 2508 convertitur.

473 2557 751 2617 Generalis
777 2570 907 2612 vero
936 2552 1147 2623 negatio
1176 2558 1231 2606 et
1261 2548 1597 2619 particularis
1626 2544 1914 2601 alﬁrmatio
1958 2559 2055 2613 per

474 2647 980 2721 contrapositionem
1034 2643 1133 2699 sibi
1184 2656 1290 2696 non
1327 2648 1730 2696 convertuntur.
1777 2634 1933 2703 Quod
1984 2636 2055 2689 ita

474 2760 596 2804 esse
625 2743 711 2799 his
740 2738 1000 2809 exemplis
1027 2734 1393 2808 probabimus.
1423 2732 1484 2788 Si
1512 2732 1659 2788 enim
1699 2744 1828 2785 vera
1853 2728 1926 2784 sit
1974 2726 2059 2781 af-

475 2834 708 2892 ﬁrmatio
724 2828 991 2903 generalis
1011 2842 1129 2898 qua:
1149 2825 1309 2895 dicit,
1334 2824 1509 2880 omnis
1540 2822 1702 2877 homo
1730 2818 1928 2874 animal
1950 2825 2053 2883 est,

475 2940 600 2982 vera
638 2923 742 2979 erit
790 2920 906 2990 ejus
934 2933 1031 2989 per
1074 2916 1591 2985 contrapositionem
1620 2910 1906 2967 conversio
1937 2924 2058 2979 qua:

475 3017 640 3083 dicit,
670 3016 841 3070 Omne
873 3025 979 3067 non
1009 3010 1206 3064 animal
1241 3024 1350 3063 non
1397 3009 1557 3062 homo
1585 3015 1686 3060 est.
1735 3003 1885 3072 Quod
1914 3003 2058 3057 enim

402 3138 414 3149 -
476 3104 674 3163 animal
700 3118 808 3158 non
838 3099 1018 3165 fuerit,
1056 3100 1108 3153 id
1140 3099 1298 3153 homo
1326 3112 1432 3151 non
1458 3096 1580 3151 erit.
1615 3094 1683 3148 Et
1711 3093 1758 3147 si
1790 3092 1918 3146 falsa
1944 3093 2059 3145 fue—

2161 1904 2559 1972 trapositionem
2618 1902 2720 1957 sibi
2786 1902 2900 1971 ipsa
2967 1902 3225 1956 converti.
3278 1900 3432 1956 Nunc
3485 1903 3737 1971 quoniam

2159 2008 2429 2053 ostensum
2452 1998 2753 2067 generalem
2777 1995 3147 2051 affirmativam
3174 2004 3227 2051 et
3248 1996 3623 2064 particularem
3646 2011 3737 2051 ne-

2157 2092 2387 2161 gativam
2420 2105 2515 2160 per
2543 2090 3050 2159 contrapositionem
3098 2088 3198 2145 sibi
3246 2102 3404 2158 posse
3447 2086 3738 2154 converti,

2160 2180 2506 2237 ostendamus
2553 2180 2859 2252 generalem
2912 2180 3215 2249 negativam
3262 2186 3317 2234 et
3362 2179 3737 2248 particularetn

2159 2273 2526 2328 alﬁrmativam
2573 2288 2668 2343 per
2718 2272 3225 2341 contrapositionem
3274 2271 3376 2327 sibi
3421 2286 3527 2327 non
3576 2284 3737 2341 posse

2164 2366 2428 2422 converti.
2486 2366 2553 2421 Et
2604 2365 2751 2434 prius
2808 2365 2875 2419 de
2927 2364 3165 2434 generali
3220 2363 3503 2434 negatione
3556 2363 3739 2419 dicen-

2159 2458 2285 2513 dum
2333 2466 2433 2513 est.
2484 2458 2615 2512 Nam
2658 2457 2705 2512 si
2742 2457 3010 2527 generalis
3040 2457 3253 2526 negatio
3303 2471 3426 2511 vera
3475 2466 3579 2523 est,
3629 2471 3738 2511 non

2161 2563 2386 2606 necesse
2429 2550 2532 2604 erit
2576 2563 2671 2618 per
2716 2548 3228 2617 contrapositionem
3275 2549 3374 2603 sibi
3422 2562 3740 2605 conversam

2162 2656 2342 2696 veram
2393 2655 2533 2697 esse.
2572 2641 2678 2697 Sed
2729 2641 2775 2695 si
2825 2641 2956 2695 falsa
3011 2641 3170 2695 fuerit
3216 2648 3273 2695 et
3316 2655 3409 2709 per
3458 2649 3739 2710 contrapo-

2164 2735 2415 2790 sitionem
2468 2733 2570 2789 sibi
2614 2748 2926 2788 conversam
2974 2732 3163 2788 falsam
3207 2747 3328 2788 esse
3375 2747 3596 2789 necesse
3633 2741 3739 2788 est.

2162 2828 2297 2884 Nam
2328 2829 2374 2883 si
2407 2827 2540 2882 falsa
2564 2836 2647 2883 est
2669 2841 2790 2896 qua:
2830 2827 2979 2896 dicit,
3011 2827 3184 2881 nullus
3214 2825 3371 2881 homo
3397 2825 3593 2880 animai
3624 2835 3739 2890 εει,

2163 2919 2294 2975 falsa
2319 2919 2423 2976 erit
2460 2920 2685 2974 fortasse
2714 2918 2829 2988 ejus
2859 2932 2953 2987 per
2980 2918 3486 2987 contrapositionem
3515 2927 3740 2971 conves-

2170 3012 2283 3077 sio,
2313 3026 2433 3081 quae
2477 3010 2635 3075 dicit,
2665 3010 2868 3064 nullum
2900 3024 3007 3063 non
3047 3007 3247 3062 animal
3292 3022 3397 3062 non
3441 3006 3601 3061 homo
3638 3015 3735 3061 est.

2165 3104 2397 3176 Equale
2425 3114 2509 3160 est
2528 3105 2670 3159 enim
2699 3119 2761 3158 ac
2789 3104 2834 3158 si
2880 3102 3041 3166 dicat,
3072 3102 3214 3155 nulla
3260 3116 3346 3155 res
3387 3108 3468 3154 est
3492 3114 3611 3169 qua:
3637 3112 3739 3157 nor.

476 3198 548 3254 rit
571 3193 835 3266 generalis
855 3190 1140 3246 afﬁrmatio
1161 3203 1280 3259 qua:
1300 3188 1461 3254 dicit,
1489 3200 1647 3241 omne
1668 3184 1866 3241 animal
1894 3185 2055 3239 homo

2166 3196 2237 3252 sit
2263 3196 2456 3249 animal
2481 3203 2536 3250 et
2560 3196 2627 3249 sit
2656 3208 2763 3248 non
2812 3193 2996 3257 homo,
3019 3191 3159 3261 quod
3184 3199 3266 3245 est
3308 3189 3480 3244 omnis
3508 3201 3598 3243 res
3624 3201 3743 3258 qua

474 3298 593 3356 est,
627 3287 759 3343 falsa
783 3288 886 3343 erit
924 3285 1082 3340 etiam
1111 3282 1227 3354 ejus
1256 3296 1351 3352 per
1385 3278 1893 3348 contrapositionem
1925 3293 2055 3332 con-

478 3382 653 3438 versio
678 3396 798 3452 qua:
822 3379 982 3446 dicit,
1025 3378 1201 3433 omnis
1246 3392 1355 3431 non
1381 3375 1540 3429 homo
1567 3389 1672 3429 non
1713 3373 1909 3429 animal
1934 3382 2015 3428 est
2035 3412 2052 3439 ,

478 3481 656 3546 potest
686 3472 829 3529 enim
859 3470 973 3525 fieri
999 3477 1057 3523 ut
1092 3467 1232 3539 quod
1262 3466 1424 3522 homo
1452 3481 1558 3520 non
1587 3473 1690 3533 est,
1722 3462 1918 3518 animal
1962 3463 2053 3517 sit.

477 3564 571 3621 llla
602 3563 745 3621 enim
774 3570 933 3634 negat
965 3575 1086 3616 esse
1125 3560 1320 3614 animal
1346 3558 1487 3628 quod
1517 3556 1678 3611 homo
1719 3570 1823 3611 non
1874 3554 2055 3610 fuerit.

478 3655 628 3724 Quod
657 3657 701 3710 si
728 3669 851 3710 cum
876 3667 1001 3709 vera
1031 3662 1115 3709 est
1138 3651 1405 3723 generalis
1447 3649 1786 3716 allirmativa,
1822 3665 1949 3705 vera
1976 3657 2060 3703 est

478 3744 597 3819 ejus
626 3760 719 3815 per
747 3745 1255 3813 contrapositionem
1286 3743 1588 3810 conversio,
1623 3752 1676 3799 et
1703 3742 1749 3799 si
1780 3757 1902 3797 eam
1927 3742 2058 3796 falsa

479 3844 562 3891 εει
585 3835 851 3904 generalis
876 3835 1184 3899 al‘tirmatio,
1214 3834 1345 3889 falsa
1378 3841 1461 3889 est
1503 3834 1620 3904 ejus
1655 3849 1748 3902 per
1776 3841 2061 3901 contrapo-

479 3926 730 3982 sitionem
782 3924 1085 3988 conversio,
1119 3939 1226 3979 non
1262 3932 1344 3978 est
1372 3924 1587 3979 dubium
1619 3924 1749 3992 quin
1796 3923 2061 3993 generalis

479 4018 765 4074 aflirinatio
795 4017 962 4089 possit
990 4017 1092 4072 sibi
1123 4017 1236 4086 ipsa
1263 4017 1521 4071 converti.
1548 4017 1676 4070 ltem
1706 4032 1849 4071 nunc
1878 4023 2064 4070 osten-

479 4110 713 4169 dendum
734 4121 815 4166 est
838 4108 1105 4181 quomoda
1129 4109 1462 4180 particularis
1485 4111 1694 4181 negatio
1713 4109 1810 4164 sibi
1841 4111 1941 4179 ipsi
1970 4126 2065 4179 per

480 4204 1368 4274 contrapositionemconvertitur.
1399 4203 1532 4259 Nam
1581 4204 1623 4258 si
1664 4204 1795 4258 falsa
1822 4212 1905 4259 est
1944 4219 2068 4269 qua:

481 4298 633 4364 dicit,
674 4295 887 4366 quidam
919 4296 1075 4350 homo
1106 4296 1311 4350 animal
1342 4311 1448 4351 non
1479 4306 1593 4361 est,
1624 4295 1755 4351 falsa
1802 4298 1919 4365 ejus
1961 4296 2068 4350 erit

481 4391 639 4443 etiam
693 4403 788 4457 per
837 4387 1342 4456 contrapositionem
1391 4390 1677 4443 conversio
1727 4404 1847 4459 qua:
1896 4388 2063 4452 dicit,

482 4480 748 4550 quoddam
777 4495 880 4534 non
909 4479 1104 4534 animal
1134 4494 1239 4535 non
1269 4479 1430 4535 homo
1456 4490 1557 4535 est.
1594 4481 1705 4535 Hoc
1735 4480 1880 4535 enim
1912 4479 2064 4533 vide-

2160 3291 2392 3344 animam
2422 3304 2527 3343 non
2565 3287 2725 3341 habet
2757 3287 2919 3341 homo
2938 3296 3039 3351 est,
3063 3283 3203 3355 quod
3226 3292 3409 3354 aperte
3431 3283 3620 3337 falsum
3641 3290 3761 3336 εει..

2162 3381 2296 3436 Item
2329 3380 2375 3435 si
2416 3395 2541 3435 vera
2571 3379 2730 3434 fuerit
2759 3377 3027 3449 generalis
3074 3377 3305 3447 negatio,
3338 3376 3465 3431 falsa
3492 3379 3598 3431 erit
3627 3375 3744 3445 eius

2164 3489 2260 3543 per
2283 3470 2793 3542 contrapositionem
2823 3471 3124 3526 conversio.
3150 3468 3282 3523 Nam
3305 3468 3351 3524 si
3380 3483 3500 3523 vera
3523 3477 3607 3523 est
3624 3481 3744 3538 qua:

2165 3565 2316 3632 dicit,
2349 3563 2531 3619 nullus
2561 3562 2722 3617 homo
2746 3572 2828 3616 est
2854 3560 3010 3629 lapis,
3043 3558 3172 3614 falsa
3212 3557 3315 3614 erit
3337 3557 3452 3628 ejus
3482 3572 3580 3627 per
3608 3570 3745 3611 con-

2166 3658 2571 3729 trapositionem
2599 3654 2879 3710 conversio
2910 3669 3024 3721 qua:
3053 3650 3201 3717 dicit,
3253 3650 3427 3705 nullus
3460 3665 3565 3704 non
3597 3648 3738 3719 lapis

2152 3736 2273 3807 'non
2305 3751 2465 3806 homo
2483 3759 2586 3804 est.
2613 3747 2841 3817 qunale
2865 3743 2947 3801 est
2970 3746 3111 3800 enim
3139 3758 3201 3797 ac
3227 3743 3271 3798 si
3298 3743 3461 3810 dicat,
3493 3742 3639 3797 nulla
3662 3755 3748 3797 res

2166 3852 2249 3899 est
2277 3856 2397 3912 quae
2444 3855 2566 3895 cum
2597 3854 2702 3894 non
2735 3839 2802 3892 sit
2847 3838 2980 3907 lapis
3012 3851 3116 3891 non
3147 3837 3308 3890 homo
3350 3835 3416 3888 sit
3437 3875 3453 3900 ,
3486 3835 3629 3904 quod
3663 3843 3746 3888 est

2168 3938 2341 3992 omnis
2364 3949 2451 3989 res
2465 3945 2794 4004 quaecunque
2824 3930 2959 3999 lapis
2984 3943 3090 3984 non
3109 3928 3271 3983 fuerit
3290 3927 3451 3981 homo
3475 3936 3577 3994 est,
3598 3924 3745 3996 quod

2167 4029 2357 4084 falsum
2400 4035 2501 4080 est.
2549 4022 2959 4079 Innumerabilia
2991 4022 3134 4075 enim
3184 4021 3458 4084 invenies,
3486 4032 3607 4088 quae
3636 4033 3745 4075 non

2166 4129 2292 4173 sunt
2312 4117 2533 4188 lapides,
2562 4126 2617 4172 et
2639 4130 2741 4170 non
2771 4114 3014 4169 homines
3037 4128 3142 4168 non
3164 4122 3313 4178 sunt;
3340 4126 3468 4181 ergo
3487 4110 3745 4180 quoniam

2168 4213 2215 4265 si
2238 4211 2500 4281 generalis
2524 4210 2736 4278 negatio
2759 4206 2888 4261 falsa
2911 4207 3086 4272 fuerit,
3104 4205 3231 4258 falsa
3254 4213 3337 4260 εει
3358 4204 3473 4272 ejus
3501 4206 3596 4271 per
3620 4216 3747 4256 con-

2171 4303 2574 4373 trapositionem
2601 4301 2903 4365 conversio,
2936 4299 3020 4354 vel
3066 4298 3115 4353 si
3154 4299 3339 4354 eadem
3369 4311 3493 4351 vera
3540 4294 3748 4362 fuerit,

2174 4396 2304 4450 falsa
2334 4397 2433 4449 erit
2462 4396 2577 4464 ejus
2622 4409 2715 4463 per
2743 4392 3253 4460 contrapositionem
3306 4387 3609 4454 conversio,
3640 4402 3747 4443 non

2174 4498 2256 4543 est
2283 4488 2499 4542 dubium
2537 4485 2842 4556 generalem
2894 4486 3233 4554 negationem
3286 4483 3387 4538 sibi
3431 4496 3537 4536 non
3590 4495 3748 4550 possa

482 4581 569 4628 tur
599 4573 712 4628 haec
742 4573 1033 4643 propositio
1064 4572 1262 4637 dicere,
1296 4587 1359 4628 ac
1387 4574 1432 4626 si
1455 4572 1658 4628 diceret
1690 4571 1931 4642 quaedam
1977 4585 2060 4626 res

2172 4582 2429 4645 converti,
2446 4581 2586 4649 quad
2607 4579 2747 4633 enim
2777 4580 2827 4631 in
2851 4578 3029 4646 aliquo
3056 4577 3207 4640 fallit,
3227 4574 3552 4647 generaliter
3568 4574 3750 4643 colligi

482 4681 601 4737 quae
631 4666 825 4719 animal
852 4679 960 4720 non
1000 4675 1082 4719 εει
1111 4664 1271 4719 homo
1301 4673 1411 4734 est,
1444 4666 1536 4734 qui
1562 4664 1703 4719 enim
1755 4664 1903 4729 dicit,
1957 4680 2068 4718 non

484 4756 645 4811 homo
672 4770 776 4810 non
806 4764 907 4820 est,
937 4756 1207 4811 hominem
1236 4770 1356 4810 esse
1384 4755 1650 4825 significat
1694 4755 1835 4825 quod
1865 4756 2067 4810 animal

481 4866 588 4906 non
610 4853 699 4905 sit.
725 4849 837 4905 Hoc
852 4864 979 4906 vero
1001 4861 1181 4918 aperte
1203 4848 1394 4903 falsum
1416 4858 1519 4915 est,
1542 4850 1718 4903 omnis
1738 4849 1878 4902 enim
1906 4848 2067 4902 homo

482 4944 678 4998 animal
705 4952 804 5008 est,
836 4951 888 4997 et
925 4943 970 4998 si
999 4958 1119 4997 vera
1148 4943 1309 4997 fuerit
1334 4944 1672 5013 particularis
1702 4942 1914 5013 negatio
1941 4957 2067 5010 qua

482 5034 645 5099 dicit,
677 5033 942 5104 quoddam
984 5032 1180 5087 animal
1222 5032 1381 5087 homo
1413 5049 1517 5088 non
1549 5042 1663 5100 est,
1708 5050 1832 5089 vera
1880 5032 1984 5089 erit
2013 5039 2071 5086 et

482 5123 600 5194 ejus
627 5140 721 5194 per
765 5122 1270 5193 contrapositionem
1301 5124 1582 5180 conversio
1610 5140 1725 5194 quae
1767 5124 1921 5189 dicit,
1950 5126 2068 5193 qui-

484 5218 605 5273 dam
632 5232 739 5272 non
763 5220 921 5271 homo
944 5232 1050 5272 non
1079 5217 1275 5271 animal
1299 5232 1403 5271 non
1422 5226 1524 5272 est.
1556 5217 1785 5287 Aiqutﬂe
1808 5225 1893 5271 est
1918 5217 2061 5272 enim

485 5321 549 5383 ac
576 5309 619 5362 si
665 5308 896 5372 diceret,
928 5320 1014 5361 res
1044 5322 1162 5377 qua:
1216 5307 1374 5362 homo
1401 5323 1506 5362 non
1557 5319 1638 5362 est
1682 5322 1786 5364 non
1833 5318 1919 5363 est
1956 5324 2066 5363 non

483 5398 701 5463 animal,
723 5397 816 5451 sed
841 5407 922 5452 est
943 5399 1156 5463 animal,
1183 5408 1239 5452 ut
1260 5413 1430 5468 equus
1451 5408 1505 5453 ει
1524 5400 1619 5454 bos
1643 5400 1800 5455 homo
1829 5417 1930 5455 non
1956 5411 2059 5469 est,

483 5497 539 5544 ει
567 5505 669 5543 non
698 5498 779 5545 est
806 5504 910 5543 non
937 5489 1154 5543 animal.
1190 5490 1331 5559 Ergo
1366 5490 1409 5543 si
1447 5504 1566 5543 cum
1593 5492 1930 5559 particularis
1961 5510 2061 5548 ne-

483 5581 627 5651 gatio
656 5580 781 5633 falsa
814 5588 924 5644 est,
954 5580 1079 5633 falsa
1111 5590 1192 5634 est
1238 5581 1397 5635 etiam
1441 5580 1559 5650 ejus
1589 5596 1681 5651 per
1715 5584 2066 5650 compositio-

488 5690 609 5727 nem
633 5678 933 5741 conversio,
951 5678 1067 5731 etsi
1088 5692 1205 5731 cum
1230 5655 1563 5745 particularis
1581 5676 1792 5742 negatio
1816 5691 1938 5730 vera
1959 5686 2064 5743 est,

490 5777 614 5819 vera
643 5777 722 5821 est
765 5766 883 5834 ejus
919 5783 1013 5836 per
1043 5767 1551 5839 contrapositimtem
1598 5769 1904 5835 conversio,
1951 5784 2054 5826 non
2092 5802 2093 5805 η

2177 4691 2283 4730 non
2309 4684 2501 4745 petest.
2524 4674 2707 4730 Restat
2728 4675 2885 4745 igitur
2903 4686 2956 4730 ut
2979 4674 3028 4729 id
3056 4675 3196 4745 quod
3223 4676 3477 4742 reliquum
3497 4683 3580 4730 est
3600 4688 3750 4727 mon-

2179 4775 2448 4831 stremus,
2491 4766 2864 4835 particularcm
2908 4767 3313 4820 allirmationem
3346 4780 3440 4835 per
3468 4775 3753 4833 contrapm

2175 4856 2424 4911 sitionem
2470 4858 2569 4911 sibi
2613 4871 2717 4911 non
2750 4872 2907 4926 posse
2936 4857 3199 4913 converti.
3243 4858 3374 4911 Cum
3405 4856 3549 4911 enim
3593 4856 3752 4913 fuerit

2176 4949 2512 5018 particularis
2541 4949 2827 5004 allirmatio
2850 4964 2996 5014 vera,
3027 4964 3148 5004 vera
3175 4950 3277 5004 erit
3314 4948 3430 5017 ejus
3462 4948 3624 5001 etiam
3660 4963 3755 5016 per

2178 5043 2685 5113 contrapositionem
2733 5043 3029 5098 conversio.
3079 5043 3209 5096 Nam
3258 5041 3302 5095 si
3347 5055 3475 5095 vera
3515 5047 3603 5095 est
3631 5053 3755 5109 quas

2176 5134 2336 5204 dicit,
2383 5136 2596 5204 quidam
2650 5134 2808 5189 homo
2836 5133 3030 5188 animal
3060 5142 3171 5198 est,
3220 5146 3344 5187 vera
3390 5142 3473 5187 est
3506 5131 3627 5201 ejus
3659 5147 3755 5200 per

2173 5225 2682 5295 contrapositionem
2731 5226 3043 5290 conversio,
3088 5223 3502 5294 quoddam’non
3549 5225 3754 5279 animal

2174 5332 2282 5373 non
2314 5316 2474 5373 homo
2499 5326 2599 5371 est.
2627 5314 2851 5386 Equale
2880 5325 2960 5369 est
2990 5314 3133 5369 enim
3164 5328 3226 5369 ac
3253 5314 3297 5368 si
3327 5314 3471 5367 dicat
3498 5312 3749 5383 quaedam

2173 5424 2262 5464 res
2284 5424 2401 5480 quae
2425 5409 2656 5463 animam
2685 5424 2789 5463 non
2822 5408 2977 5461 habet
3006 5409 3165 5462 homo
3213 5420 3317 5461 non
3352 5416 3456 5473 est,
3489 5407 3632 5475 quod
3664 5421 3753 5460 ve-

2174 5517 2291 5557 rum
2334 5510 2435 5556 est.
2469 5501 2626 5570 Lapis
2654 5502 2793 5555 enim
2824 5499 3056 5553 animam
3093 5514 3201 5560 non
3250 5499 3431 5562 habet,
3477 5508 3530 5553 et
3569 5507 3753 5552 tamen

2174 5592 2334 5648 homo
2362 5599 2604 5647 nonest.
2649 5591 2776 5644 Item
2806 5586 2871 5643 ‘si
2917 5587 3249 5659 particularis
3295 5587 3585 5641 affirmatio
3634 5602 3755 5652 qua:

2176 5684 2326 5749 dicit,
2358 5685 2570 5754 quidam
2598 5684 2729 5752 lapis
2763 5685 2922 5736 homo
2948 5689 3049 5739 est,
3075 5681 3204 5734 falsa
3235 5689 3337 5746 est,
3366 5694 3487 5733 vera
3513 5678 3754 5745 eritejus
3784 5676 3787 5681 ’

2178 5790 2273 5845 per
2312 5777 2820 5847 contrapositionem
2865 5772 3141 5830 conversio
3176 5786 3299 5842 qua:
3326 5771 3491 5837 dicit,
3532 5768 3753 5840 quidam
