  <div class='ocr_page' id='page_1' title='image "/cluster/home/n/w/nwhite01/storage/ocr_20150623/64/hvd.32044024222309/412.png"; bbox 0 0 4056 6330; ppageno 0'>
   <div class='ocr_carea' id='block_1_1' title="bbox 306 316 411 373">
    <p class='ocr_par' dir='ltr' id='par_1_1' title="bbox 306 316 411 373">
     <span class='ocr_line' id='line_1_1' title="bbox 306 316 411 373; baseline -0.01 0"><span class='ocrx_word' id='word_1_1' title='bbox 306 316 411 373; x_wconf 79' lang='grc' dir='ltr'><strong>8ὓ9</strong></span> 
     </span>
    </p>
   </div>
   <div class='ocr_carea' id='block_1_2' title="bbox 1434 292 2456 357">
    <p class='ocr_par' dir='ltr' id='par_1_2' title="bbox 1434 292 2456 357">
     <span class='ocr_line' id='line_1_2' title="bbox 1434 292 2456 357; baseline -0.01 0"><span class='ocrx_word' id='word_1_2' title='bbox 1434 300 1520 357; x_wconf 79' lang='lat' dir='ltr'><strong>DE</strong></span> <span class='ocrx_word' id='word_1_3' title='bbox 1552 293 1973 357; x_wconf 72' lang='lat' dir='ltr'><strong>SYLLOGISMO</strong></span> <span class='ocrx_word' id='word_1_4' title='bbox 2010 292 2456 353; x_wconf 73' lang='lat' dir='ltr'><strong>CATEGORICO.</strong></span> 
     </span>
    </p>
   </div>
   <div class='ocr_carea' id='block_1_3' title="bbox 3440 287 3544 341">
    <p class='ocr_par' dir='ltr' id='par_1_3' title="bbox 3440 287 3544 341">
     <span class='ocr_line' id='line_1_3' title="bbox 3440 287 3544 341; baseline 0 0"><span class='ocrx_word' id='word_1_5' title='bbox 3440 287 3544 341; x_wconf 70' lang='grc'><strong>810</strong></span> 
     </span>
    </p>
   </div>
   <div class='ocr_carea' id='block_1_4' title="bbox 304 404 3543 493">
    <p class='ocr_par' dir='ltr' id='par_1_4' title="bbox 304 404 3543 493">
     <span class='ocr_line' id='line_1_4' title="bbox 304 404 3543 493; baseline -0.008 -9"><span class='ocrx_word' id='word_1_6' title='bbox 304 445 416 486; x_wconf 74' lang='lat' dir='ltr'><strong>non</strong></span> <span class='ocrx_word' id='word_1_7' title='bbox 451 426 620 483; x_wconf 69' lang='lat' dir='ltr'><strong>homo</strong></span> <span class='ocrx_word' id='word_1_8' title='bbox 646 436 750 480; x_wconf 92' lang='lat' dir='ltr'><strong>non</strong></span> <span class='ocrx_word' id='word_1_9' title='bbox 779 421 914 493; x_wconf 89' lang='lat' dir='ltr'><strong>lapis</strong></span> <span class='ocrx_word' id='word_1_10' title='bbox 942 428 1043 477; x_wconf 90' lang='lat' dir='ltr'><strong>est.</strong></span> <span class='ocrx_word' id='word_1_11' title='bbox 1072 418 1300 489; x_wconf 65' lang='lat' dir='ltr'><strong>Equale</strong></span> <span class='ocrx_word' id='word_1_12' title='bbox 1335 426 1420 474; x_wconf 91' lang='lat' dir='ltr'><strong>est</strong></span> <span class='ocrx_word' id='word_1_13' title='bbox 1444 416 1588 471; x_wconf 90' lang='lat' dir='ltr'><strong>enim</strong></span> <span class='ocrx_word' id='word_1_14' title='bbox 1631 431 1695 471; x_wconf 91' lang='lat' dir='ltr'><strong>ac</strong></span> <span class='ocrx_word' id='word_1_15' title='bbox 1723 417 1767 471; x_wconf 89' lang='lat' dir='ltr'><strong>si</strong></span> <span class='ocrx_word' id='word_1_16' title='bbox 1796 416 1876 470; x_wconf 85' lang='lat' dir='ltr'><strong>di-</strong></span> <span class='ocrx_word' id='word_1_17' title='bbox 1903 421 1952 480; x_wconf 75' lang='grc' dir='ltr'>Α</span> <span class='ocrx_word' id='word_1_18' title='bbox 1982 411 2346 483; x_wconf 74' lang='lat' dir='ltr'><strong>Repetendum</strong></span> <span class='ocrx_word' id='word_1_19' title='bbox 2369 420 2453 465; x_wconf 89' lang='lat' dir='ltr'><strong>est</strong></span> <span class='ocrx_word' id='word_1_20' title='bbox 2481 407 2642 478; x_wconf 90' lang='lat' dir='ltr'><strong>igitur</strong></span> <span class='ocrx_word' id='word_1_21' title='bbox 2670 421 2700 461; x_wconf 89' lang='lat' dir='ltr'><strong>a</strong></span> <span class='ocrx_word' id='word_1_22' title='bbox 2728 405 3091 475; x_wconf 80' lang='lat' dir='ltr'><strong>superioribus</strong></span> <span class='ocrx_word' id='word_1_23' title='bbox 3135 412 3188 459; x_wconf 85' lang='lat' dir='ltr'><strong>et</strong></span> <span class='ocrx_word' id='word_1_24' title='bbox 3215 404 3543 459; x_wconf 57' lang='lat' dir='ltr'><strong>conﬁt-math</strong></span> 
     </span>
    </p>
   </div>
   <div class='ocr_carea' id='block_1_5' title="bbox 300 505 1877 588">
    <p class='ocr_par' dir='ltr' id='par_1_5' title="bbox 300 505 1877 588">
     <span class='ocr_line' id='line_1_5' title="bbox 300 505 1877 588; baseline -0.012 -12"><span class='ocrx_word' id='word_1_25' title='bbox 300 529 483 584; x_wconf 84' lang='lat' dir='ltr'><strong>ceret,</strong></span> <span class='ocrx_word' id='word_1_26' title='bbox 506 528 754 588; x_wconf 62' lang='lat' dir='ltr'><strong>quamam</strong></span> <span class='ocrx_word' id='word_1_27' title='bbox 800 529 886 569; x_wconf 87' lang='lat' dir='ltr'><strong>res</strong></span> <span class='ocrx_word' id='word_1_28' title='bbox 913 526 1033 583; x_wconf 65' lang='lat' dir='ltr'><strong>qua:</strong></span> <span class='ocrx_word' id='word_1_29' title='bbox 1061 511 1224 565; x_wconf 85' lang='lat' dir='ltr'><strong>homo</strong></span> <span class='ocrx_word' id='word_1_30' title='bbox 1251 522 1357 563; x_wconf 89' lang='lat' dir='ltr'><strong>non</strong></span> <span class='ocrx_word' id='word_1_31' title='bbox 1401 508 1564 579; x_wconf 87' lang='lat' dir='ltr'><strong>fuerit</strong></span> <span class='ocrx_word' id='word_1_32' title='bbox 1603 505 1737 574; x_wconf 86' lang='lat' dir='ltr'><strong>lapis</strong></span> <span class='ocrx_word' id='word_1_33' title='bbox 1771 521 1877 558; x_wconf 90' lang='lat' dir='ltr'><strong>non</strong></span> 
     </span>
    </p>
   </div>
   <div class='ocr_carea' id='block_1_6' title="bbox 305 599 1881 676">
    <p class='ocr_par' dir='ltr' id='par_1_6' title="bbox 305 599 1881 676">
     <span class='ocr_line' id='line_1_6' title="bbox 305 599 1881 676; baseline -0.011 -12"><span class='ocrx_word' id='word_1_34' title='bbox 305 616 418 676; x_wconf 90' lang='lat' dir='ltr'><strong>est,</strong></span> <span class='ocrx_word' id='word_1_35' title='bbox 445 605 590 676; x_wconf 89' lang='lat' dir='ltr'><strong>quod</strong></span> <span class='ocrx_word' id='word_1_36' title='bbox 615 619 801 661; x_wconf 85' lang='lat' dir='ltr'><strong>verum</strong></span> <span class='ocrx_word' id='word_1_37' title='bbox 832 612 933 658; x_wconf 87' lang='lat' dir='ltr'><strong>est.</strong></span> <span class='ocrx_word' id='word_1_38' title='bbox 964 603 1143 670; x_wconf 87' lang='lat' dir='ltr'><strong>Equus</strong></span> <span class='ocrx_word' id='word_1_39' title='bbox 1169 599 1309 654; x_wconf 91' lang='lat' dir='ltr'><strong>enim</strong></span> <span class='ocrx_word' id='word_1_40' title='bbox 1342 599 1500 651; x_wconf 91' lang='lat' dir='ltr'><strong>homo</strong></span> <span class='ocrx_word' id='word_1_41' title='bbox 1530 610 1635 649; x_wconf 92' lang='lat' dir='ltr'><strong>non</strong></span> <span class='ocrx_word' id='word_1_42' title='bbox 1678 605 1758 648; x_wconf 86' lang='lat' dir='ltr'><strong>est</strong></span> <span class='ocrx_word' id='word_1_43' title='bbox 1777 637 1789 657; x_wconf 88' lang='lat'><strong>,</strong></span> <span class='ocrx_word' id='word_1_44' title='bbox 1826 602 1881 649; x_wconf 91' lang='lat' dir='ltr'><strong>et</strong></span> 
     </span>
    </p>
   </div>
   <div class='ocr_carea' id='block_1_7' title="bbox 302 684 1881 764">
    <p class='ocr_par' dir='ltr' id='par_1_7' title="bbox 302 684 1881 764">
     <span class='ocr_line' id='line_1_7' title="bbox 302 684 1881 764; baseline -0.01 -11"><span class='ocrx_word' id='word_1_45' title='bbox 302 705 488 753; x_wconf 78' lang='lat' dir='ltr'><strong>tamen</strong></span> <span class='ocrx_word' id='word_1_46' title='bbox 521 696 658 764; x_wconf 82' lang='lat' dir='ltr'><strong>lapis</strong></span> <span class='ocrx_word' id='word_1_47' title='bbox 683 709 788 748; x_wconf 86' lang='lat' dir='ltr'><strong>non</strong></span> <span class='ocrx_word' id='word_1_48' title='bbox 817 702 918 749; x_wconf 88' lang='lat' dir='ltr'><strong>est.</strong></span> <span class='ocrx_word' id='word_1_49' title='bbox 944 692 1084 762; x_wconf 85' lang='lat' dir='ltr'><strong>Ergo</strong></span> <span class='ocrx_word' id='word_1_50' title='bbox 1110 690 1156 745; x_wconf 88' lang='lat' dir='ltr'><strong>si</strong></span> <span class='ocrx_word' id='word_1_51' title='bbox 1182 704 1303 745; x_wconf 92' lang='lat' dir='ltr'><strong>cum</strong></span> <span class='ocrx_word' id='word_1_52' title='bbox 1336 690 1388 742; x_wconf 92' lang='lat' dir='ltr'><strong>in</strong></span> <span class='ocrx_word' id='word_1_53' title='bbox 1419 684 1732 756; x_wconf 84' lang='lat' dir='ltr'><strong>quibusdam</strong></span> <span class='ocrx_word' id='word_1_54' title='bbox 1762 700 1881 752; x_wconf 83' lang='lat' dir='ltr'><strong>par-</strong></span> 
     </span>
    </p>
   </div>
   <div class='ocr_carea' id='block_1_8' title="bbox 306 778 1883 849">
    <p class='ocr_par' dir='ltr' id='par_1_8' title="bbox 306 778 1883 849">
     <span class='ocr_line' id='line_1_8' title="bbox 306 778 1883 849; baseline -0.007 -7"><span class='ocrx_word' id='word_1_55' title='bbox 306 787 556 843; x_wconf 79' lang='lat' dir='ltr'><strong>ticularis</strong></span> <span class='ocrx_word' id='word_1_56' title='bbox 585 785 867 840; x_wconf 81' lang='lat' dir='ltr'><strong>afﬁrmatio</strong></span> <span class='ocrx_word' id='word_1_57' title='bbox 911 798 1037 837; x_wconf 88' lang='lat' dir='ltr'><strong>vera</strong></span> <span class='ocrx_word' id='word_1_58' title='bbox 1077 783 1265 849; x_wconf 88' lang='lat' dir='ltr'><strong>fuerit,</strong></span> <span class='ocrx_word' id='word_1_59' title='bbox 1299 795 1425 836; x_wconf 91' lang='lat' dir='ltr'><strong>vera</strong></span> <span class='ocrx_word' id='word_1_60' title='bbox 1475 781 1576 835; x_wconf 90' lang='lat' dir='ltr'><strong>erit</strong></span> <span class='ocrx_word' id='word_1_61' title='bbox 1620 778 1737 847; x_wconf 86' lang='lat' dir='ltr'><strong>ejus</strong></span> <span class='ocrx_word' id='word_1_62' title='bbox 1789 793 1883 847; x_wconf 87' lang='lat' dir='ltr'><strong>per</strong></span> 
     </span>
    </p>
   </div>
   <div class='ocr_carea' id='block_1_9' title="bbox 309 873 1882 950">
    <p class='ocr_par' dir='ltr' id='par_1_9' title="bbox 309 873 1882 950">
     <span class='ocr_line' id='line_1_9' title="bbox 309 873 1882 950; baseline -0.008 -13"><span class='ocrx_word' id='word_1_63' title='bbox 309 880 824 950; x_wconf 83' lang='lat' dir='ltr'><strong>contrapositionem</strong></span> <span class='ocrx_word' id='word_1_64' title='bbox 850 878 1150 941; x_wconf 90' lang='lat' dir='ltr'><strong>conversio,</strong></span> <span class='ocrx_word' id='word_1_65' title='bbox 1177 886 1230 930; x_wconf 90' lang='lat' dir='ltr'><strong>et</strong></span> <span class='ocrx_word' id='word_1_66' title='bbox 1256 876 1301 930; x_wconf 90' lang='lat' dir='ltr'><strong>si</strong></span> <span class='ocrx_word' id='word_1_67' title='bbox 1326 889 1445 929; x_wconf 90' lang='lat' dir='ltr'><strong>cum</strong></span> <span class='ocrx_word' id='word_1_68' title='bbox 1486 875 1537 928; x_wconf 92' lang='lat' dir='ltr'><strong>in</strong></span> <span class='ocrx_word' id='word_1_69' title='bbox 1565 873 1882 943; x_wconf 89' lang='lat' dir='ltr'><strong>quibusdam</strong></span> 
     </span>
    </p>
   </div>
   <div class='ocr_carea' id='block_1_10' title="bbox 313 964 1887 1040">
    <p class='ocr_par' dir='ltr' id='par_1_10' title="bbox 313 964 1887 1040">
     <span class='ocr_line' id='line_1_10' title="bbox 313 964 1887 1040; baseline -0.008 -13"><span class='ocrx_word' id='word_1_70' title='bbox 313 973 444 1027; x_wconf 86' lang='lat' dir='ltr'><strong>falsa</strong></span> <span class='ocrx_word' id='word_1_71' title='bbox 468 972 633 1026; x_wconf 87' lang='lat' dir='ltr'><strong>fuerit</strong></span> <span class='ocrx_word' id='word_1_72' title='bbox 656 969 989 1040; x_wconf 66' lang='lat' dir='ltr'><strong>particularis</strong></span> <span class='ocrx_word' id='word_1_73' title='bbox 1018 965 1323 1032; x_wconf 85' lang='lat' dir='ltr'><strong>afﬁrmatio,</strong></span> <span class='ocrx_word' id='word_1_74' title='bbox 1356 980 1481 1020; x_wconf 89' lang='lat' dir='ltr'><strong>vera</strong></span> <span class='ocrx_word' id='word_1_75' title='bbox 1511 964 1614 1018; x_wconf 88' lang='lat' dir='ltr'><strong>erit</strong></span> <span class='ocrx_word' id='word_1_76' title='bbox 1643 964 1761 1034; x_wconf 84' lang='lat' dir='ltr'><strong>ejus</strong></span> <span class='ocrx_word' id='word_1_77' title='bbox 1792 975 1887 1030; x_wconf 90' lang='lat' dir='ltr'><strong>per</strong></span> 
     </span>
    </p>
   </div>
   <div class='ocr_carea' id='block_1_11' title="bbox 314 1053 1888 1131">
    <p class='ocr_par' dir='ltr' id='par_1_11' title="bbox 314 1053 1888 1131">
     <span class='ocr_line' id='line_1_11' title="bbox 314 1053 1888 1131; baseline -0.008 -12"><span class='ocrx_word' id='word_1_78' title='bbox 314 1062 826 1131; x_wconf 86' lang='lat' dir='ltr'><strong>contrapositionem</strong></span> <span class='ocrx_word' id='word_1_79' title='bbox 856 1059 1155 1122; x_wconf 85' lang='lat' dir='ltr'><strong>conversio,</strong></span> <span class='ocrx_word' id='word_1_80' title='bbox 1189 1072 1292 1112; x_wconf 89' lang='lat' dir='ltr'><strong>non</strong></span> <span class='ocrx_word' id='word_1_81' title='bbox 1314 1064 1396 1111; x_wconf 90' lang='lat' dir='ltr'><strong>est</strong></span> <span class='ocrx_word' id='word_1_82' title='bbox 1418 1056 1634 1109; x_wconf 88' lang='lat' dir='ltr'><strong>dubium</strong></span> <span class='ocrx_word' id='word_1_83' title='bbox 1660 1053 1888 1124; x_wconf 85' lang='lat' dir='ltr'><strong>particu-</strong></span> 
     </span>
    </p>
   </div>
   <div class='ocr_carea' id='block_1_12' title="bbox 315 1143 1887 1218">
    <p class='ocr_par' dir='ltr' id='par_1_12' title="bbox 315 1143 1887 1218">
     <span class='ocr_line' id='line_1_12' title="bbox 315 1143 1887 1218; baseline -0.007 -12"><span class='ocrx_word' id='word_1_84' title='bbox 315 1152 459 1207; x_wconf 87' lang='lat' dir='ltr'><strong>lares</strong></span> <span class='ocrx_word' id='word_1_85' title='bbox 505 1151 888 1204; x_wconf 85' lang='lat' dir='ltr'><strong>afﬁrmationes</strong></span> <span class='ocrx_word' id='word_1_86' title='bbox 939 1152 1034 1218; x_wconf 86' lang='lat' dir='ltr'><strong>per</strong></span> <span class='ocrx_word' id='word_1_87' title='bbox 1082 1146 1586 1215; x_wconf 85' lang='lat' dir='ltr'><strong>contrapositionem</strong></span> <span class='ocrx_word' id='word_1_88' title='bbox 1630 1143 1734 1199; x_wconf 87' lang='lat' dir='ltr'><strong>sibi</strong></span> <span class='ocrx_word' id='word_1_89' title='bbox 1783 1156 1887 1196; x_wconf 89' lang='lat' dir='ltr'><strong>non</strong></span> 
     </span>
    </p>
   </div>
   <div class='ocr_carea' id='block_1_13' title="bbox 317 1231 1890 1312">
    <p class='ocr_par' dir='ltr' id='par_1_13' title="bbox 317 1231 1890 1312">
     <span class='ocr_line' id='line_1_13' title="bbox 317 1231 1890 1312; baseline -0.006 -15"><span class='ocrx_word' id='word_1_90' title='bbox 317 1255 477 1312; x_wconf 82' lang='lat' dir='ltr'><strong>posse</strong></span> <span class='ocrx_word' id='word_1_91' title='bbox 496 1240 755 1295; x_wconf 72' lang='lat' dir='ltr'><strong>converti.</strong></span> <span class='ocrx_word' id='word_1_92' title='bbox 784 1237 1058 1294; x_wconf 87' lang='lat' dir='ltr'><strong>Generalis</strong></span> <span class='ocrx_word' id='word_1_93' title='bbox 1078 1237 1220 1291; x_wconf 89' lang='lat' dir='ltr'><strong>enim</strong></span> <span class='ocrx_word' id='word_1_94' title='bbox 1244 1235 1452 1306; x_wconf 85' lang='lat' dir='ltr'><strong>negatio</strong></span> <span class='ocrx_word' id='word_1_95' title='bbox 1474 1244 1527 1287; x_wconf 88' lang='lat' dir='ltr'><strong>et</strong></span> <span class='ocrx_word' id='word_1_96' title='bbox 1553 1231 1890 1302; x_wconf 80' lang='lat' dir='ltr'><strong>particttluris</strong></span> 
     </span>
    </p>
   </div>
   <div class='ocr_carea' id='block_1_14' title="bbox 316 1325 1892 1399">
    <p class='ocr_par' dir='ltr' id='par_1_14' title="bbox 316 1325 1892 1399">
     <span class='ocr_line' id='line_1_14' title="bbox 316 1325 1892 1399; baseline -0.008 -14"><span class='ocrx_word' id='word_1_97' title='bbox 316 1331 634 1397; x_wconf 83' lang='lat' dir='ltr'><strong>affirmatio,</strong></span> <span class='ocrx_word' id='word_1_98' title='bbox 667 1343 787 1399; x_wconf 75' lang='lat' dir='ltr'><strong>qua:</strong></span> <span class='ocrx_word' id='word_1_99' title='bbox 833 1327 1259 1397; x_wconf 86' lang='lat' dir='ltr'><strong>contrajacentes</strong></span> <span class='ocrx_word' id='word_1_100' title='bbox 1287 1334 1444 1389; x_wconf 91' lang='lat' dir='ltr'><strong>sunt,</strong></span> <span class='ocrx_word' id='word_1_101' title='bbox 1476 1325 1526 1377; x_wconf 89' lang='lat' dir='ltr'><strong>in</strong></span> <span class='ocrx_word' id='word_1_102' title='bbox 1558 1338 1651 1390; x_wconf 90' lang='lat' dir='ltr'><strong>per</strong></span> <span class='ocrx_word' id='word_1_103' title='bbox 1678 1329 1892 1376; x_wconf 74' lang='lat' dir='ltr'><strong>scutra-</strong></span> 
     </span>
    </p>
   </div>
   <div class='ocr_carea' id='block_1_15' title="bbox 318 1412 1891 1491">
    <p class='ocr_par' dir='ltr' id='par_1_15' title="bbox 318 1412 1891 1491">
     <span class='ocr_line' id='line_1_15' title="bbox 318 1412 1891 1491; baseline -0.008 -16"><span class='ocrx_word' id='word_1_104' title='bbox 318 1422 637 1491; x_wconf 90' lang='lat' dir='ltr'><strong>positionem</strong></span> <span class='ocrx_word' id='word_1_105' title='bbox 657 1417 1102 1474; x_wconf 86' lang='lat' dir='ltr'><strong>conversionibus</strong></span> <span class='ocrx_word' id='word_1_106' title='bbox 1129 1416 1397 1470; x_wconf 87' lang='lat' dir='ltr'><strong>contraria</strong></span> <span class='ocrx_word' id='word_1_107' title='bbox 1431 1414 1723 1483; x_wconf 88' lang='lat' dir='ltr'><strong>patiuntur.</strong></span> <span class='ocrx_word' id='word_1_108' title='bbox 1758 1412 1891 1465; x_wconf 85' lang='lat' dir='ltr'><strong>Nam</strong></span> 
     </span>
    </p>
   </div>
   <div class='ocr_carea' id='block_1_16' title="bbox 310 1501 1895 1580">
    <p class='ocr_par' dir='ltr' id='par_1_16' title="bbox 310 1501 1895 1580">
     <span class='ocr_line' id='line_1_16' title="bbox 310 1501 1895 1580; baseline -0.008 -14"><span class='ocrx_word' id='word_1_109' title='bbox 310 1512 373 1568; x_wconf 75' lang='lat' dir='ltr'><strong>in</strong></span> <span class='ocrx_word' id='word_1_110' title='bbox 401 1510 736 1580; x_wconf 77' lang='lat' dir='ltr'><strong>generalibus</strong></span> <span class='ocrx_word' id='word_1_111' title='bbox 765 1506 1029 1578; x_wconf 88' lang='lat' dir='ltr'><strong>negativis</strong></span> <span class='ocrx_word' id='word_1_112' title='bbox 1047 1507 1160 1560; x_wconf 88' lang='lat' dir='ltr'><strong>sive</strong></span> <span class='ocrx_word' id='word_1_113' title='bbox 1179 1504 1455 1574; x_wconf 74' lang='lat' dir='ltr'><strong>generales</strong></span> <span class='ocrx_word' id='word_1_114' title='bbox 1477 1501 1735 1572; x_wconf 76' lang='lat' dir='ltr'><strong>negativa:</strong></span> <span class='ocrx_word' id='word_1_115' title='bbox 1752 1514 1895 1555; x_wconf 59' lang='lat' dir='ltr'><strong>verte</strong></span> 
     </span>
    </p>
   </div>
   <div class='ocr_carea' id='block_1_17' title="bbox 296 1591 1893 1667">
    <p class='ocr_par' dir='ltr' id='par_1_17' title="bbox 296 1591 1893 1667">
     <span class='ocr_line' id='line_1_17' title="bbox 296 1591 1893 1667; baseline -0.008 -12"><span class='ocrx_word' id='word_1_116' title='bbox 296 1601 520 1656; x_wconf 34' lang='lat' dir='ltr'><strong>afuerint</strong></span> <span class='ocrx_word' id='word_1_117' title='bbox 548 1601 662 1655; x_wconf 85' lang='lat' dir='ltr'><strong>sive</strong></span> <span class='ocrx_word' id='word_1_118' title='bbox 713 1598 877 1664; x_wconf 58' lang='lat' dir='ltr'><strong>false,</strong></span> <span class='ocrx_word' id='word_1_119' title='bbox 911 1612 1007 1667; x_wconf 90' lang='lat' dir='ltr'><strong>per</strong></span> <span class='ocrx_word' id='word_1_120' title='bbox 1035 1594 1548 1665; x_wconf 90' lang='lat' dir='ltr'><strong>contrapositionem</strong></span> <span class='ocrx_word' id='word_1_121' title='bbox 1587 1591 1893 1646; x_wconf 88' lang='lat' dir='ltr'><strong>conversio-</strong></span> 
     </span>
    </p>
   </div>
   <div class='ocr_carea' id='block_1_18' title="bbox 317 1680 1899 1760">
    <p class='ocr_par' dir='ltr' id='par_1_18' title="bbox 317 1680 1899 1760">
     <span class='ocr_line' id='line_1_18' title="bbox 317 1680 1899 1760; baseline -0.008 -12"><span class='ocrx_word' id='word_1_122' title='bbox 317 1708 426 1749; x_wconf 72' lang='lat' dir='ltr'><strong>nes</strong></span> <span class='ocrx_word' id='word_1_123' title='bbox 449 1705 659 1760; x_wconf 80' lang='lat' dir='ltr'><strong>semper</strong></span> <span class='ocrx_word' id='word_1_124' title='bbox 685 1689 834 1743; x_wconf 73' lang='lat' dir='ltr'><strong>falsa:</strong></span> <span class='ocrx_word' id='word_1_125' title='bbox 859 1696 1017 1754; x_wconf 89' lang='lat' dir='ltr'><strong>sunt;</strong></span> <span class='ocrx_word' id='word_1_126' title='bbox 1043 1690 1094 1742; x_wconf 90' lang='lat' dir='ltr'><strong>in</strong></span> <span class='ocrx_word' id='word_1_127' title='bbox 1118 1686 1523 1757; x_wconf 86' lang='lat' dir='ltr'><strong>particularibus</strong></span> <span class='ocrx_word' id='word_1_128' title='bbox 1547 1693 1725 1738; x_wconf 90' lang='lat' dir='ltr'><strong>autem</strong></span> <span class='ocrx_word' id='word_1_129' title='bbox 1755 1680 1899 1736; x_wconf 86' lang='lat' dir='ltr'><strong>afﬁr-</strong></span> 
     </span>
    </p>
   </div>
   <div class='ocr_carea' id='block_1_19' title="bbox 1981 494 3543 573">
    <p class='ocr_par' dir='ltr' id='par_1_19' title="bbox 1981 494 3543 573">
     <span class='ocr_line' id='line_1_19' title="bbox 1981 494 3543 573; baseline -0.007 -14"><span class='ocrx_word' id='word_1_130' title='bbox 1981 505 2106 559; x_wconf 91' lang='lat' dir='ltr'><strong>dum</strong></span> <span class='ocrx_word' id='word_1_131' title='bbox 2135 503 2272 573; x_wconf 88' lang='lat' dir='ltr'><strong>quod</strong></span> <span class='ocrx_word' id='word_1_132' title='bbox 2295 501 2349 556; x_wconf 89' lang='lat' dir='ltr'><strong>in</strong></span> <span class='ocrx_word' id='word_1_133' title='bbox 2379 499 2709 568; x_wconf 89' lang='lat' dir='ltr'><strong>simplicibus</strong></span> <span class='ocrx_word' id='word_1_134' title='bbox 2732 497 3078 552; x_wconf 88' lang='lat' dir='ltr'><strong>terminorum</strong></span> <span class='ocrx_word' id='word_1_135' title='bbox 3104 494 3543 550; x_wconf 70' lang='lat' dir='ltr'><strong>conversionibus</strong></span> 
     </span>
    </p>
   </div>
   <div class='ocr_carea' id='block_1_20' title="bbox 1983 587 3552 666">
    <p class='ocr_par' dir='ltr' id='par_1_20' title="bbox 1983 587 3552 666">
     <span class='ocr_line' id='line_1_20' title="bbox 1983 587 3552 666; baseline -0.006 -16"><span class='ocrx_word' id='word_1_136' title='bbox 1983 596 2316 666; x_wconf 83' lang='lat' dir='ltr'><strong>particularis</strong></span> <span class='ocrx_word' id='word_1_137' title='bbox 2368 592 2648 646; x_wconf 80' lang='lat' dir='ltr'><strong>afﬁrmatio</strong></span> <span class='ocrx_word' id='word_1_138' title='bbox 2677 600 2730 645; x_wconf 91' lang='lat' dir='ltr'><strong>et</strong></span> <span class='ocrx_word' id='word_1_139' title='bbox 2758 589 3019 659; x_wconf 80' lang='lat' dir='ltr'><strong>generalis</strong></span> <span class='ocrx_word' id='word_1_140' title='bbox 3048 588 3259 658; x_wconf 88' lang='lat' dir='ltr'><strong>negatio</strong></span> <span class='ocrx_word' id='word_1_141' title='bbox 3287 587 3390 641; x_wconf 91' lang='lat' dir='ltr'><strong>sibi</strong></span> <span class='ocrx_word' id='word_1_142' title='bbox 3421 602 3552 642; x_wconf 87' lang='lat' dir='ltr'><strong>con-</strong></span> 
     </span>
    </p>
   </div>
   <div class='ocr_carea' id='block_1_21' title="bbox 1984 678 3553 754">
    <p class='ocr_par' dir='ltr' id='par_1_21' title="bbox 1984 678 3553 754">
     <span class='ocr_line' id='line_1_21' title="bbox 1984 678 3553 754; baseline -0.006 -13"><span class='ocrx_word' id='word_1_143' title='bbox 1984 687 2119 741; x_wconf 91' lang='lat' dir='ltr'><strong>verti</strong></span> <span class='ocrx_word' id='word_1_144' title='bbox 2147 693 2386 754; x_wconf 83' lang='lat' dir='ltr'><strong>possunt.</strong></span> <span class='ocrx_word' id='word_1_145' title='bbox 2414 682 2703 737; x_wconf 81' lang='lat' dir='ltr'><strong>Generales</strong></span> <span class='ocrx_word' id='word_1_146' title='bbox 2728 695 2856 735; x_wconf 83' lang='lat' dir='ltr'><strong>vero</strong></span> <span class='ocrx_word' id='word_1_147' title='bbox 2882 679 3162 734; x_wconf 88' lang='lat' dir='ltr'><strong>afﬁrmatio</strong></span> <span class='ocrx_word' id='word_1_148' title='bbox 3183 687 3237 734; x_wconf 92' lang='lat' dir='ltr'><strong>et</strong></span> <span class='ocrx_word' id='word_1_149' title='bbox 3266 678 3553 747; x_wconf 89' lang='lat' dir='ltr'><strong>particula-</strong></span> 
     </span>
    </p>
   </div>
   <div class='ocr_carea' id='block_1_22' title="bbox 1985 768 3553 844">
    <p class='ocr_par' dir='ltr' id='par_1_22' title="bbox 1985 768 3553 844">
     <span class='ocr_line' id='line_1_22' title="bbox 1985 768 3553 844; baseline -0.004 -15"><span class='ocrx_word' id='word_1_150' title='bbox 1985 775 2061 829; x_wconf 88' lang='lat' dir='ltr'><strong>ris</strong></span> <span class='ocrx_word' id='word_1_151' title='bbox 2110 774 2322 844; x_wconf 87' lang='lat' dir='ltr'><strong>negatio</strong></span> <span class='ocrx_word' id='word_1_152' title='bbox 2369 772 2467 827; x_wconf 85' lang='lat' dir='ltr'><strong>sibi</strong></span> <span class='ocrx_word' id='word_1_153' title='bbox 2500 772 2737 825; x_wconf 77' lang='lat' dir='ltr'><strong>converti</strong></span> <span class='ocrx_word' id='word_1_154' title='bbox 2782 784 2886 825; x_wconf 90' lang='lat' dir='ltr'><strong>non</strong></span> <span class='ocrx_word' id='word_1_155' title='bbox 2915 778 3156 839; x_wconf 90' lang='lat' dir='ltr'><strong>possunt.</strong></span> <span class='ocrx_word' id='word_1_156' title='bbox 3203 768 3261 822; x_wconf 88' lang='lat' dir='ltr'><strong>In</strong></span> <span class='ocrx_word' id='word_1_157' title='bbox 3300 768 3384 823; x_wconf 90' lang='lat' dir='ltr'><strong>his</strong></span> <span class='ocrx_word' id='word_1_158' title='bbox 3428 782 3553 823; x_wconf 91' lang='lat' dir='ltr'><strong>vero</strong></span> 
     </span>
    </p>
   </div>
   <div class='ocr_carea' id='block_1_23' title="bbox 1987 859 3557 937">
    <p class='ocr_par' dir='ltr' id='par_1_23' title="bbox 1987 859 3557 937">
     <span class='ocr_line' id='line_1_23' title="bbox 1987 859 3557 937; baseline -0.006 -16"><span class='ocrx_word' id='word_1_159' title='bbox 1987 864 2428 937; x_wconf 84' lang='lat' dir='ltr'><strong>conversionibus</strong></span> <span class='ocrx_word' id='word_1_160' title='bbox 2453 876 2572 932; x_wconf 65' lang='lat' dir='ltr'><strong>qua:</strong></span> <span class='ocrx_word' id='word_1_161' title='bbox 2599 876 2692 931; x_wconf 90' lang='lat' dir='ltr'><strong>per</strong></span> <span class='ocrx_word' id='word_1_162' title='bbox 2711 862 3216 929; x_wconf 89' lang='lat' dir='ltr'><strong>contrapositionem</strong></span> <span class='ocrx_word' id='word_1_163' title='bbox 3244 859 3398 926; x_wconf 90' lang='lat' dir='ltr'><strong>ﬁunt,</strong></span> <span class='ocrx_word' id='word_1_164' title='bbox 3427 873 3557 913; x_wconf 88' lang='lat' dir='ltr'><strong>con-</strong></span> 
     </span>
    </p>
   </div>
   <div class='ocr_carea' id='block_1_24' title="bbox 1992 950 3560 1025">
    <p class='ocr_par' dir='ltr' id='par_1_24' title="bbox 1992 950 3560 1025">
     <span class='ocr_line' id='line_1_24' title="bbox 1992 950 3560 1025; baseline -0.005 -15"><span class='ocrx_word' id='word_1_165' title='bbox 1992 965 2072 1010; x_wconf 86' lang='lat' dir='ltr'><strong>tra</strong></span> <span class='ocrx_word' id='word_1_166' title='bbox 2094 964 2201 1021; x_wconf 88' lang='lat' dir='ltr'><strong>est;</strong></span> <span class='ocrx_word' id='word_1_167' title='bbox 2221 970 2344 1009; x_wconf 89' lang='lat' dir='ltr'><strong>nam</strong></span> <span class='ocrx_word' id='word_1_168' title='bbox 2374 953 2641 1025; x_wconf 73' lang='lat' dir='ltr'><strong>generalis</strong></span> <span class='ocrx_word' id='word_1_169' title='bbox 2662 950 2947 1006; x_wconf 79' lang='lat' dir='ltr'><strong>affirmatio</strong></span> <span class='ocrx_word' id='word_1_170' title='bbox 2962 961 3024 1007; x_wconf 85' lang='lat' dir='ltr'><strong>et</strong></span> <span class='ocrx_word' id='word_1_171' title='bbox 3041 950 3371 1020; x_wconf 86' lang='lat' dir='ltr'><strong>particularis</strong></span> <span class='ocrx_word' id='word_1_172' title='bbox 3399 965 3560 1020; x_wconf 82' lang='lat' dir='ltr'><strong>nega-</strong></span> 
     </span>
    </p>
   </div>
   <div class='ocr_carea' id='block_1_25' title="bbox 1995 1043 3556 1116">
    <p class='ocr_par' dir='ltr' id='par_1_25' title="bbox 1995 1043 3556 1116">
     <span class='ocr_line' id='line_1_25' title="bbox 1995 1043 3556 1116; baseline -0.004 -15"><span class='ocrx_word' id='word_1_173' title='bbox 1995 1049 2069 1102; x_wconf 90' lang='lat' dir='ltr'><strong>tio</strong></span> <span class='ocrx_word' id='word_1_174' title='bbox 2100 1062 2193 1116; x_wconf 88' lang='lat' dir='ltr'><strong>per</strong></span> <span class='ocrx_word' id='word_1_175' title='bbox 2217 1047 2725 1115; x_wconf 79' lang='lat' dir='ltr'><strong>contrapositionem</strong></span> <span class='ocrx_word' id='word_1_176' title='bbox 2756 1044 2856 1099; x_wconf 86' lang='lat' dir='ltr'><strong>sibi</strong></span> <span class='ocrx_word' id='word_1_177' title='bbox 2886 1045 3015 1114; x_wconf 84' lang='lat' dir='ltr'><strong>ipsis</strong></span> <span class='ocrx_word' id='word_1_178' title='bbox 3041 1043 3282 1100; x_wconf 74' lang='lat' dir='ltr'><strong>converti</strong></span> <span class='ocrx_word' id='word_1_179' title='bbox 3312 1052 3556 1113; x_wconf 86' lang='lat' dir='ltr'><strong>possunt,</strong></span> 
     </span>
    </p>
   </div>
   <div class='ocr_carea' id='block_1_26' title="bbox 1988 1134 3562 1208">
    <p class='ocr_par' dir='ltr' id='par_1_26' title="bbox 1988 1134 3562 1208">
     <span class='ocr_line' id='line_1_26' title="bbox 1988 1134 3562 1208; baseline -0.001 -16"><span class='ocrx_word' id='word_1_180' title='bbox 1988 1137 2259 1208; x_wconf 77' lang='lat' dir='ltr'><strong>generalis</strong></span> <span class='ocrx_word' id='word_1_181' title='bbox 2285 1151 2414 1192; x_wconf 88' lang='lat' dir='ltr'><strong>vero</strong></span> <span class='ocrx_word' id='word_1_182' title='bbox 2441 1136 2674 1205; x_wconf 83' lang='lat' dir='ltr'><strong>negatio,</strong></span> <span class='ocrx_word' id='word_1_183' title='bbox 2703 1142 2758 1189; x_wconf 91' lang='lat' dir='ltr'><strong>et</strong></span> <span class='ocrx_word' id='word_1_184' title='bbox 2786 1134 3120 1205; x_wconf 90' lang='lat' dir='ltr'><strong>particularis</strong></span> <span class='ocrx_word' id='word_1_185' title='bbox 3152 1135 3434 1190; x_wconf 87' lang='lat' dir='ltr'><strong>afﬁrmatio</strong></span> <span class='ocrx_word' id='word_1_186' title='bbox 3467 1150 3562 1206; x_wconf 87' lang='lat' dir='ltr'><strong>per</strong></span> 
     </span>
    </p>
   </div>
   <div class='ocr_carea' id='block_1_27' title="bbox 1994 1226 3562 1298">
    <p class='ocr_par' dir='ltr' id='par_1_27' title="bbox 1994 1226 3562 1298">
     <span class='ocr_line' id='line_1_27' title="bbox 1994 1226 3562 1298; baseline -0.001 -13"><span class='ocrx_word' id='word_1_187' title='bbox 1994 1228 2500 1298; x_wconf 72' lang='lat' dir='ltr'><strong>contrapositiunem</strong></span> <span class='ocrx_word' id='word_1_188' title='bbox 2527 1226 2627 1282; x_wconf 86' lang='lat' dir='ltr'><strong>sibi</strong></span> <span class='ocrx_word' id='word_1_189' title='bbox 2660 1227 2788 1296; x_wconf 86' lang='lat' dir='ltr'><strong>ipsis</strong></span> <span class='ocrx_word' id='word_1_190' title='bbox 2826 1228 3061 1282; x_wconf 90' lang='lat' dir='ltr'><strong>converti</strong></span> <span class='ocrx_word' id='word_1_191' title='bbox 3089 1242 3194 1282; x_wconf 92' lang='lat' dir='ltr'><strong>non</strong></span> <span class='ocrx_word' id='word_1_192' title='bbox 3223 1236 3472 1297; x_wconf 75' lang='lat' dir='ltr'><strong>possunt,</strong></span> <span class='ocrx_word' id='word_1_193' title='bbox 3506 1237 3562 1283; x_wconf 90' lang='lat' dir='ltr'><strong>et</strong></span> 
     </span>
    </p>
   </div>
   <div class='ocr_carea' id='block_1_28' title="bbox 1995 1316 3563 1390">
    <p class='ocr_par' dir='ltr' id='par_1_28' title="bbox 1995 1316 3563 1390">
     <span class='ocr_line' id='line_1_28' title="bbox 1995 1316 3563 1390; baseline -0.001 -16"><span class='ocrx_word' id='word_1_194' title='bbox 1995 1320 2264 1390; x_wconf 85' lang='lat' dir='ltr'><strong>generalis</strong></span> <span class='ocrx_word' id='word_1_195' title='bbox 2292 1318 2501 1387; x_wconf 83' lang='lat' dir='ltr'><strong>negatio</strong></span> <span class='ocrx_word' id='word_1_196' title='bbox 2523 1327 2577 1371; x_wconf 91' lang='lat' dir='ltr'><strong>et</strong></span> <span class='ocrx_word' id='word_1_197' title='bbox 2602 1317 2936 1385; x_wconf 82' lang='lat' dir='ltr'><strong>particularis</strong></span> <span class='ocrx_word' id='word_1_198' title='bbox 2960 1316 3247 1372; x_wconf 87' lang='lat' dir='ltr'><strong>afﬁrmatio</strong></span> <span class='ocrx_word' id='word_1_199' title='bbox 3286 1335 3405 1388; x_wconf 69' lang='lat' dir='ltr'><strong>quae</strong></span> <span class='ocrx_word' id='word_1_200' title='bbox 3440 1329 3563 1373; x_wconf 91' lang='lat' dir='ltr'><strong>sunt</strong></span> 
     </span>
    </p>
   </div>
   <div class='ocr_carea' id='block_1_29' title="bbox 1996 1407 3566 1481">
    <p class='ocr_par' dir='ltr' id='par_1_29' title="bbox 1996 1407 3566 1481">
     <span class='ocr_line' id='line_1_29' title="bbox 1996 1407 3566 1481; baseline -0.003 -16"><span class='ocrx_word' id='word_1_201' title='bbox 1996 1411 2426 1481; x_wconf 89' lang='lat' dir='ltr'><strong>contrajacentes</strong></span> <span class='ocrx_word' id='word_1_202' title='bbox 2468 1411 2520 1463; x_wconf 91' lang='lat' dir='ltr'><strong>in</strong></span> <span class='ocrx_word' id='word_1_203' title='bbox 2547 1409 2657 1462; x_wconf 89' lang='lat' dir='ltr'><strong>veri</strong></span> <span class='ocrx_word' id='word_1_204' title='bbox 2703 1407 2927 1476; x_wconf 73' lang='lat' dir='ltr'><strong>falsique</strong></span> <span class='ocrx_word' id='word_1_205' title='bbox 2956 1408 3206 1462; x_wconf 87' lang='lat' dir='ltr'><strong>distantia</strong></span> <span class='ocrx_word' id='word_1_206' title='bbox 3240 1410 3319 1478; x_wconf 91' lang='lat' dir='ltr'><strong>(ut</strong></span> <span class='ocrx_word' id='word_1_207' title='bbox 3347 1409 3566 1464; x_wconf 88' lang='lat' dir='ltr'><strong>demon-</strong></span> 
     </span>
    </p>
   </div>
   <div class='ocr_carea' id='block_1_30' title="bbox 1998 1497 3564 1569">
    <p class='ocr_par' dir='ltr' id='par_1_30' title="bbox 1998 1497 3564 1569">
     <span class='ocr_line' id='line_1_30' title="bbox 1998 1497 3564 1569; baseline -0.001 -16"><span class='ocrx_word' id='word_1_208' title='bbox 1998 1508 2224 1553; x_wconf 88' lang='lat' dir='ltr'><strong>stratum</strong></span> <span class='ocrx_word' id='word_1_209' title='bbox 2248 1498 2374 1569; x_wconf 89' lang='lat' dir='ltr'><strong>est),</strong></span> <span class='ocrx_word' id='word_1_210' title='bbox 2403 1498 2506 1552; x_wconf 90' lang='lat' dir='ltr'><strong>sibi</strong></span> <span class='ocrx_word' id='word_1_211' title='bbox 2546 1498 2677 1565; x_wconf 84' lang='lat' dir='ltr'><strong>ipsis</strong></span> <span class='ocrx_word' id='word_1_212' title='bbox 2709 1498 2934 1552; x_wconf 86' lang='lat' dir='ltr'><strong>invicem</strong></span> <span class='ocrx_word' id='word_1_213' title='bbox 2965 1497 3230 1552; x_wconf 86' lang='lat' dir='ltr'><strong>contraria</strong></span> <span class='ocrx_word' id='word_1_214' title='bbox 3279 1500 3564 1566; x_wconf 82' lang='lat' dir='ltr'><strong>patiuntur.</strong></span> 
     </span>
    </p>
   </div>
   <div class='ocr_carea' id='block_1_31' title="bbox 2002 1587 3569 1659">
    <p class='ocr_par' dir='ltr' id='par_1_31' title="bbox 2002 1587 3569 1659">
     <span class='ocr_line' id='line_1_31' title="bbox 2002 1587 3569 1659; baseline -0.001 -14"><span class='ocrx_word' id='word_1_215' title='bbox 2002 1591 2124 1645; x_wconf 59' lang='lat' dir='ltr'><strong>Haec</strong></span> <span class='ocrx_word' id='word_1_216' title='bbox 2174 1590 2242 1645; x_wconf 89' lang='lat' dir='ltr'><strong>de</strong></span> <span class='ocrx_word' id='word_1_217' title='bbox 2289 1589 2723 1657; x_wconf 82' lang='lat' dir='ltr'><strong>Categoricomm</strong></span> <span class='ocrx_word' id='word_1_218' title='bbox 2775 1587 3216 1658; x_wconf 83' lang='lat' dir='ltr'><strong>Syllogismorum</strong></span> <span class='ocrx_word' id='word_1_219' title='bbox 3242 1590 3569 1659; x_wconf 82' lang='lat' dir='ltr'><strong>categoricis</strong></span> 
     </span>
    </p>
   </div>
   <div class='ocr_carea' id='block_1_32' title="bbox 2000 1676 3571 1751">
    <p class='ocr_par' dir='ltr' id='par_1_32' title="bbox 2000 1676 3571 1751">
     <span class='ocr_line' id='line_1_32' title="bbox 2000 1676 3571 1751; baseline -0.001 -18"><span class='ocrx_word' id='word_1_220' title='bbox 2000 1679 2454 1751; x_wconf 87' lang='lat' dir='ltr'><strong>propositionibus</strong></span> <span class='ocrx_word' id='word_1_221' title='bbox 2492 1678 2632 1733; x_wconf 84' lang='lat' dir='ltr'><strong>dicta</strong></span> <span class='ocrx_word' id='word_1_222' title='bbox 2680 1676 2966 1734; x_wconf 86' lang='lat' dir='ltr'><strong>sufficiant.</strong></span> <span class='ocrx_word' id='word_1_223' title='bbox 2999 1679 3056 1732; x_wconf 90' lang='lat' dir='ltr'><strong>Si</strong></span> <span class='ocrx_word' id='word_1_224' title='bbox 3093 1692 3195 1746; x_wconf 86' lang='lat' dir='ltr'><strong>qua</strong></span> <span class='ocrx_word' id='word_1_225' title='bbox 3238 1693 3364 1733; x_wconf 89' lang='lat' dir='ltr'><strong>vero</strong></span> <span class='ocrx_word' id='word_1_226' title='bbox 3403 1679 3458 1732; x_wconf 90' lang='lat' dir='ltr'><strong>in</strong></span> <span class='ocrx_word' id='word_1_227' title='bbox 3488 1679 3571 1732; x_wconf 89' lang='lat' dir='ltr'><strong>his</strong></span> 
     </span>
    </p>
   </div>
   <div class='ocr_carea' id='block_1_33' title="bbox 320 1767 3572 1851">
    <p class='ocr_par' dir='ltr' id='par_1_33' title="bbox 320 1767 3572 1851">
     <span class='ocr_line' id='line_1_33' title="bbox 320 1767 3572 1851; baseline -0.005 -13"><span class='ocrx_word' id='word_1_228' title='bbox 320 1782 569 1848; x_wconf 85' lang='lat' dir='ltr'><strong>mativis,</strong></span> <span class='ocrx_word' id='word_1_229' title='bbox 594 1782 715 1837; x_wconf 83' lang='lat' dir='ltr'><strong>sive</strong></span> <span class='ocrx_word' id='word_1_230' title='bbox 735 1780 1069 1851; x_wconf 86' lang='lat' dir='ltr'><strong>particularis</strong></span> <span class='ocrx_word' id='word_1_231' title='bbox 1095 1778 1379 1833; x_wconf 88' lang='lat' dir='ltr'><strong>afﬁrmatio</strong></span> <span class='ocrx_word' id='word_1_232' title='bbox 1424 1792 1547 1831; x_wconf 86' lang='lat' dir='ltr'><strong>vera</strong></span> <span class='ocrx_word' id='word_1_233' title='bbox 1579 1775 1738 1829; x_wconf 90' lang='lat' dir='ltr'><strong>fuerit</strong></span> <span class='ocrx_word' id='word_1_234' title='bbox 1786 1774 1900 1828; x_wconf 84' lang='lat' dir='ltr'><strong>sive</strong></span> <span class='ocrx_word' id='word_1_235' title='bbox 1928 1784 1977 1843; x_wconf 79' lang='grc' dir='ltr'><strong>Β</strong></span> <span class='ocrx_word' id='word_1_236' title='bbox 2006 1770 2356 1840; x_wconf 75' lang='lat' dir='ltr'><strong>praetermissa</strong></span> <span class='ocrx_word' id='word_1_237' title='bbox 2388 1776 2530 1832; x_wconf 91' lang='lat' dir='ltr'><strong>sunt,</strong></span> <span class='ocrx_word' id='word_1_238' title='bbox 2564 1768 2617 1823; x_wconf 92' lang='lat' dir='ltr'><strong>in</strong></span> <span class='ocrx_word' id='word_1_239' title='bbox 2646 1767 3072 1824; x_wconf 76' lang='lat' dir='ltr'><strong>Peribermenias</strong></span> <span class='ocrx_word' id='word_1_240' title='bbox 3102 1768 3402 1824; x_wconf 77' lang='lat' dir='ltr'><strong>Aristotelis</strong></span> <span class='ocrx_word' id='word_1_241' title='bbox 3422 1782 3572 1824; x_wconf 85' lang='lat' dir='ltr'><strong>com-</strong></span> 
     </span>
    </p>
   </div>
   <div class='ocr_carea' id='block_1_34' title="bbox 318 1865 1895 1942">
    <p class='ocr_par' dir='ltr' id='par_1_34' title="bbox 318 1865 1895 1942">
     <span class='ocr_line' id='line_1_34' title="bbox 318 1865 1895 1942; baseline -0.008 -13"><span class='ocrx_word' id='word_1_242' title='bbox 318 1874 482 1938; x_wconf 72' lang='lat' dir='ltr'><strong>f‘alsa,</strong></span> <span class='ocrx_word' id='word_1_243' title='bbox 512 1871 628 1942; x_wconf 86' lang='lat' dir='ltr'><strong>ejus</strong></span> <span class='ocrx_word' id='word_1_244' title='bbox 657 1886 751 1941; x_wconf 79' lang='lat' dir='ltr'><strong>per</strong></span> <span class='ocrx_word' id='word_1_245' title='bbox 778 1869 1282 1939; x_wconf 79' lang='lat' dir='ltr'><strong>contrapositimtem</strong></span> <span class='ocrx_word' id='word_1_246' title='bbox 1323 1865 1606 1920; x_wconf 87' lang='lat' dir='ltr'><strong>conversio</strong></span> <span class='ocrx_word' id='word_1_247' title='bbox 1641 1879 1763 1918; x_wconf 69' lang='lat' dir='ltr'><strong>vera</strong></span> <span class='ocrx_word' id='word_1_248' title='bbox 1795 1875 1895 1917; x_wconf 90' lang='lat' dir='ltr'><strong>est.</strong></span> 
     </span>
    </p>
   </div>
   <div class='ocr_carea' id='block_1_35' title="bbox 339 2000 2925 2031">
    <p class='ocr_par' dir='ltr' id='par_1_35' title="bbox 339 2000 2925 2031">
     <span class='ocr_line' id='line_1_35' title="bbox 339 2000 2925 2031; baseline -0.002 -13"><span class='ocrx_word' id='word_1_249' title='bbox 339 2000 2925 2031; x_wconf 61' lang='lat' dir='ltr'><strong>Wm—</strong></span> 
     </span>
    </p>
   </div>
   <div class='ocr_carea' id='block_1_36' title="bbox 1396 2101 3609 2267">
    <p class='ocr_par' dir='ltr' id='par_1_36' title="bbox 1396 2101 3609 2267">
     <span class='ocr_line' id='line_1_36' title="bbox 1396 2101 3609 2267; baseline 0 -50"><span class='ocrx_word' id='word_1_250' title='bbox 1396 2110 1771 2217; x_wconf 78' lang='lat' dir='ltr'>LIBER</span> <span class='ocrx_word' id='word_1_251' title='bbox 1832 2101 2532 2211; x_wconf 79' lang='lat' dir='ltr'><strong>SECUNDUS,</strong></span> 
     </span>
    </p>
   </div>
   <div class='ocr_carea' id='block_1_37' title="bbox 1720 2280 2067 2291">
    <p class='ocr_par' dir='ltr' id='par_1_37' title="bbox 1720 2280 2067 2291">
     <span class='ocr_line' id='line_1_37' title="bbox 1720 2280 2067 2291; baseline -0.009 0"><span class='ocrx_word' id='word_1_252' title='bbox 1720 2280 2067 2291; x_wconf 62' lang='grc' dir='ltr'><strong>ο-ς-αρ--ι</strong></span> 
     </span>
    </p>
   </div>
   <div class='ocr_carea' id='block_1_38' title="bbox 408 2388 1902 2467">
    <p class='ocr_par' dir='ltr' id='par_1_38' title="bbox 408 2388 1902 2467">
     <span class='ocr_line' id='line_1_38' title="bbox 408 2388 1902 2467; baseline -0.004 -14"><span class='ocrx_word' id='word_1_253' title='bbox 408 2393 709 2467; x_wconf 90' lang='lat' dir='ltr'><strong>Superioris</strong></span> <span class='ocrx_word' id='word_1_254' title='bbox 753 2392 919 2450; x_wconf 79' lang='lat' dir='ltr'><strong>series</strong></span> <span class='ocrx_word' id='word_1_255' title='bbox 960 2391 1247 2448; x_wconf 82' lang='lat' dir='ltr'><strong>voluminis</strong></span> <span class='ocrx_word' id='word_1_256' title='bbox 1278 2389 1419 2462; x_wconf 87' lang='lat' dir='ltr'><strong>quod</strong></span> <span class='ocrx_word' id='word_1_257' title='bbox 1464 2390 1530 2447; x_wconf 87' lang='lat' dir='ltr'><strong>ad</strong></span> <span class='ocrx_word' id='word_1_258' title='bbox 1560 2388 1902 2461; x_wconf 73' lang='lat' dir='ltr'><strong>Categorico-</strong></span> 
     </span>
    </p>
   </div>
   <div class='ocr_carea' id='block_1_39' title="bbox 327 2483 1902 2559">
    <p class='ocr_par' dir='ltr' id='par_1_39' title="bbox 327 2483 1902 2559">
     <span class='ocr_line' id='line_1_39' title="bbox 327 2483 1902 2559; baseline -0.005 -16"><span class='ocrx_word' id='word_1_259' title='bbox 327 2504 459 2543; x_wconf 80' lang='lat' dir='ltr'><strong>rum</strong></span> <span class='ocrx_word' id='word_1_260' title='bbox 482 2486 918 2559; x_wconf 12' lang='lat' dir='ltr'><strong>Syllogism‘orum</strong></span> <span class='ocrx_word' id='word_1_261' title='bbox 943 2484 1335 2554; x_wconf 65' lang='lat' dir='ltr'><strong>propositiones</strong></span> <span class='ocrx_word' id='word_1_262' title='bbox 1352 2483 1608 2537; x_wconf 85' lang='lat' dir='ltr'><strong>attinebat</strong></span> <span class='ocrx_word' id='word_1_263' title='bbox 1629 2483 1902 2552; x_wconf 76' lang='lat' dir='ltr'><strong>explicuit.</strong></span> 
     </span>
    </p>
   </div>
   <div class='ocr_carea' id='block_1_40' title="bbox 330 2571 1903 2640">
    <p class='ocr_par' dir='ltr' id='par_1_40' title="bbox 330 2571 1903 2640">
     <span class='ocr_line' id='line_1_40' title="bbox 330 2571 1903 2640; baseline -0.003 -10"><span class='ocrx_word' id='word_1_264' title='bbox 330 2575 491 2631; x_wconf 67' lang='lat' dir='ltr'><strong>Nunc</strong></span> <span class='ocrx_word' id='word_1_265' title='bbox 518 2584 723 2639; x_wconf 71' lang='lat' dir='ltr'><strong>autem,</strong></span> <span class='ocrx_word' id='word_1_266' title='bbox 757 2581 1009 2640; x_wconf 86' lang='lat' dir='ltr'><strong>quantum</strong></span> <span class='ocrx_word' id='word_1_267' title='bbox 1042 2571 1450 2626; x_wconf 78' lang='lat' dir='ltr'><strong>introductionis</strong></span> <span class='ocrx_word' id='word_1_268' title='bbox 1479 2571 1677 2640; x_wconf 89' lang='lat' dir='ltr'><strong>patitur</strong></span> <span class='ocrx_word' id='word_1_269' title='bbox 1703 2581 1903 2639; x_wconf 84' lang='lat' dir='ltr'><strong>tempe-</strong></span> 
     </span>
    </p>
   </div>
   <div class='ocr_carea' id='block_1_41' title="bbox 334 2659 1907 2731">
    <p class='ocr_par' dir='ltr' id='par_1_41' title="bbox 334 2659 1907 2731">
     <span class='ocr_line' id='line_1_41' title="bbox 334 2659 1907 2731; baseline -0.004 -13"><span class='ocrx_word' id='word_1_270' title='bbox 334 2672 663 2729; x_wconf 79' lang='lat' dir='ltr'><strong>ramentum,</strong></span> <span class='ocrx_word' id='word_1_271' title='bbox 704 2662 773 2717; x_wconf 88' lang='lat' dir='ltr'><strong>de</strong></span> <span class='ocrx_word' id='word_1_272' title='bbox 821 2662 932 2731; x_wconf 89' lang='lat' dir='ltr'><strong>ipsa</strong></span> <span class='ocrx_word' id='word_1_273' title='bbox 978 2659 1409 2730; x_wconf 46' lang='lat' dir='ltr'><strong>Cati-goricorum</strong></span> <span class='ocrx_word' id='word_1_274' title='bbox 1470 2660 1907 2730; x_wconf 77' lang='lat' dir='ltr'><strong>Syllogismorum</strong></span> 
     </span>
    </p>
   </div>
   <div class='ocr_carea' id='block_1_42' title="bbox 334 2750 1906 2819">
    <p class='ocr_par' dir='ltr' id='par_1_42' title="bbox 334 2750 1906 2819">
     <span class='ocr_line' id='line_1_42' title="bbox 334 2750 1906 2819; baseline 0.001 -16"><span class='ocrx_word' id='word_1_275' title='bbox 334 2754 553 2809; x_wconf 72' lang='lat' dir='ltr'><strong>ratione</strong></span> <span class='ocrx_word' id='word_1_276' title='bbox 586 2752 928 2818; x_wconf 85' lang='lat' dir='ltr'><strong>tractabitur;</strong></span> <span class='ocrx_word' id='word_1_277' title='bbox 958 2763 1013 2806; x_wconf 92' lang='lat' dir='ltr'><strong>et</strong></span> <span class='ocrx_word' id='word_1_278' title='bbox 1040 2752 1289 2819; x_wconf 89' lang='lat' dir='ltr'><strong>quoniam</strong></span> <span class='ocrx_word' id='word_1_279' title='bbox 1307 2750 1542 2805; x_wconf 91' lang='lat' dir='ltr'><strong>omnium</strong></span> <span class='ocrx_word' id='word_1_280' title='bbox 1581 2750 1906 2818; x_wconf 80' lang='lat' dir='ltr'><strong>composito-</strong></span> 
     </span>
    </p>
   </div>
   <div class='ocr_carea' id='block_1_43' title="bbox 336 2839 1913 2909">
    <p class='ocr_par' dir='ltr' id='par_1_43' title="bbox 336 2839 1913 2909">
     <span class='ocr_line' id='line_1_43' title="bbox 336 2839 1913 2909; baseline -0.005 -9"><span class='ocrx_word' id='word_1_281' title='bbox 336 2860 463 2900; x_wconf 76' lang='lat' dir='ltr'><strong>rum</strong></span> <span class='ocrx_word' id='word_1_282' title='bbox 491 2842 762 2898; x_wconf 88' lang='lat' dir='ltr'><strong>ﬁrmitudo</strong></span> <span class='ocrx_word' id='word_1_283' title='bbox 807 2842 888 2896; x_wconf 90' lang='lat' dir='ltr'><strong>vel</strong></span> <span class='ocrx_word' id='word_1_284' title='bbox 934 2841 1157 2908; x_wconf 84' lang='lat' dir='ltr'><strong>vitium,</strong></span> <span class='ocrx_word' id='word_1_285' title='bbox 1188 2850 1278 2909; x_wconf 87' lang='lat' dir='ltr'><strong>aut</strong></span> <span class='ocrx_word' id='word_1_286' title='bbox 1309 2840 1360 2894; x_wconf 92' lang='lat' dir='ltr'><strong>in</strong></span> <span class='ocrx_word' id='word_1_287' title='bbox 1390 2839 1470 2893; x_wconf 91' lang='lat' dir='ltr'><strong>his</strong></span> <span class='ocrx_word' id='word_1_288' title='bbox 1498 2839 1730 2894; x_wconf 84' lang='lat' dir='ltr'><strong>maxime</strong></span> <span class='ocrx_word' id='word_1_289' title='bbox 1759 2853 1913 2907; x_wconf 81' lang='lat' dir='ltr'><strong>repe-</strong></span> 
     </span>
    </p>
   </div>
   <div class='ocr_carea' id='block_1_44' title="bbox 346 2929 1912 3015">
    <p class='ocr_par' dir='ltr' id='par_1_44' title="bbox 346 2929 1912 3015">
     <span class='ocr_line' id='line_1_44' title="bbox 346 2929 1912 3015; baseline -0.004 -24"><span class='ocrx_word' id='word_1_290' title='bbox 346 2937 485 2991; x_wconf 87' lang='lat' dir='ltr'><strong>ritur</strong></span> <span class='ocrx_word' id='word_1_291' title='bbox 515 2950 580 2990; x_wconf 78' lang='lat' dir='ltr'><strong>ex</strong></span> <span class='ocrx_word' id='word_1_292' title='bbox 608 2934 801 3004; x_wconf 89' lang='lat' dir='ltr'><strong>quibus</strong></span> <span class='ocrx_word' id='word_1_293' title='bbox 842 2942 926 2988; x_wconf 89' lang='lat' dir='ltr'><strong>est</strong></span> <span class='ocrx_word' id='word_1_294' title='bbox 961 2932 1344 3015; x_wconf 63' lang='lat' dir='ltr'><strong>compositum:</strong></span> <span class='ocrx_word' id='word_1_295' title='bbox 1387 2940 1479 2985; x_wconf 85' lang='lat' dir='ltr'><strong>aut</strong></span> <span class='ocrx_word' id='word_1_296' title='bbox 1530 2945 1692 2997; x_wconf 88' lang='lat' dir='ltr'><strong>penes</strong></span> <span class='ocrx_word' id='word_1_297' title='bbox 1719 2929 1912 2985; x_wconf 88' lang='lat' dir='ltr'><strong>bonam</strong></span> 
     </span>
    </p>
   </div>
   <div class='ocr_carea' id='block_1_45' title="bbox 346 3020 1916 3092">
    <p class='ocr_par' dir='ltr' id='par_1_45' title="bbox 346 3020 1916 3092">
     <span class='ocr_line' id='line_1_45' title="bbox 346 3020 1916 3092; baseline -0.004 -12"><span class='ocrx_word' id='word_1_298' title='bbox 346 3025 613 3080; x_wconf 88' lang='lat' dir='ltr'><strong>malamve</strong></span> <span class='ocrx_word' id='word_1_299' title='bbox 678 3023 1115 3091; x_wconf 90' lang='lat' dir='ltr'><strong>compositionem</strong></span> <span class='ocrx_word' id='word_1_300' title='bbox 1158 3021 1274 3092; x_wconf 85' lang='lat' dir='ltr'><strong>ejus</strong></span> <span class='ocrx_word' id='word_1_301' title='bbox 1325 3021 1441 3075; x_wconf 85' lang='lat' dir='ltr'><strong>laus</strong></span> <span class='ocrx_word' id='word_1_302' title='bbox 1494 3020 1916 3089; x_wconf 87' lang='lat' dir='ltr'><strong>vituperatioque</strong></span> 
     </span>
    </p>
   </div>
   <div class='ocr_carea' id='block_1_46' title="bbox 349 3108 1910 3180">
    <p class='ocr_par' dir='ltr' id='par_1_46' title="bbox 349 3108 1910 3180">
     <span class='ocr_line' id='line_1_46' title="bbox 349 3108 1910 3180; baseline -0.003 -13"><span class='ocrx_word' id='word_1_303' title='bbox 349 3124 561 3168; x_wconf 89' lang='lat' dir='ltr'><strong>tenetur</strong></span> <span class='ocrx_word' id='word_1_304' title='bbox 586 3129 599 3166; x_wconf 89' lang='lat'><strong>:</strong></span> <span class='ocrx_word' id='word_1_305' title='bbox 627 3126 855 3180; x_wconf 89' lang='lat' dir='ltr'><strong>namque</strong></span> <span class='ocrx_word' id='word_1_306' title='bbox 881 3110 1074 3164; x_wconf 88' lang='lat' dir='ltr'><strong>domus</strong></span> <span class='ocrx_word' id='word_1_307' title='bbox 1101 3110 1147 3164; x_wconf 88' lang='lat' dir='ltr'><strong>si</strong></span> <span class='ocrx_word' id='word_1_308' title='bbox 1178 3112 1247 3163; x_wconf 89' lang='lat' dir='ltr'><strong>sit</strong></span> <span class='ocrx_word' id='word_1_309' title='bbox 1281 3110 1503 3164; x_wconf 87' lang='lat' dir='ltr'><strong>fortibus</strong></span> <span class='ocrx_word' id='word_1_310' title='bbox 1531 3109 1789 3178; x_wconf 89' lang='lat' dir='ltr'><strong>lapidibus</strong></span> <span class='ocrx_word' id='word_1_311' title='bbox 1816 3108 1910 3163; x_wconf 78' lang='lat' dir='ltr'><strong>de-</strong></span> 
     </span>
    </p>
   </div>
   <div class='ocr_carea' id='block_1_47' title="bbox 346 3182 1917 3270">
    <p class='ocr_par' dir='ltr' id='par_1_47' title="bbox 346 3182 1917 3270">
     <span class='ocr_line' id='line_1_47' title="bbox 346 3182 1917 3270; baseline -0.003 -11"><span class='ocrx_word' id='word_1_312' title='bbox 346 3204 619 3259; x_wconf 86' lang='lat' dir='ltr'><strong>bilibusve</strong></span> <span class='ocrx_word' id='word_1_313' title='bbox 648 3210 977 3267; x_wconf 85' lang='lat' dir='ltr'><strong>constructa,</strong></span> <span class='ocrx_word' id='word_1_314' title='bbox 1022 3204 1134 3270; x_wconf 91' lang='lat' dir='ltr'><strong>ipsa</strong></span> <span class='ocrx_word' id='word_1_315' title='bbox 1151 3182 1376 3270; x_wconf 48' lang='lat' dir='ltr'><strong>&#39;quoque</strong></span> <span class='ocrx_word' id='word_1_316' title='bbox 1403 3208 1486 3255; x_wconf 88' lang='lat' dir='ltr'><strong>est</strong></span> <span class='ocrx_word' id='word_1_317' title='bbox 1512 3201 1664 3255; x_wconf 87' lang='lat' dir='ltr'><strong>fortis</strong></span> <span class='ocrx_word' id='word_1_318' title='bbox 1687 3211 1777 3253; x_wconf 85' lang='lat' dir='ltr'><strong>aut</strong></span> <span class='ocrx_word' id='word_1_319' title='bbox 1818 3199 1917 3254; x_wconf 86' lang='lat' dir='ltr'><strong>de-</strong></span> 
     </span>
    </p>
   </div>
   <div class='ocr_carea' id='block_1_48' title="bbox 342 3290 1921 3364">
    <p class='ocr_par' dir='ltr' id='par_1_48' title="bbox 342 3290 1921 3364">
     <span class='ocr_line' id='line_1_48' title="bbox 342 3290 1921 3364; baseline 0 -20"><span class='ocrx_word' id='word_1_320' title='bbox 342 3294 508 3359; x_wconf 81' lang='lat' dir='ltr'><strong>bilis;</strong></span> <span class='ocrx_word' id='word_1_321' title='bbox 540 3308 698 3364; x_wconf 86' lang='lat' dir='ltr'><strong>porro</strong></span> <span class='ocrx_word' id='word_1_322' title='bbox 735 3300 911 3346; x_wconf 88' lang='lat' dir='ltr'><strong>autem</strong></span> <span class='ocrx_word' id='word_1_323' title='bbox 953 3291 999 3345; x_wconf 90' lang='lat' dir='ltr'><strong>si</strong></span> <span class='ocrx_word' id='word_1_324' title='bbox 1026 3290 1243 3346; x_wconf 84' lang='lat' dir='ltr'><strong>attiﬁcis</strong></span> <span class='ocrx_word' id='word_1_325' title='bbox 1272 3291 1921 3360; x_wconf 69' lang='lat' dir='ltr'><strong>coittpositionemazqua-</strong></span> 
     </span>
    </p>
   </div>
   <div class='ocr_carea' id='block_1_49' title="bbox 350 3383 1921 3454">
    <p class='ocr_par' dir='ltr' id='par_1_49' title="bbox 350 3383 1921 3454">
     <span class='ocr_line' id='line_1_49' title="bbox 350 3383 1921 3454; baseline -0.003 -14"><span class='ocrx_word' id='word_1_326' title='bbox 350 3386 509 3441; x_wconf 73' lang='lat' dir='ltr'><strong>bilem</strong></span> <span class='ocrx_word' id='word_1_327' title='bbox 538 3386 895 3454; x_wconf 91' lang='lat' dir='ltr'><strong>solertemque</strong></span> <span class='ocrx_word' id='word_1_328' title='bbox 918 3383 1075 3438; x_wconf 88' lang='lat' dir='ltr'><strong>fuerit</strong></span> <span class='ocrx_word' id='word_1_329' title='bbox 1101 3391 1277 3448; x_wconf 89' lang='lat' dir='ltr'><strong>nacta,</strong></span> <span class='ocrx_word' id='word_1_330' title='bbox 1313 3383 1424 3453; x_wconf 89' lang='lat' dir='ltr'><strong>ipsa</strong></span> <span class='ocrx_word' id='word_1_331' title='bbox 1448 3397 1657 3451; x_wconf 81' lang='lat' dir='ltr'><strong>qucque</strong></span> <span class='ocrx_word' id='word_1_332' title='bbox 1672 3392 1921 3436; x_wconf 85' lang='lat' dir='ltr'><strong>constru-</strong></span> 
     </span>
    </p>
   </div>
   <div class='ocr_carea' id='block_1_50' title="bbox 344 3471 1917 3543">
    <p class='ocr_par' dir='ltr' id='par_1_50' title="bbox 344 3471 1917 3543">
     <span class='ocr_line' id='line_1_50' title="bbox 344 3471 1917 3543; baseline -0.004 -13"><span class='ocrx_word' id='word_1_333' title='bbox 344 3477 482 3543; x_wconf 18' lang='lat' dir='ltr'><strong>Actio,</strong></span> <span class='ocrx_word' id='word_1_334' title='bbox 510 3475 699 3530; x_wconf 89' lang='lat' dir='ltr'><strong>merito</strong></span> <span class='ocrx_word' id='word_1_335' title='bbox 721 3473 1030 3529; x_wconf 84' lang='lat' dir='ltr'><strong>stabilitatis</strong></span> <span class='ocrx_word' id='word_1_336' title='bbox 1065 3474 1169 3528; x_wconf 91' lang='lat' dir='ltr'><strong>erit</strong></span> <span class='ocrx_word' id='word_1_337' title='bbox 1196 3472 1459 3527; x_wconf 88' lang='lat' dir='ltr'><strong>laudabile</strong></span> <span class='ocrx_word' id='word_1_338' title='bbox 1487 3471 1917 3536; x_wconf 79' lang='lat' dir='ltr'><strong>fundamentum;</strong></span> 
     </span>
    </p>
   </div>
   <div class='ocr_carea' id='block_1_51' title="bbox 346 3564 1923 3636">
    <p class='ocr_par' dir='ltr' id='par_1_51' title="bbox 346 3564 1923 3636">
     <span class='ocr_line' id='line_1_51' title="bbox 346 3564 1923 3636; baseline -0.004 -14"><span class='ocrx_word' id='word_1_339' title='bbox 346 3568 400 3622; x_wconf 83' lang='lat' dir='ltr'><strong>si</strong></span> <span class='ocrx_word' id='word_1_340' title='bbox 422 3582 549 3622; x_wconf 92' lang='lat' dir='ltr'><strong>vero</strong></span> <span class='ocrx_word' id='word_1_341' title='bbox 578 3566 881 3621; x_wconf 91' lang='lat' dir='ltr'><strong>insolertior</strong></span> <span class='ocrx_word' id='word_1_342' title='bbox 902 3564 1219 3636; x_wconf 88' lang='lat' dir='ltr'><strong>compositio</strong></span> <span class='ocrx_word' id='word_1_343' title='bbox 1242 3566 1354 3631; x_wconf 86' lang='lat' dir='ltr'><strong>ﬁat,</strong></span> <span class='ocrx_word' id='word_1_344' title='bbox 1375 3572 1481 3618; x_wconf 89' lang='lat' dir='ltr'><strong>tota</strong></span> <span class='ocrx_word' id='word_1_345' title='bbox 1504 3578 1716 3633; x_wconf 92' lang='lat' dir='ltr'><strong>quoque</strong></span> <span class='ocrx_word' id='word_1_346' title='bbox 1737 3578 1923 3632; x_wconf 86' lang='lat' dir='ltr'><strong>quam-</strong></span> 
     </span>
    </p>
   </div>
   <div class='ocr_carea' id='block_1_52' title="bbox 351 3654 1924 3723">
    <p class='ocr_par' dir='ltr' id='par_1_52' title="bbox 351 3654 1924 3723">
     <span class='ocr_line' id='line_1_52' title="bbox 351 3654 1924 3723; baseline -0.003 -12"><span class='ocrx_word' id='word_1_347' title='bbox 351 3658 437 3712; x_wconf 75' lang='lat' dir='ltr'><strong>vis</strong></span> <span class='ocrx_word' id='word_1_348' title='bbox 465 3673 528 3711; x_wconf 79' lang='lat' dir='ltr'><strong>ex</strong></span> <span class='ocrx_word' id='word_1_349' title='bbox 571 3658 721 3711; x_wconf 76' lang='lat' dir='ltr'><strong>ltonis</strong></span> <span class='ocrx_word' id='word_1_350' title='bbox 765 3656 1008 3710; x_wconf 90' lang='lat' dir='ltr'><strong>ordinata</strong></span> <span class='ocrx_word' id='word_1_351' title='bbox 1048 3655 1339 3723; x_wconf 85' lang='lat' dir='ltr'><strong>lapidibus,</strong></span> <span class='ocrx_word' id='word_1_352' title='bbox 1383 3654 1527 3707; x_wconf 91' lang='lat' dir='ltr'><strong>nulla</strong></span> <span class='ocrx_word' id='word_1_353' title='bbox 1572 3667 1693 3708; x_wconf 81' lang='lat' dir='ltr'><strong>sese</strong></span> <span class='ocrx_word' id='word_1_354' title='bbox 1733 3668 1924 3723; x_wconf 85' lang='lat' dir='ltr'><strong>gerens</strong></span> 
     </span>
    </p>
   </div>
   <div class='ocr_carea' id='block_1_53' title="bbox 347 3745 1922 3815">
    <p class='ocr_par' dir='ltr' id='par_1_53' title="bbox 347 3745 1922 3815">
     <span class='ocr_line' id='line_1_53' title="bbox 347 3745 1922 3815; baseline -0.004 -10"><span class='ocrx_word' id='word_1_355' title='bbox 347 3751 554 3805; x_wconf 81' lang='lat' dir='ltr'><strong>fabrica</strong></span> <span class='ocrx_word' id='word_1_356' title='bbox 580 3748 869 3804; x_wconf 87' lang='lat' dir='ltr'><strong>stabilitate</strong></span> <span class='ocrx_word' id='word_1_357' title='bbox 897 3748 1137 3813; x_wconf 80' lang='lat' dir='ltr'><strong>natabit;</strong></span> <span class='ocrx_word' id='word_1_358' title='bbox 1161 3761 1258 3801; x_wconf 88' lang='lat' dir='ltr'><strong>nos</strong></span> <span class='ocrx_word' id='word_1_359' title='bbox 1278 3761 1487 3815; x_wconf 85' lang='lat' dir='ltr'><strong>quoque</strong></span> <span class='ocrx_word' id='word_1_360' title='bbox 1507 3745 1650 3799; x_wconf 82' lang='lat' dir='ltr'><strong>hanc</strong></span> <span class='ocrx_word' id='word_1_361' title='bbox 1679 3745 1922 3799; x_wconf 87' lang='lat' dir='ltr'><strong>eamdem</strong></span> 
     </span>
    </p>
   </div>
   <div class='ocr_carea' id='block_1_54' title="bbox 353 3837 1922 3913">
    <p class='ocr_par' dir='ltr' id='par_1_54' title="bbox 353 3837 1922 3913">
     <span class='ocr_line' id='line_1_54' title="bbox 353 3837 1922 3913; baseline -0.004 -15"><span class='ocrx_word' id='word_1_362' title='bbox 353 3843 637 3913; x_wconf 85' lang='lat' dir='ltr'><strong>imaginem</strong></span> <span class='ocrx_word' id='word_1_363' title='bbox 667 3847 855 3905; x_wconf 86' lang='lat' dir='ltr'><strong>secuti,</strong></span> <span class='ocrx_word' id='word_1_364' title='bbox 885 3840 1033 3910; x_wconf 89' lang='lat' dir='ltr'><strong>prius</strong></span> <span class='ocrx_word' id='word_1_365' title='bbox 1064 3838 1133 3894; x_wconf 92' lang='lat' dir='ltr'><strong>de</strong></span> <span class='ocrx_word' id='word_1_366' title='bbox 1176 3838 1259 3893; x_wconf 84' lang='lat' dir='ltr'><strong>bis</strong></span> <span class='ocrx_word' id='word_1_367' title='bbox 1288 3837 1483 3908; x_wconf 79' lang='lat' dir='ltr'><strong>quibus</strong></span> <span class='ocrx_word' id='word_1_368' title='bbox 1512 3838 1625 3906; x_wconf 91' lang='lat' dir='ltr'><strong>ipse</strong></span> <span class='ocrx_word' id='word_1_369' title='bbox 1666 3838 1922 3907; x_wconf 87' lang='lat' dir='ltr'><strong>syllogis-</strong></span> 
     </span>
    </p>
   </div>
   <div class='ocr_carea' id='block_1_55' title="bbox 355 3930 1922 4000">
    <p class='ocr_par' dir='ltr' id='par_1_55' title="bbox 355 3930 1922 4000">
     <span class='ocr_line' id='line_1_55' title="bbox 355 3930 1922 4000; baseline -0.003 -12"><span class='ocrx_word' id='word_1_370' title='bbox 355 3949 477 3988; x_wconf 87' lang='lat' dir='ltr'><strong>mus</strong></span> <span class='ocrx_word' id='word_1_371' title='bbox 521 3941 760 3997; x_wconf 87' lang='lat' dir='ltr'><strong>constat,</strong></span> <span class='ocrx_word' id='word_1_372' title='bbox 813 3930 866 3985; x_wconf 82' lang='lat' dir='ltr'><strong>id</strong></span> <span class='ocrx_word' id='word_1_373' title='bbox 911 3940 994 3985; x_wconf 90' lang='lat' dir='ltr'><strong>est</strong></span> <span class='ocrx_word' id='word_1_374' title='bbox 1041 3930 1504 4000; x_wconf 71' lang='lat' dir='ltr'><strong>propositionibus]</strong></span> <span class='ocrx_word' id='word_1_375' title='bbox 1551 3931 1922 3998; x_wconf 81' lang='lat' dir='ltr'><strong>explicuimus.</strong></span> 
     </span>
    </p>
   </div>
   <div class='ocr_carea' id='block_1_56' title="bbox 350 4020 1923 4095">
    <p class='ocr_par' dir='ltr' id='par_1_56' title="bbox 350 4020 1923 4095">
     <span class='ocr_line' id='line_1_56' title="bbox 350 4020 1923 4095; baseline -0.003 -17"><span class='ocrx_word' id='word_1_376' title='bbox 350 4023 509 4095; x_wconf 78' lang='lat' dir='ltr'><strong>Nunc</strong></span> <span class='ocrx_word' id='word_1_377' title='bbox 537 4038 664 4078; x_wconf 87' lang='lat' dir='ltr'><strong>vero</strong></span> <span class='ocrx_word' id='word_1_378' title='bbox 691 4022 758 4077; x_wconf 89' lang='lat' dir='ltr'><strong>de</strong></span> <span class='ocrx_word' id='word_1_379' title='bbox 788 4023 901 4091; x_wconf 91' lang='lat' dir='ltr'><strong>ipsa</strong></span> <span class='ocrx_word' id='word_1_380' title='bbox 931 4024 1071 4077; x_wconf 88' lang='lat' dir='ltr'><strong>inter</strong></span> <span class='ocrx_word' id='word_1_381' title='bbox 1119 4035 1177 4075; x_wconf 89' lang='lat' dir='ltr'><strong>se</strong></span> <span class='ocrx_word' id='word_1_382' title='bbox 1224 4020 1652 4090; x_wconf 84' lang='lat' dir='ltr'><strong>syllogismorum</strong></span> <span class='ocrx_word' id='word_1_383' title='bbox 1699 4020 1923 4089; x_wconf 68' lang='lat' dir='ltr'><strong>conjuno</strong></span> 
     </span>
    </p>
   </div>
   <div class='ocr_carea' id='block_1_57' title="bbox 350 4110 1927 4180">
    <p class='ocr_par' dir='ltr' id='par_1_57' title="bbox 350 4110 1927 4180">
     <span class='ocr_line' id='line_1_57' title="bbox 350 4110 1927 4180; baseline -0.003 -12"><span class='ocrx_word' id='word_1_384' title='bbox 350 4114 535 4168; x_wconf 88' lang='lat' dir='ltr'><strong>ctione</strong></span> <span class='ocrx_word' id='word_1_385' title='bbox 584 4112 1076 4180; x_wconf 88' lang='lat' dir='ltr'><strong>compositioneque</strong></span> <span class='ocrx_word' id='word_1_386' title='bbox 1105 4110 1463 4165; x_wconf 86' lang='lat' dir='ltr'><strong>tractabimus.</strong></span> <span class='ocrx_word' id='word_1_387' title='bbox 1505 4110 1637 4164; x_wconf 91' lang='lat' dir='ltr'><strong>lllud</strong></span> <span class='ocrx_word' id='word_1_388' title='bbox 1659 4125 1789 4164; x_wconf 91' lang='lat' dir='ltr'><strong>vero</strong></span> <span class='ocrx_word' id='word_1_389' title='bbox 1815 4126 1927 4165; x_wconf 85' lang='lat' dir='ltr'><strong>mc-</strong></span> 
     </span>
    </p>
   </div>
   <div class='ocr_carea' id='block_1_58' title="bbox 358 4200 1928 4267">
    <p class='ocr_par' dir='ltr' id='par_1_58' title="bbox 358 4200 1928 4267">
     <span class='ocr_line' id='line_1_58' title="bbox 358 4200 1928 4267; baseline -0.004 -8"><span class='ocrx_word' id='word_1_390' title='bbox 358 4205 581 4259; x_wconf 87' lang='lat' dir='ltr'><strong>minisse</strong></span> <span class='ocrx_word' id='word_1_391' title='bbox 627 4201 866 4267; x_wconf 80' lang='lat' dir='ltr'><strong>debebis,</strong></span> <span class='ocrx_word' id='word_1_392' title='bbox 907 4200 1303 4256; x_wconf 87' lang='lat' dir='ltr'><strong>introducendis</strong></span> <span class='ocrx_word' id='word_1_393' title='bbox 1345 4200 1432 4253; x_wconf 87' lang='lat' dir='ltr'><strong>hic</strong></span> <span class='ocrx_word' id='word_1_394' title='bbox 1480 4214 1566 4254; x_wconf 92' lang='lat' dir='ltr'><strong>me</strong></span> <span class='ocrx_word' id='word_1_395' title='bbox 1612 4200 1928 4267; x_wconf 71' lang='lat' dir='ltr'><strong>praestitisse</strong></span> 
     </span>
    </p>
   </div>
   <div class='ocr_carea' id='block_1_59' title="bbox 347 4289 1927 4360">
    <p class='ocr_par' dir='ltr' id='par_1_59' title="bbox 347 4289 1927 4360">
     <span class='ocr_line' id='line_1_59' title="bbox 347 4289 1927 4360; baseline -0.006 -10"><span class='ocrx_word' id='word_1_396' title='bbox 347 4293 635 4358; x_wconf 80' lang='lat' dir='ltr'><strong>ducendis,</strong></span> <span class='ocrx_word' id='word_1_397' title='bbox 664 4307 766 4346; x_wconf 91' lang='lat' dir='ltr'><strong>non</strong></span> <span class='ocrx_word' id='word_1_398' title='bbox 797 4291 1137 4346; x_wconf 78' lang='lat' dir='ltr'><strong>introductis.</strong></span> <span class='ocrx_word' id='word_1_399' title='bbox 1171 4291 1237 4344; x_wconf 87' lang='lat' dir='ltr'><strong>Et</strong></span> <span class='ocrx_word' id='word_1_400' title='bbox 1265 4291 1412 4360; x_wconf 90' lang='lat' dir='ltr'><strong>prius</strong></span> <span class='ocrx_word' id='word_1_401' title='bbox 1443 4289 1565 4358; x_wconf 85' lang='lat' dir='ltr'><strong>quid</strong></span> <span class='ocrx_word' id='word_1_402' title='bbox 1608 4290 1677 4343; x_wconf 91' lang='lat' dir='ltr'><strong>sit</strong></span> <span class='ocrx_word' id='word_1_403' title='bbox 1724 4303 1844 4343; x_wconf 86' lang='lat' dir='ltr'><strong>esse</strong></span> <span class='ocrx_word' id='word_1_404' title='bbox 1874 4289 1927 4343; x_wconf 89' lang='lat' dir='ltr'><strong>in</strong></span> 
     </span>
    </p>
   </div>
   <div class='ocr_carea' id='block_1_60' title="bbox 356 4379 1928 4451">
    <p class='ocr_par' dir='ltr' id='par_1_60' title="bbox 356 4379 1928 4451">
     <span class='ocr_line' id='line_1_60' title="bbox 356 4379 1928 4451; baseline -0.004 -12"><span class='ocrx_word' id='word_1_405' title='bbox 356 4386 502 4449; x_wconf 90' lang='lat' dir='ltr'><strong>omni</strong></span> <span class='ocrx_word' id='word_1_406' title='bbox 530 4384 610 4439; x_wconf 87' lang='lat' dir='ltr'><strong>vel</strong></span> <span class='ocrx_word' id='word_1_407' title='bbox 638 4398 743 4437; x_wconf 84' lang='lat' dir='ltr'><strong>non</strong></span> <span class='ocrx_word' id='word_1_408' title='bbox 771 4396 915 4447; x_wconf 88' lang='lat' dir='ltr'><strong>esse,</strong></span> <span class='ocrx_word' id='word_1_409' title='bbox 948 4380 1125 4451; x_wconf 84' lang='lat' dir='ltr'><strong>paucis</strong></span> <span class='ocrx_word' id='word_1_410' title='bbox 1170 4380 1474 4435; x_wconf 80' lang='lat' dir='ltr'><strong>ostendam.</strong></span> <span class='ocrx_word' id='word_1_411' title='bbox 1528 4380 1585 4434; x_wconf 89' lang='lat' dir='ltr'><strong>Si</strong></span> <span class='ocrx_word' id='word_1_412' title='bbox 1635 4394 1738 4449; x_wconf 86' lang='lat' dir='ltr'><strong>qua</strong></span> <span class='ocrx_word' id='word_1_413' title='bbox 1784 4379 1928 4433; x_wconf 90' lang='lat' dir='ltr'><strong>enim</strong></span> 
     </span>
    </p>
   </div>
   <div class='ocr_carea' id='block_1_61' title="bbox 359 4471 1925 4543">
    <p class='ocr_par' dir='ltr' id='par_1_61' title="bbox 359 4471 1925 4543">
     <span class='ocr_line' id='line_1_61' title="bbox 359 4471 1925 4543; baseline -0.003 -12"><span class='ocrx_word' id='word_1_414' title='bbox 359 4491 447 4533; x_wconf 89' lang='lat' dir='ltr'><strong>res</strong></span> <span class='ocrx_word' id='word_1_415' title='bbox 476 4476 709 4543; x_wconf 9' lang='lat' dir='ltr'><strong>alterius,</strong></span> <span class='ocrx_word' id='word_1_416' title='bbox 732 4474 945 4543; x_wconf 83' lang='lat' dir='ltr'><strong>generis</strong></span> <span class='ocrx_word' id='word_1_417' title='bbox 981 4473 1157 4539; x_wconf 88' lang='lat' dir='ltr'><strong>fuerit,</strong></span> <span class='ocrx_word' id='word_1_418' title='bbox 1194 4486 1411 4526; x_wconf 90' lang='lat' dir='ltr'><strong>omnem</strong></span> <span class='ocrx_word' id='word_1_419' title='bbox 1442 4472 1580 4526; x_wconf 89' lang='lat' dir='ltr'><strong>intra</strong></span> <span class='ocrx_word' id='word_1_420' title='bbox 1610 4486 1669 4526; x_wconf 88' lang='lat' dir='ltr'><strong>se</strong></span> <span class='ocrx_word' id='word_1_421' title='bbox 1692 4471 1925 4540; x_wconf 88' lang='lat' dir='ltr'><strong>speciem</strong></span> 
     </span>
    </p>
   </div>
   <div class='ocr_carea' id='block_1_62' title="bbox 345 4563 1929 4633">
    <p class='ocr_par' dir='ltr' id='par_1_62' title="bbox 345 4563 1929 4633">
     <span class='ocr_line' id='line_1_62' title="bbox 345 4563 1929 4633; baseline -0.003 -11"><span class='ocrx_word' id='word_1_422' title='bbox 345 4566 689 4633; x_wconf 71' lang='lat' dir='ltr'><strong>continebit,</strong></span> <span class='ocrx_word' id='word_1_423' title='bbox 727 4576 782 4620; x_wconf 90' lang='lat' dir='ltr'><strong>et</strong></span> <span class='ocrx_word' id='word_1_424' title='bbox 835 4565 885 4619; x_wconf 73' lang='lat' dir='ltr'><strong>iu</strong></span> <span class='ocrx_word' id='word_1_425' title='bbox 918 4575 1030 4618; x_wconf 83' lang='lat' dir='ltr'><strong>toto</strong></span> <span class='ocrx_word' id='word_1_426' title='bbox 1074 4565 1280 4633; x_wconf 89' lang='lat' dir='ltr'><strong>species</strong></span> <span class='ocrx_word' id='word_1_427' title='bbox 1320 4578 1518 4632; x_wconf 89' lang='lat' dir='ltr'><strong>genere</strong></span> <span class='ocrx_word' id='word_1_428' title='bbox 1558 4563 1646 4617; x_wconf 86' lang='lat' dir='ltr'><strong>illa</strong></span> <span class='ocrx_word' id='word_1_429' title='bbox 1683 4578 1803 4618; x_wconf 88' lang='lat' dir='ltr'><strong>esse</strong></span> <span class='ocrx_word' id='word_1_430' title='bbox 1846 4563 1929 4621; x_wconf 86' lang='lat' dir='ltr'><strong>di-</strong></span> 
     </span>
    </p>
   </div>
   <div class='ocr_carea' id='block_1_63' title="bbox 346 4653 1932 4725">
    <p class='ocr_par' dir='ltr' id='par_1_63' title="bbox 346 4653 1932 4725">
     <span class='ocr_line' id='line_1_63' title="bbox 346 4653 1932 4725; baseline -0.003 -12"><span class='ocrx_word' id='word_1_431' title='bbox 346 4666 529 4713; x_wconf 46' lang='lat' dir='ltr'><strong>.cetur.</strong></span> <span class='ocrx_word' id='word_1_432' title='bbox 573 4656 657 4711; x_wconf 87' lang='lat' dir='ltr'><strong>Sit</strong></span> <span class='ocrx_word' id='word_1_433' title='bbox 696 4656 836 4710; x_wconf 89' lang='lat' dir='ltr'><strong>enim</strong></span> <span class='ocrx_word' id='word_1_434' title='bbox 884 4668 1051 4725; x_wconf 84' lang='lat' dir='ltr'><strong>genus</strong></span> <span class='ocrx_word' id='word_1_435' title='bbox 1086 4654 1305 4721; x_wconf 88' lang='lat' dir='ltr'><strong>animal,</strong></span> <span class='ocrx_word' id='word_1_436' title='bbox 1352 4653 1512 4708; x_wconf 87' lang='lat' dir='ltr'><strong>homo</strong></span> <span class='ocrx_word' id='word_1_437' title='bbox 1550 4669 1677 4709; x_wconf 83' lang='lat' dir='ltr'><strong>vero</strong></span> <span class='ocrx_word' id='word_1_438' title='bbox 1702 4654 1932 4723; x_wconf 87' lang='lat' dir='ltr'><strong>species.</strong></span> 
     </span>
    </p>
   </div>
   <div class='ocr_carea' id='block_1_64' title="bbox 360 4744 1931 4816">
    <p class='ocr_par' dir='ltr' id='par_1_64' title="bbox 360 4744 1931 4816">
     <span class='ocr_line' id='line_1_64' title="bbox 360 4744 1931 4816; baseline -0.001 -17"><span class='ocrx_word' id='word_1_439' title='bbox 360 4748 534 4801; x_wconf 90' lang='lat' dir='ltr'><strong>llomo</strong></span> <span class='ocrx_word' id='word_1_440' title='bbox 561 4761 687 4816; x_wconf 65' lang='lat' dir='ltr'><strong>ergo</strong></span> <span class='ocrx_word' id='word_1_441' title='bbox 713 4746 965 4815; x_wconf 80' lang='lat' dir='ltr'><strong>quoniam</strong></span> <span class='ocrx_word' id='word_1_442' title='bbox 996 4744 1171 4798; x_wconf 87' lang='lat' dir='ltr'><strong>minus</strong></span> <span class='ocrx_word' id='word_1_443' title='bbox 1198 4753 1281 4799; x_wconf 89' lang='lat' dir='ltr'><strong>est</strong></span> <span class='ocrx_word' id='word_1_444' title='bbox 1314 4760 1470 4813; x_wconf 89' lang='lat' dir='ltr'><strong>quam</strong></span> <span class='ocrx_word' id='word_1_445' title='bbox 1498 4744 1714 4809; x_wconf 80' lang='lat' dir='ltr'><strong>animal,</strong></span> <span class='ocrx_word' id='word_1_446' title='bbox 1740 4746 1793 4797; x_wconf 92' lang='lat' dir='ltr'><strong>in</strong></span> <span class='ocrx_word' id='word_1_447' title='bbox 1819 4755 1931 4798; x_wconf 91' lang='lat' dir='ltr'><strong>toto</strong></span> 
     </span>
    </p>
   </div>
   <div class='ocr_carea' id='block_1_65' title="bbox 351 4834 1927 4893">
    <p class='ocr_par' dir='ltr' id='par_1_65' title="bbox 351 4834 1927 4893">
     <span class='ocr_line' id='line_1_65' title="bbox 351 4834 1927 4893; baseline -0.001 -2"><span class='ocrx_word' id='word_1_448' title='bbox 351 4839 575 4892; x_wconf 81' lang='lat' dir='ltr'><strong>animali</strong></span> <span class='ocrx_word' id='word_1_449' title='bbox 606 4852 726 4891; x_wconf 88' lang='lat' dir='ltr'><strong>esse</strong></span> <span class='ocrx_word' id='word_1_450' title='bbox 753 4835 978 4889; x_wconf 88' lang='lat' dir='ltr'><strong>dicetur.</strong></span> <span class='ocrx_word' id='word_1_451' title='bbox 1025 4834 1209 4890; x_wconf 87' lang='lat' dir='ltr'><strong>Omnis</strong></span> <span class='ocrx_word' id='word_1_452' title='bbox 1235 4837 1379 4890; x_wconf 90' lang='lat' dir='ltr'><strong>enim</strong></span> <span class='ocrx_word' id='word_1_453' title='bbox 1409 4838 1572 4893; x_wconf 83' lang='lat' dir='ltr'><strong>homo</strong></span> <span class='ocrx_word' id='word_1_454' title='bbox 1597 4837 1797 4891; x_wconf 86' lang='lat' dir='ltr'><strong>animal</strong></span> <span class='ocrx_word' id='word_1_455' title='bbox 1827 4846 1927 4889; x_wconf 90' lang='lat' dir='ltr'><strong>est.</strong></span> 
     </span>
    </p>
   </div>
   <div class='ocr_carea' id='block_1_66' title="bbox 359 4926 1932 4997">
    <p class='ocr_par' dir='ltr' id='par_1_66' title="bbox 359 4926 1932 4997">
     <span class='ocr_line' id='line_1_66' title="bbox 359 4926 1932 4997; baseline 0.001 -14"><span class='ocrx_word' id='word_1_456' title='bbox 359 4930 418 4983; x_wconf 89' lang='lat' dir='ltr'><strong>Si</strong></span> <span class='ocrx_word' id='word_1_457' title='bbox 446 4929 565 4996; x_wconf 87' lang='lat' dir='ltr'><strong>quis</strong></span> <span class='ocrx_word' id='word_1_458' title='bbox 593 4943 719 4997; x_wconf 84' lang='lat' dir='ltr'><strong>ergo</strong></span> <span class='ocrx_word' id='word_1_459' title='bbox 761 4928 838 4982; x_wconf 91' lang='lat' dir='ltr'><strong>sic</strong></span> <span class='ocrx_word' id='word_1_460' title='bbox 864 4926 1005 4981; x_wconf 82' lang='lat' dir='ltr'><strong>dicat</strong></span> <span class='ocrx_word' id='word_1_461' title='bbox 1047 4928 1277 4996; x_wconf 80' lang='lat' dir='ltr'><strong>aliquam</strong></span> <span class='ocrx_word' id='word_1_462' title='bbox 1308 4943 1419 4983; x_wconf 89' lang='lat' dir='ltr'><strong>rem</strong></span> <span class='ocrx_word' id='word_1_463' title='bbox 1451 4929 1520 4983; x_wconf 89' lang='lat' dir='ltr'><strong>de</strong></span> <span class='ocrx_word' id='word_1_464' title='bbox 1564 4930 1709 4984; x_wconf 83' lang='lat' dir='ltr'><strong>omni</strong></span> <span class='ocrx_word' id='word_1_465' title='bbox 1736 4930 1837 4983; x_wconf 90' lang='lat' dir='ltr'><strong>alia</strong></span> <span class='ocrx_word' id='word_1_466' title='bbox 1873 4946 1932 4984; x_wconf 91' lang='lat' dir='ltr'><strong>re</strong></span> 
     </span>
    </p>
   </div>
   <div class='ocr_carea' id='block_1_67' title="bbox 358 5017 1936 5087">
    <p class='ocr_par' dir='ltr' id='par_1_67' title="bbox 358 5017 1936 5087">
     <span class='ocr_line' id='line_1_67' title="bbox 358 5017 1936 5087; baseline 0.001 -16"><span class='ocrx_word' id='word_1_467' title='bbox 358 5019 664 5087; x_wconf 74' lang='lat' dir='ltr'><strong>praedicari,</strong></span> <span class='ocrx_word' id='word_1_468' title='bbox 709 5031 969 5072; x_wconf 85' lang='lat' dir='ltr'><strong>conversa</strong></span> <span class='ocrx_word' id='word_1_469' title='bbox 1018 5018 1135 5072; x_wconf 90' lang='lat' dir='ltr'><strong>vice</strong></span> <span class='ocrx_word' id='word_1_470' title='bbox 1185 5017 1314 5071; x_wconf 84' lang='lat' dir='ltr'><strong>nihil</strong></span> <span class='ocrx_word' id='word_1_471' title='bbox 1364 5020 1605 5073; x_wconf 87' lang='lat' dir='ltr'><strong>interest.</strong></span> <span class='ocrx_word' id='word_1_472' title='bbox 1638 5019 1770 5074; x_wconf 87' lang='lat' dir='ltr'><strong>Nam</strong></span> <span class='ocrx_word' id='word_1_473' title='bbox 1797 5022 1936 5073; x_wconf 89' lang='lat' dir='ltr'><strong>sicut</strong></span> 
     </span>
    </p>
   </div>
   <div class='ocr_carea' id='block_1_68' title="bbox 360 5106 1936 5172">
    <p class='ocr_par' dir='ltr' id='par_1_68' title="bbox 360 5106 1936 5172">
     <span class='ocr_line' id='line_1_68' title="bbox 360 5106 1936 5172; baseline 0 -10"><span class='ocrx_word' id='word_1_474' title='bbox 360 5112 419 5162; x_wconf 80' lang='lat' dir='ltr'><strong>in</strong></span> <span class='ocrx_word' id='word_1_475' title='bbox 453 5116 563 5161; x_wconf 84' lang='lat' dir='ltr'><strong>toto</strong></span> <span class='ocrx_word' id='word_1_476' title='bbox 590 5107 803 5160; x_wconf 82' lang='lat' dir='ltr'><strong>animati</strong></span> <span class='ocrx_word' id='word_1_477' title='bbox 851 5108 1013 5160; x_wconf 86' lang='lat' dir='ltr'><strong>homo</strong></span> <span class='ocrx_word' id='word_1_478' title='bbox 1039 5116 1139 5172; x_wconf 90' lang='lat' dir='ltr'><strong>est,</strong></span> <span class='ocrx_word' id='word_1_479' title='bbox 1172 5106 1252 5160; x_wconf 89' lang='lat' dir='ltr'><strong>sic</strong></span> <span class='ocrx_word' id='word_1_480' title='bbox 1276 5108 1438 5160; x_wconf 90' lang='lat' dir='ltr'><strong>etiam</strong></span> <span class='ocrx_word' id='word_1_481' title='bbox 1468 5107 1662 5160; x_wconf 82' lang='lat' dir='ltr'><strong>animal</strong></span> <span class='ocrx_word' id='word_1_482' title='bbox 1692 5107 1760 5162; x_wconf 92' lang='lat' dir='ltr'><strong>de</strong></span> <span class='ocrx_word' id='word_1_483' title='bbox 1788 5108 1936 5162; x_wconf 89' lang='lat' dir='ltr'><strong>omni</strong></span> 
     </span>
    </p>
   </div>
   <div class='ocr_carea' id='block_1_69' title="bbox 365 5197 1938 5267">
    <p class='ocr_par' dir='ltr' id='par_1_69' title="bbox 365 5197 1938 5267">
     <span class='ocr_line' id='line_1_69' title="bbox 365 5197 1938 5267; baseline -0.002 -13"><span class='ocrx_word' id='word_1_484' title='bbox 365 5200 583 5254; x_wconf 79' lang='lat' dir='ltr'><strong>homine</strong></span> <span class='ocrx_word' id='word_1_485' title='bbox 604 5198 941 5264; x_wconf 65' lang='lat' dir='ltr'><strong>praedicatur.</strong></span> <span class='ocrx_word' id='word_1_486' title='bbox 968 5197 1161 5252; x_wconf 79' lang='lat' dir='ltr'><strong>lntoto</strong></span> <span class='ocrx_word' id='word_1_487' title='bbox 1182 5212 1307 5252; x_wconf 90' lang='lat' dir='ltr'><strong>vero</strong></span> <span class='ocrx_word' id='word_1_488' title='bbox 1334 5212 1438 5251; x_wconf 90' lang='lat' dir='ltr'><strong>non</strong></span> <span class='ocrx_word' id='word_1_489' title='bbox 1461 5212 1580 5252; x_wconf 59' lang='lat' dir='ltr'><strong>esse</strong></span> <span class='ocrx_word' id='word_1_490' title='bbox 1601 5207 1704 5261; x_wconf 87' lang='lat' dir='ltr'><strong>est,</strong></span> <span class='ocrx_word' id='word_1_491' title='bbox 1726 5202 1938 5267; x_wconf 85' lang='lat' dir='ltr'><strong>quoties</strong></span> 
     </span>
    </p>
   </div>
   <div class='ocr_carea' id='block_1_70' title="bbox 363 5287 1940 5356">
    <p class='ocr_par' dir='ltr' id='par_1_70' title="bbox 363 5287 1940 5356">
     <span class='ocr_line' id='line_1_70' title="bbox 363 5287 1940 5356; baseline -0.002 -12"><span class='ocrx_word' id='word_1_492' title='bbox 363 5290 467 5344; x_wconf 80' lang='lat' dir='ltr'><strong>alia</strong></span> <span class='ocrx_word' id='word_1_493' title='bbox 487 5304 574 5343; x_wconf 88' lang='lat' dir='ltr'><strong>res</strong></span> <span class='ocrx_word' id='word_1_494' title='bbox 589 5288 655 5342; x_wconf 90' lang='lat' dir='ltr'><strong>ab</strong></span> <span class='ocrx_word' id='word_1_495' title='bbox 675 5289 777 5341; x_wconf 88' lang='lat' dir='ltr'><strong>alia</strong></span> <span class='ocrx_word' id='word_1_496' title='bbox 805 5303 863 5342; x_wconf 89' lang='lat' dir='ltr'><strong>re</strong></span> <span class='ocrx_word' id='word_1_497' title='bbox 892 5288 1039 5341; x_wconf 90' lang='lat' dir='ltr'><strong>omni</strong></span> <span class='ocrx_word' id='word_1_498' title='bbox 1059 5288 1324 5356; x_wconf 76' lang='lat' dir='ltr'><strong>disjunCta</strong></span> <span class='ocrx_word' id='word_1_499' title='bbox 1340 5297 1451 5342; x_wconf 88' lang='lat' dir='ltr'><strong>est:</strong></span> <span class='ocrx_word' id='word_1_500' title='bbox 1477 5287 1599 5341; x_wconf 90' lang='lat' dir='ltr'><strong>utsi</strong></span> <span class='ocrx_word' id='word_1_501' title='bbox 1625 5289 1793 5356; x_wconf 85' lang='lat' dir='ltr'><strong>dicas,</strong></span> <span class='ocrx_word' id='word_1_502' title='bbox 1822 5290 1940 5343; x_wconf 81' lang='lat' dir='ltr'><strong>ani-</strong></span> 
     </span>
    </p>
   </div>
   <div class='ocr_carea' id='block_1_71' title="bbox 363 5377 1939 5448">
    <p class='ocr_par' dir='ltr' id='par_1_71' title="bbox 363 5377 1939 5448">
     <span class='ocr_line' id='line_1_71' title="bbox 363 5377 1939 5448; baseline 0 -15"><span class='ocrx_word' id='word_1_503' title='bbox 363 5381 469 5434; x_wconf 84' lang='lat' dir='ltr'><strong>mal</strong></span> <span class='ocrx_word' id='word_1_504' title='bbox 501 5379 555 5432; x_wconf 90' lang='lat' dir='ltr'><strong>in</strong></span> <span class='ocrx_word' id='word_1_505' title='bbox 588 5380 733 5432; x_wconf 87' lang='lat' dir='ltr'><strong>nullo</strong></span> <span class='ocrx_word' id='word_1_506' title='bbox 772 5378 946 5446; x_wconf 84' lang='lat' dir='ltr'><strong>lapide</strong></span> <span class='ocrx_word' id='word_1_507' title='bbox 986 5388 1105 5443; x_wconf 89' lang='lat' dir='ltr'><strong>est,</strong></span> <span class='ocrx_word' id='word_1_508' title='bbox 1139 5378 1340 5432; x_wconf 90' lang='lat' dir='ltr'><strong>nullum</strong></span> <span class='ocrx_word' id='word_1_509' title='bbox 1383 5377 1526 5433; x_wconf 91' lang='lat' dir='ltr'><strong>enim</strong></span> <span class='ocrx_word' id='word_1_510' title='bbox 1557 5379 1757 5432; x_wconf 87' lang='lat' dir='ltr'><strong>animal</strong></span> <span class='ocrx_word' id='word_1_511' title='bbox 1800 5379 1939 5448; x_wconf 80' lang='lat' dir='ltr'><strong>lapis</strong></span> 
     </span>
    </p>
   </div>
   <div class='ocr_carea' id='block_1_72' title="bbox 363 5468 1936 5537">
    <p class='ocr_par' dir='ltr' id='par_1_72' title="bbox 363 5468 1936 5537">
     <span class='ocr_line' id='line_1_72' title="bbox 363 5468 1936 5537; baseline 0.001 -16"><span class='ocrx_word' id='word_1_512' title='bbox 363 5478 480 5533; x_wconf 90' lang='lat' dir='ltr'><strong>est;</strong></span> <span class='ocrx_word' id='word_1_513' title='bbox 510 5477 565 5522; x_wconf 91' lang='lat' dir='ltr'><strong>et</strong></span> <span class='ocrx_word' id='word_1_514' title='bbox 594 5468 638 5521; x_wconf 90' lang='lat' dir='ltr'><strong>si</strong></span> <span class='ocrx_word' id='word_1_515' title='bbox 671 5468 842 5533; x_wconf 76' lang='lat' dir='ltr'><strong>dicas,</strong></span> <span class='ocrx_word' id='word_1_516' title='bbox 871 5468 1066 5522; x_wconf 88' lang='lat' dir='ltr'><strong>animal</strong></span> <span class='ocrx_word' id='word_1_517' title='bbox 1096 5468 1162 5521; x_wconf 91' lang='lat' dir='ltr'><strong>de</strong></span> <span class='ocrx_word' id='word_1_518' title='bbox 1207 5468 1355 5521; x_wconf 90' lang='lat' dir='ltr'><strong>nullo</strong></span> <span class='ocrx_word' id='word_1_519' title='bbox 1377 5468 1553 5537; x_wconf 86' lang='lat' dir='ltr'><strong>lapide</strong></span> <span class='ocrx_word' id='word_1_520' title='bbox 1595 5470 1936 5536; x_wconf 59' lang='lat' dir='ltr'><strong>pradicatur,</strong></span> 
     </span>
    </p>
   </div>
   <div class='ocr_carea' id='block_1_73' title="bbox 365 5555 1943 5627">
    <p class='ocr_par' dir='ltr' id='par_1_73' title="bbox 365 5555 1943 5627">
     <span class='ocr_line' id='line_1_73' title="bbox 365 5555 1943 5627; baseline 0.002 -17"><span class='ocrx_word' id='word_1_521' title='bbox 365 5557 433 5610; x_wconf 87' lang='lat' dir='ltr'><strong>de</strong></span> <span class='ocrx_word' id='word_1_522' title='bbox 462 5555 608 5610; x_wconf 92' lang='lat' dir='ltr'><strong>nullo</strong></span> <span class='ocrx_word' id='word_1_523' title='bbox 636 5556 778 5610; x_wconf 90' lang='lat' dir='ltr'><strong>enim</strong></span> <span class='ocrx_word' id='word_1_524' title='bbox 798 5556 985 5625; x_wconf 89' lang='lat' dir='ltr'><strong>lapide</strong></span> <span class='ocrx_word' id='word_1_525' title='bbox 1023 5556 1219 5610; x_wconf 88' lang='lat' dir='ltr'><strong>animal</strong></span> <span class='ocrx_word' id='word_1_526' title='bbox 1246 5557 1458 5610; x_wconf 84' lang='lat' dir='ltr'><strong>dicitur.</strong></span> <span class='ocrx_word' id='word_1_527' title='bbox 1489 5556 1791 5613; x_wconf 78' lang='lat' dir='ltr'><strong>Difﬁnimus</strong></span> <span class='ocrx_word' id='word_1_528' title='bbox 1814 5574 1943 5627; x_wconf 83' lang='lat' dir='ltr'><strong>ergo</strong></span> 
     </span>
    </p>
   </div>
   <div class='ocr_carea' id='block_1_74' title="bbox 368 5646 1941 5713">
    <p class='ocr_par' dir='ltr' id='par_1_74' title="bbox 368 5646 1941 5713">
     <span class='ocr_line' id='line_1_74' title="bbox 368 5646 1941 5713; baseline 0.003 -14"><span class='ocrx_word' id='word_1_529' title='bbox 368 5651 424 5700; x_wconf 91' lang='lat' dir='ltr'><strong>in</strong></span> <span class='ocrx_word' id='word_1_530' title='bbox 452 5655 566 5702; x_wconf 81' lang='lat' dir='ltr'><strong>toto</strong></span> <span class='ocrx_word' id='word_1_531' title='bbox 593 5661 732 5709; x_wconf 86' lang='lat' dir='ltr'><strong>esse,</strong></span> <span class='ocrx_word' id='word_1_532' title='bbox 770 5646 856 5701; x_wconf 87' lang='lat' dir='ltr'><strong>vel</strong></span> <span class='ocrx_word' id='word_1_533' title='bbox 882 5648 934 5699; x_wconf 92' lang='lat' dir='ltr'><strong>in</strong></span> <span class='ocrx_word' id='word_1_534' title='bbox 985 5656 1097 5699; x_wconf 85' lang='lat' dir='ltr'><strong>loto</strong></span> <span class='ocrx_word' id='word_1_535' title='bbox 1130 5663 1232 5700; x_wconf 83' lang='lat' dir='ltr'><strong>non</strong></span> <span class='ocrx_word' id='word_1_536' title='bbox 1260 5662 1381 5701; x_wconf 86' lang='lat' dir='ltr'><strong>esse</strong></span> <span class='ocrx_word' id='word_1_537' title='bbox 1417 5646 1493 5701; x_wconf 72' lang='lat' dir='ltr'><strong>sic</strong></span> <span class='ocrx_word' id='word_1_538' title='bbox 1522 5666 1532 5699; x_wconf 92' lang='lat'>:</span> <span class='ocrx_word' id='word_1_539' title='bbox 1566 5650 1618 5702; x_wconf 89' lang='lat' dir='ltr'><strong>in</strong></span> <span class='ocrx_word' id='word_1_540' title='bbox 1650 5659 1941 5713; x_wconf 84' lang='lat' dir='ltr'><strong>toto-esse,</strong></span> 
     </span>
    </p>
   </div>
   <div class='ocr_carea' id='block_1_75' title="bbox 366 5737 1947 5811">
    <p class='ocr_par' dir='ltr' id='par_1_75' title="bbox 366 5737 1947 5811">
     <span class='ocr_line' id='line_1_75' title="bbox 366 5737 1947 5811; baseline 0.001 -18"><span class='ocrx_word' id='word_1_541' title='bbox 366 5738 452 5793; x_wconf 87' lang='lat' dir='ltr'><strong>vel</strong></span> <span class='ocrx_word' id='word_1_542' title='bbox 479 5737 545 5794; x_wconf 86' lang='lat' dir='ltr'><strong>dc</strong></span> <span class='ocrx_word' id='word_1_543' title='bbox 588 5740 731 5792; x_wconf 90' lang='lat' dir='ltr'><strong>omni</strong></span> <span class='ocrx_word' id='word_1_544' title='bbox 778 5738 1055 5804; x_wconf 71' lang='lat' dir='ltr'><strong>prtetlicari</strong></span> <span class='ocrx_word' id='word_1_545' title='bbox 1090 5739 1316 5808; x_wconf 82' lang='lat' dir='ltr'><strong>dicitur,</strong></span> <span class='ocrx_word' id='word_1_546' title='bbox 1362 5742 1578 5809; x_wconf 72' lang='lat' dir='ltr'><strong>quttties</strong></span> <span class='ocrx_word' id='word_1_547' title='bbox 1619 5756 1722 5797; x_wconf 91' lang='lat' dir='ltr'><strong>non</strong></span> <span class='ocrx_word' id='word_1_548' title='bbox 1769 5750 1947 5811; x_wconf 82' lang='lat' dir='ltr'><strong>potest</strong></span> 
     </span>
    </p>
   </div>
   <div class='ocr_carea' id='block_1_76' title="bbox 608 5828 1153 5892">
    <p class='ocr_par' dir='ltr' id='par_1_76' title="bbox 608 5828 1153 5892">
     <span class='ocr_line' id='line_1_76' title="bbox 608 5828 1153 5892; baseline 0 -4"><span class='ocrx_word' id='word_1_549' title='bbox 608 5831 880 5891; x_wconf 65' lang='lat' dir='ltr'><strong>Parant.</strong></span> <span class='ocrx_word' id='word_1_550' title='bbox 930 5828 1153 5892; x_wconf 72' lang='lat' dir='ltr'><strong>LXlV.‘</strong></span> 
     </span>
    </p>
   </div>
   <div class='ocr_carea' id='block_1_77' title="bbox 2007 1857 3393 1928">
    <p class='ocr_par' dir='ltr' id='par_1_77' title="bbox 2007 1857 3393 1928">
     <span class='ocr_line' id='line_1_77' title="bbox 2007 1857 3393 1928; baseline -0.001 -13"><span class='ocrx_word' id='word_1_551' title='bbox 2007 1859 2271 1915; x_wconf 88' lang='lat' dir='ltr'><strong>mentario</strong></span> <span class='ocrx_word' id='word_1_552' title='bbox 2291 1857 2601 1927; x_wconf 85' lang='lat' dir='ltr'><strong>diligentius</strong></span> <span class='ocrx_word' id='word_1_553' title='bbox 2622 1858 2975 1928; x_wconf 88' lang='lat' dir='ltr'><strong>subtiliusque</strong></span> <span class='ocrx_word' id='word_1_554' title='bbox 3002 1866 3223 1914; x_wconf 87' lang='lat' dir='ltr'><strong>tractata</strong></span> <span class='ocrx_word' id='word_1_555' title='bbox 3251 1868 3393 1914; x_wconf 88' lang='lat' dir='ltr'><strong>sunt.</strong></span> 
     </span>
    </p>
   </div>
   <div class='ocr_carea' id='block_1_78' title="bbox 2927 1999 3560 2024">
    <p class='ocr_par' dir='ltr' id='par_1_78' title="bbox 2927 1999 3560 2024">
     <span class='ocr_line' id='line_1_78' title="bbox 2927 1999 3560 2024; baseline 0.002 -11"><span class='ocrx_word' id='word_1_556' title='bbox 2927 1999 3560 2024; x_wconf 60' lang='grc' dir='ltr'><strong>σ--α--ι--ι-ρα--ι--σιςρ</strong></span> 
     </span>
    </p>
   </div>
   <div class='ocr_carea' id='block_1_79' title="bbox 2072 2278 2187 2289">
    <p class='ocr_par' dir='ltr' id='par_1_79' title="bbox 2072 2278 2187 2289">
     <span class='ocr_line' id='line_1_79' title="bbox 2072 2278 2187 2289; baseline -0.009 0"><span class='ocrx_word' id='word_1_557' title='bbox 2072 2278 2187 2289; x_wconf 77' lang='lat'><strong>.——-</strong></span> 
     </span>
    </p>
   </div>
   <div class='ocr_carea' id='block_1_80' title="bbox 2000 2387 3651 2463">
    <p class='ocr_par' dir='ltr' id='par_1_80' title="bbox 2000 2387 3651 2463">
     <span class='ocr_line' id='line_1_80' title="bbox 2000 2387 3651 2463; baseline 0.001 -16"><span class='ocrx_word' id='word_1_558' title='bbox 2000 2388 2240 2447; x_wconf 75' lang='lat' dir='ltr'><strong>-inveniri</strong></span> <span class='ocrx_word' id='word_1_559' title='bbox 2271 2387 2467 2460; x_wconf 90' lang='lat' dir='ltr'><strong>aliquid</strong></span> <span class='ocrx_word' id='word_1_560' title='bbox 2510 2388 2733 2459; x_wconf 82' lang='lat' dir='ltr'><strong>subjecti</strong></span> <span class='ocrx_word' id='word_1_561' title='bbox 2788 2391 2851 2444; x_wconf 89' lang='lat' dir='ltr'><strong>ad</strong></span> <span class='ocrx_word' id='word_1_562' title='bbox 2880 2391 3019 2461; x_wconf 90' lang='lat' dir='ltr'><strong>quod</strong></span> <span class='ocrx_word' id='word_1_563' title='bbox 3053 2390 3182 2447; x_wconf 90' lang='lat' dir='ltr'><strong>illud</strong></span> <span class='ocrx_word' id='word_1_564' title='bbox 3215 2392 3354 2461; x_wconf 90' lang='lat' dir='ltr'><strong>quod</strong></span> <span class='ocrx_word' id='word_1_565' title='bbox 3381 2393 3577 2463; x_wconf 69' lang='lat' dir='ltr'><strong>praedi-</strong></span> <span class='ocrx_word' id='word_1_566' title='bbox 3648 2420 3651 2423; x_wconf 91' lang='lat'><strong><em>-</em></strong></span> 
     </span>
    </p>
   </div>
   <div class='ocr_carea' id='block_1_81' title="bbox 1980 2479 3583 2550">
    <p class='ocr_par' dir='ltr' id='par_1_81' title="bbox 1980 2479 3583 2550">
     <span class='ocr_line' id='line_1_81' title="bbox 1980 2479 3583 2550; baseline 0.001 -14"><span class='ocrx_word' id='word_1_567' title='bbox 1980 2542 1983 2547; x_wconf 26' lang='grc' dir='ltr'><em>ν</em></span> <span class='ocrx_word' id='word_1_568' title='bbox 2013 2489 2167 2536; x_wconf 86' lang='lat' dir='ltr'><strong>catur</strong></span> <span class='ocrx_word' id='word_1_569' title='bbox 2192 2480 2293 2535; x_wconf 89' lang='lat' dir='ltr'><strong>diei</strong></span> <span class='ocrx_word' id='word_1_570' title='bbox 2324 2496 2431 2534; x_wconf 90' lang='lat' dir='ltr'><strong>non</strong></span> <span class='ocrx_word' id='word_1_571' title='bbox 2469 2481 2658 2549; x_wconf 89' lang='lat' dir='ltr'><strong>possit.</strong></span> <span class='ocrx_word' id='word_1_572' title='bbox 2690 2479 2927 2550; x_wconf 86' lang='lat' dir='ltr'><strong>Namque</strong></span> <span class='ocrx_word' id='word_1_573' title='bbox 2961 2481 3089 2535; x_wconf 81' lang='lat' dir='ltr'><strong>nihil</strong></span> <span class='ocrx_word' id='word_1_574' title='bbox 3119 2482 3349 2537; x_wconf 86' lang='lat' dir='ltr'><strong>hominis</strong></span> <span class='ocrx_word' id='word_1_575' title='bbox 3376 2484 3583 2539; x_wconf 85' lang='lat' dir='ltr'><strong>inveni-</strong></span> 
     </span>
    </p>
   </div>
   <div class='ocr_carea' id='block_1_82' title="bbox 2013 2570 3581 2640">
    <p class='ocr_par' dir='ltr' id='par_1_82' title="bbox 2013 2570 3581 2640">
     <span class='ocr_line' id='line_1_82' title="bbox 2013 2570 3581 2640; baseline 0.001 -15"><span class='ocrx_word' id='word_1_576' title='bbox 2013 2579 2101 2625; x_wconf 89' lang='lat' dir='ltr'><strong>tur</strong></span> <span class='ocrx_word' id='word_1_577' title='bbox 2122 2570 2189 2626; x_wconf 89' lang='lat' dir='ltr'><strong>ad</strong></span> <span class='ocrx_word' id='word_1_578' title='bbox 2211 2571 2349 2640; x_wconf 91' lang='lat' dir='ltr'><strong>quod</strong></span> <span class='ocrx_word' id='word_1_579' title='bbox 2382 2570 2579 2624; x_wconf 88' lang='lat' dir='ltr'><strong>animal</strong></span> <span class='ocrx_word' id='word_1_580' title='bbox 2606 2570 2708 2625; x_wconf 92' lang='lat' dir='ltr'><strong>dici</strong></span> <span class='ocrx_word' id='word_1_581' title='bbox 2742 2584 2845 2625; x_wconf 91' lang='lat' dir='ltr'><strong>non</strong></span> <span class='ocrx_word' id='word_1_582' title='bbox 2874 2571 3061 2639; x_wconf 91' lang='lat' dir='ltr'><strong>possit.</strong></span> <span class='ocrx_word' id='word_1_583' title='bbox 3095 2572 3149 2625; x_wconf 92' lang='lat' dir='ltr'><strong>In</strong></span> <span class='ocrx_word' id='word_1_584' title='bbox 3178 2580 3290 2626; x_wconf 91' lang='lat' dir='ltr'><strong>toto</strong></span> <span class='ocrx_word' id='word_1_585' title='bbox 3319 2588 3581 2629; x_wconf 83' lang='lat' dir='ltr'><strong>veronen</strong></span> 
     </span>
    </p>
   </div>
   <div class='ocr_carea' id='block_1_83' title="bbox 2014 2661 3582 2733">
    <p class='ocr_par' dir='ltr' id='par_1_83' title="bbox 2014 2661 3582 2733">
     <span class='ocr_line' id='line_1_83' title="bbox 2014 2661 3582 2733; baseline 0.001 -15"><span class='ocrx_word' id='word_1_586' title='bbox 2014 2678 2156 2731; x_wconf 88' lang='lat' dir='ltr'><strong>esse,</strong></span> <span class='ocrx_word' id='word_1_587' title='bbox 2202 2663 2285 2717; x_wconf 91' lang='lat' dir='ltr'><strong>vel</strong></span> <span class='ocrx_word' id='word_1_588' title='bbox 2314 2662 2382 2716; x_wconf 92' lang='lat' dir='ltr'><strong>de</strong></span> <span class='ocrx_word' id='word_1_589' title='bbox 2429 2662 2576 2716; x_wconf 89' lang='lat' dir='ltr'><strong>nullo</strong></span> <span class='ocrx_word' id='word_1_590' title='bbox 2624 2661 2901 2729; x_wconf 70' lang='lat' dir='ltr'><strong>praadicari</strong></span> <span class='ocrx_word' id='word_1_591' title='bbox 2948 2661 3162 2726; x_wconf 90' lang='lat' dir='ltr'><strong>dicitur,</strong></span> <span class='ocrx_word' id='word_1_592' title='bbox 3205 2664 3409 2733; x_wconf 90' lang='lat' dir='ltr'><strong>quoties</strong></span> <span class='ocrx_word' id='word_1_593' title='bbox 3452 2665 3582 2720; x_wconf 84' lang='lat' dir='ltr'><strong>nihil</strong></span> 
     </span>
    </p>
   </div>
   <div class='ocr_carea' id='block_1_84' title="bbox 2000 2751 3585 2825">
    <p class='ocr_par' dir='ltr' id='par_1_84' title="bbox 2000 2751 3585 2825">
     <span class='ocr_line' id='line_1_84' title="bbox 2000 2751 3585 2825; baseline 0.003 -19"><span class='ocrx_word' id='word_1_594' title='bbox 2000 2752 2240 2820; x_wconf 84' lang='lat' dir='ltr'><strong>subjecti</strong></span> <span class='ocrx_word' id='word_1_595' title='bbox 2270 2753 2467 2820; x_wconf 73' lang='lat' dir='ltr'><strong>pozerit</strong></span> <span class='ocrx_word' id='word_1_596' title='bbox 2506 2751 2731 2805; x_wconf 88' lang='lat' dir='ltr'><strong>inveniri</strong></span> <span class='ocrx_word' id='word_1_597' title='bbox 2782 2751 2846 2805; x_wconf 88' lang='lat' dir='ltr'><strong>ad</strong></span> <span class='ocrx_word' id='word_1_598' title='bbox 2885 2752 3026 2820; x_wconf 91' lang='lat' dir='ltr'><strong>quod</strong></span> <span class='ocrx_word' id='word_1_599' title='bbox 3057 2753 3183 2806; x_wconf 91' lang='lat' dir='ltr'><strong>illud</strong></span> <span class='ocrx_word' id='word_1_600' title='bbox 3215 2754 3355 2822; x_wconf 93' lang='lat' dir='ltr'><strong>quod</strong></span> <span class='ocrx_word' id='word_1_601' title='bbox 3385 2757 3585 2825; x_wconf 34' lang='lat' dir='ltr'><strong>.pratdi-</strong></span> 
     </span>
    </p>
   </div>
   <div class='ocr_carea' id='block_1_85' title="bbox 2016 2839 3583 2914">
    <p class='ocr_par' dir='ltr' id='par_1_85' title="bbox 2016 2839 3583 2914">
     <span class='ocr_line' id='line_1_85' title="bbox 2016 2839 3583 2914; baseline 0.003 -19"><span class='ocrx_word' id='word_1_602' title='bbox 2016 2850 2170 2895; x_wconf 89' lang='lat' dir='ltr'><strong>catur</strong></span> <span class='ocrx_word' id='word_1_603' title='bbox 2199 2841 2304 2896; x_wconf 86' lang='lat' dir='ltr'><strong>dici</strong></span> <span class='ocrx_word' id='word_1_604' title='bbox 2348 2839 2536 2909; x_wconf 82' lang='lat' dir='ltr'><strong>possit.</strong></span> <span class='ocrx_word' id='word_1_605' title='bbox 2566 2839 2705 2895; x_wconf 87' lang='lat' dir='ltr'><strong>Nthil</strong></span> <span class='ocrx_word' id='word_1_606' title='bbox 2751 2840 2893 2894; x_wconf 84' lang='lat' dir='ltr'><strong>enim</strong></span> <span class='ocrx_word' id='word_1_607' title='bbox 2933 2840 3125 2909; x_wconf 89' lang='lat' dir='ltr'><strong>lapidis</strong></span> <span class='ocrx_word' id='word_1_608' title='bbox 3156 2841 3384 2897; x_wconf 89' lang='lat' dir='ltr'><strong>inveniri</strong></span> <span class='ocrx_word' id='word_1_609' title='bbox 3410 2853 3583 2914; x_wconf 88' lang='lat' dir='ltr'><strong>potest</strong></span> 
     </span>
    </p>
   </div>
   <div class='ocr_carea' id='block_1_86' title="bbox 2015 2930 3584 3003">
    <p class='ocr_par' dir='ltr' id='par_1_86' title="bbox 2015 2930 3584 3003">
     <span class='ocr_line' id='line_1_86' title="bbox 2015 2930 3584 3003; baseline 0.001 -16"><span class='ocrx_word' id='word_1_610' title='bbox 2015 2932 2084 2987; x_wconf 85' lang='lat' dir='ltr'><strong>de</strong></span> <span class='ocrx_word' id='word_1_611' title='bbox 2109 2948 2214 3003; x_wconf 90' lang='lat' dir='ltr'><strong>quo</strong></span> <span class='ocrx_word' id='word_1_612' title='bbox 2239 2933 2407 3001; x_wconf 84' lang='lat' dir='ltr'><strong>possit</strong></span> <span class='ocrx_word' id='word_1_613' title='bbox 2433 2931 2626 2986; x_wconf 89' lang='lat' dir='ltr'><strong>animal</strong></span> <span class='ocrx_word' id='word_1_614' title='bbox 2650 2930 2954 3001; x_wconf 67' lang='lat' dir='ltr'><strong>praedicari.</strong></span> <span class='ocrx_word' id='word_1_615' title='bbox 2985 2931 3112 2986; x_wconf 92' lang='lat' dir='ltr'><strong>Illud</strong></span> <span class='ocrx_word' id='word_1_616' title='bbox 3138 2947 3269 2987; x_wconf 87' lang='lat' dir='ltr'><strong>sane</strong></span> <span class='ocrx_word' id='word_1_617' title='bbox 3285 2934 3584 2989; x_wconf 82' lang='lat' dir='ltr'><strong>notandum</strong></span> 
     </span>
    </p>
   </div>
   <div class='ocr_carea' id='block_1_87' title="bbox 2017 3022 3589 3092">
    <p class='ocr_par' dir='ltr' id='par_1_87' title="bbox 2017 3022 3589 3092">
     <span class='ocr_line' id='line_1_87' title="bbox 2017 3022 3589 3092; baseline 0.001 -16"><span class='ocrx_word' id='word_1_618' title='bbox 2017 3030 2120 3088; x_wconf 90' lang='lat' dir='ltr'><strong>est,</strong></span> <span class='ocrx_word' id='word_1_619' title='bbox 2149 3022 2292 3092; x_wconf 91' lang='lat' dir='ltr'><strong>quod</strong></span> <span class='ocrx_word' id='word_1_620' title='bbox 2320 3037 2439 3077; x_wconf 81' lang='lat' dir='ltr'><strong>esse</strong></span> <span class='ocrx_word' id='word_1_621' title='bbox 2468 3023 2520 3076; x_wconf 92' lang='lat' dir='ltr'><strong>in</strong></span> <span class='ocrx_word' id='word_1_622' title='bbox 2538 3030 2656 3076; x_wconf 86' lang='lat' dir='ltr'><strong>toto</strong></span> <span class='ocrx_word' id='word_1_623' title='bbox 2687 3037 2841 3076; x_wconf 88' lang='lat' dir='ltr'><strong>versa</strong></span> <span class='ocrx_word' id='word_1_624' title='bbox 2869 3024 2983 3076; x_wconf 89' lang='lat' dir='ltr'><strong>vice</strong></span> <span class='ocrx_word' id='word_1_625' title='bbox 3021 3023 3238 3077; x_wconf 89' lang='lat' dir='ltr'><strong>dicitur.</strong></span> <span class='ocrx_word' id='word_1_626' title='bbox 3269 3024 3399 3078; x_wconf 81' lang='lat' dir='ltr'><strong>Nam</strong></span> <span class='ocrx_word' id='word_1_627' title='bbox 3421 3026 3465 3078; x_wconf 89' lang='lat' dir='ltr'><strong>si</strong></span> <span class='ocrx_word' id='word_1_628' title='bbox 3487 3025 3589 3078; x_wconf 80' lang='lat' dir='ltr'><strong>ali-</strong></span> 
     </span>
    </p>
   </div>
   <div class='ocr_carea' id='block_1_88' title="bbox 1942 3110 3587 3207">
    <p class='ocr_par' dir='ltr' id='par_1_88' title="bbox 1942 3110 3587 3207">
     <span class='ocr_line' id='line_1_88' title="bbox 1942 3110 3587 3207; baseline 0.001 -41"><span class='ocrx_word' id='word_1_629' title='bbox 1942 3143 1991 3207; x_wconf 69' lang='grc' dir='ltr'><strong>ο</strong></span> <span class='ocrx_word' id='word_1_630' title='bbox 2022 3112 2254 3207; x_wconf 41' lang='grc' dir='ltr'>(ιυίᾶῌιιε</span> <span class='ocrx_word' id='word_1_631' title='bbox 2293 3113 2436 3165; x_wconf 84' lang='lat' dir='ltr'><strong>omni</strong></span> <span class='ocrx_word' id='word_1_632' title='bbox 2483 3112 2662 3207; x_wconf 63' lang='lat' dir='ltr'><strong>aliqua</strong></span> <span class='ocrx_word' id='word_1_633' title='bbox 2691 3110 3029 3207; x_wconf 66' lang='lat' dir='ltr'><strong>praedicatur,</strong></span> <span class='ocrx_word' id='word_1_634' title='bbox 3064 3111 3190 3166; x_wconf 92' lang='lat' dir='ltr'><strong>illud</strong></span> <span class='ocrx_word' id='word_1_635' title='bbox 3221 3113 3288 3167; x_wconf 90' lang='lat' dir='ltr'><strong>de</strong></span> <span class='ocrx_word' id='word_1_636' title='bbox 3318 3129 3422 3181; x_wconf 93' lang='lat' dir='ltr'><strong>quo</strong></span> <span class='ocrx_word' id='word_1_637' title='bbox 3453 3113 3587 3168; x_wconf 76' lang='lat' dir='ltr'><strong>illud</strong></span> 
     </span>
    </p>
   </div>
   <div class='ocr_carea' id='block_1_89' title="bbox 2022 3200 3588 3272">
    <p class='ocr_par' dir='ltr' id='par_1_89' title="bbox 2022 3200 3588 3272">
     <span class='ocr_line' id='line_1_89' title="bbox 2022 3200 3588 3272; baseline 0.002 -16"><span class='ocrx_word' id='word_1_638' title='bbox 2022 3202 2347 3271; x_wconf 58' lang='lat' dir='ltr'><strong>praedicatur</strong></span> <span class='ocrx_word' id='word_1_639' title='bbox 2367 3203 2420 3254; x_wconf 91' lang='lat' dir='ltr'><strong>in</strong></span> <span class='ocrx_word' id='word_1_640' title='bbox 2451 3208 2560 3255; x_wconf 87' lang='lat' dir='ltr'><strong>toto</strong></span> <span class='ocrx_word' id='word_1_641' title='bbox 2590 3200 2683 3255; x_wconf 90' lang='lat' dir='ltr'><strong>illo</strong></span> <span class='ocrx_word' id='word_1_642' title='bbox 2709 3214 2827 3255; x_wconf 90' lang='lat' dir='ltr'><strong>esse</strong></span> <span class='ocrx_word' id='word_1_643' title='bbox 2847 3200 3041 3255; x_wconf 89' lang='lat' dir='ltr'><strong>dicitur</strong></span> <span class='ocrx_word' id='word_1_644' title='bbox 3070 3202 3211 3271; x_wconf 88' lang='lat' dir='ltr'><strong>quod</strong></span> <span class='ocrx_word' id='word_1_645' title='bbox 3246 3204 3588 3272; x_wconf 64' lang='lat' dir='ltr'><strong>p&#39;azdicatur,</strong></span> 
     </span>
    </p>
   </div>
   <div class='ocr_carea' id='block_1_90' title="bbox 2022 3292 3590 3352">
    <p class='ocr_par' dir='ltr' id='par_1_90' title="bbox 2022 3292 3590 3352">
     <span class='ocr_line' id='line_1_90' title="bbox 2022 3292 3590 3352; baseline 0.003 -5"><span class='ocrx_word' id='word_1_646' title='bbox 2022 3303 2081 3348; x_wconf 91' lang='lat' dir='ltr'><strong>ut</strong></span> <span class='ocrx_word' id='word_1_647' title='bbox 2126 3293 2325 3348; x_wconf 87' lang='lat' dir='ltr'><strong>animal</strong></span> <span class='ocrx_word' id='word_1_648' title='bbox 2370 3294 2437 3348; x_wconf 89' lang='lat' dir='ltr'><strong>de</strong></span> <span class='ocrx_word' id='word_1_649' title='bbox 2485 3293 2628 3347; x_wconf 86' lang='lat' dir='ltr'><strong>omni</strong></span> <span class='ocrx_word' id='word_1_650' title='bbox 2681 3292 2897 3346; x_wconf 88' lang='lat' dir='ltr'><strong>homine</strong></span> <span class='ocrx_word' id='word_1_651' title='bbox 2924 3292 3141 3347; x_wconf 90' lang='lat' dir='ltr'><strong>dicitur.</strong></span> <span class='ocrx_word' id='word_1_652' title='bbox 3170 3293 3343 3349; x_wconf 85' lang='lat' dir='ltr'><strong>Homo</strong></span> <span class='ocrx_word' id='word_1_653' title='bbox 3375 3311 3506 3351; x_wconf 90' lang='lat' dir='ltr'><strong>vero</strong></span> <span class='ocrx_word' id='word_1_654' title='bbox 3528 3298 3590 3352; x_wconf 84' lang='lat' dir='ltr'><strong>in</strong></span> 
     </span>
    </p>
   </div>
   <div class='ocr_carea' id='block_1_91' title="bbox 2018 3382 3595 3451">
    <p class='ocr_par' dir='ltr' id='par_1_91' title="bbox 2018 3382 3595 3451">
     <span class='ocr_line' id='line_1_91' title="bbox 2018 3382 3595 3451; baseline 0.001 -13"><span class='ocrx_word' id='word_1_655' title='bbox 2018 3390 2133 3438; x_wconf 90' lang='lat' dir='ltr'><strong>toto</strong></span> <span class='ocrx_word' id='word_1_656' title='bbox 2171 3393 2275 3449; x_wconf 89' lang='lat' dir='ltr'><strong>est,</strong></span> <span class='ocrx_word' id='word_1_657' title='bbox 2320 3383 2373 3437; x_wconf 91' lang='lat' dir='ltr'><strong>id</strong></span> <span class='ocrx_word' id='word_1_658' title='bbox 2404 3393 2496 3437; x_wconf 84' lang='lat' dir='ltr'><strong>est</strong></span> <span class='ocrx_word' id='word_1_659' title='bbox 2523 3382 2667 3437; x_wconf 87' lang='lat' dir='ltr'><strong>velut</strong></span> <span class='ocrx_word' id='word_1_660' title='bbox 2690 3382 2930 3451; x_wconf 67' lang='lat' dir='ltr'><strong>quaedam</strong></span> <span class='ocrx_word' id='word_1_661' title='bbox 2966 3397 3088 3451; x_wconf 88' lang='lat' dir='ltr'><strong>pars</strong></span> <span class='ocrx_word' id='word_1_662' title='bbox 3115 3384 3253 3438; x_wconf 88' lang='lat' dir='ltr'><strong>intra</strong></span> <span class='ocrx_word' id='word_1_663' title='bbox 3281 3393 3448 3440; x_wconf 92' lang='lat' dir='ltr'><strong>totum</strong></span> <span class='ocrx_word' id='word_1_664' title='bbox 3478 3387 3595 3441; x_wconf 88' lang='lat' dir='ltr'><strong>ani-</strong></span> 
     </span>
    </p>
   </div>
   <div class='ocr_carea' id='block_1_92' title="bbox 2022 3472 3592 3543">
    <p class='ocr_par' dir='ltr' id='par_1_92' title="bbox 2022 3472 3592 3543">
     <span class='ocr_line' id='line_1_92' title="bbox 2022 3472 3592 3543; baseline 0.001 -14"><span class='ocrx_word' id='word_1_665' title='bbox 2022 3474 2131 3529; x_wconf 91' lang='lat' dir='ltr'><strong>mal</strong></span> <span class='ocrx_word' id='word_1_666' title='bbox 2159 3476 2306 3528; x_wconf 89' lang='lat' dir='ltr'><strong>Iatet.</strong></span> <span class='ocrx_word' id='word_1_667' title='bbox 2340 3473 2406 3528; x_wconf 86' lang='lat' dir='ltr'><strong>Et</strong></span> <span class='ocrx_word' id='word_1_668' title='bbox 2446 3473 2490 3527; x_wconf 89' lang='lat' dir='ltr'><strong>si</strong></span> <span class='ocrx_word' id='word_1_669' title='bbox 2514 3473 2644 3543; x_wconf 85' lang='lat' dir='ltr'><strong>quid</strong></span> <span class='ocrx_word' id='word_1_670' title='bbox 2675 3473 2729 3526; x_wconf 92' lang='lat' dir='ltr'><strong>in</strong></span> <span class='ocrx_word' id='word_1_671' title='bbox 2759 3474 2865 3527; x_wconf 89' lang='lat' dir='ltr'><strong>alio</strong></span> <span class='ocrx_word' id='word_1_672' title='bbox 2904 3472 3049 3527; x_wconf 87' lang='lat' dir='ltr'><strong>onmi</strong></span> <span class='ocrx_word' id='word_1_673' title='bbox 3080 3472 3262 3540; x_wconf 87' lang='lat' dir='ltr'><strong>fuerit,</strong></span> <span class='ocrx_word' id='word_1_674' title='bbox 3293 3474 3346 3528; x_wconf 89' lang='lat' dir='ltr'><strong>in</strong></span> <span class='ocrx_word' id='word_1_675' title='bbox 3377 3490 3450 3531; x_wconf 83' lang='lat' dir='ltr'><strong>eo</strong></span> <span class='ocrx_word' id='word_1_676' title='bbox 3478 3486 3592 3531; x_wconf 87' lang='lat' dir='ltr'><strong>toto</strong></span> 
     </span>
    </p>
   </div>
   <div class='ocr_carea' id='block_1_93' title="bbox 2014 3552 3595 3634">
    <p class='ocr_par' dir='ltr' id='par_1_93' title="bbox 2014 3552 3595 3634">
     <span class='ocr_line' id='line_1_93' title="bbox 2014 3552 3595 3634; baseline 0 -12"><span class='ocrx_word' id='word_1_677' title='bbox 2014 3581 2110 3622; x_wconf 83' lang='lat' dir='ltr'><strong>res</strong></span> <span class='ocrx_word' id='word_1_678' title='bbox 2154 3567 2240 3620; x_wconf 89' lang='lat' dir='ltr'><strong>illa</strong></span> <span class='ocrx_word' id='word_1_679' title='bbox 2271 3565 2338 3621; x_wconf 89' lang='lat' dir='ltr'><strong>de</strong></span> <span class='ocrx_word' id='word_1_680' title='bbox 2383 3580 2488 3634; x_wconf 83' lang='lat' dir='ltr'><strong>qua</strong></span> <span class='ocrx_word' id='word_1_681' title='bbox 2539 3552 2784 3634; x_wconf 78' lang='lat' dir='ltr'><strong>superius</strong></span> <span class='ocrx_word' id='word_1_682' title='bbox 2822 3564 3099 3619; x_wconf 90' lang='lat' dir='ltr'><strong>dicebatur</strong></span> <span class='ocrx_word' id='word_1_683' title='bbox 3142 3579 3263 3620; x_wconf 87' lang='lat' dir='ltr'><strong>esse</strong></span> <span class='ocrx_word' id='word_1_684' title='bbox 3289 3565 3502 3633; x_wconf 80' lang='lat' dir='ltr'><strong>dicitur,</strong></span> <span class='ocrx_word' id='word_1_685' title='bbox 3534 3577 3595 3622; x_wconf 93' lang='lat' dir='ltr'><strong>ut</strong></span> 
     </span>
    </p>
   </div>
   <div class='ocr_carea' id='block_1_94' title="bbox 2024 3644 3593 3721">
    <p class='ocr_par' dir='ltr' id='par_1_94' title="bbox 2024 3644 3593 3721">
     <span class='ocr_line' id='line_1_94' title="bbox 2024 3644 3593 3721; baseline 0.001 -9"><span class='ocrx_word' id='word_1_686' title='bbox 2024 3658 2164 3712; x_wconf 90' lang='lat' dir='ltr'><strong>idem</strong></span> <span class='ocrx_word' id='word_1_687' title='bbox 2188 3644 2383 3712; x_wconf 81' lang='lat' dir='ltr'><strong>animal</strong></span> <span class='ocrx_word' id='word_1_688' title='bbox 2407 3672 2527 3711; x_wconf 87' lang='lat' dir='ltr'><strong>cum</strong></span> <span class='ocrx_word' id='word_1_689' title='bbox 2559 3657 2610 3710; x_wconf 90' lang='lat' dir='ltr'><strong>in</strong></span> <span class='ocrx_word' id='word_1_690' title='bbox 2642 3657 2786 3709; x_wconf 91' lang='lat' dir='ltr'><strong>omni</strong></span> <span class='ocrx_word' id='word_1_691' title='bbox 2819 3658 2888 3710; x_wconf 93' lang='lat' dir='ltr'><strong>sit</strong></span> <span class='ocrx_word' id='word_1_692' title='bbox 2913 3656 3150 3721; x_wconf 87' lang='lat' dir='ltr'><strong>homine,</strong></span> <span class='ocrx_word' id='word_1_693' title='bbox 3180 3658 3331 3713; x_wconf 86' lang='lat' dir='ltr'><strong>etde</strong></span> <span class='ocrx_word' id='word_1_694' title='bbox 3354 3668 3419 3712; x_wconf 83' lang='lat' dir='ltr'><strong>eo</strong></span> <span class='ocrx_word' id='word_1_695' title='bbox 3442 3660 3593 3714; x_wconf 92' lang='lat' dir='ltr'><strong>omni</strong></span> 
     </span>
    </p>
   </div>
   <div class='ocr_carea' id='block_1_95' title="bbox 2024 3746 3595 3817">
    <p class='ocr_par' dir='ltr' id='par_1_95' title="bbox 2024 3746 3595 3817">
     <span class='ocr_line' id='line_1_95' title="bbox 2024 3746 3595 3817; baseline 0.001 -16"><span class='ocrx_word' id='word_1_696' title='bbox 2024 3747 2366 3816; x_wconf 72' lang='lat' dir='ltr'><strong>praedicetur,</strong></span> <span class='ocrx_word' id='word_1_697' title='bbox 2399 3746 2560 3800; x_wconf 87' lang='lat' dir='ltr'><strong>homo</strong></span> <span class='ocrx_word' id='word_1_698' title='bbox 2590 3746 2641 3799; x_wconf 87' lang='lat' dir='ltr'><strong>itt</strong></span> <span class='ocrx_word' id='word_1_699' title='bbox 2675 3753 2784 3800; x_wconf 91' lang='lat' dir='ltr'><strong>toto</strong></span> <span class='ocrx_word' id='word_1_700' title='bbox 2816 3755 2898 3801; x_wconf 91' lang='lat' dir='ltr'><strong>est</strong></span> <span class='ocrx_word' id='word_1_701' title='bbox 2924 3746 3170 3800; x_wconf 82' lang='lat' dir='ltr'><strong>animali.</strong></span> <span class='ocrx_word' id='word_1_702' title='bbox 3204 3746 3298 3801; x_wconf 84' lang='lat' dir='ltr'><strong>His</strong></span> <span class='ocrx_word' id='word_1_703' title='bbox 3330 3747 3496 3817; x_wconf 85' lang='lat' dir='ltr'><strong>igitur</strong></span> <span class='ocrx_word' id='word_1_704' title='bbox 3524 3750 3595 3804; x_wconf 89' lang='lat' dir='ltr'><strong>ita</strong></span> 
     </span>
    </p>
   </div>
   <div class='ocr_carea' id='block_1_96' title="bbox 2026 3838 3592 3912">
    <p class='ocr_par' dir='ltr' id='par_1_96' title="bbox 2026 3838 3592 3912">
     <span class='ocr_line' id='line_1_96' title="bbox 2026 3838 3592 3912; baseline 0.003 -19"><span class='ocrx_word' id='word_1_705' title='bbox 2026 3840 2234 3908; x_wconf 86' lang='lat' dir='ltr'><strong>positis,</strong></span> <span class='ocrx_word' id='word_1_706' title='bbox 2267 3843 2690 3907; x_wconf 90' lang='lat' dir='ltr'><strong>quotiescunque</strong></span> <span class='ocrx_word' id='word_1_707' title='bbox 2732 3838 2805 3891; x_wconf 84' lang='lat' dir='ltr'><strong>ita</strong></span> <span class='ocrx_word' id='word_1_708' title='bbox 2834 3838 3082 3903; x_wconf 75' lang='lat' dir='ltr'><strong>dicimus,</strong></span> <span class='ocrx_word' id='word_1_709' title='bbox 3138 3848 3195 3893; x_wconf 92' lang='lat' dir='ltr'><strong>ut</strong></span> <span class='ocrx_word' id='word_1_710' title='bbox 3244 3840 3446 3896; x_wconf 79' lang='lat' dir='ltr'><strong>litteras</strong></span> <span class='ocrx_word' id='word_1_711' title='bbox 3495 3859 3592 3912; x_wconf 92' lang='lat' dir='ltr'><strong>pro</strong></span> 
     </span>
    </p>
   </div>
   <div class='ocr_carea' id='block_1_97' title="bbox 2028 3926 3598 4002">
    <p class='ocr_par' dir='ltr' id='par_1_97' title="bbox 2028 3926 3598 4002">
     <span class='ocr_line' id='line_1_97' title="bbox 2028 3926 3598 4002; baseline 0.004 -21"><span class='ocrx_word' id='word_1_712' title='bbox 2028 3927 2269 3982; x_wconf 90' lang='lat' dir='ltr'><strong>terminis</strong></span> <span class='ocrx_word' id='word_1_713' title='bbox 2297 3927 2667 3995; x_wconf 83' lang='lat' dir='ltr'><strong>disponamus,</strong></span> <span class='ocrx_word' id='word_1_714' title='bbox 2702 3940 2805 3996; x_wconf 85' lang='lat' dir='ltr'><strong>pro</strong></span> <span class='ocrx_word' id='word_1_715' title='bbox 2833 3926 3092 3982; x_wconf 88' lang='lat' dir='ltr'><strong>brevitate</strong></span> <span class='ocrx_word' id='word_1_716' title='bbox 3136 3928 3237 3982; x_wconf 88' lang='lat' dir='ltr'><strong>hoc</strong></span> <span class='ocrx_word' id='word_1_717' title='bbox 3266 3940 3319 3983; x_wconf 89' lang='lat' dir='ltr'><strong>et</strong></span> <span class='ocrx_word' id='word_1_718' title='bbox 3344 3946 3598 4002; x_wconf 85' lang='lat' dir='ltr'><strong>compen-</strong></span> 
     </span>
    </p>
   </div>
   <div class='ocr_carea' id='block_1_98' title="bbox 2026 4015 3718 4084">
    <p class='ocr_par' dir='ltr' id='par_1_98' title="bbox 2026 4015 3718 4084">
     <span class='ocr_line' id='line_1_98' title="bbox 2026 4015 3718 4084; baseline 0.001 -13"><span class='ocrx_word' id='word_1_719' title='bbox 2026 4015 2117 4071; x_wconf 87' lang='lat' dir='ltr'><strong>dio</strong></span> <span class='ocrx_word' id='word_1_720' title='bbox 2156 4015 2401 4084; x_wconf 84' lang='lat' dir='ltr'><strong>facimus,</strong></span> <span class='ocrx_word' id='word_1_721' title='bbox 2431 4016 2480 4070; x_wconf 92' lang='lat' dir='ltr'><strong>id</strong></span> <span class='ocrx_word' id='word_1_722' title='bbox 2511 4016 2650 4084; x_wconf 89' lang='lat' dir='ltr'><strong>quod</strong></span> <span class='ocrx_word' id='word_1_723' title='bbox 2695 4030 2788 4082; x_wconf 90' lang='lat' dir='ltr'><strong>per</strong></span> <span class='ocrx_word' id='word_1_724' title='bbox 2810 4016 3014 4070; x_wconf 88' lang='lat' dir='ltr'><strong>litteras</strong></span> <span class='ocrx_word' id='word_1_725' title='bbox 3052 4016 3422 4075; x_wconf 83' lang='lat' dir='ltr'><strong>demonstrare</strong></span> <span class='ocrx_word' id='word_1_726' title='bbox 3449 4024 3600 4076; x_wconf 87' lang='lat' dir='ltr'><strong>volu-</strong></span> <span class='ocrx_word' id='word_1_727' title='bbox 3698 4057 3718 4073; x_wconf 88' lang='lat'><strong>.</strong></span> 
     </span>
    </p>
   </div>
   <div class='ocr_carea' id='block_1_99' title="bbox 2028 4105 3597 4167">
    <p class='ocr_par' dir='ltr' id='par_1_99' title="bbox 2028 4105 3597 4167">
     <span class='ocr_line' id='line_1_99' title="bbox 2028 4105 3597 4167; baseline 0.003 -6"><span class='ocrx_word' id='word_1_728' title='bbox 2028 4121 2148 4162; x_wconf 88' lang='lat' dir='ltr'><strong>mus</strong></span> <span class='ocrx_word' id='word_1_729' title='bbox 2196 4107 2568 4160; x_wconf 85' lang='lat' dir='ltr'><strong>universaliter</strong></span> <span class='ocrx_word' id='word_1_730' title='bbox 2620 4105 3069 4160; x_wconf 74' lang='lat' dir='ltr'><strong>demonstrantes.</strong></span> <span class='ocrx_word' id='word_1_731' title='bbox 3113 4105 3243 4161; x_wconf 80' lang='lat' dir='ltr'><strong>Nam</strong></span> <span class='ocrx_word' id='word_1_732' title='bbox 3289 4108 3514 4167; x_wconf 85' lang='lat' dir='ltr'><strong>fortasse</strong></span> <span class='ocrx_word' id='word_1_733' title='bbox 3546 4113 3597 4167; x_wconf 92' lang='lat' dir='ltr'><strong>in</strong></span> 
     </span>
    </p>
   </div>
   <div class='ocr_carea' id='block_1_100' title="bbox 2031 4193 3602 4264">
    <p class='ocr_par' dir='ltr' id='par_1_100' title="bbox 2031 4193 3602 4264">
     <span class='ocr_line' id='line_1_100' title="bbox 2031 4193 3602 4264; baseline 0.006 -14"><span class='ocrx_word' id='word_1_734' title='bbox 2031 4195 2275 4250; x_wconf 89' lang='lat' dir='ltr'><strong>terminis</strong></span> <span class='ocrx_word' id='word_1_735' title='bbox 2312 4196 2576 4264; x_wconf 90' lang='lat' dir='ltr'><strong>aliquibus</strong></span> <span class='ocrx_word' id='word_1_736' title='bbox 2621 4193 2818 4247; x_wconf 89' lang='lat' dir='ltr'><strong>falsum</strong></span> <span class='ocrx_word' id='word_1_737' title='bbox 2867 4196 3215 4263; x_wconf 82' lang='lat' dir='ltr'><strong>ingerendum</strong></span> <span class='ocrx_word' id='word_1_738' title='bbox 3248 4204 3467 4256; x_wconf 86' lang='lat' dir='ltr'><strong>necesse</strong></span> <span class='ocrx_word' id='word_1_739' title='bbox 3508 4204 3602 4261; x_wconf 85' lang='lat' dir='ltr'><strong>sit.</strong></span> 
     </span>
    </p>
   </div>
   <div class='ocr_carea' id='block_1_101' title="bbox 2030 4283 3603 4357">
    <p class='ocr_par' dir='ltr' id='par_1_101' title="bbox 2030 4283 3603 4357">
     <span class='ocr_line' id='line_1_101' title="bbox 2030 4283 3603 4357; baseline 0.008 -19"><span class='ocrx_word' id='word_1_740' title='bbox 2030 4284 2088 4338; x_wconf 91' lang='lat' dir='ltr'><strong>ln</strong></span> <span class='ocrx_word' id='word_1_741' title='bbox 2118 4285 2314 4339; x_wconf 89' lang='lat' dir='ltr'><strong>litteris</strong></span> <span class='ocrx_word' id='word_1_742' title='bbox 2342 4298 2471 4338; x_wconf 83' lang='lat' dir='ltr'><strong>vero</strong></span> <span class='ocrx_word' id='word_1_743' title='bbox 2521 4298 2791 4351; x_wconf 88' lang='lat' dir='ltr'><strong>nunquam</strong></span> <span class='ocrx_word' id='word_1_744' title='bbox 2843 4283 3097 4350; x_wconf 84' lang='lat' dir='ltr'><strong>fallimur,</strong></span> <span class='ocrx_word' id='word_1_745' title='bbox 3124 4289 3375 4357; x_wconf 83' lang='lat' dir='ltr'><strong>quoniam</strong></span> <span class='ocrx_word' id='word_1_746' title='bbox 3408 4296 3472 4347; x_wconf 88' lang='lat' dir='ltr'><strong>ad</strong></span> <span class='ocrx_word' id='word_1_747' title='bbox 3502 4294 3603 4350; x_wconf 88' lang='lat' dir='ltr'><strong>hoc</strong></span> 
     </span>
    </p>
   </div>
   <div class='ocr_carea' id='block_1_102' title="bbox 2032 4370 3598 4443">
    <p class='ocr_par' dir='ltr' id='par_1_102' title="bbox 2032 4370 3598 4443">
     <span class='ocr_line' id='line_1_102' title="bbox 2032 4370 3598 4443; baseline 0.008 -14"><span class='ocrx_word' id='word_1_748' title='bbox 2032 4376 2229 4429; x_wconf 88' lang='lat' dir='ltr'><strong>utimur</strong></span> <span class='ocrx_word' id='word_1_749' title='bbox 2270 4374 2455 4429; x_wconf 85' lang='lat' dir='ltr'><strong>litteris</strong></span> <span class='ocrx_word' id='word_1_750' title='bbox 2484 4374 2632 4443; x_wconf 91' lang='lat' dir='ltr'><strong>quasi</strong></span> <span class='ocrx_word' id='word_1_751' title='bbox 2668 4374 2921 4429; x_wconf 89' lang='lat' dir='ltr'><strong>terminos</strong></span> <span class='ocrx_word' id='word_1_752' title='bbox 2949 4370 3292 4443; x_wconf 86' lang='lat' dir='ltr'><strong>poneremus.</strong></span> <span class='ocrx_word' id='word_1_753' title='bbox 3320 4383 3374 4437; x_wconf 91' lang='lat' dir='ltr'><strong>ln</strong></span> <span class='ocrx_word' id='word_1_754' title='bbox 3401 4385 3598 4442; x_wconf 87' lang='lat' dir='ltr'><strong>litteris</strong></span> 
     </span>
    </p>
   </div>
   <div class='ocr_carea' id='block_1_103' title="bbox 1955 4466 3603 4562">
    <p class='ocr_par' dir='ltr' id='par_1_103' title="bbox 1955 4466 3603 4562">
     <span class='ocr_line' id='line_1_103' title="bbox 1955 4466 3603 4562; baseline 0.004 -42"><span class='ocrx_word' id='word_1_755' title='bbox 1955 4501 2009 4562; x_wconf 63' lang='grc' dir='ltr'><strong>υ</strong></span> <span class='ocrx_word' id='word_1_756' title='bbox 2034 4480 2162 4520; x_wconf 80' lang='lat' dir='ltr'><strong>vero</strong></span> <span class='ocrx_word' id='word_1_757' title='bbox 2191 4466 2342 4536; x_wconf 89' lang='lat' dir='ltr'><strong>ipsis,</strong></span> <span class='ocrx_word' id='word_1_758' title='bbox 2379 4466 2479 4520; x_wconf 88' lang='lat' dir='ltr'><strong>nisi</strong></span> <span class='ocrx_word' id='word_1_759' title='bbox 2514 4466 2861 4520; x_wconf 86' lang='lat' dir='ltr'><strong>terminorum</strong></span> <span class='ocrx_word' id='word_1_760' title='bbox 2885 4468 3192 4537; x_wconf 87' lang='lat' dir='ltr'><strong>conjunctio</strong></span> <span class='ocrx_word' id='word_1_761' title='bbox 3223 4490 3318 4543; x_wconf 87' lang='lat' dir='ltr'><strong>per</strong></span> <span class='ocrx_word' id='word_1_762' title='bbox 3350 4493 3408 4533; x_wconf 85' lang='lat' dir='ltr'><strong>se</strong></span> <span class='ocrx_word' id='word_1_763' title='bbox 3453 4481 3603 4535; x_wconf 74' lang='lat' dir='ltr'><strong>ﬁrma</strong></span> 
     </span>
    </p>
   </div>
   <div class='ocr_carea' id='block_1_104' title="bbox 2036 4555 3604 4637">
    <p class='ocr_par' dir='ltr' id='par_1_104' title="bbox 2036 4555 3604 4637">
     <span class='ocr_line' id='line_1_104' title="bbox 2036 4555 3604 4637; baseline 0.009 -26"><span class='ocrx_word' id='word_1_764' title='bbox 2036 4557 2323 4625; x_wconf 89' lang='lat' dir='ltr'><strong>valensque</strong></span> <span class='ocrx_word' id='word_1_765' title='bbox 2378 4555 2558 4620; x_wconf 89' lang='lat' dir='ltr'><strong>fuerit,</strong></span> <span class='ocrx_word' id='word_1_766' title='bbox 2619 4557 2723 4610; x_wconf 90' lang='lat' dir='ltr'><strong>ulla</strong></span> <span class='ocrx_word' id='word_1_767' title='bbox 2760 4572 2938 4627; x_wconf 13' lang='lat' dir='ltr'><strong>ant-que</strong></span> <span class='ocrx_word' id='word_1_768' title='bbox 2986 4566 3218 4629; x_wconf 84' lang='lat' dir='ltr'><strong>veritas,</strong></span> <span class='ocrx_word' id='word_1_769' title='bbox 3276 4584 3451 4637; x_wconf 86' lang='lat' dir='ltr'><strong>neque</strong></span> <span class='ocrx_word' id='word_1_770' title='bbox 3507 4572 3604 4625; x_wconf 84' lang='lat' dir='ltr'><strong>fal—</strong></span> 
     </span>
    </p>
   </div>
   <div class='ocr_carea' id='block_1_105' title="bbox 2034 4647 3605 4719">
    <p class='ocr_par' dir='ltr' id='par_1_105' title="bbox 2034 4647 3605 4719">
     <span class='ocr_line' id='line_1_105' title="bbox 2034 4647 3605 4719; baseline 0.01 -18"><span class='ocrx_word' id='word_1_771' title='bbox 2034 4649 2164 4701; x_wconf 83' lang='lat' dir='ltr'><strong>sitas</strong></span> <span class='ocrx_word' id='word_1_772' title='bbox 2190 4648 2505 4716; x_wconf 85' lang='lat' dir='ltr'><strong>reperietur.</strong></span> <span class='ocrx_word' id='word_1_773' title='bbox 2548 4647 2769 4712; x_wconf 82' lang='lat' dir='ltr'><strong>Quaties</strong></span> <span class='ocrx_word' id='word_1_774' title='bbox 2793 4649 2960 4719; x_wconf 80' lang='lat' dir='ltr'><strong>igitur</strong></span> <span class='ocrx_word' id='word_1_775' title='bbox 3007 4654 3150 4709; x_wconf 89' lang='lat' dir='ltr'><strong>aliud</strong></span> <span class='ocrx_word' id='word_1_776' title='bbox 3197 4658 3265 4713; x_wconf 90' lang='lat' dir='ltr'><strong>de</strong></span> <span class='ocrx_word' id='word_1_777' title='bbox 3312 4661 3417 4715; x_wconf 86' lang='lat' dir='ltr'><strong>alio</strong></span> <span class='ocrx_word' id='word_1_778' title='bbox 3460 4664 3605 4716; x_wconf 90' lang='lat' dir='ltr'><strong>omni</strong></span> 
     </span>
    </p>
   </div>
   <div class='ocr_carea' id='block_1_106' title="bbox 2034 4740 3606 4821">
    <p class='ocr_par' dir='ltr' id='par_1_106' title="bbox 2034 4740 3606 4821">
     <span class='ocr_line' id='line_1_106' title="bbox 2034 4740 3606 4821; baseline 0.01 -29"><span class='ocrx_word' id='word_1_779' title='bbox 2034 4740 2311 4809; x_wconf 68' lang='lat' dir='ltr'><strong>prmdicari</strong></span> <span class='ocrx_word' id='word_1_780' title='bbox 2339 4741 2584 4795; x_wconf 82' lang='lat' dir='ltr'><strong>volumus</strong></span> <span class='ocrx_word' id='word_1_781' title='bbox 2629 4743 2941 4809; x_wconf 87' lang='lat' dir='ltr'><strong>ostendere,</strong></span> <span class='ocrx_word' id='word_1_782' title='bbox 2974 4748 3052 4802; x_wconf 92' lang='lat' dir='ltr'><strong>sic</strong></span> <span class='ocrx_word' id='word_1_783' title='bbox 3083 4749 3347 4816; x_wconf 86' lang='lat' dir='ltr'><strong>ponimus.</strong></span> <span class='ocrx_word' id='word_1_784' title='bbox 3379 4752 3459 4807; x_wconf 91' lang='lat' dir='ltr'><strong>Sit</strong></span> <span class='ocrx_word' id='word_1_785' title='bbox 3499 4754 3606 4821; x_wconf 83' lang='lat' dir='ltr'><strong>pri-</strong></span> 
     </span>
    </p>
   </div>
   <div class='ocr_carea' id='block_1_107' title="bbox 2036 4832 3609 4907">
    <p class='ocr_par' dir='ltr' id='par_1_107' title="bbox 2036 4832 3609 4907">
     <span class='ocr_line' id='line_1_107' title="bbox 2036 4832 3609 4907; baseline 0.008 -21"><span class='ocrx_word' id='word_1_786' title='bbox 2036 4848 2153 4886; x_wconf 84' lang='lat' dir='ltr'><strong>mus</strong></span> <span class='ocrx_word' id='word_1_787' title='bbox 2192 4832 2449 4886; x_wconf 84' lang='lat' dir='ltr'><strong>terminus</strong></span> <span class='ocrx_word' id='word_1_788' title='bbox 2477 4849 2540 4897; x_wconf 89' lang='lat' dir='ltr'><strong>a,</strong></span> <span class='ocrx_word' id='word_1_789' title='bbox 2593 4835 2857 4889; x_wconf 79' lang='lat' dir='ltr'><strong>secundus</strong></span> <span class='ocrx_word' id='word_1_790' title='bbox 2911 4837 2973 4901; x_wconf 75' lang='grc' dir='ltr'><strong>ὁ,</strong></span> <span class='ocrx_word' id='word_1_791' title='bbox 3019 4847 3071 4893; x_wconf 86' lang='grc' dir='ltr'><strong>ει</strong></span> <span class='ocrx_word' id='word_1_792' title='bbox 3127 4840 3444 4907; x_wconf 65' lang='lat' dir='ltr'><strong>praedicetur</strong></span> <span class='ocrx_word' id='word_1_793' title='bbox 3471 4859 3503 4894; x_wconf 75' lang='grc' dir='ltr'><em>α</em></span> <span class='ocrx_word' id='word_1_794' title='bbox 3540 4843 3609 4898; x_wconf 84' lang='lat' dir='ltr'><strong>de</strong></span> 
     </span>
    </p>
   </div>
   <div class='ocr_carea' id='block_1_108' title="bbox 2034 4924 3617 5000">
    <p class='ocr_par' dir='ltr' id='par_1_108' title="bbox 2034 4924 3617 5000">
     <span class='ocr_line' id='line_1_108' title="bbox 2034 4924 3617 5000; baseline 0.008 -23"><span class='ocrx_word' id='word_1_795' title='bbox 2034 4925 2181 4978; x_wconf 89' lang='lat' dir='ltr'><strong>omni</strong></span> <span class='ocrx_word' id='word_1_796' title='bbox 2210 4925 2259 4977; x_wconf 87' lang='lat' dir='ltr'><strong>b.</strong></span> <span class='ocrx_word' id='word_1_797' title='bbox 2293 4924 2401 4978; x_wconf 85' lang='lat' dir='ltr'><strong>lluc</strong></span> <span class='ocrx_word' id='word_1_798' title='bbox 2428 4934 2609 4979; x_wconf 90' lang='lat' dir='ltr'><strong>autem</strong></span> <span class='ocrx_word' id='word_1_799' title='bbox 2650 4925 2719 4980; x_wconf 83' lang='lat' dir='ltr'><strong>ita</strong></span> <span class='ocrx_word' id='word_1_800' title='bbox 2751 4928 2981 4997; x_wconf 90' lang='lat' dir='ltr'><strong>accipito</strong></span> <span class='ocrx_word' id='word_1_801' title='bbox 3013 4938 3264 4997; x_wconf 88' lang='lat' dir='ltr'><strong>tanquam</strong></span> <span class='ocrx_word' id='word_1_802' title='bbox 3294 4933 3338 4985; x_wconf 90' lang='lat' dir='ltr'><strong>si</strong></span> <span class='ocrx_word' id='word_1_803' title='bbox 3371 4936 3617 5000; x_wconf 90' lang='lat' dir='ltr'><strong>posueri-</strong></span> 
     </span>
    </p>
   </div>
   <div class='ocr_carea' id='block_1_109' title="bbox 2045 5017 3615 5085">
    <p class='ocr_par' dir='ltr' id='par_1_109' title="bbox 2045 5017 3615 5085">
     <span class='ocr_line' id='line_1_109' title="bbox 2045 5017 3615 5085; baseline 0.006 -14"><span class='ocrx_word' id='word_1_804' title='bbox 2045 5032 2161 5071; x_wconf 86' lang='lat' dir='ltr'><strong>mus</strong></span> <span class='ocrx_word' id='word_1_805' title='bbox 2191 5034 2221 5069; x_wconf 91' lang='lat' dir='ltr'><strong>a</strong></span> <span class='ocrx_word' id='word_1_806' title='bbox 2250 5017 2469 5085; x_wconf 87' lang='lat' dir='ltr'><strong>animal,</strong></span> <span class='ocrx_word' id='word_1_807' title='bbox 2504 5017 2531 5070; x_wconf 71' lang='grc' dir='ltr'>ὁ</span> <span class='ocrx_word' id='word_1_808' title='bbox 2568 5017 2872 5073; x_wconf 81' lang='lat' dir='ltr'><strong>hominem.</strong></span> <span class='ocrx_word' id='word_1_809' title='bbox 2925 5022 3125 5077; x_wconf 87' lang='lat' dir='ltr'><strong>Eodem</strong></span> <span class='ocrx_word' id='word_1_810' title='bbox 3157 5023 3317 5077; x_wconf 92' lang='lat' dir='ltr'><strong>modo</strong></span> <span class='ocrx_word' id='word_1_811' title='bbox 3345 5032 3399 5078; x_wconf 91' lang='lat' dir='ltr'><strong>et</strong></span> <span class='ocrx_word' id='word_1_812' title='bbox 3424 5024 3493 5079; x_wconf 88' lang='lat' dir='ltr'><strong>de</strong></span> <span class='ocrx_word' id='word_1_813' title='bbox 3525 5042 3615 5081; x_wconf 84' lang='lat' dir='ltr'><strong>ne-</strong></span> 
     </span>
    </p>
   </div>
   <div class='ocr_carea' id='block_1_110' title="bbox 2044 5106 3617 5180">
    <p class='ocr_par' dir='ltr' id='par_1_110' title="bbox 2044 5106 3617 5180">
     <span class='ocr_line' id='line_1_110' title="bbox 2044 5106 3617 5180; baseline 0.006 -20"><span class='ocrx_word' id='word_1_814' title='bbox 2044 5108 2252 5177; x_wconf 87' lang='lat' dir='ltr'><strong>gativis.</strong></span> <span class='ocrx_word' id='word_1_815' title='bbox 2284 5106 2420 5160; x_wconf 82' lang='lat' dir='ltr'><strong>Nam</strong></span> <span class='ocrx_word' id='word_1_816' title='bbox 2466 5108 2511 5162; x_wconf 90' lang='lat' dir='ltr'><strong>si</strong></span> <span class='ocrx_word' id='word_1_817' title='bbox 2537 5107 2799 5173; x_wconf 91' lang='lat' dir='ltr'><strong>dicamus,</strong></span> <span class='ocrx_word' id='word_1_818' title='bbox 2826 5125 2858 5161; x_wconf 90' lang='lat' dir='ltr'><strong>a</strong></span> <span class='ocrx_word' id='word_1_819' title='bbox 2898 5109 2967 5165; x_wconf 90' lang='lat' dir='ltr'><strong>de</strong></span> <span class='ocrx_word' id='word_1_820' title='bbox 3013 5111 3158 5164; x_wconf 92' lang='lat' dir='ltr'><strong>nullo</strong></span> <span class='ocrx_word' id='word_1_821' title='bbox 3205 5111 3233 5163; x_wconf 78' lang='grc' dir='ltr'><strong>ὁ</strong></span> <span class='ocrx_word' id='word_1_822' title='bbox 3274 5113 3617 5180; x_wconf 63' lang='lat' dir='ltr'><strong>praedicatur,</strong></span> 
     </span>
    </p>
   </div>
   <div class='ocr_carea' id='block_1_111' title="bbox 2044 5199 3620 5270">
    <p class='ocr_par' dir='ltr' id='par_1_111' title="bbox 2044 5199 3620 5270">
     <span class='ocr_line' id='line_1_111' title="bbox 2044 5199 3620 5270; baseline 0.004 -18"><span class='ocrx_word' id='word_1_823' title='bbox 2044 5200 2150 5252; x_wconf 64' lang='lat' dir='ltr'><strong>ttle</strong></span> <span class='ocrx_word' id='word_1_824' title='bbox 2173 5207 2256 5252; x_wconf 90' lang='lat' dir='ltr'><strong>est</strong></span> <span class='ocrx_word' id='word_1_825' title='bbox 2284 5212 2347 5252; x_wconf 88' lang='lat' dir='ltr'><strong>ac</strong></span> <span class='ocrx_word' id='word_1_826' title='bbox 2386 5199 2430 5252; x_wconf 89' lang='lat' dir='ltr'><strong>si</strong></span> <span class='ocrx_word' id='word_1_827' title='bbox 2457 5200 2718 5266; x_wconf 90' lang='lat' dir='ltr'><strong>dicamus,</strong></span> <span class='ocrx_word' id='word_1_828' title='bbox 2749 5217 2800 5266; x_wconf 82' lang='grc' dir='ltr'><strong>α,</strong></span> <span class='ocrx_word' id='word_1_829' title='bbox 2848 5200 2986 5270; x_wconf 91' lang='lat' dir='ltr'><strong>quod</strong></span> <span class='ocrx_word' id='word_1_830' title='bbox 3013 5211 3096 5254; x_wconf 65' lang='lat' dir='ltr'><strong>Cal</strong></span> <span class='ocrx_word' id='word_1_831' title='bbox 3123 5202 3338 5261; x_wconf 83' lang='lat' dir='ltr'><strong>animal,</strong></span> <span class='ocrx_word' id='word_1_832' title='bbox 3374 5203 3439 5256; x_wconf 92' lang='lat' dir='ltr'><strong>de</strong></span> <span class='ocrx_word' id='word_1_833' title='bbox 3469 5206 3620 5259; x_wconf 94' lang='lat' dir='ltr'><strong>nullo</strong></span> 
     </span>
    </p>
   </div>
   <div class='ocr_carea' id='block_1_112' title="bbox 2048 5285 3615 5361">
    <p class='ocr_par' dir='ltr' id='par_1_112' title="bbox 2048 5285 3615 5361">
     <span class='ocr_line' id='line_1_112' title="bbox 2048 5285 3615 5361; baseline 0.006 -21"><span class='ocrx_word' id='word_1_834' title='bbox 2048 5285 2222 5355; x_wconf 88' lang='lat' dir='ltr'><strong>lapide</strong></span> <span class='ocrx_word' id='word_1_835' title='bbox 2244 5286 2584 5355; x_wconf 70' lang='lat' dir='ltr'><strong>prmdicatur,</strong></span> <span class='ocrx_word' id='word_1_836' title='bbox 2614 5290 2753 5357; x_wconf 88' lang='lat' dir='ltr'><strong>quod</strong></span> <span class='ocrx_word' id='word_1_837' title='bbox 2775 5299 2857 5343; x_wconf 88' lang='lat' dir='ltr'><strong>est</strong></span> <span class='ocrx_word' id='word_1_838' title='bbox 2886 5289 2934 5353; x_wconf 91' lang='lat' dir='ltr'><strong>b,</strong></span> <span class='ocrx_word' id='word_1_839' title='bbox 2966 5296 3020 5341; x_wconf 87' lang='lat' dir='ltr'><strong>et</strong></span> <span class='ocrx_word' id='word_1_840' title='bbox 3049 5290 3151 5342; x_wconf 84' lang='lat' dir='ltr'><strong>alia</strong></span> <span class='ocrx_word' id='word_1_841' title='bbox 3178 5305 3511 5361; x_wconf 57' lang='lat' dir='ltr'><strong>quacunque</strong></span> <span class='ocrx_word' id='word_1_842' title='bbox 3537 5298 3615 5349; x_wconf 87' lang='lat' dir='ltr'><strong>eis</strong></span> 
     </span>
    </p>
   </div>
   <div class='ocr_carea' id='block_1_113' title="bbox 2051 5377 3622 5450">
    <p class='ocr_par' dir='ltr' id='par_1_113' title="bbox 2051 5377 3622 5450">
     <span class='ocr_line' id='line_1_113' title="bbox 2051 5377 3622 5450; baseline 0.007 -20"><span class='ocrx_word' id='word_1_843' title='bbox 2051 5377 2246 5432; x_wconf 66' lang='lat' dir='ltr'><strong>fuerint</strong></span> <span class='ocrx_word' id='word_1_844' title='bbox 2292 5380 2608 5433; x_wconf 87' lang='lat' dir='ltr'><strong>consimilia.</strong></span> <span class='ocrx_word' id='word_1_845' title='bbox 2659 5381 2845 5434; x_wconf 89' lang='lat' dir='ltr'><strong>Omnis</strong></span> <span class='ocrx_word' id='word_1_846' title='bbox 2894 5389 3069 5434; x_wconf 91' lang='lat' dir='ltr'><strong>autem</strong></span> <span class='ocrx_word' id='word_1_847' title='bbox 3101 5382 3442 5450; x_wconf 80' lang='lat' dir='ltr'><strong>syllogismus</strong></span> <span class='ocrx_word' id='word_1_848' title='bbox 3491 5389 3622 5440; x_wconf 83' lang='lat' dir='ltr'><strong>sim-</strong></span> 
     </span>
    </p>
   </div>
   <div class='ocr_carea' id='block_1_114' title="bbox 2052 5470 3616 5541">
    <p class='ocr_par' dir='ltr' id='par_1_114' title="bbox 2052 5470 3616 5541">
     <span class='ocr_line' id='line_1_114' title="bbox 2052 5470 3616 5541; baseline 0.008 -20"><span class='ocrx_word' id='word_1_849' title='bbox 2052 5471 2169 5537; x_wconf 77' lang='lat' dir='ltr'><strong>plex</strong></span> <span class='ocrx_word' id='word_1_850' title='bbox 2201 5477 2237 5522; x_wconf 87' lang='grc' dir='ltr'><strong>ιι</strong></span> <span class='ocrx_word' id='word_1_851' title='bbox 2255 5470 2372 5524; x_wconf 84' lang='lat' dir='ltr'><strong>ibus</strong></span> <span class='ocrx_word' id='word_1_852' title='bbox 2396 5472 2637 5525; x_wconf 83' lang='lat' dir='ltr'><strong>terminis</strong></span> <span class='ocrx_word' id='word_1_853' title='bbox 2657 5471 3056 5526; x_wconf 87' lang='lat' dir='ltr'><strong>demonstratur</strong></span> <span class='ocrx_word' id='word_1_854' title='bbox 3076 5482 3237 5541; x_wconf 90' lang='lat' dir='ltr'><strong>atque</strong></span> <span class='ocrx_word' id='word_1_855' title='bbox 3256 5476 3616 5533; x_wconf 88' lang='lat' dir='ltr'><strong>concluditur.</strong></span> 
     </span>
    </p>
   </div>
   <div class='ocr_carea' id='block_1_115' title="bbox 2046 5561 3617 5636">
    <p class='ocr_par' dir='ltr' id='par_1_115' title="bbox 2046 5561 3617 5636">
     <span class='ocr_line' id='line_1_115' title="bbox 2046 5561 3617 5636; baseline 0.005 -20"><span class='ocrx_word' id='word_1_856' title='bbox 2046 5561 2152 5618; x_wconf 90' lang='lat' dir='ltr'><strong>Sed</strong></span> <span class='ocrx_word' id='word_1_857' title='bbox 2182 5564 2331 5632; x_wconf 90' lang='lat' dir='ltr'><strong>prius</strong></span> <span class='ocrx_word' id='word_1_858' title='bbox 2356 5563 2588 5632; x_wconf 89' lang='lat' dir='ltr'><strong>ipsorum</strong></span> <span class='ocrx_word' id='word_1_859' title='bbox 2616 5564 3044 5634; x_wconf 87' lang='lat' dir='ltr'><strong>syllogismorum</strong></span> <span class='ocrx_word' id='word_1_860' title='bbox 3065 5564 3258 5633; x_wconf 87' lang='lat' dir='ltr'><strong>ﬁguras</strong></span> <span class='ocrx_word' id='word_1_861' title='bbox 3275 5569 3617 5636; x_wconf 88' lang='lat' dir='ltr'><strong>aspiciamus,</strong></span> 
     </span>
    </p>
   </div>
   <div class='ocr_carea' id='block_1_116' title="bbox 2049 5654 3611 5723">
    <p class='ocr_par' dir='ltr' id='par_1_116' title="bbox 2049 5654 3611 5723">
     <span class='ocr_line' id='line_1_116' title="bbox 2049 5654 3611 5723; baseline 0.004 -16"><span class='ocrx_word' id='word_1_862' title='bbox 2049 5663 2170 5721; x_wconf 91' lang='lat' dir='ltr'><strong>post</strong></span> <span class='ocrx_word' id='word_1_863' title='bbox 2188 5670 2316 5708; x_wconf 88' lang='lat' dir='ltr'><strong>vero</strong></span> <span class='ocrx_word' id='word_1_864' title='bbox 2336 5654 2405 5709; x_wconf 91' lang='lat' dir='ltr'><strong>de</strong></span> <span class='ocrx_word' id='word_1_865' title='bbox 2426 5656 2602 5708; x_wconf 90' lang='lat' dir='ltr'><strong>modis</strong></span> <span class='ocrx_word' id='word_1_866' title='bbox 2622 5654 3006 5723; x_wconf 86' lang='lat' dir='ltr'><strong>ordinibusque</strong></span> <span class='ocrx_word' id='word_1_867' title='bbox 3031 5669 3214 5710; x_wconf 89' lang='lat' dir='ltr'><strong>eorum</strong></span> <span class='ocrx_word' id='word_1_868' title='bbox 3246 5658 3611 5714; x_wconf 79' lang='lat' dir='ltr'><strong>tractabimus.</strong></span> 
     </span>
    </p>
   </div>
   <div class='ocr_carea' id='block_1_117' title="bbox 2049 5743 3625 5816">
    <p class='ocr_par' dir='ltr' id='par_1_117' title="bbox 2049 5743 3625 5816">
     <span class='ocr_line' id='line_1_117' title="bbox 2049 5743 3625 5816; baseline 0.005 -19"><span class='ocrx_word' id='word_1_869' title='bbox 2049 5743 2241 5800; x_wconf 73' lang='lat' dir='ltr'><strong>&#39;l&#39;riltus</strong></span> <span class='ocrx_word' id='word_1_870' title='bbox 2268 5744 2431 5813; x_wconf 88' lang='lat' dir='ltr'><strong>igitur</strong></span> <span class='ocrx_word' id='word_1_871' title='bbox 2460 5744 2703 5800; x_wconf 90' lang='lat' dir='ltr'><strong>terminis</strong></span> <span class='ocrx_word' id='word_1_872' title='bbox 2734 5744 2801 5798; x_wconf 85' lang='lat' dir='ltr'><strong>ita</strong></span> <span class='ocrx_word' id='word_1_873' title='bbox 2836 5745 3049 5812; x_wconf 87' lang='lat' dir='ltr'><strong>positis,</strong></span> <span class='ocrx_word' id='word_1_874' title='bbox 3088 5756 3143 5799; x_wconf 92' lang='lat' dir='ltr'><strong>ut</strong></span> <span class='ocrx_word' id='word_1_875' title='bbox 3169 5760 3331 5816; x_wconf 79' lang='lat' dir='ltr'><strong>prope</strong></span> <span class='ocrx_word' id='word_1_876' title='bbox 3362 5762 3419 5804; x_wconf 89' lang='lat' dir='ltr'><strong>se</strong></span> <span class='ocrx_word' id='word_1_877' title='bbox 3446 5760 3495 5803; x_wconf 90' lang='lat' dir='ltr'><strong>et</strong></span> <span class='ocrx_word' id='word_1_878' title='bbox 3521 5752 3625 5809; x_wconf 80' lang='lat' dir='ltr'><strong>sibi</strong></span> 
     </span>
    </p>
   </div>
   <div class='ocr_carea' id='block_1_118' title="bbox 3020 5832 3099 5895">
    <p class='ocr_par' dir='ltr' id='par_1_118' title="bbox 3020 5832 3099 5895">
     <span class='ocr_line' id='line_1_118' title="bbox 3020 5832 3099 5895; baseline -0.013 0"><span class='ocrx_word' id='word_1_879' title='bbox 3020 5832 3099 5895; x_wconf 80' lang='lat'><strong>25</strong></span> 
     </span>
    </p>
   </div>
  </div>
