4112 6332
575 343 674 399 8M

1800 345 1910 400 AN.
1952 344 2157 399 MANL.
2198 345 2346 402 SEV.
2391 346 2612 401 BOETll

3700 357 3803 411 812

575 458 809 514 connexi
837 458 960 523 sint,
996 465 1105 513 tres
1140 471 1244 513 non
1273 459 1410 513 ultra
1445 458 1558 514 ﬁeri
1600 457 1999 524 complexiones
2046 473 2138 512 ne—
2165 459 2215 517 Α
2241 458 2379 527 quod
2426 459 2631 515 videtur
2663 460 2978 514 universalis
3027 460 3310 517 afﬁrmatio
3355 479 3637 523 conversa.
3667 468 3800 526 Nam

572 558 812 606 cesseest
834 548 1102 603 hocmodo
1131 565 1143 601 ε
1172 546 1242 604 sit
1266 549 1403 605 enim
1425 566 1477 617 a,
1507 550 1574 604 sit
1598 549 1645 615 ὁ,
1678 550 1746 604 sit
1774 565 1799 601 c
1824 565 1838 614 ;
1867 560 1952 603 aut
1982 550 2122 604 enim

568 658 602 697 α
625 645 691 698 de
729 640 757 694 ὸ
797 640 1193 709 praedicabitur,
1233 649 1288 695 et
1326 641 1354 693 b
1382 640 1448 695 de
1472 658 1529 708 ε,
1558 650 1650 696 aut
1677 652 1821 697 certe
1849 658 1881 694 α
1917 652 1972 698 et
1998 642 2065 697 de
2095 642 2122 693 b

566 733 937 804 praedicabitur
975 741 1029 788 et
1055 732 1123 787 de
1148 748 1204 799 c,
1248 733 1330 788 vel
1368 732 1558 789 iisdem
1596 735 1725 803 ipsis
1751 751 1785 788 a
1813 744 1867 791 et
1891 736 1920 789 ὁ
1960 753 1987 790 c
2016 747 2121 790 ter-

565 826 739 881 minus
767 823 1032 880 videbitur
1059 837 1178 878 esse
1211 823 1501 893 subjectus.
1531 823 1614 880 Sit
1642 825 1785 880 enim
1831 842 1864 879 α
1900 826 2118 891 bonum,

563 915 635 971 sit
660 915 929 984 bjustum,
957 913 1027 969 sit
1054 929 1082 966 c
1110 912 1300 979 virtus,
1343 922 1433 969 aut
1461 915 1602 970 enim
1631 932 1686 983 a,
1731 915 1784 970 id
1814 925 1897 971 est
1924 915 2119 971 bonum

563 1007 665 1063 erit
687 1006 743 1062 in
768 1006 913 1060 omni
934 1005 983 1071 ὁ,
1017 1004 1068 1059 id
1097 1012 1182 1060 est
1197 1004 1372 1074 justo,
1401 1012 1455 1060 et
1479 1005 1707 1071 dicetur,
1734 1021 1891 1061 omne
1916 1006 2117 1076 justum

561 1101 757 1157 bonum
803 1106 907 1165 est,
945 1106 999 1153 et
1026 1098 1151 1153 item
1178 1097 1205 1149 b
1231 1096 1433 1166 justum
1462 1097 1515 1152 in
1560 1096 1704 1151 omni
1730 1112 1778 1162 c,
1810 1096 1861 1151 id
1891 1106 1973 1151 est
2014 1096 2119 1150 vir-

562 1201 695 1258 tute,
741 1199 795 1247 et
843 1190 1066 1258 dicetur,
1114 1189 1289 1244 omnis
1335 1189 1501 1243 virtus
1538 1187 1681 1258 justa
1726 1196 1831 1243 est.
1866 1189 1932 1243 Et
1960 1197 2118 1244 erunt

560 1282 861 1353 hujusmodi
904 1282 1292 1352 propositiones
1320 1297 1334 1334 :
1366 1295 1525 1335 omne
1550 1280 1752 1350 justum
1783 1280 1978 1335 bonum
2013 1291 2112 1347 est,

522 1446 525 1453 ἡ
558 1384 613 1429 et
639 1374 811 1429 omnis
840 1372 1006 1428 virtus
1030 1371 1169 1441 justa
1197 1380 1298 1440 est,
1327 1380 1417 1425 aut
1442 1387 1495 1435 a,
1527 1372 1579 1426 id
1606 1380 1690 1427 est
1718 1372 1936 1438 bonum,
1966 1372 2038 1427 de
2062 1374 2112 1437 b,

557 1466 699 1536 quod
736 1464 937 1535 justum
974 1472 1076 1528 est,
1102 1472 1154 1519 et
1181 1463 1247 1518 de
1279 1478 1328 1527 c,
1366 1462 1507 1532 quod
1537 1463 1702 1516 virtus
1728 1469 1829 1528 est,
1863 1462 2115 1533 praedica-

557 1558 729 1623 bitur,
759 1564 817 1611 ut
851 1556 919 1611 sit
944 1570 1101 1611 omne
1129 1556 1325 1625 justum
1367 1554 1564 1609 bonum
1609 1562 1715 1620 est,
1745 1555 1922 1610 omnis
1949 1555 2115 1610 virtus

555 1648 693 1705 bona
719 1654 839 1713 est,
865 1656 954 1700 aut
1000 1654 1145 1701 certe
1190 1661 1223 1697 a
1274 1645 1490 1709 bonum,
1524 1644 1551 1697 ὁ
1586 1644 1759 1713 justo,
1791 1652 1846 1699 et
1874 1661 1901 1697 c
1931 1645 2112 1699 virtuti

554 1736 868 1807 subiacebit,
917 1745 976 1791 ut
1015 1736 1239 1801 dicatur,
1272 1748 1430 1790 omne
1465 1734 1662 1788 bonum
1686 1734 1890 1802 justum
1919 1742 2022 1800 est,
2055 1743 2112 1788 et

2230 549 2298 605 de
2337 550 2436 604 hoc
2463 564 2673 620 quoque
2715 552 2959 618 superius
2997 553 3196 607 dictum
3225 562 3327 608 est.
3355 555 3512 610 Modo
3541 572 3668 613 vero
3699 562 3801 617 hoc

2228 639 2396 693 solum
2440 651 2736 694 monstrare
2777 642 3039 704 volumus,
3085 642 3226 710 quod
3266 644 3384 713 quat;
3424 656 3551 701 sunt
3595 648 3649 701 in
3680 657 3794 710 toto

2228 729 2372 797 paria
2410 729 2524 784 sola
2569 738 2964 785 convertantur.
2997 731 3106 785 Hoc
3136 740 3313 787 tamen
3343 735 3562 802 prodest
3605 736 3673 791 ad
3703 753 3794 793 os-

2229 819 2521 874 tensionem
2566 819 2999 889 syllogismorum
3043 837 3163 891 qua:
3209 823 3271 877 ﬁt
3301 824 3352 877 in
3382 825 3606 891 circulo,
3638 843 3796 896 quam

2226 909 2280 962 in
2327 908 2621 979 Analyticis
2648 908 2901 964 diximus.
2945 909 3023 965 Ac
3052 911 3118 965 de
3157 912 3324 981 prima
3354 914 3793 985 Syllogismorum

2222 996 2655 1067 Categoricorum
2684 1000 2853 1069 ﬁgura
2901 1001 3208 1071 expeditum
3238 1012 3340 1058 est.
3379 1005 3627 1060 Secunda
3665 1023 3796 1064 vero

2223 1090 2387 1161 ﬁgura
2414 1099 2497 1147 est
2535 1094 2747 1162 quoties
2771 1109 2803 1147 a
2834 1096 3092 1150 terminus
3127 1097 3196 1151 de
3223 1099 3462 1168 utrisque
3491 1101 3519 1152 b
3546 1110 3602 1156 et
3629 1117 3655 1153 ε
3684 1110 3795 1157 ter-

2222 1180 2379 1236 minis
2408 1182 2725 1251 prmdicatur
2750 1186 2852 1238 hoc
2880 1184 3041 1239 modo
3067 1202 3080 1237 :
3111 1186 3167 1240 Si
3196 1188 3337 1241 enim
3361 1188 3505 1244 dicas
3532 1207 3565 1243 a
3591 1191 3792 1247 bonum

2221 1273 2286 1327 de
2326 1274 2471 1327 omni
2499 1274 2526 1327 b
2551 1273 2720 1343 justo,
2754 1282 2810 1328 ut
2837 1276 2904 1329 sit
2935 1275 3035 1331 hoc
3081 1277 3241 1331 modo
3281 1280 3594 1347 propasitio,
3628 1295 3791 1337 omne

2214 1362 2416 1432 justum
2460 1363 2659 1419 bonum
2698 1374 2809 1432 est,
2841 1375 2895 1419 et
2923 1365 3046 1421 inde
3071 1384 3102 1420 α
3130 1368 3327 1422 bonum
3354 1370 3422 1423 de
3446 1371 3592 1425 omni
3622 1388 3651 1425 c
3676 1373 3786 1427 vir-

2222 1461 2350 1518 tute,
2386 1463 2444 1508 ut
2467 1455 2635 1523 dicas,
2676 1457 2852 1511 omnis
2883 1459 3049 1513 virtus
3082 1458 3279 1513 bonum
3323 1469 3432 1527 est,
3462 1463 3635 1518 solum
3663 1480 3697 1518 α
3722 1464 3790 1521 de

2219 1546 2457 1617 utrisque
2485 1548 2512 1601 b
2541 1557 2595 1603 et
2628 1565 2654 1602 ε
2683 1550 2926 1605 terminis
2959 1552 3291 1619 praedicasti,
3317 1564 3370 1610 et
3414 1556 3518 1612 erit
3546 1557 3663 1614 hac
3701 1575 3790 1616 se-

2216 1637 2386 1692 cunda
2432 1639 2616 1707 ﬁgura.
2656 1640 2858 1695 Medius
2897 1651 3076 1697 autem
3123 1649 3378 1700 terminus
3408 1648 3459 1702 in
3492 1651 3590 1703 bac
3619 1646 3783 1719 ﬁgura

2215 1729 2316 1784 erit
2345 1729 2436 1799 qui
2482 1730 2548 1785 de
2575 1732 2812 1800 utrisque
2859 1733 3195 1801 praedicatur,
3228 1737 3281 1791 id
3310 1746 3393 1791 est
3430 1754 3483 1791 a.
3515 1738 3786 1793 Extremi-

526 1843 711 1885 ‘omne
738 1828 938 1883 bonum
984 1827 1147 1882 virtus
1179 1836 1279 1881 est.
1321 1826 1377 1880 ln
1418 1826 1521 1880 bac
1565 1826 1706 1881 enim
1738 1825 2108 1895 complexione
2141 1828 2186 1886 B
2213 1824 2349 1872 lates
2373 1833 2500 1873 vero
2520 1833 2581 1874 ea
2608 1834 2728 1889 quae
2756 1821 2991 1890 subjecta
3018 1832 3173 1888 sunt,
3204 1825 3257 1880 id
3286 1834 3369 1880 est
3397 1826 3425 1879 b
3454 1834 3508 1881 et
3532 1842 3578 1881 c.
3613 1827 3784 1897 Major

552 1920 583 1973 b
607 1927 661 1974 et
698 1934 726 1972 c
751 1917 818 1973 de
842 1916 955 1971 solo
975 1932 1006 1970 a
1031 1919 1256 1970 termino
1289 1914 1668 1983 praedicantur.
1696 1909 1798 1971 Ubi
1839 1930 1966 1970 vero
1990 1932 2023 1968 a
2042 1916 2111 1971 de

550 2013 693 2069 omni
726 2014 754 2065 ὸ
782 2011 1031 2076 termino,
1081 2017 1137 2064 et
1181 2009 1210 2062 b
1260 2010 1385 2064 item
1440 2008 1761 2078 praedicatur
1788 2006 1856 2064 de
1884 2008 2027 2064 omni
2059 2025 2106 2064 c.

548 2100 695 2157 Hanc
725 2100 942 2171 ﬁguram
974 2113 1105 2155 voco
1133 2097 1354 2167 primam
1374 2112 1492 2169 qua:
1512 2097 1771 2153 difﬁnitur
1798 2098 1876 2153 sic
1897 2116 1909 2150 :
1934 2098 2109 2153 Prima

548 2193 714 2263 ﬁgura
734 2203 816 2249 est
842 2192 896 2247 in
925 2207 1028 2262 qua
1058 2190 1102 2245 is
1139 2191 1226 2261 qui
1255 2190 1525 2259 subjectus
1555 2199 1640 2245 est
1679 2190 1746 2244 de
1780 2190 1885 2243 alio
1918 2189 2107 2257 praedi-

544 2294 714 2340 catur.
745 2283 981 2352 Namque
1010 2283 1067 2350 b,
1093 2282 1234 2353 quod
1269 2299 1301 2335 a
1326 2282 1555 2337 termino
1579 2281 1879 2351 subjectum
1905 2266 2008 2348 est,
2038 2281 2106 2335 ad

545 2377 720 2432 citem
749 2376 1031 2430 terminum
1061 2373 1396 2443 praedicatur.
1429 2372 1804 2427 Extremitates
1832 2386 1964 2428 vero
1984 2372 2105 2427 dico

545 2465 703 2536 hujus
748 2464 930 2536 ﬁgura:
979 2464 1118 2534 quod
1167 2462 1488 2533 praedicatur
1534 2472 1588 2516 et
1633 2461 1773 2531 quod
1804 2462 2100 2531 subjectum

541 2564 643 2621 est,
675 2555 728 2610 id
754 2562 838 2611 est
875 2571 907 2609 a
936 2570 980 2607 c.
1012 2552 1250 2624 Namque
1285 2570 1316 2605 a
1346 2552 1665 2621 prredicatur
1689 2552 1757 2607 de
1792 2553 1819 2606 b
1852 2553 2109 2618 termino,-

540 2665 567 2702 ο
594 2661 721 2703 vero
742 2647 998 2701 terminus
1031 2646 1059 2698 b
1100 2643 1329 2700 termino
1374 2643 1634 2710 subjaeet.
1664 2643 1891 2697 Medium
1920 2653 2100 2699 autem

540 2736 667 2792 illud
703 2750 835 2791 voco
858 2734 998 2805 quod
1039 2733 1132 2789 alii
1158 2734 1419 2802 subjaeet,
1444 2741 1502 2788 et
1528 2732 1596 2787 de
1622 2732 1730 2787 alio
1762 2733 2097 2801 pradicatur,

540 2826 593 2881 id
618 2834 701 2881 est
742 2825 790 2878 ὁ.
839 2824 970 2879 Nam
1000 2824 1029 2877 ὁ
1071 2823 1332 2879 terminus
1376 2838 1408 2875 a
1439 2823 1665 2877 termino
1693 2822 1954 2891 subjaeet,
1985 2824 2053 2879 de
2072 2839 2099 2877 c

536 2931 666 2970 vero
695 2916 922 2971 termino
946 2914 1282 2984 praedicatur.
1312 2914 1478 2981 Major
1504 2927 1631 2968 vero
1651 2914 1962 2969 extremitas
1985 2923 2093 2981 est,

536 3020 655 3075 qua:
680 3007 847 3075 prima
880 3005 1217 3075 praedicatur,
1251 3004 1304 3058 id
1333 3013 1415 3057 est
1448 3021 1498 3057 a.
1530 3003 1768 3073 Namque
1797 3004 1939 3059 idem
1978 3022 2010 3057 a
2032 3004 2099 3057 de

535 3096 564 3149 ι
596 3096 825 3150 termino
865 3093 1200 3163 praedicatur.
1251 3092 1422 3146 Minor
1470 3106 1597 3147 vero
1635 3106 1754 3162 quae
1784 3093 1962 3148 medio
1989 3100 2096 3148 ter-

2214 1920 2341 1961 vero
2368 1908 2679 1964 extremitas
2705 1919 2789 1964 est
2812 1911 2881 1967 de
2905 1927 3008 1981 qua
3041 1914 3214 1982 primo
3252 1930 3285 1967 a
3313 1916 3572 1971 terminus
3598 1918 3784 1986 appel—

2212 1996 2369 2059 latur.
2402 1996 2453 2053 id
2494 2008 2579 2053 est
2606 2001 2633 2053 b
2658 2000 2896 2068 justum;
2925 2002 3009 2056 vel
3036 2002 3082 2056 si
3109 2003 3176 2057 ad
3201 2020 3228 2056 c
3260 2005 3431 2073 primo
3461 2007 3782 2073 praedicabi—

2211 2096 2315 2154 tur,
2347 2106 2373 2142 c
2402 2090 2660 2145 terminus
2701 2092 2870 2159 major
2898 2095 3203 2149 extremitas
3246 2098 3541 2154 invenitur.
3574 2098 3783 2155 Idcirco

2207 2182 2347 2251 quod
2378 2198 2439 2237 ea
2468 2182 2783 2238 extremitas
2819 2185 2887 2240 de
2914 2200 3017 2254 qua
3047 2186 3253 2242 medius
3284 2190 3540 2245 terminus
3597 2194 3780 2260 primo

2207 2282 2544 2350 praedicatur,
2576 2282 2626 2336 in
2668 2283 3010 2339 conclusione
3056 2286 3167 2353 ipsa
3208 2301 3422 2359 quoque
3464 2289 3780 2357 praedicabi-

2206 2379 2309 2433 tur,
2353 2382 2409 2425 ut
2457 2373 2719 2440 posterius
2769 2371 3241 2428 demonstrandum
3288 2386 3390 2429 est.
3426 2378 3599 2434 Minor
3646 2394 3780 2434 vero

2203 2463 2515 2516 extremitas
2558 2463 2691 2529 erit,
2721 2463 2787 2517 ad
2815 2463 2954 2532 quod
2988 2463 3194 2519 medius
3226 2467 3482 2520 terminus
3511 2470 3779 2534 posterius

2203 2551 2602 2620 prmdicabitur.
2633 2554 2811 2608 Tertia
2839 2569 2965 2608 vero
2995 2554 3162 2623 ﬁgura
3202 2565 3315 2622 est,
3345 2556 3553 2623 quoties
3576 2574 3630 2609 η’
3649 2567 3705 2613 et
3748 2559 3779 2612 b

2203 2644 2417 2699 termini
2445 2643 2513 2700 de
2542 2659 2651 2699 uno
2677 2662 2704 2697 c
2747 2645 3123 2715 praedicantur.
3152 2644 3208 2701 Si
3252 2648 3370 2716 quis
3406 2647 3547 2702 enim
3579 2650 3776 2717 praedi-

2199 2744 2283 2789 cet
2308 2751 2371 2800 a,
2400 2734 2452 2789 id
2478 2746 2559 2790 est
2588 2735 2782 2790 bonum
2801 2776 2816 2800 ,
2846 2736 2914 2790 de
2950 2754 2997 2804 c,
3032 2736 3085 2791 id
3114 2745 3196 2793 est
3217 2733 3432 2803 “virtute,
3472 2748 3529 2793 ut
3568 2742 3639 2794 sit
3671 2742 3774 2795 ltu-

2194 2823 2427 2892 jusmodi
2458 2826 2770 2893 propositio,
2810 2827 2982 2881 omnis
3013 2827 3180 2881 virtus
3215 2826 3412 2882 bonum
3441 2831 3552 2893 est;
3582 2829 3712 2883 item
3742 2833 3772 2884 b

2198 2914 2515 2983 praedicetur
2539 2914 2606 2969 de
2632 2930 2679 2979 c,
2708 2926 2764 2968 ut
2798 2915 2887 2979 sit,
2916 2917 3089 2971 omnis
3117 2917 3285 2971 virtus
3306 2916 3507 2986 justum
3536 2919 3641 2982 eSt,
3666 2926 3773 2972 ter-

2198 3001 2323 3055 tiam
2355 3002 2574 3072 ﬁguram
2608 3004 2754 3058 facit.
2785 3004 2842 3058 ln
2870 3006 2968 3059 hac
2997 3014 3125 3060 vero
3155 3004 3318 3075 ﬁgura
3347 3006 3555 3062 medius
3585 3009 3775 3062 terrui-

2198 3105 2297 3145 nus
2320 3092 2420 3146 erit
2448 3093 2536 3162 qui
2565 3096 2800 3163 utrisque
2826 3095 3096 3164 subjectus
3130 3104 3239 3159 est,
3268 3094 3319 3149 id
3350 3104 3432 3150 est
3454 3112 3499 3149 c.
3528 3096 3773 3166 Namque

536 3183 682 3239 mino
727 3183 1025 3251 subjicitur,
1050 3182 1101 3236 id
1124 3191 1206 3236 est
1234 3197 1286 3245 c,
1318 3194 1549 3251 namque
1573 3197 1599 3234 c
1630 3182 1888 3237 terminus
1916 3182 2093 3238 medio
2122 3193 2168 3257 α
2196 3179 2262 3233 ἅτ·
2285 3195 2312 3233 c
2349 3182 2573 3236 termino
2597 3198 2627 3234 a
2652 3192 2702 3236 et
2731 3183 2759 3235 b
2790 3184 3001 3238 termini
3034 3185 3405 3253 praedicantur.
3435 3186 3601 3255 Major
3628 3201 3761 3240 vero

537 3272 789 3338 termino,
821 3272 873 3329 id
898 3282 981 3327 est
1009 3273 1058 3339 b,
1088 3270 1359 3341 subjectus
1387 3279 1507 3336 est;
1538 3272 1606 3327 de
1647 3286 1714 3327 eo
1750 3273 1890 3327 enim
1919 3272 1948 3325 b
1976 3288 2092 3329 me-

533 3367 653 3422 dius
675 3366 932 3420 terminus
971 3363 1182 3419 dicitur.
1216 3363 1384 3433 Major
1422 3377 1548 3418 vero
1591 3363 1848 3419 terminus
1874 3381 1905 3418 a
1931 3379 2093 3420 voca-

535 3466 619 3513 tus
642 3464 727 3512 est
756 3495 771 3521 ,
806 3455 857 3510 id
885 3462 967 3511 est
991 3455 1080 3525 qui
1113 3455 1454 3523 prted‘catur,
1489 3454 1741 3523 quoniam
1772 3468 1930 3510 omne
1960 3470 2095 3523 prte-

530 3549 762 3605 dicatum
809 3549 876 3604 ab
922 3562 987 3604 eo
1027 3547 1095 3603 de
1129 3561 1235 3616 quo
1264 3545 1580 3616 praedicatur
1609 3545 1779 3615 majus
1809 3556 1911 3601 est.
1946 3545 2011 3601 Et
2040 3546 2092 3601 in

528 3641 873 3696 conclusione
892 3680 907 3703 ,
950 3641 1089 3694 sicut
1118 3637 1171 3692 in
1201 3636 1369 3707 prima
1417 3636 1801 3705 propositione,
1825 3650 2037 3705 semper
2061 3653 2093 3689 a

529 3733 786 3787 terminus
818 3729 1163 3796 praedicatur,
1197 3746 1229 3781 α
1267 3730 1406 3784 enim
1439 3728 1648 3782 bonum
1678 3729 1999 3797 praedicatur
2025 3729 2093 3784 de

528 3824 557 3877 ὁ
580 3823 749 3893 justo,
777 3830 830 3875 et
858 3821 1070 3885 dicitur,
1104 3834 1261 3873 omne
1298 3819 1498 3887 justum
1524 3819 1717 3873 bonum
1748 3828 1852 3883 est,
1894 3819 1923 3871 ὸ
1964 3833 2094 3874 vero

528 3910 733 3966 medius
774 3910 1031 3965 terminus
1075 3907 1389 3976 prmdicatur
1417 3907 1484 3963 de
1513 3923 1560 3971 c,
1593 3915 1645 3959 rt
1672 3907 1886 3971 dicitur,
1915 3909 2088 3962 omnis

525 4005 693 4057 virtus
718 4003 860 4072 justa
887 4010 988 4057 est.
1036 4000 1116 4054 Ex
1160 4000 1243 4054 his
1273 4000 1432 4068 igitur
1474 4000 1813 4053 concluditur
1843 4000 1895 4053 in
1924 4000 2087 4068 syllo-

524 4095 716 4166 gismo,
756 4093 929 4148 omnis
963 4094 1129 4147 virtus
1157 4091 1352 4146 bonum
1377 4100 1480 4157 est,
1511 4097 1565 4146 et
1615 4107 1647 4143 a
1678 4090 1872 4145 bonum
1907 4090 2083 4143 nomi-

524 4184 733 4240 nabitur
761 4183 828 4239 de
869 4199 895 4235 c
942 4184 1136 4238 virtute
1157 4222 1172 4248 ,
1210 4193 1368 4250 atque
1398 4180 1519 4236 ideo
1548 4181 1719 4250 major
1749 4198 1780 4234 a
1812 4181 1966 4234 nobis
1996 4195 2088 4234 ex-

450 4332 453 4337 .
524 4275 764 4331 tremitas
818 4275 1129 4343 appellatur.
1179 4274 1234 4328 Id
1289 4287 1414 4328 vero
1450 4273 1758 4328 meminisse
1804 4272 2082 4337 debemus,

520 4366 662 4435 quod
690 4380 752 4421 ea
783 4381 900 4435 qum
932 4365 1076 4432 paria
1101 4374 1224 4418 sunt
1253 4364 1547 4432 retorqueri
1577 4370 1819 4431 possunt,
1858 4370 1911 4416 et
1939 4361 2003 4413 ad
2028 4375 2086 4415 se

521 4456 743 4511 invicem
767 4455 1061 4523 prmdicari,
1091 4464 1145 4510 et
1167 4455 1303 4509 sicut
1341 4453 1393 4507 id
1423 4452 1562 4521 quod
1582 4452 1908 4519 praedicatur
1936 4450 1987 4503 in
2017 4463 2083 4503 eo

2196 3273 2509 3329 extremitas
2546 3282 2631 3329 est
2663 3290 2781 3343 qua:
2808 3275 2979 3344 primo
3006 3276 3346 3345 praedicatur,
3376 3277 3429 3331 id
3455 3287 3539 3332 est
3576 3293 3639 3337 a:
3668 3277 3773 3331 mi-

2197 3379 2298 3418 nor
2335 3379 2465 3420 vero
2506 3380 2625 3435 qua:
2654 3378 2865 3435 postea,
2902 3367 2951 3421 id
2983 3377 3065 3422 est
3094 3368 3153 3433 b;
3193 3367 3274 3422 vel
3299 3367 3343 3422 si
3372 3383 3525 3436 quem
3557 3367 3774 3422 lib::erit

2194 3456 2225 3510 ὁ
2267 3456 2433 3526 prius,
2473 3474 2506 3511 α
2550 3459 2814 3527 posterius
2861 3459 3151 3527 praedicare
3194 3460 3484 3514 secundum
3532 3460 3767 3529 priorem

2194 3546 2650 3618 posterioremqne
2682 3547 3111 3615 praedicationem
3131 3588 3145 3613 ,
3191 3549 3363 3617 major
3406 3548 3651 3603 minorve
3676 3564 3771 3603 ex-

2194 3638 2431 3692 tremitas
2462 3637 2784 3702 invenietur,
2817 3647 2870 3690 rt
2899 3637 2981 3691 hic
3010 3646 3222 3707 quoque
3258 3638 3428 3706 major
3452 3639 3771 3692 extremitas

2192 3727 2245 3781 in
2274 3726 2720 3795 conclusionibus,
2755 3727 2892 3781 sicut
2934 3728 2985 3781 in
3018 3727 3386 3795 superioribus
3405 3727 3524 3782 aliis
3548 3728 3757 3795 ﬁguris,

2191 3818 2258 3870 de
2285 3818 2488 3872 minore
2518 3816 2858 3885 praedicatur.
2905 3818 3185 3886 Expeditis
3213 3817 3371 3887 igitur
3400 3818 3571 3873 tribus
3599 3817 3768 3887 syllo-

2189 3908 2476 3976 gismorum
2515 3908 2721 3977 ﬁguris,
2752 3908 3033 3962 dicendum
3078 3918 3161 3964 est
3189 3909 3311 3977 quia
3358 3907 3626 3977 perfectus
3653 3907 3766 3977 syl—

2189 4012 2440 4080 logismus
2470 4019 2552 4065 est
2591 4010 2673 4065 cui
2711 4011 2775 4063 ad
2816 4012 3074 4080 integram
3123 4010 3502 4079 probatamqne
3534 4009 3758 4063 conclu-

2188 4103 2393 4155 sionem
2420 4114 2484 4154 ex
2512 4100 2757 4168 superius
2784 4100 3012 4168 sumptis
3037 4108 3089 4153 et
3118 4099 3403 4168 propositis
3430 4096 3558 4151 nihil
3583 4097 3762 4151 deest.

2190 4194 2292 4251 Sed
2335 4194 2494 4247 modo
2525 4202 2682 4261 atque
2722 4191 2911 4246 ordine
2950 4191 3086 4245 facta
3131 4190 3405 4245 conclusio
3436 4189 3566 4241 nihil
3597 4188 3765 4241 deha-

2187 4285 2340 4349 bcns,
2383 4299 2477 4353 per
2516 4298 2578 4338 ea
2614 4298 2732 4353 qua:
2778 4292 2931 4336 antea
2974 4281 3251 4351 preposuit
3291 4279 3623 4335 terminatur.
3656 4277 3764 4331 lm-

2187 4374 2450 4442 perfectus
2488 4387 2615 4428 vero
2658 4373 2993 4443 syllogismus
3040 4379 3123 4426 est
3166 4370 3251 4425 cui
3304 4368 3434 4422 nihil
3481 4382 3637 4436 asque
3683 4368 3753 4420 ad

2186 4463 2561 4531 perfectionem
2594 4462 2773 4527 deest,
2805 4458 3174 4515 verumtamen
3207 4459 3260 4513 in
3293 4457 3376 4512 his
3405 4470 3525 4527 quae
3556 4457 3609 4510 in
3641 4467 3762 4523 pro~

516 4546 659 4618 quod
689 4547 985 4614 subjectum
1012 4554 1113 4609 est,
1136 4546 1281 4600 omni
1313 4553 1415 4611 est,
1446 4545 1517 4598 ita
1548 4558 1733 4597 rursus
1758 4556 2076 4595 conversum

2199 4552 2537 4606 )ositionibus
2565 4562 2775 4619 sumpta
2804 4558 2927 4603 sunt
2956 4550 3132 4617 aliqua
3160 4546 3386 4609 desunt,
3414 4558 3512 4597 cur
3537 4544 3608 4597 ita
3638 4556 3761 4596 esse

518 4638 660 4707 quod
687 4636 847 4691 fuerit
871 4637 1188 4705 subjectum,
1221 4637 1272 4690 in
1302 4650 1368 4691 eo
1400 4635 1539 4704 quod
1571 4644 1727 4689 antea
1756 4634 2080 4701 praedicaba-

516 4738 606 4785 tur
629 4727 776 4783 omni
803 4728 925 4782 erit.
949 4726 1081 4780 Nam
1108 4729 1151 4779 si
1182 4731 1209 4797 f
1232 4734 1293 4781 et
1312 4742 1343 4795 g
1370 4725 1476 4779 duo
1505 4725 1718 4779 termini
1750 4724 1819 4777 ita
1848 4722 1947 4776 sibi
1972 4722 2081 4775 sint

513 4818 761 4890 aequales,
789 4826 846 4871 ut
863 4828 1051 4873 neuter
1065 4824 1253 4871 neutro
1267 4815 1435 4884 major
1451 4815 1541 4880 sit,
1560 4828 1681 4868 cum
1700 4811 2079 4882 prtedicaveris

514 4908 777 4978 {deomni
800 4924 851 4978 g,
874 4908 978 4962 erit
997 4910 1023 4975 f
1041 4907 1298 4960 terminus
1320 4907 1371 4959 in
1390 4906 1536 4960 omni
1553 4923 1584 4974 g
1600 4906 1852 4959 termino.
1872 4905 1926 4957 Si
1952 4917 2079 4955 vero

511 5008 792 5054 convertas
831 5004 887 5051 et
914 4996 1174 5065 praedices
1202 5013 1233 5064 g
1260 4995 1543 5049 terminum
1566 4996 1633 5048 de
1658 4994 1953 5064 (termino,
1976 4994 2081 5048 erit

510 5091 702 5145 iterum
716 5106 747 5159 g
762 5087 1019 5142 terminus
1032 5087 1083 5140 in
1098 5087 1240 5138 omni
1260 5085 1546 5155 (termino.
1562 5085 1643 5139 Sit
1657 5087 1801 5140 enim
1816 5084 2075 5154 [risibile,

507 5198 540 5247 θ
562 5179 741 5234 homo.
768 5177 907 5246 Ergo
923 5176 967 5230 si
991 5175 1247 5245 pnedices
1262 5178 1289 5244 Ῑ
1305 5175 1527 5239 risibile,
1546 5184 1599 5231 et
1614 5194 1645 5247 g
1663 5175 1930 5229 hominem
1946 5175 2074 5229 sub-

504 5270 679 5339 jicias,
695 5273 722 5339 f
738 5268 938 5323 risibi'e
958 5268 1009 5321 in
1031 5267 1175 5322 omni
1197 5283 1227 5336 g
1246 5267 1532 5319 invvnitur.
1551 5266 1737 5319 Omnis
1753 5267 1894 5320 enim
1915 5266 2072 5319 homo

506 5362 728 5417 risibilis
753 5369 855 5415 est.
883 5359 938 5416 Si
973 5373 1102 5413 vero
1133 5358 1388 5427 prmdices
1418 5377 1448 5429 g
1482 5358 1749 5411 hominem
1790 5358 1855 5412 ad
1886 5360 1915 5427 Ῑ
1954 5358 2072 5410 risi-

504 5452 635 5519 bile,
666 5470 698 5523 g
741 5452 900 5506 homo
948 5452 1001 5506 in
1050 5449 1194 5505 omni
1248 5450 1275 5520 f
1315 5449 1521 5503 risibile
1568 5449 1850 5515 reperitur.
1902 5452 2071 5503 Omne

500 5542 648 5597 enim
678 5541 879 5597 risiliile
907 5539 1069 5595 homo
1093 5548 1193 5595 est.
1222 5539 1359 5606 Quid
1381 5547 1558 5594 autem
1588 5539 1800 5593 termini
1828 5540 1953 5599 sint,
1983 5538 2069 5592 vel
2094 5552 2097 5555 ·

499 5630 627 5699 quid
668 5631 993 5701 prmdicatio,
1025 5639 1116 5685 aut
1142 5628 1421 5697 subjectio,
1456 5628 1618 5697 priori
1647 5629 1714 5682 de
1745 5629 2067 5696 propositio-

502 5721 659 5775 nibus
707 5722 840 5776 libro
870 5722 996 5776 satis
1023 5720 1222 5776 dictum
1252 5729 1353 5774 est.
1397 5719 1501 5774 Sed
1543 5734 1610 5774 ne
1659 5719 1794 5773 forte
1823 5733 2063 5773 erremus

2181 4641 2407 4695 videtur.
2455 4639 2563 4694 Sed
2609 4646 2664 4693 et
2714 4639 2796 4693 lite
2843 4638 3191 4692 difﬁnitiones
3242 4648 3433 4690 omnes
3485 4633 3763 4701 posterius

2185 4737 2479 4807 liquebuut.
2525 4737 2673 4790 Nunc
2718 4744 2892 4789 autem
2941 4733 3082 4788 unde
3116 4732 3201 4786 hze
3246 4731 3429 4800 ﬁgura:
3469 4736 3763 4782 nascantur

2186 4826 2420 4882 breviter
2447 4826 2817 4892 explicandum
2848 4836 2949 4878 est.
2976 4823 3237 4889 Quoniam
3270 4820 3411 4875 unde
3438 4828 3759 4879 nascuntur.

2185 4915 2236 4968 in
2267 4915 2451 4969 eadem
2483 4916 2673 4969 iterum
2699 4915 3057 4968 resolvuntur.
3090 4912 3195 4968 Sed
3238 4910 3475 4967 secunda
3515 4920 3571 4964 et
3600 4910 3757 4962 tertia

2186 5006 2347 5074 tignra
2401 5004 2467 5058 de
2496 5004 2663 5072 prima
2697 5004 2859 5073 ﬁgura
2901 5003 3045 5057 nasci
3088 5010 3142 5057 et
3171 4999 3443 5070 procreari
3484 4997 3754 5052 videntur.

2181 5093 2265 5148 Sit
2290 5093 2429 5148 enim
2468 5109 2501 5146 a
2546 5092 2805 5147 terminus
2832 5092 2885 5145 in
2915 5092 3059 5145 omni
3083 5092 3112 5143 b
3139 5091 3391 5157 termino,
3423 5096 3479 5143 et
3505 5087 3575 5142 de
3603 5088 3753 5141 omni

2177 5195 2243 5236 eo
2272 5181 2610 5251 praedicetur,
2636 5181 2664 5234 b
2689 5194 2816 5234 vero
2855 5181 3118 5235 terminus
3158 5180 3224 5233 de
3266 5179 3409 5233 omni
3442 5192 3469 5229 c
3516 5177 3757 5229 termino

2175 5270 2511 5338 praedicatur.
2543 5270 2684 5338 llznc,
2712 5280 2769 5325 ut
2812 5270 3010 5324 dictum
3050 5278 3159 5334 est,
3191 5272 3359 5340 prima
3398 5266 3751 5337 syllogismo-

2173 5376 2290 5413 rum
2323 5361 2482 5430 iigura
2510 5368 2612 5413 est.
2638 5360 2692 5415 Si
2721 5360 2838 5428 quis
2867 5359 3026 5428 igitur
3056 5358 3309 5428 majorem
3349 5358 3746 5411 extremitatem

2178 5451 2695 5520 propositionemque
2726 5460 3034 5515 convertat,
3082 5459 3136 5502 et
3183 5447 3325 5515 quod
3369 5446 3544 5499 fuerat
3590 5456 3747 5497 antea

2175 5540 2513 5609 praedicatum
2546 5539 2701 5594 faciat
2729 5553 2848 5593 esse
2885 5538 3180 5607 subjectum
3200 5578 3215 5603 ,
3246 5534 3543 5590 secundam
3586 5533 3749 5586 faciet

2174 5634 2414 5701 ﬁguram.
2446 5630 2574 5684 Nam
2605 5628 3048 5699 quemadmodum
3078 5647 3108 5680 a
3133 5628 3392 5683 terminus
3423 5625 3745 5695 praedicatur

2170 5730 2235 5778 de
2261 5724 2289 5777 b
2321 5723 2566 5787 termino,
2600 5723 2669 5775 ita
2701 5722 2728 5775 ὁ
2753 5721 2819 5776 de
2844 5736 2888 5772 c.
2920 5720 2975 5776 Si
3008 5734 3136 5789 ergo
3163 5726 3526 5779 convertatur,
3556 5724 3609 5771 et
3655 5714 3745 5767 {lat
