4056 6330
283 319 388 374 813

1395 310 1480 364 DE
1517 310 1939 368 SYLI.OGISMO
1977 309 2424 365 CATECORICO.

3415 308 3514 361 8H

279 442 338 488 ut
364 435 391 487 b
423 431 680 487 terminus
706 427 774 482 de
808 444 838 480 a
867 427 1097 482 termino
1136 426 1476 496 praedicetur,
1507 426 1773 480 invenitur
1815 428 1842 478 Ι)
1874 435 1922 491 Α
1947 425 2179 479 secunda
2220 424 2505 479 universali
2554 424 2862 479 afﬁrmativa
2910 424 3182 480 conclusio
3229 422 3516 478 universali

278 525 540 580 terminus
568 523 656 592 qui
682 531 835 576 antea
867 521 1071 576 medius
1100 520 1301 583 fuerat,
1330 528 1377 572 et
1410 535 1442 571 α
1471 522 1694 573 termino
1722 519 1849 573 sub-

273 617 478 684 jectus,
520 613 586 667 de
621 628 648 665 c
694 626 820 665 vero
865 609 1088 664 termino
1134 609 1447 678 praedicatur
1486 609 1550 663 ad
1599 619 1847 676 utrosque

277 703 536 759 terminos
567 700 956 771 praedicativus.
987 701 1096 768 Age
1143 701 1285 753 enim
1315 699 1562 768 quoniam
1591 715 1622 752 a
1652 699 1845 752 bonum

227 857 230 860 _
271 797 342 850 cie
377 793 404 846 b
439 795 584 858 justo
615 793 1019 862 pradicabatur,
1053 792 1080 843 b
1107 806 1235 846 vero
1262 792 1462 860 justum
1495 791 1560 844 de
1601 808 1626 843 c
1655 791 1849 846 virtute

278 886 692 951 praedicabatur,
725 892 838 937 erat
868 883 1157 952 pr0positio
1183 900 1196 936 :
1225 897 1384 937 omne
1406 883 1604 950 justum
1655 883 1847 936 bonum

282 988 396 1043 est,
435 978 610 1032 omnis
648 977 821 1029 virtus
864 975 1005 1044 justa
1036 984 1146 1039 est,
1195 984 1442 1028 manente
1489 974 1851 1044 pr0positione

282 1085 402 1139 quae
445 1079 556 1134 est,
589 1069 764 1122 omnis
794 1069 960 1121 virtus
986 1066 1127 1135 justa
1169 1075 1280 1132 cst,
1320 1067 1491 1136 prima
1534 1066 1848 1134 propositio,

283 1158 336 1210 id
365 1165 448 1212 est
489 1171 646 1210 omne
687 1156 886 1224 justum
931 1155 1127 1208 bonum
1167 1162 1278 1219 est,
1326 1162 1766 1217 contravertatur,
1797 1163 1850 1207 ει

283 1249 393 1312 ﬁat,
422 1262 580 1302 omne
605 1247 799 1301 bonum
820 1247 1024 1314 justum
1057 1255 1157 1299 est.
1191 1246 1532 1299 Inveniuntur
1552 1245 1709 1314 igitur
1726 1259 1850 1314 pro-

282 1341 575 1410 positiones
602 1342 700 1404 sic,
726 1353 884 1393 omne
913 1340 1109 1393 bonum
1131 1339 1331 1408 justum
1354 1345 1456 1403 est,
1481 1337 1655 1391 omnis
1686 1337 1852 1390 virtus

281 1431 422 1500 jnsta
443 1440 554 1494 est,
587 1431 889 1498 etojustum,
923 1429 973 1482 id
998 1439 1081 1484 est
1113 1433 1139 1482 b
1165 1427 1232 1482 de
1261 1444 1292 1483 α
1320 1437 1423 1481 etc
1451 1426 1688 1481 terminis
1721 1441 1852 1494 prae-

284 1526 566 1582 dicabitur.
594 1524 864 1579 Conversa
894 1524 1050 1592 igitur
1079 1522 1280 1590 majore
1325 1520 1514 1589 prioris
1558 1521 1735 1588 ﬁgura:
1762 1533 1854 1572 ex-

289 1617 574 1679 tremitate,
608 1614 838 1667 secunda
873 1612 1300 1680 syllogismorum
1338 1609 1498 1677 ﬁgura
1527 1617 1852 1676 procreatur.

283 1705 469 1760 Tertia
490 1718 614 1758 vero
638 1705 800 1770 ﬁgura
825 1701 1082 1766 nascitur,
1112 1700 1305 1753 minori
1338 1699 1701 1767 propositione
1726 1711 1854 1752 con-

1950 515 2230 584 negatione
2257 515 2542 584 colligitur.
2570 514 2624 569 Si
2653 517 2793 570 enim
2833 518 2903 571 sit
2927 534 2958 570 α
2981 518 3174 571 malum
3193 560 3207 582 ,
3236 518 3263 569 b
3296 518 3516 579 bonum,

1949 621 1976 658 c
2001 606 2230 673 justum,
2264 621 2296 658 a
2323 605 2580 659 terminus
2623 605 2690 660 de
2719 606 2865 660 nullo
2891 607 2918 658 ὁ
2950 607 3177 662 termino
3208 604 3519 675 praedicabi-

1950 702 2054 748 tur.
2087 694 2296 748 Nullum
2324 695 2464 748 enim
2497 693 2692 748 bonum
2737 697 2934 750 malum
2963 707 3072 762 est,
3105 699 3133 750 b
3164 711 3292 751 vero
3333 697 3517 750 termi-

1952 798 2051 838 nus
2095 783 2162 838 de
2206 783 2350 838 omni
2393 799 2420 835 c
2451 785 2679 839 termino
2725 785 3128 853 przedicabitur;
3172 800 3332 842 omne
3375 787 3517 840 enim

1945 875 2148 943 justum
2179 875 2374 929 bonum
2405 885 2507 929 est.
2547 876 2722 942 Quare
2750 878 3036 947 colligitur,
3069 879 3272 934 nullum
3317 880 3517 947 justum
3591 909 3598 914 -

1952 967 2148 1021 malum
2177 975 2289 1033 est,
2317 978 2373 1022 ut
2399 975 2480 1022 est
2505 967 2606 1022 hoc
2633 969 2790 1023 modo
2814 985 2828 1022 :
2857 970 2911 1024 Si
2938 986 2968 1022 a
2997 971 3253 1024 terminus
3279 969 3346 1024 de
3375 968 3521 1022 nullo

1954 1058 1982 1111 ὁ
2013 1059 2240 1112 termino
2279 1058 2618 1126 prmdicatur,
2663 1059 2691 1110 b
2736 1073 2865 1112 vero
2909 1059 3166 1113 terminus
3203 1059 3271 1113 de
3302 1059 3447 1114 omni
3493 1074 3519 1110 ε

1953 1148 2109 1202 fuerit
2139 1148 2479 1216 praedicatus,
2506 1165 2540 1201 a
2569 1148 2827 1203 terminus
2867 1149 2933 1202 de
2978 1149 3122 1204 nullo
3153 1165 3178 1202 c
3210 1148 3522 1218 prtedicabi-

1952 1249 2058 1305 tur,
2086 1249 2141 1294 ut
2169 1248 2279 1304 est,
2311 1240 2514 1294 nullum
2545 1240 2740 1294 bonum
2771 1241 2967 1294 malum
2993 1250 3102 1306 est,
3131 1257 3290 1296 omne
3312 1241 3516 1309 justum

1951 1329 2149 1384 bonum
2173 1338 2280 1394 est;
2312 1330 2514 1384 nullum
2543 1331 2699 1400 igitur
2725 1331 2924 1398 justum
2955 1331 3151 1384 malum
3176 1339 3277 1384 est.
3308 1331 3521 1384 Tertius

1953 1436 2081 1476 vero
2121 1422 2312 1477 modus
2343 1422 2528 1491 prima:
2555 1423 2737 1492 ﬁgurae
2764 1431 2876 1490 est,
2904 1423 3113 1492 quoties
3141 1437 3206 1476 ex
3234 1423 3522 1476 universali

1953 1511 2300 1575 afﬁrmativa,
2341 1520 2395 1566 et
2440 1513 2744 1580 particulari
2791 1511 3140 1576 afﬁrmativa,
3191 1511 3524 1580 particularis

1955 1601 2266 1656 aiﬁrmativa
2289 1602 2579 1672 colligitur.
2606 1603 2736 1656 Nam
2768 1603 2812 1656 si
2853 1619 2884 1654 a
2913 1602 3081 1656 virtus
3109 1601 3174 1656 de
3220 1601 3363 1655 omni
3394 1601 3444 1668 b,
3475 1602 3526 1654 id

1955 1700 2035 1744 est
2063 1691 2222 1756 bono,
2267 1693 2606 1760 prmdicetur,
2631 1703 2684 1748 et
2726 1694 2752 1746 ὁ
2787 1694 2981 1746 bonum
3021 1692 3088 1746 dc
3130 1691 3358 1761 quodam
3399 1707 3446 1755 c,
3475 1692 3525 1744 id

284 1808 459 1850 versa.
503 1793 632 1846 Nam
677 1792 782 1845 sia
828 1791 1022 1844 bonum
1067 1787 1385 1857 prmdicatur
1428 1786 1496 1841 de
1526 1788 1552 1839 ὁ
1595 1787 1762 1855 justo,
1797 1794 1853 1838 ut
1887 1785 1928 1843 Β
1958 1791 2039 1836 εει
2059 1783 2224 1850 justo,
2254 1783 2410 1838 fuerit
2437 1783 2776 1852 prmdicatum
2825 1783 3235 1852 particulariter,
3267 1783 3368 1837 erit
3394 1798 3527 1851 quo-

282 1883 511 1948 dicatur,
543 1897 702 1936 omne
746 1880 944 1947 justum
990 1879 1186 1932 bonum
1239 1885 1358 1941 est,
1408 1876 1437 1928 ὸ
1481 1888 1608 1928 vero
1651 1875 1853 1943 justum

289 1973 612 2044 praedicatur
649 1972 716 2026 de
754 1987 781 2023 c
826 1970 1048 2032 virtute,
1095 1976 1151 2020 ut
1197 1965 1422 2032 dicatur,
1467 1964 1639 2018 omnis
1688 1962 1855 2017 virtus

284 2065 424 2135 iusta
462 2072 577 2131 est,
622 2063 691 2129 si,
743 2062 922 2129 priore
962 2056 1320 2128 propositione
1359 2063 1626 2118 manente,
1659 2053 1709 2106 id
1738 2062 1852 2118 est,

285 2171 446 2213 omne
471 2155 670 2222 justum
716 2154 912 2208 bonum
959 2159 1069 2216 est,
1101 2148 1333 2204 secunda
1371 2162 1492 2216 quae
1537 2154 1649 2210 est,
1681 2144 1856 2198 omnis

285 2249 456 2302 virtus
499 2247 637 2314 justa
669 2253 780 2308 est,
813 2249 1171 2304 convertatur,
1196 2249 1248 2294 et
1292 2239 1412 2304 ﬁat,
1454 2251 1614 2291 omne
1653 2235 1854 2304 justum

289 2339 456 2394 virtus
479 2345 583 2403 est,
608 2335 907 2390 invenietur
933 2346 1118 2386 omnes
1145 2329 1532 2400 propositiones
1556 2327 1666 2381 sic:
1699 2339 1857 2381 omne

284 2429 487 2500 justum
519 2427 714 2482 bonum
765 2435 870 2492 est,
901 2439 1060 2478 omne
1093 2423 1294 2492 justum
1343 2421 1516 2474 virtus
1557 2428 1666 2485 est,
1706 2417 1857 2475 etde

289 2521 320 2574 ὸ
342 2520 487 2589 justo
510 2537 538 2572 α
559 2527 613 2574 ει
637 2535 662 2571 c
691 2517 901 2572 termini
922 2516 1294 2585 prmdicantur,
1320 2520 1371 2566 et
1399 2512 1455 2566 ﬁt
1477 2513 1645 2567 tertize
1676 2511 1857 2580 ﬁgura

283 2609 572 2666 connexio.
620 2607 905 2663 Conversis
950 2605 1110 2675 igitur
1156 2603 1342 2673 primis
1384 2601 1717 2670 posterisque
1761 2615 1858 2654 ex-

289 2700 646 2756 tremitatibus
672 2699 854 2769 prima:
883 2697 1084 2766 ﬁgura,
1123 2695 1277 2750 tertia
1303 2693 1387 2747 vel
1429 2691 1663 2747 secunda
1693 2690 1856 2760 ﬁgura

290 2801 599 2848 nascuntur.
620 2793 688 2846 At
715 2804 842 2845 vero
879 2802 1207 2857 unaquaeque
1248 2787 1434 2838 harum
1475 2783 1634 2841 trium
1666 2784 1859 2850 ﬁgura-

291 2898 411 2938 rum
439 2882 599 2936 habet
641 2880 739 2934 sub
781 2893 839 2934 se
866 2872 1049 2947 plth‘es
1092 2875 1518 2946 syllogismorum
1564 2872 1770 2936 modos,
1804 2882 1860 2925 ut

293 2972 438 3026 modi
466 2971 568 3026 sub
611 2969 791 3038 ﬁguris
836 2969 907 3021 ita
948 2967 1057 3020 sint
1096 2974 1152 3019 ut
1195 2974 1318 3019 sunt
1351 2964 1558 3032 species
1603 2962 1703 3017 sub
1746 2961 1860 3015 suis

291 3061 594 3132 generibus.
625 3059 790 3114 Habet
819 3058 961 3112 enim
1003 3057 1171 3125 prima
1205 3056 1370 3124 ﬁgura
1398 3055 1498 3109 sub
1537 3068 1616 3119 se,
1648 3053 1857 3107 Aristo-

1957 1887 2059 1940 que
2087 1873 2357 1929 conclusio
2383 1875 2738 1943 particularis,
2775 1874 2876 1928 hoc
2905 1874 3084 1941 modo,
3117 1881 3174 1927 ut
3205 1890 3235 1926 a
3265 1873 3432 1927 virtus
3458 1874 3528 1926 de

1957 1962 2184 2030 quodam
2213 1979 2239 2015 c
2273 1964 2415 2032 justo
2459 1965 2848 2031 particulariter
2893 1966 3228 2034 praedicetur.
3271 1965 3329 2020 Si
3370 1965 3530 2034 igitur

1957 2051 2120 2107 fuerit
2143 2069 2175 2103 a
2207 2054 2462 2109 terminus
2494 2054 2544 2107 in
2577 2055 2720 2108 omni
2745 2056 2792 2120 ιν,
2826 2066 2880 2110 ει
2907 2055 2934 2108 b
2963 2057 3216 2110 terminus
3257 2057 3313 2111 in
3344 2057 3529 2124 aliquo

1958 2159 1985 2196 c
2013 2143 2427 2211 particulariter,
2451 2147 2556 2199 erit
2593 2161 2626 2197 a
2653 2145 2911 2200 terminus
2939 2147 2991 2200 iu
3022 2146 3198 2217 aliquo
3237 2163 3262 2200 c
3294 2148 3530 2216 particu-

1961 2235 2166 2304 lariter,
2193 2245 2249 2292 ut
2268 2239 2376 2292 sitv;

2345 2329 2516 2385 Omne
2542 2331 2739 2386 bonum
2765 2331 2934 2388 virtus
2955 2341 3056 2388 est.

2341 2419 2617 2484 Quoddam
2638 2421 2836 2490 justum
2869 2422 3066 2478 bonum
3089 2431 3190 2479 est.

2343 2510 2622 2577 Quoddam
2651 2513 2811 2581 igitur
2833 2513 3036 2580 justum
3068 2515 3237 2570 virtus
3260 2523 3366 2572 est.

1959 2597 2188 2665 Quartus
2214 2600 2402 2657 modus
2449 2603 2637 2670 prima:
2682 2603 2866 2673 ﬁgurae
2912 2614 2994 2659 est
3038 2606 3178 2673 talis,
3225 2607 3435 2674 quoties
3466 2623 3529 2661 ex

1961 2691 2250 2746 universali
2295 2693 2584 2762 negatione
2611 2703 2663 2747 et
2695 2693 3001 2763 particulari
3025 2693 3379 2751 afﬁrmatione
3409 2711 3530 2765 par—

1960 2780 2198 2835 ticularis
2227 2782 2469 2851 negativa
2509 2783 2797 2853 colligitur.
2830 2783 2970 2841 Nam
3005 2786 3051 2838 si
3090 2800 3122 2837 a
3149 2785 3410 2844 terminus
3465 2787 3533 2841 de

1961 2870 2107 2925 nullo
2135 2871 2162 2924 b
2187 2871 2416 2927 termino
2443 2872 2780 2941 praedicetur,
2807 2873 2835 2926 ὁ
2863 2880 2994 2928 vero
3021 2874 3281 2931 terminus
3306 2875 3373 2931 de
3402 2891 3534 2945 quo-

1959 2960 2084 3014 dam
2132 2977 2159 3013 c
2215 2961 2444 3016 termino
2489 2961 2834 3030 praedicetur,
2883 2980 2914 3016 a
2969 2964 3228 3018 terminus
3278 2964 3347 3020 de
3397 2979 3534 3034 quo-

1962 3052 2088 3106 dam
2131 3069 2158 3106 c
2195 3055 2426 3108 termino
2471 3069 2576 3110 non
2633 3056 3032 3124 pracdicabitur,
3083 3056 3223 3126 quod
3274 3066 3538 3112 monstrat

297 3151 406 3205 tele
472 3158 722 3214 auctore,
770 3147 956 3202 modos
1005 3156 1265 3215 quatuor;
1325 3144 1416 3199 sed
1465 3143 1860 3210 Theophrastus
1889 3147 1932 3208 ί]
1963 3143 2198 3212 subjecta
2240 3145 2547 3215 descriptio.
2589 3146 2718 3201 Nam
2762 3159 2886 3202 sunt
2928 3147 3234 3217 hujusmodi
3286 3149 3532 3219 proposi-

293 3240 380 3296 vel
409 3240 677 3294 Eudemus
703 3251 862 3306 super
903 3237 998 3291 hos
1029 3243 1254 3305 quatuor
1305 3234 1538 3302 quinque
1569 3233 1706 3286 alios
1747 3246 1861 3286 mo-

291 3332 396 3386 dos
420 3331 648 3395 addunt,
681 3328 967 3384 Aristotele
993 3327 1154 3382 dante
1200 3327 1514 3396 principium
1547 3327 1596 3378 in
1628 3324 1862 3380 secundo

296 3421 529 3492 priorum
560 3419 958 3490 Analyticorum
1000 3417 1290 3479 volumine,
1319 3415 1460 3485 quod
1491 3416 1680 3469 melius
1722 3425 1862 3481 post-

293 3513 509 3567 modum
540 3509 912 3580 explicabitur.
944 3508 1186 3562 Secunda
1228 3521 1356 3561 vero
1387 3505 1549 3573 ﬁgura
1582 3501 1740 3558 habet
1763 3504 1862 3558 sub

294 3618 356 3660 se
383 3611 609 3673 quatuor
647 3601 861 3664 modos;
904 3601 1054 3653 tertia
1085 3613 1240 3665 vero,
1283 3608 1500 3652 auctore
1542 3596 1860 3661 Aristotele,

294 3709 423 3759 sex;
451 3693 650 3747 addunt
686 3694 844 3747 etiam
873 3691 961 3744 alii
991 3705 1175 3756 unum,
1207 3690 1345 3744 sicut
1371 3689 1485 3757 ipse
1515 3687 1857 3758 Porphyrius,

292 3783 598 3853 superiores
639 3783 840 3838 scilicet
886 3795 1136 3850 sequens.
1169 3779 1235 3834 Et
1280 3779 1532 3848 quoniam
1577 3779 1659 3849 (ut
1705 3792 1865 3846 supe-

291 3876 433 3929 riore
464 3873 600 3928 libro
619 3873 816 3928 dictum
842 3872 945 3941 est)
973 3871 1090 3926 alia
1115 3869 1505 3940 propositiones
1527 3867 1863 3924 afﬁrmativae

291 3972 448 4026 sunt,
470 3962 588 4016 alia;
613 3963 814 4032 negatis
844 3979 892 4030 ιι,
922 3971 975 4016 ει
1003 3976 1185 4016 earum
1216 3960 1332 4014 alia:
1361 3959 1716 4028 universales,
1745 3959 1863 4014 aliae

291 4065 422 4106 vero
450 4049 1136 4118 particularenlexvcundum
1166 4063 1256 4104 eas
1277 4048 1441 4118 ipsas,
1468 4050 1863 4117 propositiones

288 4142 718 4213 syllogismorum
748 4142 1222 4209 conclusionesque
1268 4140 1580 4209 junguntur.
1621 4140 1865 4210 Namque

289 4234 479 4304 primae
510 4233 687 4302 ﬁgurat
729 4236 928 4302 prii-qus
975 4232 1163 4286 modus
1208 4240 1289 4287 est
1334 4232 1422 4300 qui
1471 4232 1532 4286 ﬁt
1559 4246 1628 4287 ex
1656 4232 1864 4287 duabus

288 4324 683 4379 universalibus
711 4322 1060 4388 aﬂirmativis,
1100 4321 1457 4376 universalem
1499 4320 1756 4390 colligens
1785 4320 1866 4376 af-

292 4414 630 4470 ﬁrmativam.
661 4414 714 4469 Si
741 4415 882 4469 enim
907 4431 939 4466 α
972 4415 1231 4468 terminus
1255 4413 1416 4467 fuerit
1441 4413 1492 4466 in
1523 4413 1667 4467 omni
1698 4413 1726 4465 b
1756 4421 1862 4468 ter-

289 4505 459 4569 mino,
487 4514 541 4559 et
568 4505 612 4560 si
640 4505 666 4557 b
693 4505 950 4560 terminus
973 4505 1039 4560 de
1064 4505 1206 4560 omni
1229 4522 1256 4558 c
1284 4505 1514 4559 termino
1544 4505 1699 4560 fuerit
1727 4520 1863 4574 prae-

289 4595 515 4660 dicatus,
542 4611 574 4648 a
606 4595 864 4650 terminus
889 4595 956 4649 de
981 4595 1126 4650 omni
1147 4611 1176 4648 c
1204 4595 1432 4649 termino
1464 4594 1860 4663 praedicabitur.

289 4682 532 4752 Namque
572 4700 604 4736 a
633 4683 832 4737 bonum
863 4684 904 4737 si
947 4684 1264 4753 praedicetur
1288 4685 1355 4739 de
1381 4685 1525 4738 omni
1567 4684 1595 4737 ὁ
1617 4675 1784 4754 justo,
1809 4697 1867 4740 ut

290 4773 383 4840 sit,
416 4789 576 4829 omne
601 4774 801 4843 justum
826 4775 1024 4830 bonum
1053 4783 1163 4840 est,
1189 4777 1218 4829 b
1247 4791 1374 4832 vero
1407 4775 1639 4844 justum,
1671 4776 1716 4830 si
1747 4777 1813 4832 de
1839 4794 1868 4830 c

291 4863 617 4932 praedicetur
641 4864 857 4928 virtute,
889 4873 947 4918 ut
985 4866 1071 4932 sit,
1094 4867 1269 4920 omnis
1304 4867 1475 4922 virtus
1509 4867 1709 4935 justum
1752 4876 1867 4932 est,

289 4954 596 5006 necessario
635 4953 970 5008 concluditur
999 4954 1423 5010 extremitatibus
1450 4955 1516 5009 ad
1547 4970 1604 5009 se
1641 4957 1865 5012 invicem

289 5043 614 5110 praedicatis,
639 5044 689 5098 id
719 5052 802 5099 est
840 5055 951 5100 aet
980 5061 1028 5111 c,
1059 5054 1115 5099 ut
1139 5047 1209 5100 sit
1251 5046 1424 5101 omnis
1464 5046 1630 5100 virtus
1669 5047 1865 5102 bonum

291 5141 394 5185 est.
427 5131 561 5187 Sunt
589 5135 746 5202 igitur
769 5135 1073 5204 hujusmodi
1105 5138 1496 5205 propositiones
1545 5147 1707 5208 atque
1737 5153 1868 5194 con-

289 5223 503 5276 clusio?
528 5223 582 5278 Si
609 5241 642 5276 α
671 5227 722 5278 in
750 5229 895 5280 omni
925 5229 953 5280 b
978 5227 1164 5293 fuerit,
1189 5237 1242 5282 et
1266 5229 1294 5281 ὁ
1325 5229 1378 5282 in
1408 5229 1552 5283 omni
1581 5245 1607 5283 c
1637 5229 1813 5295 fuerit,
1837 5247 1868 5284 α

292 5315 552 5368 terminus
597 5315 662 5369 de
691 5317 833 5370 omni
866 5332 892 5368 c
920 5318 1314 5386 przedicabitur,
1361 5318 1412 5370 id
1456 5330 1572 5387 εει,
1600 5333 1761 5373 omne
1787 5321 1868 5389 ju-

289 5414 434 5460 stum
457 5407 654 5461 bonum
674 5418 774 5472 est,
798 5411 974 5464 omnis
997 5412 1162 5465 virtus
1181 5411 1320 5478 justa
1342 5419 1457 5476 est;
1487 5420 1542 5465 et
1561 5412 1864 5477 conclusio,

291 5496 468 5548 omnis
497 5495 654 5563 igitur
684 5497 852 5551 virtus
883 5498 1077 5552 bonum
1110 5507 1224 5562 est,
1251 5508 1304 5552 et
1333 5498 1420 5552 hic
1449 5499 1634 5566 primae
1684 5500 1866 5568 ﬁgura:

291 5585 496 5652 primus
528 5586 718 5641 modus
739 5597 842 5644 est.
883 5587 1162 5643 Secundus
1190 5602 1317 5641 vero
1348 5587 1539 5642 modus
1587 5589 1772 5656 prima:
1805 5590 1867 5641 ﬁ-

291 5689 436 5743 gurte
465 5685 574 5740 εει,
621 5679 832 5747 quoties
881 5695 943 5734 ex
977 5679 1162 5746 ,pt-ima
1207 5679 1496 5736 universali
1542 5681 1782 5750 negativa
1813 5691 1866 5736 ct

1892 4463 1945 4522 D

1966 3235 2139 3289 tiones
2165 3253 2178 3288 :

2320 3327 2532 3384 Nullum
2563 3330 2760 3384 bonum
2793 3333 2988 3386 malum
3017 3344 3120 3389 est.

2313 3419 2588 3486 Quoddam
2611 3419 2813 3490 justum
2845 3421 3043 3477 bonum
3081 3433 3182 3478 εει.

2314 3510 2591 3577 Quoddam
2620 3513 2782 3581 igitur
2808 3513 3009 3582 justum
3038 3515 3236 3568 malum
3267 3529 3371 3570 non
3397 3526 3499 3570 est.

1967 3599 2075 3653 Hos
2096 3613 2225 3668 ergo
2250 3609 2478 3668 quatuor
2508 3603 2560 3655 in
2592 3603 2756 3670 prima
2790 3603 2955 3673 ﬁgura
3003 3605 3190 3659 modos
3217 3606 3268 3659 in
3303 3605 3542 3675 Analyti-

1965 3692 2043 3744 cis
2089 3691 2199 3745 sui;
2244 3692 2559 3746 Aristoteles
2612 3694 2806 3761 posuit.
2850 3694 3085 3748 Caeteros
3131 3710 3258 3749 vero
3306 3695 3541 3764 quinque

1964 3770 2152 3836 modos
2193 3783 2594 3851 TheOphrastus
2621 3794 2676 3839 et
2719 3784 2989 3839 Eudemus
3035 3785 3388 3849 addiderunt,
3420 3788 3541 3855 qui-

1966 3875 2066 3928 bus
2092 3874 2440 3945 Porphyrius,
2471 3877 2799 3946 gravissimaa
2823 3878 2901 3930 vir
2917 3877 3266 3946 auctoritatis,
3289 3878 3434 3932 visus
3462 3887 3542 3932 est

1967 3967 2322 4032 εοιιεεῐιείεεε,
2349 3968 2435 4034 qui
2469 3976 2592 4020 sunt
2619 3967 2943 4036 huiusmodi.
2979 3968 3108 4020 Nam
3137 3969 3387 4034 quoniam
3421 3984 3543 4036 par—

1970 4055 2202 4109 ticularis
2246 4054 2559 4109 al‘ﬁrmativa
2601 4057 2702 4111 sibi
2750 4057 2849 4126 ipsi
2897 4056 3250 4120 convertitur,
3297 4057 3541 4125 quisquis

1967 4146 2261 4202 ostenderit
2300 4148 2352 4200 in
2377 4147 2718 4202 conclusione
2758 4163 2788 4199 ιι
2821 4147 3102 4200 terminum
3134 4145 3202 4200 de
3245 4145 3469 4214 quodam
3512 4163 3540 4200 c

1967 4238 2197 4291 termino
2222 4235 2609 4304 particulariter
2639 4235 2936 4304 praedicari,
2975 4236 3024 4288 in
3055 4234 3242 4290 eadem
3273 4235 3384 4304 ipsa
3413 4251 3544 4290 con-

1965 4330 2202 4384 clusione
2251 4331 2568 4384 monstravit
2613 4330 2750 4399 quod
2791 4346 2818 4382 c
2847 4328 3102 4384 terminus
3133 4329 3200 4384 de
3248 4346 3279 4382 a
3309 4331 3540 4384 termino

1967 4433 2150 4473 rursus
2178 4418 2563 4488 particulariter
2599 4418 2938 4486 praedicetur.
2984 4417 3116 4471 Nam
3143 4419 3189 4472 si
3220 4418 3322 4473 sibi
3367 4420 3535 4487 parti-

1969 4508 2162 4562 cularis
2195 4508 2484 4576 prOpositin
2531 4508 2586 4560 in
2628 4507 2972 4562 conclusione
3023 4509 3377 4573 convertitur,
3423 4511 3467 4564 si
3508 4529 3538 4562 a

1970 4600 2226 4652 terminus
2266 4598 2318 4652 in
2350 4597 2576 4666 quodam
2605 4614 2631 4650 c
2663 4598 2891 4652 termino
2919 4597 3106 4664 fuerit,
3135 4616 3160 4652 c
3187 4601 3446 4655 terminus
3473 4604 3540 4657 de

1969 4687 2196 4755 quodam
2225 4703 2255 4738 α
2293 4687 2521 4740 termino
2547 4687 2940 4756 prmdicabitur.
2986 4687 3115 4742 Item
3151 4689 3390 4760 quisquis
3431 4695 3543 4746 uni-

1969 4774 2224 4828 versalem
2256 4775 2553 4844 negativam
2586 4775 2639 4829 in
2678 4775 3023 4831 conclusione
3070 4779 3404 4844 probaverit,
3441 4795 3539 4833 ne-

1970 4876 2122 4918 cesse
2144 4871 2228 4917 est
2263 4878 2384 4917 eum
2412 4864 2578 4931 ipsius
2605 4879 2814 4934 quoque
2836 4867 3239 4922 conversionem
3268 4869 3317 4921 in
3353 4870 3538 4924 eadem

1971 4953 2318 5008 conclu~ione
2346 4954 2617 5020 probasse.
2644 4955 2971 5012 Universalis
2993 4959 3134 5012 enim
3164 4961 3371 5029 negatio
3401 4977 3542 5015 sem—

1974 5057 2068 5110 per
2103 5043 2204 5097 sibi
2241 5043 2586 5098 convertitur.
2618 5045 2748 5099 Nam
2791 5047 2836 5100 si
2879 5047 2998 5115 quis
3041 5047 3288 5116 probavit
3328 5053 3468 5118 quod
3509 5068 3543 5104 α

1973 5130 2226 5185 terminus
2252 5131 2318 5185 de
2357 5133 2503 5186 nullo
2527 5150 2554 5185 ε
2583 5135 2812 5188 termino
2838 5137 3175 5203 praedicetur,
3205 5153 3308 5192 non
3336 5151 3414 5191 est
3447 5139 3542 5192 du-

1973 5221 2112 5274 bium
2141 5221 2264 5289 quin
2295 5222 2345 5274 in
2374 5222 2472 5276 hac
2494 5223 2839 5278 conclusione
2867 5225 2992 5278 illud
3018 5241 3232 5296 quoque
3261 5228 3539 5294 probatum

1971 5313 2062 5377 sit,
2101 5312 2242 5381 quod
2269 5329 2294 5365 c
2323 5314 2582 5368 terminus
2610 5315 2676 5369 de
2701 5317 2848 5370 nullo
2876 5335 2906 5370 a
2936 5319 3163 5372 termino
3203 5321 3535 5388 praedicetur.

1971 5407 2192 5474 Semper
2231 5406 2394 5469 enim,
2445 5415 2501 5460 ut
2543 5406 2740 5473 dictum
2784 5417 2886 5473 est,
2939 5409 3256 5464 universalis
3300 5415 3540 5480 negativa

1969 5498 2068 5550 sibi
2114 5498 2213 5566 ipsi
2256 5499 2605 5552 convertitur.
2641 5499 2964 5554 Universalis
2995 5514 3204 5570 quoque
3225 5503 3541 5558 afﬁrmativa

1970 5585 2161 5654 duplici
2197 5587 2540 5642 conclusione
2567 5588 2899 5652 continetur;
2930 5602 3049 5641 nam
3095 5590 3333 5659 quisquis
3363 5603 3541 5646 OSlen-

1970 5676 2103 5729 dita
2147 5677 2428 5733 terminum
2469 5679 2535 5732 de
2573 5677 2714 5731 omni
2757 5695 2782 5729 ε
2816 5679 3042 5734 termino
3074 5681 3380 5750 pracdiCari,
3412 5683 3556 5744 illud.
