4112 6332
556 324 658 378 815

1769 327 1875 381 ΑΝ.
1921 326 2129 383 MANL.
2171 327 2321 384 SEV.
2368 328 2593 385 BOETII

3705 327 3819 405 sto

554 453 765 506 quoque
791 433 1023 490 ostendit
1052 433 1192 504 quod
1238 450 1264 486 c
1296 433 1550 488 terminus
1589 433 1656 488 de
1701 436 1928 504 quodam
1960 454 1991 490 a
2024 449 2128 493 ter-
2155 443 2201 500 Λ
2233 454 2351 494 nem
2378 441 2750 508 partieularem
2780 439 2984 509 colligit
3007 439 3407 497 afﬁrmativam.
3436 443 3492 499 Si
3524 444 3667 499 enim
3692 444 3807 498 fue-

554 531 697 583 niiuo
726 526 1117 597 particulariter
1146 524 1477 594 prmdicetur.
1513 525 1568 581 Si
1600 528 1717 593 quis
1746 528 1886 581 enim
1930 530 2119 597 proba-

550 622 686 675 verit
713 619 909 673 animal
938 617 1005 673 de
1033 618 1181 671 omni
1214 616 1430 671 homine
1466 617 1774 683 prmdicari,
1816 619 1883 672 ita
1914 620 2117 681 dicens.

547 711 720 765 omnis
770 710 929 764 homo
973 708 1167 763 animal
1218 720 1331 773 est,
1366 708 1505 763 illud
1550 726 1758 780 quoque
1818 714 2118 767 necessario

547 801 862 856 monstravit
893 799 1301 869 particulariter,
1326 800 1575 869 quoniam
1607 790 1870 870 quoddam
1917 805 2113 859 animal

547 894 704 945 homo
735 900 835 946 est.
873 891 947 947 Ita
976 906 1187 960 semper
1216 890 1529 944 universalis
1557 892 1789 960 negatio,
1821 902 1875 946 et
1906 893 2115 949 univer-

543 984 667 1036 salis
694 982 999 1047 afﬁrmatio,
1030 983 1109 1037 vel
1139 982 1472 1051 particularis
1493 982 1809 1035 afﬁrmativa
1835 983 2115 1052 dupliciter

541 1074 949 1128 concluduntur.
1003 1074 1133 1127 Aliae
1188 1072 1327 1125 enim
1381 1073 1480 1126 sibi
1534 1074 1661 1141 ipsis
1709 1085 2109 1143 convertuntur,

542 1177 659 1230 (iure
701 1160 1032 1230 particularis
1062 1170 1143 1217 est
1187 1160 1591 1230 particulsiriter,
1639 1177 1756 1231 quae
1800 1166 2113 1219 universalis

543 1253 931 1308 universaliter.
964 1252 1075 1306 Alia
1107 1267 1235 1307 vero
1258 1293 1273 1317 ,
1316 1268 1432 1307 cum
1465 1254 1577 1322 ipsa
1608 1254 1923 1309 universalis
1966 1256 2112 1310 affir-

541 1346 734 1398 mativa
764 1345 866 1411 sit,
901 1344 1289 1411 partieulariter
1318 1344 1418 1398 sibi
1459 1345 1557 1413 ipsi
1601 1348 1950 1402 convertitur.
1984 1347 2113 1401 Par-

540 1436 776 1490 ticularis
806 1443 982 1488 autem
1014 1437 1222 1503 negatio
1252 1450 1519 1503 nunquam
1565 1436 1664 1489 sibi
1706 1437 1804 1506 ipsi
1845 1439 2110 1493 converti-

537 1535 642 1593 tur,
674 1534 833 1595 atque
871 1525 990 1581 ideo
1030 1525 1323 1593 simplicem
1371 1526 1422 1579 in
1463 1541 1522 1580 se
1559 1527 1755 1582 retinet
1802 1530 2107 1583 conclusio-

536 1630 679 1671 nem.
713 1615 822 1672 lloc
869 1622 1043 1669 autem
1090 1615 1230 1684 quod
1262 1631 1430 1684 nuper
1461 1616 1720 1681 diximus,
1766 1618 1816 1671 in
1870 1620 2108 1673 secundo

534 1706 770 1774 priorum
788 1704 1181 1775 Analyticorum
1211 1706 1345 1761 libro
1365 1707 1729 1762 abAristotelc
1753 1720 2075 1764 monstratur
2090 1751 2105 1778 ,

2221 531 2287 584 rit
2322 547 2354 583 α
2386 530 2642 583 terminus
2673 530 2727 582 in
2771 530 2916 581 omni
2946 530 2997 595 b,
3031 542 3085 585 et
3116 532 3143 584 ὁ
3176 532 3435 587 terminus
3475 535 3544 588 de
3571 535 3805 603 quodam

2222 633 2249 670 c
2277 618 2503 672 termino
2535 617 2872 686 praedicetur,
2909 626 3087 685 potest
3118 635 3149 673 a
3179 621 3438 676 terminus
3459 621 3528 676 de
3564 624 3799 690 quodam

2221 724 2247 761 c
2273 707 2501 762 termino
2535 706 2832 775 praedicari.
2869 707 2973 763 Sed
2999 709 3249 778 quoniam
3284 711 3623 778 particularis
3653 713 3802 765 afﬁr-

2224 798 2391 852 matio
2414 797 2515 851 sibi
2548 796 2649 865 ipsi
2672 797 3020 862 convertitur,
3055 812 3146 867 per
3167 801 3571 854 conversionem
3596 800 3653 853 ﬁt
3674 817 3804 855 cono

2218 889 2408 954 clusio,
2457 895 2513 941 et
2537 887 2736 942 dicitur
2763 903 2789 939 ο
2817 887 3079 941 terminus
3110 888 3178 942 de
3206 889 3437 956 quodam
3487 906 3519 941 a
3568 894 3804 944 termino

2217 980 2518 1049 prmdicari,
2547 988 2603 1033 ut
2630 979 2699 1033 sit
2725 979 2802 1033 sic
2837 997 2850 1031 :
2880 994 3041 1033 omne
3073 979 3270 1033 bonum
3298 980 3467 1034 virtus
3490 990 3591 1046 est,
3627 982 3798 1049 quod-

2216 1071 2337 1136 dam
2365 1070 2566 1140 justum
2613 1071 2810 1124 bonum
2852 1076 2956 1123 est.
3007 1069 3199 1124 Posset
3245 1070 3496 1139 equidem
3524 1072 3796 1138 concludi,

2214 1162 2471 1231 quoniam
2519 1161 2787 1228 quoddam
2814 1160 3017 1229 justum
3048 1161 3215 1214 virtus
3244 1169 3347 1226 est,
3385 1161 3479 1215 sed
3510 1162 3633 1231 quia
3667 1177 3794 1230 par-

2218 1254 2460 1309 ticularis
2507 1253 2794 1307 afﬁrmatio
2845 1252 3211 1316 convertitur,
3269 1252 3499 1306 dicimus
3541 1252 3794 1321 quoniam

2214 1346 2459 1415 quzedam
2491 1347 2658 1398 virtus
2694 1346 2835 1414 justa
2881 1354 2983 1398 est.
3030 1343 3260 1398 Octavus
3290 1344 3477 1398 modus
3508 1345 3695 1413 prima:
3730 1345 3794 1397 li-

2209 1452 2351 1506 gura:
2381 1446 2483 1499 est,
2514 1436 2724 1505 quoties
2753 1450 2819 1491 ex
2853 1436 3139 1489 universali
3180 1434 3538 1489 afﬁrmatione
3573 1445 3627 1490 et
3668 1437 3794 1489 uni-

2210 1527 2403 1582 versali
2430 1526 2713 1595 negatione
2739 1524 3130 1593 particulariter
3155 1525 3441 1594 colligitur.
3478 1525 3535 1579 Si
3576 1524 3723 1579 enim
3756 1542 3789 1576 a

2212 1623 2471 1678 terminus
2492 1622 2558 1676 de
2579 1622 2723 1675 omni
2751 1622 2779 1673 Ι)
2802 1620 3029 1674 termino
3055 1619 3372 1688 prmdieatus
3402 1617 3581 1684 fuerit,
3611 1618 3639 1670 b
3663 1633 3795 1672 vero

2211 1717 2472 1772 terminus
2497 1716 2564 1771 de
2596 1714 2743 1769 nullo
2770 1731 2795 1767 c
2837 1716 3066 1769 termino
3098 1714 3436 1783 prmdicetur,
3467 1730 3574 1768 non
3606 1721 3793 1782 posset

533 1799 672 1865 quod
718 1798 919 1851 scilicet
945 1796 1344 1866 TlteOpltrastus
1385 1808 1438 1852 et
1481 1798 1748 1854 Eudemus
1783 1798 2095 1869 principium
2132 1800 2175 1858 Β
2202 1808 2379 1876 colligi
2428 1806 2680 1874 quoniim
2712 1822 2743 1858 a
2775 1805 3036 1859 terminus
3062 1806 3130 1860 de
3156 1806 3303 1859 nullo
3331 1822 3357 1857 c
3389 1804 3616 1860 termino
3648 1820 3789 1874 prte-

532 1888 800 1955 capieutes
843 1886 908 1940 ad
940 1887 1069 1941 alios
1100 1888 1152 1945 in
1185 1887 1351 1957 prima
1385 1889 1550 1957 ﬁgura
1580 1890 1918 1958 syllogismos
1963 1891 2101 1960 adji-

530 1978 746 2033 ciendos
792 1980 1026 2033 animum
1065 1979 1330 2047 adjecere.
1364 1981 1450 2048 qui
1492 1992 1616 2034 sunt
1662 1983 1964 2049 huiusmodi
2010 1984 2098 2053 qui

528 2071 656 2124 κατὰ
702 2070 971 2124 ἀνάκλασιν
1015 2078 1303 2136 vocantur,
1354 2069 1405 2123 id
1446 2078 1527 2125 est
1578 2086 1672 2140 per
1724 2072 2096 2128 refractionem

528 2162 816 2232 quamdam
872 2161 1381 2231 conversionemque
1435 2163 1837 2231 propositionis.
1900 2164 1963 2220 Et
2016 2175 2099 2221 est

526 2258 741 2328 quintus
768 2256 955 2311 modus
984 2270 1048 2310 ex
1088 2255 1292 2309 duabus
1342 2255 1736 2311 universalibus
1785 2257 2097 2311 afﬁrmatio-

525 2350 699 2415 nibus,
720 2349 1125 2419 particularemc
1142 2347 1367 2416 olligens
1385 2348 1490 2401 afﬁ:
1506 2350 1753 2403 mativam
1779 2349 1875 2404 hoc
1894 2350 2054 2404 modo
2077 2366 2092 2403 :

522 2440 577 2497 Si
603 2458 634 2495 a
664 2442 818 2495 luerit
850 2439 903 2493 in
931 2440 1074 2493 omni
1112 2439 1161 2505 b,
1190 2448 1245 2493 et
1273 2438 1300 2490 b
1332 2437 1494 2493 fuerit
1534 2439 1586 2493 in
1636 2440 1783 2494 omni
1832 2455 1880 2506 c,
1911 2449 2095 2510 posset

523 2532 767 2602 equidem
809 2529 1058 2584 concludi
1114 2528 1252 2599 quod
1283 2545 1316 2582 α
1346 2530 1606 2585 terminus
1644 2539 1785 2585 esset
1813 2531 1866 2586 in
1892 2532 2036 2585 omni
2067 2548 2094 2585 c

524 2624 775 2678 termino.
800 2622 903 2676 Sed
933 2620 1179 2691 quoniam
1213 2619 1314 2676 ista
1342 2621 1659 2677 universalis
1686 2624 1997 2692 propositio,
2034 2633 2092 2677 ut

516 2713 714 2768 dictum
753 2722 875 2779 est,,
912 2712 1302 2781 particulariter
1338 2714 1688 2778 convertitur,
1733 2716 2091 2782 praetermisso

515 2816 581 2857 eo
610 2802 748 2871 quod
779 2821 812 2855 a
841 2793 1099 2873 krminus
1134 2800 1201 2857 de
1230 2803 1377 2856 omni
1424 2820 1451 2856 c
1483 2806 1725 2873 terminoﬁ
1751 2806 2087 2872 praedicatur,

517 2895 794 2948 conclusio
849 2907 970 2948 esse
996 2863 1194 2951 dicitur
1237 2894 1377 2963 quod
1405 2910 1431 2945 c
1471 2896 1726 2949 terminus
1754 2896 1820 2950 de
1860 2897 2088 2966 quodam

512 2998 544 3035 α
567 2984 793 3038 termino
824 2983 1162 3051 praedicatur,
1193 2982 1333 3051 quod
1365 2984 1465 3036 hoc
1508 2985 1753 3051 exemplo
1784 2994 2087 3041 monstran-

512 3074 637 3129 dum
658 3084 756 3129 est.
783 3074 834 3129 Si
863 3074 1004 3128 enim
1030 3074 1137 3128 sint
1166 3074 1558 3143 prepositiones
1581 3077 1677 3141 sic,
1701 3093 1859 3133 nume
1887 3079 2086 3146 justum

2209 1898 2438 1952 dicatur.
2456 1896 2564 1950 Cur
2585 1905 2760 1950 autem
2786 1910 2893 1949 non
2923 1895 3110 1964 possit,
3143 1896 3195 1949 in
3227 1895 3562 1950 resolutoriis
3584 1896 3789 1947 dictum

2210 1998 2311 2042 est.
2346 1986 2452 2042 Sed
2480 1987 2733 2055 quoniam
2755 1986 3077 2040 universalis
3101 1987 3350 2055 negativa
3379 1985 3484 2041 sibi
3514 1986 3628 2055 ipsa
3653 2002 3790 2040 con-

2201 2080 2446 2145 vertitur,
2473 2086 2648 2146 potest
2679 2076 2784 2131 dici
2813 2085 2868 2130 et
2891 2077 3150 2143 converti,
3181 2075 3432 2145 quoniam
3466 2093 3494 2129 c
3524 2077 3787 2130 terminus

2200 2172 2269 2227 de
2310 2172 2457 2225 nullo
2486 2173 2514 2224 b
2554 2170 2785 2225 termino
2816 2170 3155 2239 praedicatur,
3202 2170 3232 2222 b
3261 2183 3390 2224 vero
3419 2169 3681 2223 terminus
3712 2168 3783 2224 de

2200 2262 2430 2332 quodam
2462 2278 2493 2313 a
2528 2260 2757 2315 termino
2799 2260 3012 2324 dicitur,
3045 2261 3299 2329 quoniam
3336 2259 3660 2313 universalis
3700 2259 3784 2312 af-

2202 2349 2464 2403 ﬁrmativa
2500 2349 2890 2416 particulariler
2918 2348 3020 2403 sibi
3056 2350 3170 2417 ipsa
3210 2351 3575 2414 convertitur;
3608 2364 3780 2419 quare

2198 2457 2226 2493 c
2261 2442 2518 2496 terminus
2545 2442 2609 2495 de
2655 2441 2884 2511 quodam
2916 2458 2948 2495 a
2976 2442 3202 2496 termino
3234 2456 3340 2496 non
3372 2441 3776 2510 praedicabitur,

2202 2540 2258 2584 ut
2289 2532 2500 2585 sitsic:
2538 2545 2700 2585 omne
2742 2532 2937 2584 bonum
2961 2530 3163 2599 justum
3208 2539 3314 2593 est,
3344 2531 3547 2585 nullum
3576 2530 3779 2583 malum

2204 2624 2397 2677 bonum
2429 2631 2537 2685 est,
2570 2638 2673 2676 non
2704 2633 2883 2689 posset
2912 2620 3111 2688 colligi,
3144 2621 3390 2689 quoniam
3426 2620 3630 2672 nullum
3662 2633 3779 2672 ma-

2199 2715 2307 2769 lum
2333 2713 2536 2784 justum
2555 2723 2668 2780 est,
2699 2714 2793 2767 sed
2825 2714 3158 2767 convertitur
3188 2714 3264 2766 sic
3294 2730 3308 2764 ;

2448 2805 2690 2863 amilum
2722 2805 2917 2860 bonum
2949 2805 3142 2862 malum
3170 2815 3271 2859 est.

2475 2894 2750 2963 Quoddam
2787 2893 2988 2963 justum
3023 2894 3218 2948 boisum
3250 2902 3351 2947 est.

2481 2987 2754 3053 Quoildam
2780 2986 2937 3055 igitur
2962 2972 3163 3053 justum
3192 2986 3388 3039 malum
3421 3000 3526 3037 non
3556 2993 3660 3038 est.

2194 3078 2373 3133 Nonus
2416 3078 2603 3132 modus
2647 3080 2828 3144 primae
2862 3078 3042 3144 ligurte
3085 3084 3186 3143 est,
3219 3075 3308 3144 qui
3353 3088 3419 3128 ex
3458 3074 3772 3143 particulari

514 3166 712 3219 bonum
743 3174 855 3227 est,
884 3164 1057 3218 omnis
1100 3163 1267 3218 virtus
1293 3165 1438 3233 justa
1467 3175 1580 3229 est,
1612 3180 1794 3237 posset
1841 3170 2085 3224 concludi
2121 3158 2164 3218 C
2195 3170 2512 3224 afﬁrmativa
2541 3178 2592 3223 et
2618 3167 2912 3222 universali
2946 3167 3187 3236 uegativa
3216 3166 3590 3235 particularem
3614 3166 3772 3221 colli-

513 3258 761 3325 equidem
789 3256 1038 3325 quoniam
1068 3257 1242 3311 omnis
1268 3259 1436 3309 virtus
1463 3256 1657 3311 bonum
1686 3269 1789 3312 est.
1820 3259 1926 3314 Sed
1959 3275 2090 3328 quo-

513 3348 655 3401 niam
686 3346 757 3400 ita
790 3345 1083 3416 propositio
1110 3345 1210 3401 sibi
1238 3348 1587 3411 convertitur,
1620 3356 1676 3401 ut
1695 3348 1783 3414 sit,
1820 3349 2087 3418 quoddam

513 3437 710 3491 bonum
741 3436 910 3489 virtus
950 3444 1033 3491 est
1074 3438 1486 3505 particulariter,
1541 3438 1876 3507 particularis
1920 3441 2087 3510 syllo-

510 3528 712 3597 gismus
741 3528 1119 3595 conclusioque
1159 3528 1428 3596 colligitur
1466 3543 1529 3582 ex
1569 3528 1774 3582 duabus
1805 3529 2086 3583 universa-

511 3618 646 3673 libus
673 3616 1024 3671 afﬁrmativis.
1067 3618 1192 3686 Ejus
1220 3632 1347 3672 vero
1391 3618 1557 3673 forma
1606 3619 1724 3672 talis
1766 3629 1880 3685 est,
1911 3638 1943 3673 a
1973 3631 2082 3675 ter-

507 3710 685 3764 minus
728 3707 779 3762 in
829 3709 973 3762 omni
1010 3709 1061 3773 b,
1102 3709 1132 3761 ὁ
1171 3710 1432 3764 terminus
1478 3709 1529 3763 in
1574 3710 1718 3764 omni
1764 3726 1818 3775 c,
1864 3709 2022 3781 igitur
2059 3727 2086 3765 c

508 3802 767 3854 terminus
794 3800 844 3853 in
875 3800 1102 3869 quodam
1131 3818 1183 3866 α,
1215 3815 1263 3855 ut
1298 3811 1380 3856 est
1406 3820 1416 3853 :

796 3892 965 3947 Omne
989 3892 1189 3963 justum
1224 3894 1419 3947 bonum
1444 3904 1545 3949 est.

790 3984 976 4036 Omnis
1002 3986 1164 4037 virtus
1186 3983 1327 4053 justa
1354 3994 1453 4038 est.

788 4074 1064 4140 Quoddam
1096 4076 1291 4129 bonum
1316 4075 1495 4145 justus
1519 4082 1620 4132 est.

505 4163 606 4218 Per
633 4164 1036 4219 conversionem
1069 4164 1550 4236 refraetionemque
1570 4167 1790 4233 dicitur,
1818 4168 2073 4237 quoniam

503 4256 643 4325 quod
676 4256 1047 4311 universaliter
1084 4257 1435 4327 colligebatur
1468 4273 1808 4321 conversum,
1844 4260 2077 4327 particu-

503 4348 684 4401 lariter
714 4346 998 4401 collectum
1028 4355 1131 4402 est.
1162 4347 1358 4403 Sextus
1388 4348 1579 4402 modus
1604 4357 1687 4402 est
1715 4351 1901 4414 prima:
1937 4349 2073 4417 ﬁgu-

505 4451 579 4490 rte
606 4438 694 4505 qui
725 4436 781 4490 ﬁt
811 4451 875 4492 ex
900 4437 1189 4492 universali
1242 4439 1483 4508 negativa
1514 4447 1568 4492 et
1596 4439 1886 4493 universali
1921 4440 2072 4492 afﬁr-

500 4529 697 4580 «nativa
725 4528 1082 4585 universalcm
1111 4529 1506 4583 conclusionem
1536 4544 1631 4598 per
1662 4531 2067 4585 conversionem
2104 4505 2154 4565 D

508 4617 774 4686 colligens.
805 4618 933 4673 Nam
959 4621 1002 4673 si
1036 4636 1068 4672 a
1095 4619 1353 4674 terminus
1376 4621 1426 4673 in
1452 4621 1598 4674 nullo
1621 4620 1649 4672 ὁ
1682 4622 1859 4684 fuerit,
1889 4621 1916 4673 b
1943 4637 2069 4676 vero

503 4707 758 4761 terminus
797 4708 847 4761 in
889 4708 1034 4762 omni
1062 4725 1087 4762 c
1119 4709 1350 4764 termino
1380 4710 1560 4775 fuerit,
1590 4720 1773 4778 posset
1817 4712 2068 4779 equidem

499 4795 678 4866 colligi
708 4798 959 4866 quoniam
1012 4816 1042 4851 η
1071 4800 1329 4853 terminus
1368 4799 1419 4853 in
1470 4800 1614 4853 nullo
1644 4816 1670 4852 c
1700 4802 1932 4854 termino
1963 4813 2066 4867 est;

499 4887 589 4941 sed
622 4889 868 4956 quoniam
911 4890 1227 4943 universalis
1267 4891 1512 4958 negativa
1551 4892 1897 4956 convertitur,
1937 4892 2074 4946 dici-

503 4991 615 5031 .uus
645 4978 893 5047 quoniam
924 4996 951 5031 c
996 4978 1250 5033 terminus
1278 4980 1327 5031 in
1374 4979 1519 5033 nullo
1545 4996 1576 5033 α
1616 4982 1847 5035 termino
1877 4992 1979 5046 est,
2013 4993 2071 5036 ut

521 5068 562 5122 it
598 5067 698 5123 hoc
728 5070 886 5124 modo
913 5086 927 5123 :
1628 5080 1631 5083 ‘

781 5161 993 5215 Nullum
1022 5163 1218 5216 bonum
1248 5164 1441 5218 malum
1474 5174 1575 5229 est,

780 5250 948 5303 Omne
977 5251 1176 5319 justum
1207 5250 1400 5306 bonum
1428 5264 1527 5319 est,
1564 5266 1741 5323 posset
1769 5256 1945 5325 colligi
1978 5274 1992 5314 :

782 5340 992 5395 Nullum
1019 5341 1216 5409 justum
1260 5344 1454 5397 malum
1479 5356 1585 5407 (Si;
1617 5345 1709 5399 sed
1740 5360 1804 5400 ex
1844 5345 1928 5399 his
1969 5362 2064 5415 per

1248 5437 1652 5489 conversionem
1673 5435 1969 5505 colligimus
2001 5455 2011 5487 :

787 5520 996 5577 Nullum
1027 5523 1223 5577 malum
1247 5523 1447 5592 justum
1478 5534 1579 5580 est.

497 5612 763 5679 Septimus
795 5612 983 5666 modus
1011 5613 1193 5682 prima:
1223 5614 1403 5683 ﬁgurre
1431 5624 1536 5679 est,
1564 5616 1654 5684 qui
1678 5630 1745 5671 ex
1773 5615 2065 5671 universali

492 5701 810 5757 ottirmativa
853 5710 907 5757 et
940 5703 1249 5772 particulari
1282 5703 1595 5758 aflirmativa
1626 5718 1721 5771 per
1748 5707 2060 5763 conversio-

2190 3261 2268 3331 git
2299 3263 2594 3328 negativam
2640 3273 2735 3328 per
2764 3258 3188 3312 conversionem.
3240 3255 3295 3311 Si
3343 3255 3486 3311 enim
3525 3272 3557 3308 a
3584 3256 3773 3310 termi-

2194 3368 2293 3406 nus
2319 3353 2386 3405 de
2412 3351 2641 3421 quodam
2672 3351 2700 3402 b
2729 3350 2981 3415 termino,
3009 3350 3036 3401 b
3069 3362 3196 3403 vero
3227 3349 3486 3402 terminus
3516 3346 3584 3400 de
3622 3345 3771 3399 nullo

2191 3459 2217 3495 c
2245 3444 2474 3495 termino
2502 3441 2841 3509 prmdicclur,
2886 3454 2989 3492 non
3023 3446 3197 3507 potest
3221 3438 3434 3507 quidem
3487 3436 3595 3490 dici
3639 3447 3770 3503 quo-

2193 3535 2332 3587 niam
2359 3547 2393 3583 a
2421 3530 2681 3585 terminus
2708 3529 3033 3604 dequodam
3060 3545 3087 3581 ο
3112 3529 3340 3583 termino
3370 3542 3473 3582 non
3508 3526 3768 3594 pradica-

2191 3622 2352 3676 bitur.
2375 3620 2484 3675 Cur
2506 3629 2683 3674 autem
2716 3635 2819 3672 non
2847 3618 3151 3687 possit,hoc
3180 3631 3389 3687 quoque
3415 3615 3470 3669 in
3498 3613 3766 3668 resoluto-

2193 3715 2290 3767 riis
2321 3712 2586 3776 diximus;
2620 3711 2712 3764 sed
2743 3710 2992 3779 quoniam
3032 3709 3347 3763 universalis
3395 3707 3609 3775 negatio
3638 3721 3768 3758 con-

2191 3804 2328 3858 verti
2367 3811 2563 3872 potest,
2610 3803 2818 3856 diietur
2847 3803 3096 3870 quoniam
3128 3818 3154 3854 c
3178 3802 3436 3855 terminus
3463 3799 3531 3853 de
3561 3798 3710 3852 nullo
3737 3798 3767 3851 ὸ

2191 3894 2421 3948 termino
2445 3892 2783 3962 praedicatur,
2815 3903 2867 3945 et
2895 3894 2922 3945 b
2948 3891 3204 3945 terminus
3227 3890 3294 3945 de
3312 3889 3542 3959 quodam
3564 3904 3596 3940 a
3626 3901 3768 3954 prte-

2192 3983 2431 4047 dicatur;
2465 3998 2491 4035 c
2518 3984 2680 4052 igitur
2709 3982 2966 4037 terminus
2996 3982 3065 4038 de
3108 3992 3337 4052 quintam
3367 3997 3398 4034 a
3429 3995 3535 4034 non
3567 3977 3766 4049 praedi:

2187 4075 2414 4141 cabituv,
2448 4083 2506 4129 ut
2525 4074 2593 4127 sit
2621 4074 2697 4128 sic
2721 4090 2733 4127 :
3132 4086 3282 4148 μορος

2468 4167 2740 4234 Quodilam
2770 4165 2965 4219 bonum
2992 4164 3193 4233 justum
3221 4172 3323 4219 est.

2463 4255 2673 4309 Nullum
2705 4254 2903 4307 malum
2935 4255 3130 4308 bonum
3162 4262 3263 4307 est.

2460 4346 2734 4412 Quoddam
2766 4345 2924 4415 igitur
2944 4345 3148 4414 justum
3172 4344 3369 4398 malum
3396 4357 3503 4396 non
3528 4351 3633 4396 est.

2181 4438 2470 4507 Expeditis,
2511 4437 2666 4506 igitur
2709 4450 2897 4490 novem
2924 4438 3106 4505 prima;
3141 4435 3322 4503 ﬁgurae
3366 4432 3544 4487 modis
3570 4431 3637 4486 ad
3668 4445 3762 4485 se-

2182 4529 2370 4583 cundze
2396 4527 2576 4597 ﬁgurre
2597 4536 2822 4597 quatuor
2847 4527 3035 4580 modos
3058 4526 3353 4580 veniamus.
3387 4524 3521 4578 Illud
3551 4532 3757 4577 tantum

2184 4628 2412 4693 constet,
2458 4616 2596 4687 quod
2636 4616 3083 4682 qnemadmodnm
3126 4616 3178 4668 in
3224 4616 3392 4683 prima
3444 4613 3612 4682 ﬁgura
3663 4627 3761 4679 per

2182 4726 2372 4764 novem
2404 4709 2734 4778 supradictus
2778 4707 2966 4762 modos
3004 4717 3059 4762 et
3085 4707 3370 4759 afﬁrmatio
3408 4703 3757 4763 universalis,

2181 4813 2241 4858 et
2260 4801 2470 4870 negatio
2515 4801 2856 4866 universalis,
2898 4808 2954 4853 et
2987 4798 3270 4852 afﬁrmatio
3302 4796 3660 4864 particularis,
3700 4800 3757 4847 ct

2181 4893 2389 4962 negatio
2417 4892 2771 4961 particularis,
2805 4891 2861 4944 in
2886 4891 3231 4945 conclusione
3256 4889 3545 4957 colligitur,
3582 4887 3636 4939 in
3666 4900 3755 4939 se-

2178 4986 2352 5041 cunda
2384 4985 2546 5055 ﬁgura
2584 4985 2953 5039 afﬁrmativam
2994 4999 3166 5052 neque
3220 4983 3528 5052 generalem
3577 4993 3756 5048 neque

2176 5060 2547 5146 particularem
2580 5088 2736 5144 posse
2765 5076 2966 5143 colligi,
2998 5075 3090 5128 sed
3121 5082 3323 5126 tantum
3347 5072 3429 5124 vel
3466 5069 3754 5138 particula-

2176 5168 2331 5231 riter,
2364 5168 2449 5221 vel
2497 5165 2871 5225 universaliter
2898 5164 3040 5217 solas
3088 5164 3266 5231 colligi
3318 5156 3622 5230 negativas.
3659 5157 3753 5210 Est

2176 5267 2349 5312 autem
2376 5256 2629 5312 ‘secundze
2657 5255 2837 5324 ﬁgura:
2866 5254 3068 5322 primus
3090 5252 3281 5307 modus
3310 5250 3419 5314 hic,
3451 5248 3664 5318 quoties
3684 5260 3750 5298 ex

2173 5346 2468 5405 universali
2492 5346 2791 5412 negatione,
2822 5353 2876 5396 et
2902 5341 3186 5396 universali
3214 5336 3596 5400 afﬁrmatione,
3629 5334 3751 5388 uni-

2177 5438 2399 5494 versalis
2438 5440 2682 5504 negativa
2726 5435 3007 5504 colligitur.
3053 5432 3110 5487 Si
3132 5432 3283 5487 enim
3326 5446 3358 5482 a
3391 5428 3656 5482 terminus
3683 5424 3751 5476 de

2174 5530 2321 5584 nullo
2349 5530 2377 5583 ὁ
2409 5528 2638 5582 termino
2664 5536 2717 5582 et
2746 5527 2812 5579 de
2847 5526 2992 5579 omni
3020 5541 3044 5576 c
3072 5523 3299 5578 termino
3346 5518 3686 5589 prmdicetnr,
3721 5513 3750 5565 ὁ

2173 5618 2431 5674 terminus
2442 5618 2509 5671 de
2522 5616 2703 5669 nulloc
2719 5614 2946 5668 termino
2961 5608 3442 5682 prmdicabitur.Sit
3457 5607 3600 5661 enim
3616 5602 3751 5656 abo-

2173 5723 2317 5775 num,
2350 5709 2419 5763 sit
2452 5707 2479 5759 b
2508 5707 2729 5773 malum,
2754 5704 3017 5773 cjustum.
3040 5704 3094 5759 Si
3118 5702 3235 5772 quis
3259 5701 3419 5770 igitur
3453 5699 3532 5751 sic
3564 5694 3746 5747 dicat:
