  <div class='ocr_page' id='page_1' title='image "/cluster/home/n/w/nwhite01/storage/ocr_20150623/64/hvd.32044024222309/416.png"; bbox 0 0 4056 6330; ppageno 0'>
   <div class='ocr_carea' id='block_1_1' title="bbox 270 346 375 405">
    <p class='ocr_par' dir='ltr' id='par_1_1' title="bbox 270 346 375 405">
     <span class='ocr_line' id='line_1_1' title="bbox 270 346 375 405; baseline 0 -1"><span class='ocrx_word' id='word_1_1' title='bbox 270 346 375 405; x_wconf 71' lang='grc'><strong>817</strong></span> 
     </span>
    </p>
   </div>
   <div class='ocr_carea' id='block_1_2' title="bbox 557 460 1350 516">
    <p class='ocr_par' dir='ltr' id='par_1_2' title="bbox 557 460 1350 516">
     <span class='ocr_line' id='line_1_2' title="bbox 557 460 1350 516; baseline -0.006 0"><span class='ocrx_word' id='word_1_2' title='bbox 557 460 772 516; x_wconf 83' lang='lat' dir='ltr'><strong>Nullum</strong></span> <span class='ocrx_word' id='word_1_3' title='bbox 799 460 994 515; x_wconf 88' lang='lat' dir='ltr'><strong>malum</strong></span> <span class='ocrx_word' id='word_1_4' title='bbox 1020 460 1219 515; x_wconf 86' lang='lat' dir='ltr'><strong>bonum</strong></span> <span class='ocrx_word' id='word_1_5' title='bbox 1249 468 1350 513; x_wconf 87' lang='lat' dir='ltr'><strong>est.</strong></span> 
     </span>
    </p>
   </div>
   <div class='ocr_carea' id='block_1_3' title="bbox 562 549 1652 620">
    <p class='ocr_par' dir='ltr' id='par_1_3' title="bbox 562 549 1652 620">
     <span class='ocr_line' id='line_1_3' title="bbox 562 549 1652 620; baseline -0.004 -15"><span class='ocrx_word' id='word_1_6' title='bbox 562 550 733 605; x_wconf 87' lang='lat' dir='ltr'><strong>Omne</strong></span> <span class='ocrx_word' id='word_1_7' title='bbox 750 550 954 620; x_wconf 82' lang='lat' dir='ltr'><strong>juStum</strong></span> <span class='ocrx_word' id='word_1_8' title='bbox 979 550 1178 605; x_wconf 92' lang='lat' dir='ltr'><strong>bonum</strong></span> <span class='ocrx_word' id='word_1_9' title='bbox 1208 561 1312 615; x_wconf 72' lang='grc' dir='ltr'><strong>εει,</strong></span> <span class='ocrx_word' id='word_1_10' title='bbox 1345 549 1610 603; x_wconf 78' lang='lat' dir='ltr'><strong>concludit</strong></span> <span class='ocrx_word' id='word_1_11' title='bbox 1639 565 1652 601; x_wconf 89' lang='lat'><strong>:</strong></span> 
     </span>
    </p>
   </div>
   <div class='ocr_carea' id='block_1_4' title="bbox 555 643 1350 713">
    <p class='ocr_par' dir='ltr' id='par_1_4' title="bbox 555 643 1350 713">
     <span class='ocr_line' id='line_1_4' title="bbox 555 643 1350 713; baseline -0.006 -15"><span class='ocrx_word' id='word_1_12' title='bbox 555 643 769 698; x_wconf 85' lang='lat' dir='ltr'><strong>Nullum</strong></span> <span class='ocrx_word' id='word_1_13' title='bbox 797 644 996 713; x_wconf 84' lang='lat' dir='ltr'><strong>justum</strong></span> <span class='ocrx_word' id='word_1_14' title='bbox 1023 643 1217 696; x_wconf 88' lang='lat' dir='ltr'><strong>malum</strong></span> <span class='ocrx_word' id='word_1_15' title='bbox 1250 650 1350 695; x_wconf 89' lang='lat' dir='ltr'><strong>est.</strong></span> 
     </span>
    </p>
   </div>
   <div class='ocr_carea' id='block_1_5' title="bbox 275 730 1841 808">
    <p class='ocr_par' dir='ltr' id='par_1_5' title="bbox 275 730 1841 808">
     <span class='ocr_line' id='line_1_5' title="bbox 275 730 1841 808; baseline -0.006 -15"><span class='ocrx_word' id='word_1_16' title='bbox 275 738 468 808; x_wconf 85' lang='lat' dir='ltr'><strong>Liquet</strong></span> <span class='ocrx_word' id='word_1_17' title='bbox 502 736 663 806; x_wconf 92' lang='lat' dir='ltr'><strong>igitur</strong></span> <span class='ocrx_word' id='word_1_18' title='bbox 702 735 961 804; x_wconf 82' lang='lat' dir='ltr'><strong>majorem</strong></span> <span class='ocrx_word' id='word_1_19' title='bbox 996 734 1389 788; x_wconf 82' lang='lat' dir='ltr'><strong>extremitatem</strong></span> <span class='ocrx_word' id='word_1_20' title='bbox 1432 730 1501 785; x_wconf 92' lang='lat' dir='ltr'><strong>de</strong></span> <span class='ocrx_word' id='word_1_21' title='bbox 1541 730 1744 783; x_wconf 87' lang='lat' dir='ltr'><strong>minore</strong></span> <span class='ocrx_word' id='word_1_22' title='bbox 1791 731 1841 783; x_wconf 83' lang='lat' dir='ltr'><strong>in</strong></span> 
     </span>
    </p>
   </div>
   <div class='ocr_carea' id='block_1_6' title="bbox 269 820 1845 895">
    <p class='ocr_par' dir='ltr' id='par_1_6' title="bbox 269 820 1845 895">
     <span class='ocr_line' id='line_1_6' title="bbox 269 820 1845 895; baseline -0.007 -10"><span class='ocrx_word' id='word_1_23' title='bbox 269 828 620 885; x_wconf 84' lang='lat' dir='ltr'><strong>conclusione</strong></span> <span class='ocrx_word' id='word_1_24' title='bbox 661 824 977 895; x_wconf 74' lang='lat' dir='ltr'><strong>praedicari.</strong></span> <span class='ocrx_word' id='word_1_25' title='bbox 1004 823 1109 879; x_wconf 89' lang='lat' dir='ltr'><strong>Sed</strong></span> <span class='ocrx_word' id='word_1_26' title='bbox 1152 835 1335 877; x_wconf 91' lang='lat' dir='ltr'><strong>omnes</strong></span> <span class='ocrx_word' id='word_1_27' title='bbox 1382 821 1626 876; x_wconf 75' lang='lat' dir='ltr'><strong>secundae</strong></span> <span class='ocrx_word' id='word_1_28' title='bbox 1665 820 1845 888; x_wconf 76' lang='lat' dir='ltr'><strong>ﬁgura:</strong></span> 
     </span>
    </p>
   </div>
   <div class='ocr_carea' id='block_1_7' title="bbox 276 900 1842 989">
    <p class='ocr_par' dir='ltr' id='par_1_7' title="bbox 276 900 1842 989">
     <span class='ocr_line' id='line_1_7' title="bbox 276 900 1842 989; baseline -0.006 -17"><span class='ocrx_word' id='word_1_29' title='bbox 276 917 571 989; x_wconf 75' lang='lat' dir='ltr'><strong>syllogismi</strong></span> <span class='ocrx_word' id='word_1_30' title='bbox 594 916 833 986; x_wconf 86' lang='lat' dir='ltr'><strong>quamvis</strong></span> <span class='ocrx_word' id='word_1_31' title='bbox 861 914 970 968; x_wconf 89' lang='lat' dir='ltr'><strong>veri</strong></span> <span class='ocrx_word' id='word_1_32' title='bbox 1000 912 1127 975; x_wconf 89' lang='lat' dir='ltr'><strong>sint,</strong></span> <span class='ocrx_word' id='word_1_33' title='bbox 1156 926 1341 965; x_wconf 90' lang='lat' dir='ltr'><strong>verum</strong></span> <span class='ocrx_word' id='word_1_34' title='bbox 1366 920 1541 965; x_wconf 81' lang='lat' dir='ltr'><strong>tamen</strong></span> <span class='ocrx_word' id='word_1_35' title='bbox 1564 925 1627 964; x_wconf 85' lang='lat' dir='ltr'><strong>ex</strong></span> <span class='ocrx_word' id='word_1_36' title='bbox 1651 900 1842 977; x_wconf 89' lang='lat' dir='ltr'><strong>seipsis</strong></span> 
     </span>
    </p>
   </div>
   <div class='ocr_carea' id='block_1_8' title="bbox 274 997 1842 1077">
    <p class='ocr_par' dir='ltr' id='par_1_8' title="bbox 274 997 1842 1077">
     <span class='ocr_line' id='line_1_8' title="bbox 274 997 1842 1077; baseline -0.008 -16"><span class='ocrx_word' id='word_1_37' title='bbox 274 1022 385 1063; x_wconf 87' lang='lat' dir='ltr'><strong>non</strong></span> <span class='ocrx_word' id='word_1_38' title='bbox 418 1006 693 1077; x_wconf 81' lang='lat' dir='ltr'><strong>probatur,</strong></span> <span class='ocrx_word' id='word_1_39' title='bbox 737 1004 830 1060; x_wconf 88' lang='lat' dir='ltr'><strong>sed</strong></span> <span class='ocrx_word' id='word_1_40' title='bbox 868 1019 933 1057; x_wconf 80' lang='lat' dir='ltr'><strong>ex</strong></span> <span class='ocrx_word' id='word_1_41' title='bbox 973 1002 1159 1073; x_wconf 73' lang='lat' dir='ltr'><strong>prima:</strong></span> <span class='ocrx_word' id='word_1_42' title='bbox 1203 1001 1383 1070; x_wconf 91' lang='lat' dir='ltr'><strong>ﬁgurae</strong></span> <span class='ocrx_word' id='word_1_43' title='bbox 1414 998 1585 1054; x_wconf 91' lang='lat' dir='ltr'><strong>modis</strong></span> <span class='ocrx_word' id='word_1_44' title='bbox 1615 997 1842 1066; x_wconf 83' lang='lat' dir='ltr'><strong>implen-</strong></span> 
     </span>
    </p>
   </div>
   <div class='ocr_carea' id='block_1_9' title="bbox 275 1089 1842 1166">
    <p class='ocr_par' dir='ltr' id='par_1_9' title="bbox 275 1089 1842 1166">
     <span class='ocr_line' id='line_1_9' title="bbox 275 1089 1842 1166; baseline -0.008 -14"><span class='ocrx_word' id='word_1_45' title='bbox 275 1109 384 1152; x_wconf 93' lang='lat' dir='ltr'><strong>tur.</strong></span> <span class='ocrx_word' id='word_1_46' title='bbox 411 1098 647 1166; x_wconf 78' lang='lat' dir='ltr'><strong>Namque</strong></span> <span class='ocrx_word' id='word_1_47' title='bbox 686 1096 733 1150; x_wconf 87' lang='lat' dir='ltr'><strong>si</strong></span> <span class='ocrx_word' id='word_1_48' title='bbox 770 1112 801 1147; x_wconf 88' lang='lat' dir='ltr'><strong>a</strong></span> <span class='ocrx_word' id='word_1_49' title='bbox 832 1097 1089 1149; x_wconf 84' lang='lat' dir='ltr'><strong>terminus</strong></span> <span class='ocrx_word' id='word_1_50' title='bbox 1118 1092 1184 1147; x_wconf 90' lang='lat' dir='ltr'><strong>de</strong></span> <span class='ocrx_word' id='word_1_51' title='bbox 1223 1092 1369 1147; x_wconf 92' lang='lat' dir='ltr'><strong>nullo</strong></span> <span class='ocrx_word' id='word_1_52' title='bbox 1398 1091 1426 1144; x_wconf 88' lang='lat' dir='ltr'><strong>b</strong></span> <span class='ocrx_word' id='word_1_53' title='bbox 1455 1089 1681 1145; x_wconf 87' lang='lat' dir='ltr'><strong>termino</strong></span> <span class='ocrx_word' id='word_1_54' title='bbox 1705 1102 1842 1157; x_wconf 66' lang='lat' dir='ltr'><strong>prte-</strong></span> 
     </span>
    </p>
   </div>
   <div class='ocr_carea' id='block_1_10' title="bbox 274 1178 1838 1254">
    <p class='ocr_par' dir='ltr' id='par_1_10' title="bbox 274 1178 1838 1254">
     <span class='ocr_line' id='line_1_10' title="bbox 274 1178 1838 1254; baseline -0.008 -11"><span class='ocrx_word' id='word_1_55' title='bbox 274 1190 513 1254; x_wconf 90' lang='lat' dir='ltr'><strong>dicetur,</strong></span> <span class='ocrx_word' id='word_1_56' title='bbox 545 1196 599 1241; x_wconf 92' lang='lat' dir='ltr'><strong>et</strong></span> <span class='ocrx_word' id='word_1_57' title='bbox 623 1186 850 1240; x_wconf 87' lang='lat' dir='ltr'><strong>inomni</strong></span> <span class='ocrx_word' id='word_1_58' title='bbox 873 1202 898 1238; x_wconf 89' lang='lat' dir='ltr'><strong>c</strong></span> <span class='ocrx_word' id='word_1_59' title='bbox 928 1185 1152 1238; x_wconf 88' lang='lat' dir='ltr'><strong>termino</strong></span> <span class='ocrx_word' id='word_1_60' title='bbox 1171 1184 1260 1246; x_wconf 87' lang='lat' dir='ltr'><strong>sit,</strong></span> <span class='ocrx_word' id='word_1_61' title='bbox 1294 1181 1527 1235; x_wconf 91' lang='lat' dir='ltr'><strong>nondum</strong></span> <span class='ocrx_word' id='word_1_62' title='bbox 1562 1178 1838 1248; x_wconf 87' lang='lat' dir='ltr'><strong>probatum</strong></span> 
     </span>
    </p>
   </div>
   <div class='ocr_carea' id='block_1_11' title="bbox 277 1267 1841 1349">
    <p class='ocr_par' dir='ltr' id='par_1_11' title="bbox 277 1267 1841 1349">
     <span class='ocr_line' id='line_1_11' title="bbox 277 1267 1841 1349; baseline -0.01 -14"><span class='ocrx_word' id='word_1_63' title='bbox 277 1288 362 1335; x_wconf 89' lang='lat' dir='ltr'><strong>est</strong></span> <span class='ocrx_word' id='word_1_64' title='bbox 389 1278 637 1349; x_wconf 91' lang='lat' dir='ltr'><strong>quoniam</strong></span> <span class='ocrx_word' id='word_1_65' title='bbox 677 1276 894 1331; x_wconf 90' lang='lat' dir='ltr'><strong>omnino</strong></span> <span class='ocrx_word' id='word_1_66' title='bbox 927 1274 956 1327; x_wconf 72' lang='grc' dir='ltr'><strong>ὁ</strong></span> <span class='ocrx_word' id='word_1_67' title='bbox 987 1274 1247 1328; x_wconf 88' lang='lat' dir='ltr'><strong>terminus</strong></span> <span class='ocrx_word' id='word_1_68' title='bbox 1281 1271 1348 1326; x_wconf 88' lang='lat' dir='ltr'><strong>de</strong></span> <span class='ocrx_word' id='word_1_69' title='bbox 1378 1270 1525 1324; x_wconf 88' lang='lat' dir='ltr'><strong>nullo</strong></span> <span class='ocrx_word' id='word_1_70' title='bbox 1552 1285 1578 1321; x_wconf 88' lang='lat' dir='ltr'><strong>c</strong></span> <span class='ocrx_word' id='word_1_71' title='bbox 1613 1267 1841 1323; x_wconf 83' lang='lat' dir='ltr'><strong>termino</strong></span> 
     </span>
    </p>
   </div>
   <div class='ocr_carea' id='block_1_12' title="bbox 280 1356 1841 1441">
    <p class='ocr_par' dir='ltr' id='par_1_12' title="bbox 280 1356 1841 1441">
     <span class='ocr_line' id='line_1_12' title="bbox 280 1356 1841 1441; baseline -0.011 -15"><span class='ocrx_word' id='word_1_72' title='bbox 280 1371 617 1441; x_wconf 69' lang='lat' dir='ltr'><strong>praedicetur.</strong></span> <span class='ocrx_word' id='word_1_73' title='bbox 651 1367 756 1423; x_wconf 87' lang='lat' dir='ltr'><strong>Sed</strong></span> <span class='ocrx_word' id='word_1_74' title='bbox 778 1368 822 1421; x_wconf 89' lang='lat' dir='ltr'><strong>si</strong></span> <span class='ocrx_word' id='word_1_75' title='bbox 853 1366 971 1435; x_wconf 90' lang='lat' dir='ltr'><strong>quis</strong></span> <span class='ocrx_word' id='word_1_76' title='bbox 997 1380 1061 1418; x_wconf 76' lang='lat' dir='ltr'><strong>ex</strong></span> <span class='ocrx_word' id='word_1_77' title='bbox 1088 1363 1190 1417; x_wconf 88' lang='lat' dir='ltr'><strong>isto</strong></span> <span class='ocrx_word' id='word_1_78' title='bbox 1211 1362 1455 1417; x_wconf 81' lang='lat' dir='ltr'><strong>secundae</strong></span> <span class='ocrx_word' id='word_1_79' title='bbox 1477 1360 1655 1429; x_wconf 64' lang='lat' dir='ltr'><strong>ﬁgurae</strong></span> <span class='ocrx_word' id='word_1_80' title='bbox 1673 1356 1841 1424; x_wconf 90' lang='lat' dir='ltr'><strong>primo</strong></span> 
     </span>
    </p>
   </div>
   <div class='ocr_carea' id='block_1_13' title="bbox 281 1451 1841 1531">
    <p class='ocr_par' dir='ltr' id='par_1_13' title="bbox 281 1451 1841 1531">
     <span class='ocr_line' id='line_1_13' title="bbox 281 1451 1841 1531; baseline -0.011 -14"><span class='ocrx_word' id='word_1_81' title='bbox 281 1463 440 1518; x_wconf 90' lang='lat' dir='ltr'><strong>modo</strong></span> <span class='ocrx_word' id='word_1_82' title='bbox 480 1463 664 1531; x_wconf 62' lang='lat' dir='ltr'><strong>prima:</strong></span> <span class='ocrx_word' id='word_1_83' title='bbox 708 1460 894 1530; x_wconf 66' lang='lat' dir='ltr'><strong>ﬁgurae</strong></span> <span class='ocrx_word' id='word_1_84' title='bbox 936 1453 1230 1512; x_wconf 88' lang='lat' dir='ltr'><strong>secundum</strong></span> <span class='ocrx_word' id='word_1_85' title='bbox 1272 1454 1485 1508; x_wconf 89' lang='lat' dir='ltr'><strong>modum</strong></span> <span class='ocrx_word' id='word_1_86' title='bbox 1531 1451 1704 1517; x_wconf 80' lang='lat' dir='ltr'><strong>iaciat,</strong></span> <span class='ocrx_word' id='word_1_87' title='bbox 1750 1464 1841 1517; x_wconf 89' lang='lat' dir='ltr'><strong>per</strong></span> 
     </span>
    </p>
   </div>
   <div class='ocr_carea' id='block_1_14' title="bbox 280 1542 1841 1627">
    <p class='ocr_par' dir='ltr' id='par_1_14' title="bbox 280 1542 1841 1627">
     <span class='ocr_line' id='line_1_14' title="bbox 280 1542 1841 1627; baseline -0.011 -19"><span class='ocrx_word' id='word_1_88' title='bbox 280 1552 685 1627; x_wconf 73' lang='lat' dir='ltr'><strong>conversionem</strong></span> <span class='ocrx_word' id='word_1_89' title='bbox 710 1558 853 1605; x_wconf 88' lang='lat' dir='ltr'><strong>totus</strong></span> <span class='ocrx_word' id='word_1_90' title='bbox 870 1550 1208 1619; x_wconf 82' lang='lat' dir='ltr'><strong>syllogismus</strong></span> <span class='ocrx_word' id='word_1_91' title='bbox 1229 1545 1603 1612; x_wconf 88' lang='lat' dir='ltr'><strong>conclusioque</strong></span> <span class='ocrx_word' id='word_1_92' title='bbox 1623 1542 1841 1610; x_wconf 83' lang='lat' dir='ltr'><strong>probata</strong></span> 
     </span>
    </p>
   </div>
   <div class='ocr_carea' id='block_1_15' title="bbox 279 1630 1843 1709">
    <p class='ocr_par' dir='ltr' id='par_1_15' title="bbox 279 1630 1843 1709">
     <span class='ocr_line' id='line_1_15' title="bbox 279 1630 1843 1709; baseline -0.009 -13"><span class='ocrx_word' id='word_1_93' title='bbox 279 1652 381 1696; x_wconf 88' lang='lat' dir='ltr'><strong>est.</strong></span> <span class='ocrx_word' id='word_1_94' title='bbox 410 1641 466 1697; x_wconf 88' lang='lat' dir='ltr'><strong>Si</strong></span> <span class='ocrx_word' id='word_1_95' title='bbox 489 1640 607 1709; x_wconf 89' lang='lat' dir='ltr'><strong>quis</strong></span> <span class='ocrx_word' id='word_1_96' title='bbox 626 1640 771 1703; x_wconf 89' lang='lat' dir='ltr'><strong>enim</strong></span> <span class='ocrx_word' id='word_1_97' title='bbox 808 1640 861 1693; x_wconf 89' lang='lat' dir='ltr'><strong>in</strong></span> <span class='ocrx_word' id='word_1_98' title='bbox 894 1638 995 1693; x_wconf 88' lang='lat' dir='ltr'><strong>hoc</strong></span> <span class='ocrx_word' id='word_1_99' title='bbox 1034 1636 1342 1708; x_wconf 71' lang='lat' dir='ltr'><strong>syllogismo</strong></span> <span class='ocrx_word' id='word_1_100' title='bbox 1370 1634 1457 1703; x_wconf 91' lang='lat' dir='ltr'><strong>qui</strong></span> <span class='ocrx_word' id='word_1_101' title='bbox 1489 1640 1572 1686; x_wconf 91' lang='lat' dir='ltr'><strong>est</strong></span> <span class='ocrx_word' id='word_1_102' title='bbox 1597 1648 1629 1683; x_wconf 83' lang='grc' dir='ltr'><em>α</em></span> <span class='ocrx_word' id='word_1_103' title='bbox 1662 1630 1843 1684; x_wconf 91' lang='lat' dir='ltr'><strong>termi-</strong></span> 
     </span>
    </p>
   </div>
   <div class='ocr_carea' id='block_1_16' title="bbox 286 1720 1841 1797">
    <p class='ocr_par' dir='ltr' id='par_1_16' title="bbox 286 1720 1841 1797">
     <span class='ocr_line' id='line_1_16' title="bbox 286 1720 1841 1797; baseline -0.006 -14"><span class='ocrx_word' id='word_1_104' title='bbox 286 1746 388 1784; x_wconf 85' lang='lat' dir='ltr'><strong>nus</strong></span> <span class='ocrx_word' id='word_1_105' title='bbox 410 1732 465 1785; x_wconf 88' lang='lat' dir='ltr'><strong>in</strong></span> <span class='ocrx_word' id='word_1_106' title='bbox 494 1729 639 1784; x_wconf 90' lang='lat' dir='ltr'><strong>nullo</strong></span> <span class='ocrx_word' id='word_1_107' title='bbox 657 1729 714 1797; x_wconf 61' lang='grc' dir='ltr'><strong>β,</strong></span> <span class='ocrx_word' id='word_1_108' title='bbox 755 1735 809 1783; x_wconf 91' lang='lat' dir='ltr'><strong>et</strong></span> <span class='ocrx_word' id='word_1_109' title='bbox 838 1728 976 1783; x_wconf 89' lang='lat' dir='ltr'><strong>idem</strong></span> <span class='ocrx_word' id='word_1_110' title='bbox 1007 1744 1045 1780; x_wconf 11' lang='lat' dir='ltr'><strong>at</strong></span> <span class='ocrx_word' id='word_1_111' title='bbox 1064 1728 1320 1780; x_wconf 88' lang='lat' dir='ltr'><strong>terminus</strong></span> <span class='ocrx_word' id='word_1_112' title='bbox 1346 1724 1413 1779; x_wconf 88' lang='lat' dir='ltr'><strong>de</strong></span> <span class='ocrx_word' id='word_1_113' title='bbox 1440 1722 1580 1778; x_wconf 91' lang='lat' dir='ltr'><strong>omni</strong></span> <span class='ocrx_word' id='word_1_114' title='bbox 1601 1739 1628 1774; x_wconf 88' lang='lat' dir='ltr'><strong>c</strong></span> <span class='ocrx_word' id='word_1_115' title='bbox 1647 1720 1841 1789; x_wconf 78' lang='lat' dir='ltr'><strong>prtedi-</strong></span> 
     </span>
    </p>
   </div>
   <div class='ocr_carea' id='block_1_17' title="bbox 1358 342 2396 403">
    <p class='ocr_par' dir='ltr' id='par_1_17' title="bbox 1358 342 2396 403">
     <span class='ocr_line' id='line_1_17' title="bbox 1358 342 2396 403; baseline -0.003 -1"><span class='ocrx_word' id='word_1_116' title='bbox 1358 342 1446 402; x_wconf 74' lang='grc' dir='ltr'>ΒΕ</span> <span class='ocrx_word' id='word_1_117' title='bbox 1487 343 1906 403; x_wconf 72' lang='lat' dir='ltr'><strong>SYLLOGISMO</strong></span> <span class='ocrx_word' id='word_1_118' title='bbox 1944 343 2396 400; x_wconf 74' lang='lat' dir='ltr'><strong>CATEGORICO.</strong></span> 
     </span>
    </p>
   </div>
   <div class='ocr_carea' id='block_1_18' title="bbox 3403 314 3507 398">
    <p class='ocr_par' dir='ltr' id='par_1_18' title="bbox 3403 314 3507 398">
     <span class='ocr_line' id='line_1_18' title="bbox 3403 314 3507 398; baseline -0.029 0"><span class='ocrx_word' id='word_1_119' title='bbox 3403 314 3507 398; x_wconf 82' lang='lat' dir='ltr'><strong>ets</strong></span> 
     </span>
    </p>
   </div>
   <div class='ocr_carea' id='block_1_19' title="bbox 1872 459 3515 529">
    <p class='ocr_par' dir='ltr' id='par_1_19' title="bbox 1872 459 3515 529">
     <span class='ocr_line' id='line_1_19' title="bbox 1872 459 3515 529; baseline 0.001 -18"><span class='ocrx_word' id='word_1_120' title='bbox 1872 461 1923 520; x_wconf 79' lang='grc' dir='ltr'>Α</span> <span class='ocrx_word' id='word_1_121' title='bbox 1951 460 2178 513; x_wconf 73' lang='lat' dir='ltr'><strong>termino</strong></span> <span class='ocrx_word' id='word_1_122' title='bbox 2207 459 2390 527; x_wconf 82' lang='lat' dir='ltr'><strong>fuerit,</strong></span> <span class='ocrx_word' id='word_1_123' title='bbox 2419 460 2447 512; x_wconf 88' lang='lat' dir='ltr'><strong>b</strong></span> <span class='ocrx_word' id='word_1_124' title='bbox 2472 462 2729 515; x_wconf 84' lang='lat' dir='ltr'><strong>terminus</strong></span> <span class='ocrx_word' id='word_1_125' title='bbox 2760 463 2827 516; x_wconf 84' lang='lat' dir='ltr'><strong>de</strong></span> <span class='ocrx_word' id='word_1_126' title='bbox 2848 463 3075 529; x_wconf 85' lang='lat' dir='ltr'><strong>quodam</strong></span> <span class='ocrx_word' id='word_1_127' title='bbox 3099 477 3125 517; x_wconf 74' lang='grc' dir='ltr'><strong><em>ο</em></strong></span> <span class='ocrx_word' id='word_1_128' title='bbox 3153 459 3383 516; x_wconf 85' lang='lat' dir='ltr'><strong>termino</strong></span> <span class='ocrx_word' id='word_1_129' title='bbox 3408 474 3515 512; x_wconf 91' lang='lat' dir='ltr'><strong>non</strong></span> 
     </span>
    </p>
   </div>
   <div class='ocr_carea' id='block_1_20' title="bbox 1956 548 3533 621">
    <p class='ocr_par' dir='ltr' id='par_1_20' title="bbox 1956 548 3533 621">
     <span class='ocr_line' id='line_1_20' title="bbox 1956 548 3533 621; baseline 0.001 -22"><span class='ocrx_word' id='word_1_130' title='bbox 1956 548 2349 616; x_wconf 65' lang='lat' dir='ltr'><strong>praedicabitur.</strong></span> <span class='ocrx_word' id='word_1_131' title='bbox 2400 549 2479 604; x_wconf 90' lang='lat' dir='ltr'><strong>Sit</strong></span> <span class='ocrx_word' id='word_1_132' title='bbox 2518 550 2659 604; x_wconf 90' lang='lat' dir='ltr'><strong>enim</strong></span> <span class='ocrx_word' id='word_1_133' title='bbox 2694 567 2725 603; x_wconf 73' lang='grc' dir='ltr'><em>α</em></span> <span class='ocrx_word' id='word_1_134' title='bbox 2767 552 2983 621; x_wconf 87' lang='lat' dir='ltr'><strong>bonum,</strong></span> <span class='ocrx_word' id='word_1_135' title='bbox 3036 552 3065 605; x_wconf 72' lang='grc' dir='ltr'>ὑ</span> <span class='ocrx_word' id='word_1_136' title='bbox 3109 551 3327 617; x_wconf 86' lang='lat' dir='ltr'><strong>malum,</strong></span> <span class='ocrx_word' id='word_1_137' title='bbox 3376 568 3402 604; x_wconf 84' lang='lat' dir='ltr'><strong>c</strong></span> <span class='ocrx_word' id='word_1_138' title='bbox 3425 550 3533 619; x_wconf 78' lang='lat' dir='ltr'><strong>jn-‘</strong></span> 
     </span>
    </p>
   </div>
   <div class='ocr_carea' id='block_1_21' title="bbox 1947 638 2829 709">
    <p class='ocr_par' dir='ltr' id='par_1_21' title="bbox 1947 638 2829 709">
     <span class='ocr_line' id='line_1_21' title="bbox 1947 638 2829 709; baseline 0.006 -18"><span class='ocrx_word' id='word_1_139' title='bbox 1947 645 2107 692; x_wconf 89' lang='lat' dir='ltr'><strong>stum.</strong></span> <span class='ocrx_word' id='word_1_140' title='bbox 2140 638 2198 694; x_wconf 92' lang='lat' dir='ltr'><strong>Si</strong></span> <span class='ocrx_word' id='word_1_141' title='bbox 2220 641 2339 709; x_wconf 89' lang='lat' dir='ltr'><strong>quis</strong></span> <span class='ocrx_word' id='word_1_142' title='bbox 2370 640 2528 709; x_wconf 83' lang='lat' dir='ltr'><strong>igitur</strong></span> <span class='ocrx_word' id='word_1_143' title='bbox 2548 642 2626 698; x_wconf 90' lang='lat' dir='ltr'><strong>sic</strong></span> <span class='ocrx_word' id='word_1_144' title='bbox 2644 643 2789 698; x_wconf 82' lang='lat' dir='ltr'><strong>dicat</strong></span> <span class='ocrx_word' id='word_1_145' title='bbox 2817 663 2829 696; x_wconf 86' lang='lat'><strong>:</strong></span> 
     </span>
    </p>
   </div>
   <div class='ocr_carea' id='block_1_22' title="bbox 2018 728 2809 787">
    <p class='ocr_par' dir='ltr' id='par_1_22' title="bbox 2018 728 2809 787">
     <span class='ocr_line' id='line_1_22' title="bbox 2018 728 2809 787; baseline 0.005 -6"><span class='ocrx_word' id='word_1_146' title='bbox 2018 728 2227 782; x_wconf 88' lang='lat' dir='ltr'><strong>Nullum</strong></span> <span class='ocrx_word' id='word_1_147' title='bbox 2262 728 2455 783; x_wconf 88' lang='lat' dir='ltr'><strong>malum</strong></span> <span class='ocrx_word' id='word_1_148' title='bbox 2483 730 2681 785; x_wconf 90' lang='lat' dir='ltr'><strong>bonum</strong></span> <span class='ocrx_word' id='word_1_149' title='bbox 2711 742 2809 787; x_wconf 88' lang='lat' dir='ltr'><strong>est.</strong></span> 
     </span>
    </p>
   </div>
   <div class='ocr_carea' id='block_1_23' title="bbox 2017 820 3509 893">
    <p class='ocr_par' dir='ltr' id='par_1_23' title="bbox 2017 820 3509 893">
     <span class='ocr_line' id='line_1_23' title="bbox 2017 820 3509 893; baseline 0.004 -21"><span class='ocrx_word' id='word_1_150' title='bbox 2017 820 2293 886; x_wconf 87' lang='lat' dir='ltr'><strong>Quoddam</strong></span> <span class='ocrx_word' id='word_1_151' title='bbox 2310 820 2510 890; x_wconf 85' lang='lat' dir='ltr'><strong>justum</strong></span> <span class='ocrx_word' id='word_1_152' title='bbox 2528 822 2725 878; x_wconf 90' lang='lat' dir='ltr'><strong>bonum</strong></span> <span class='ocrx_word' id='word_1_153' title='bbox 2739 835 2839 893; x_wconf 91' lang='lat' dir='ltr'><strong>est,</strong></span> <span class='ocrx_word' id='word_1_154' title='bbox 2859 826 3139 881; x_wconf 82' lang='lat' dir='ltr'><strong>concludat</strong></span> <span class='ocrx_word' id='word_1_155' title='bbox 3160 840 3376 881; x_wconf 86' lang='lat' dir='ltr'><strong>necesse</strong></span> <span class='ocrx_word' id='word_1_156' title='bbox 3393 834 3476 880; x_wconf 90' lang='lat' dir='ltr'><strong>est</strong></span> <span class='ocrx_word' id='word_1_157' title='bbox 3496 844 3509 878; x_wconf 89' lang='lat'><strong>:</strong></span> 
     </span>
    </p>
   </div>
   <div class='ocr_carea' id='block_1_24' title="bbox 2020 912 2997 983">
    <p class='ocr_par' dir='ltr' id='par_1_24' title="bbox 2020 912 2997 983">
     <span class='ocr_line' id='line_1_24' title="bbox 2020 912 2997 983; baseline 0.002 -17"><span class='ocrx_word' id='word_1_158' title='bbox 2020 912 2297 978; x_wconf 88' lang='lat' dir='ltr'><strong>Quoddam</strong></span> <span class='ocrx_word' id='word_1_159' title='bbox 2316 913 2517 981; x_wconf 91' lang='lat' dir='ltr'><strong>justum</strong></span> <span class='ocrx_word' id='word_1_160' title='bbox 2539 914 2734 968; x_wconf 88' lang='lat' dir='ltr'><strong>malum</strong></span> <span class='ocrx_word' id='word_1_161' title='bbox 2765 930 2868 969; x_wconf 91' lang='lat' dir='ltr'><strong>non</strong></span> <span class='ocrx_word' id='word_1_162' title='bbox 2898 925 2997 983; x_wconf 89' lang='lat' dir='ltr'><strong>est,</strong></span> 
     </span>
    </p>
   </div>
   <div class='ocr_carea' id='block_1_25' title="bbox 1956 1003 3515 1075">
    <p class='ocr_par' dir='ltr' id='par_1_25' title="bbox 1956 1003 3515 1075">
     <span class='ocr_line' id='line_1_25' title="bbox 1956 1003 3515 1075; baseline 0.004 -19"><span class='ocrx_word' id='word_1_163' title='bbox 1956 1003 2049 1058; x_wconf 90' lang='lat' dir='ltr'><strong>llic</strong></span> <span class='ocrx_word' id='word_1_164' title='bbox 2075 1018 2283 1073; x_wconf 90' lang='lat' dir='ltr'><strong>quoque</strong></span> <span class='ocrx_word' id='word_1_165' title='bbox 2311 1005 2651 1075; x_wconf 82' lang='lat' dir='ltr'><strong>syllogismus</strong></span> <span class='ocrx_word' id='word_1_166' title='bbox 2683 1020 2777 1074; x_wconf 89' lang='lat' dir='ltr'><strong>per</strong></span> <span class='ocrx_word' id='word_1_167' title='bbox 2797 1009 3201 1066; x_wconf 84' lang='lat' dir='ltr'><strong>conversionem</strong></span> <span class='ocrx_word' id='word_1_168' title='bbox 3230 1010 3331 1063; x_wconf 90' lang='lat' dir='ltr'><strong>hoc</strong></span> <span class='ocrx_word' id='word_1_169' title='bbox 3356 1009 3515 1063; x_wconf 92' lang='lat' dir='ltr'><strong>modo</strong></span> 
     </span>
    </p>
   </div>
   <div class='ocr_carea' id='block_1_26' title="bbox 1956 1094 3518 1160">
    <p class='ocr_par' dir='ltr' id='par_1_26' title="bbox 1956 1094 3518 1160">
     <span class='ocr_line' id='line_1_26' title="bbox 1956 1094 3518 1160; baseline 0.003 -13"><span class='ocrx_word' id='word_1_170' title='bbox 1956 1094 2226 1160; x_wconf 81' lang='lat' dir='ltr'><strong>probatur.</strong></span> <span class='ocrx_word' id='word_1_171' title='bbox 2265 1094 2393 1149; x_wconf 84' lang='lat' dir='ltr'><strong>Nam</strong></span> <span class='ocrx_word' id='word_1_172' title='bbox 2443 1096 2493 1150; x_wconf 88' lang='lat' dir='ltr'><strong>si</strong></span> <span class='ocrx_word' id='word_1_173' title='bbox 2534 1112 2565 1147; x_wconf 92' lang='lat' dir='ltr'><strong>a</strong></span> <span class='ocrx_word' id='word_1_174' title='bbox 2613 1095 2870 1152; x_wconf 87' lang='lat' dir='ltr'><strong>terminus</strong></span> <span class='ocrx_word' id='word_1_175' title='bbox 2920 1096 2989 1153; x_wconf 90' lang='lat' dir='ltr'><strong>de</strong></span> <span class='ocrx_word' id='word_1_176' title='bbox 3037 1100 3180 1155; x_wconf 89' lang='lat' dir='ltr'><strong>nullo</strong></span> <span class='ocrx_word' id='word_1_177' title='bbox 3224 1100 3253 1153; x_wconf 90' lang='lat' dir='ltr'><strong>b</strong></span> <span class='ocrx_word' id='word_1_178' title='bbox 3290 1099 3518 1153; x_wconf 91' lang='lat' dir='ltr'><strong>termino</strong></span> 
     </span>
    </p>
   </div>
   <div class='ocr_carea' id='block_1_27' title="bbox 1956 1182 3516 1258">
    <p class='ocr_par' dir='ltr' id='par_1_27' title="bbox 1956 1182 3516 1258">
     <span class='ocr_line' id='line_1_27' title="bbox 1956 1182 3516 1258; baseline 0.003 -22"><span class='ocrx_word' id='word_1_179' title='bbox 1956 1182 2293 1252; x_wconf 69' lang='lat' dir='ltr'><strong>prwtlicalur,</strong></span> <span class='ocrx_word' id='word_1_180' title='bbox 2325 1194 2379 1239; x_wconf 92' lang='lat' dir='ltr'><strong>et</strong></span> <span class='ocrx_word' id='word_1_181' title='bbox 2408 1186 2435 1237; x_wconf 72' lang='grc' dir='ltr'><em>ὸ</em></span> <span class='ocrx_word' id='word_1_182' title='bbox 2469 1187 2726 1241; x_wconf 85' lang='lat' dir='ltr'><strong>terminus</strong></span> <span class='ocrx_word' id='word_1_183' title='bbox 2753 1186 2820 1241; x_wconf 88' lang='lat' dir='ltr'><strong>de</strong></span> <span class='ocrx_word' id='word_1_184' title='bbox 2846 1188 2995 1244; x_wconf 92' lang='lat' dir='ltr'><strong>nullo</strong></span> <span class='ocrx_word' id='word_1_185' title='bbox 3020 1206 3053 1242; x_wconf 89' lang='lat' dir='ltr'><strong>a</strong></span> <span class='ocrx_word' id='word_1_186' title='bbox 3075 1189 3299 1244; x_wconf 86' lang='lat' dir='ltr'><strong>termino</strong></span> <span class='ocrx_word' id='word_1_187' title='bbox 3326 1189 3516 1258; x_wconf 58' lang='lat' dir='ltr'><strong>praedi-</strong></span> 
     </span>
    </p>
   </div>
   <div class='ocr_carea' id='block_1_28' title="bbox 1953 1273 3515 1348">
    <p class='ocr_par' dir='ltr' id='par_1_28' title="bbox 1953 1273 3515 1348">
     <span class='ocr_line' id='line_1_28' title="bbox 1953 1273 3515 1348; baseline 0.003 -20"><span class='ocrx_word' id='word_1_188' title='bbox 1953 1273 2181 1328; x_wconf 81' lang='lat' dir='ltr'><strong>cabitur.</strong></span> <span class='ocrx_word' id='word_1_189' title='bbox 2210 1273 2316 1328; x_wconf 90' lang='lat' dir='ltr'><strong>Sed</strong></span> <span class='ocrx_word' id='word_1_190' title='bbox 2355 1292 2388 1327; x_wconf 91' lang='lat' dir='ltr'><strong>a</strong></span> <span class='ocrx_word' id='word_1_191' title='bbox 2425 1276 2683 1332; x_wconf 88' lang='lat' dir='ltr'><strong>terminus</strong></span> <span class='ocrx_word' id='word_1_192' title='bbox 2712 1276 2779 1332; x_wconf 91' lang='lat' dir='ltr'><strong>de</strong></span> <span class='ocrx_word' id='word_1_193' title='bbox 2809 1278 3038 1347; x_wconf 77' lang='lat' dir='ltr'><strong>quodam</strong></span> <span class='ocrx_word' id='word_1_194' title='bbox 3068 1296 3095 1334; x_wconf 88' lang='lat' dir='ltr'><strong>c</strong></span> <span class='ocrx_word' id='word_1_195' title='bbox 3123 1280 3350 1334; x_wconf 82' lang='lat' dir='ltr'><strong>termino</strong></span> <span class='ocrx_word' id='word_1_196' title='bbox 3380 1294 3515 1348; x_wconf 68' lang='lat' dir='ltr'><strong>prte-</strong></span> 
     </span>
    </p>
   </div>
   <div class='ocr_carea' id='block_1_29' title="bbox 1951 1363 3511 1440">
    <p class='ocr_par' dir='ltr' id='par_1_29' title="bbox 1951 1363 3511 1440">
     <span class='ocr_line' id='line_1_29' title="bbox 1951 1363 3511 1440; baseline 0.003 -23"><span class='ocrx_word' id='word_1_197' title='bbox 1951 1363 2177 1419; x_wconf 91' lang='lat' dir='ltr'><strong>dicatur.</strong></span> <span class='ocrx_word' id='word_1_198' title='bbox 2226 1364 2382 1419; x_wconf 85' lang='lat' dir='ltr'><strong>Redit</strong></span> <span class='ocrx_word' id='word_1_199' title='bbox 2424 1366 2583 1435; x_wconf 85' lang='lat' dir='ltr'><strong>igitur</strong></span> <span class='ocrx_word' id='word_1_200' title='bbox 2622 1368 2811 1437; x_wconf 67' lang='lat' dir='ltr'><strong>primae</strong></span> <span class='ocrx_word' id='word_1_201' title='bbox 2841 1368 3022 1439; x_wconf 66' lang='lat' dir='ltr'><strong>ﬁgurae</strong></span> <span class='ocrx_word' id='word_1_202' title='bbox 3052 1370 3240 1425; x_wconf 81' lang='lat' dir='ltr'><strong>modus</strong></span> <span class='ocrx_word' id='word_1_203' title='bbox 3268 1380 3511 1440; x_wconf 90' lang='lat' dir='ltr'><strong>quartus,</strong></span> 
     </span>
    </p>
   </div>
   <div class='ocr_carea' id='block_1_30' title="bbox 1947 1456 3514 1531">
    <p class='ocr_par' dir='ltr' id='par_1_30' title="bbox 1947 1456 3514 1531">
     <span class='ocr_line' id='line_1_30' title="bbox 1947 1456 3514 1531; baseline 0.003 -22"><span class='ocrx_word' id='word_1_204' title='bbox 1947 1456 2036 1524; x_wconf 92' lang='lat' dir='ltr'><strong>qui</strong></span> <span class='ocrx_word' id='word_1_205' title='bbox 2067 1465 2150 1510; x_wconf 93' lang='lat' dir='ltr'><strong>est</strong></span> <span class='ocrx_word' id='word_1_206' title='bbox 2174 1472 2236 1511; x_wconf 83' lang='lat' dir='ltr'><strong>ex</strong></span> <span class='ocrx_word' id='word_1_207' title='bbox 2276 1456 2557 1512; x_wconf 83' lang='lat' dir='ltr'><strong>universali</strong></span> <span class='ocrx_word' id='word_1_208' title='bbox 2602 1459 2885 1529; x_wconf 87' lang='lat' dir='ltr'><strong>negatione</strong></span> <span class='ocrx_word' id='word_1_209' title='bbox 2924 1471 2977 1515; x_wconf 91' lang='lat' dir='ltr'><strong>et</strong></span> <span class='ocrx_word' id='word_1_210' title='bbox 3007 1462 3316 1531; x_wconf 88' lang='lat' dir='ltr'><strong>partieulari</strong></span> <span class='ocrx_word' id='word_1_211' title='bbox 3368 1461 3514 1514; x_wconf 46' lang='lat' dir='ltr'><strong>afﬁr‘</strong></span> 
     </span>
    </p>
   </div>
   <div class='ocr_carea' id='block_1_31' title="bbox 1949 1546 3512 1621">
    <p class='ocr_par' dir='ltr' id='par_1_31' title="bbox 1949 1546 3512 1621">
     <span class='ocr_line' id='line_1_31' title="bbox 1949 1546 3512 1621; baseline 0.003 -21"><span class='ocrx_word' id='word_1_212' title='bbox 1949 1546 2206 1614; x_wconf 87' lang='lat' dir='ltr'><strong>matione,</strong></span> <span class='ocrx_word' id='word_1_213' title='bbox 2241 1547 2612 1615; x_wconf 85' lang='lat' dir='ltr'><strong>particularem</strong></span> <span class='ocrx_word' id='word_1_214' title='bbox 2660 1551 2863 1605; x_wconf 88' lang='lat' dir='ltr'><strong>scilicet</strong></span> <span class='ocrx_word' id='word_1_215' title='bbox 2887 1551 3148 1619; x_wconf 84' lang='lat' dir='ltr'><strong>colligens</strong></span> <span class='ocrx_word' id='word_1_216' title='bbox 3188 1553 3512 1621; x_wconf 87' lang='lat' dir='ltr'><strong>negativam.</strong></span> 
     </span>
    </p>
   </div>
   <div class='ocr_carea' id='block_1_32' title="bbox 1952 1637 3513 1710">
    <p class='ocr_par' dir='ltr' id='par_1_32' title="bbox 1952 1637 3513 1710">
     <span class='ocr_line' id='line_1_32' title="bbox 1952 1637 3513 1710; baseline 0.001 -19"><span class='ocrx_word' id='word_1_217' title='bbox 1952 1646 2010 1691; x_wconf 92' lang='lat' dir='ltr'><strong>ut</strong></span> <span class='ocrx_word' id='word_1_218' title='bbox 2049 1637 2101 1691; x_wconf 92' lang='lat' dir='ltr'><strong>in</strong></span> <span class='ocrx_word' id='word_1_219' title='bbox 2136 1638 2237 1692; x_wconf 88' lang='lat' dir='ltr'><strong>hoc</strong></span> <span class='ocrx_word' id='word_1_220' title='bbox 2261 1652 2472 1708; x_wconf 87' lang='lat' dir='ltr'><strong>quoque</strong></span> <span class='ocrx_word' id='word_1_221' title='bbox 2508 1639 2835 1710; x_wconf 81' lang='lat' dir='ltr'><strong>syllogismo.</strong></span> <span class='ocrx_word' id='word_1_222' title='bbox 2867 1640 2998 1694; x_wconf 79' lang='lat' dir='ltr'><strong>Nam</strong></span> <span class='ocrx_word' id='word_1_223' title='bbox 3032 1641 3118 1696; x_wconf 89' lang='lat' dir='ltr'><strong>hic</strong></span> <span class='ocrx_word' id='word_1_224' title='bbox 3144 1656 3355 1710; x_wconf 90' lang='lat' dir='ltr'><strong>quoque</strong></span> <span class='ocrx_word' id='word_1_225' title='bbox 3396 1656 3513 1708; x_wconf 87' lang='lat' dir='ltr'><strong>par-</strong></span> 
     </span>
    </p>
   </div>
   <div class='ocr_carea' id='block_1_33' title="bbox 1953 1729 3533 1803">
    <p class='ocr_par' dir='ltr' id='par_1_33' title="bbox 1953 1729 3533 1803">
     <span class='ocr_line' id='line_1_33' title="bbox 1953 1729 3533 1803; baseline 0.004 -21"><span class='ocrx_word' id='word_1_226' title='bbox 1953 1729 2223 1783; x_wconf 87' lang='lat' dir='ltr'><strong>ticularem</strong></span> <span class='ocrx_word' id='word_1_227' title='bbox 2267 1730 2569 1801; x_wconf 86' lang='lat' dir='ltr'><strong>negativam</strong></span> <span class='ocrx_word' id='word_1_228' title='bbox 2613 1732 2835 1803; x_wconf 83' lang='lat' dir='ltr'><strong>colligit,</strong></span> <span class='ocrx_word' id='word_1_229' title='bbox 2870 1734 2920 1787; x_wconf 90' lang='lat' dir='ltr'><strong>id</strong></span> <span class='ocrx_word' id='word_1_230' title='bbox 2958 1742 3040 1788; x_wconf 89' lang='lat' dir='ltr'><strong>cst</strong></span> <span class='ocrx_word' id='word_1_231' title='bbox 3076 1734 3104 1787; x_wconf 77' lang='grc' dir='ltr'><strong><em>ὸ</em></strong></span> <span class='ocrx_word' id='word_1_232' title='bbox 3130 1735 3413 1790; x_wconf 88' lang='lat' dir='ltr'><strong>terminum</strong></span> <span class='ocrx_word' id='word_1_233' title='bbox 3450 1734 3533 1788; x_wconf 80' lang='lat' dir='ltr'><strong>de</strong></span> 
     </span>
    </p>
   </div>
   <div class='ocr_carea' id='block_1_34' title="bbox 281 1810 3517 1896">
    <p class='ocr_par' dir='ltr' id='par_1_34' title="bbox 281 1810 3517 1896">
     <span class='ocr_line' id='line_1_34' title="bbox 281 1810 3517 1896; baseline 0.002 -23"><span class='ocrx_word' id='word_1_234' title='bbox 281 1829 451 1885; x_wconf 85' lang='lat' dir='ltr'><strong>cetur,</strong></span> <span class='ocrx_word' id='word_1_235' title='bbox 473 1829 526 1875; x_wconf 91' lang='lat' dir='ltr'><strong>et</strong></span> <span class='ocrx_word' id='word_1_236' title='bbox 552 1836 584 1872; x_wconf 88' lang='lat' dir='ltr'><strong>a</strong></span> <span class='ocrx_word' id='word_1_237' title='bbox 611 1819 637 1871; x_wconf 89' lang='lat' dir='ltr'><strong>b</strong></span> <span class='ocrx_word' id='word_1_238' title='bbox 664 1817 1082 1889; x_wconf 82' lang='lat' dir='ltr'><strong>propositionem</strong></span> <span class='ocrx_word' id='word_1_239' title='bbox 1119 1822 1416 1876; x_wconf 79' lang='lat' dir='ltr'><strong>convertat,</strong></span> <span class='ocrx_word' id='word_1_240' title='bbox 1448 1820 1505 1865; x_wconf 92' lang='lat' dir='ltr'><strong>ut</strong></span> <span class='ocrx_word' id='word_1_241' title='bbox 1540 1810 1697 1864; x_wconf 81' lang='lat' dir='ltr'><strong>faciat</strong></span> <span class='ocrx_word' id='word_1_242' title='bbox 1723 1823 1842 1863; x_wconf 77' lang='lat' dir='ltr'><strong>esse</strong></span> <span class='ocrx_word' id='word_1_243' title='bbox 1871 1816 1916 1876; x_wconf 80' lang='grc' dir='ltr'>Β</span> <span class='ocrx_word' id='word_1_244' title='bbox 1944 1819 2176 1887; x_wconf 76' lang='lat' dir='ltr'><strong>quodam</strong></span> <span class='ocrx_word' id='word_1_245' title='bbox 2219 1836 2246 1874; x_wconf 85' lang='lat' dir='ltr'><strong>c</strong></span> <span class='ocrx_word' id='word_1_246' title='bbox 2277 1822 2522 1896; x_wconf 17' lang='lat' dir='ltr'><strong>termino.</strong></span> <span class='ocrx_word' id='word_1_247' title='bbox 2546 1836 2653 1877; x_wconf 91' lang='lat' dir='ltr'><strong>non</strong></span> <span class='ocrx_word' id='word_1_248' title='bbox 2696 1823 2995 1892; x_wconf 82' lang='lat' dir='ltr'><strong>praedicari.</strong></span> <span class='ocrx_word' id='word_1_249' title='bbox 3044 1826 3277 1891; x_wconf 82' lang='lat' dir='ltr'><strong>Quartus</strong></span> <span class='ocrx_word' id='word_1_250' title='bbox 3326 1824 3517 1879; x_wconf 85' lang='lat' dir='ltr'><strong>modus</strong></span> 
     </span>
    </p>
   </div>
   <div class='ocr_carea' id='block_1_35' title="bbox 282 1900 1840 1974">
    <p class='ocr_par' dir='ltr' id='par_1_35' title="bbox 282 1900 1840 1974">
     <span class='ocr_line' id='line_1_35' title="bbox 282 1900 1840 1974; baseline -0.006 -12"><span class='ocrx_word' id='word_1_251' title='bbox 282 1914 310 1962; x_wconf 83' lang='lat' dir='ltr'><strong>b</strong></span> <span class='ocrx_word' id='word_1_252' title='bbox 334 1928 393 1974; x_wconf 89' lang='lat' dir='ltr'><strong>a,</strong></span> <span class='ocrx_word' id='word_1_253' title='bbox 426 1924 546 1963; x_wconf 88' lang='lat' dir='ltr'><strong>nam</strong></span> <span class='ocrx_word' id='word_1_254' title='bbox 578 1909 755 1971; x_wconf 84' lang='lat' dir='ltr'><strong>omnis</strong></span> <span class='ocrx_word' id='word_1_255' title='bbox 782 1908 1099 1963; x_wconf 86' lang='lat' dir='ltr'><strong>universalis</strong></span> <span class='ocrx_word' id='word_1_256' title='bbox 1127 1904 1365 1974; x_wconf 84' lang='lat' dir='ltr'><strong>negativa</strong></span> <span class='ocrx_word' id='word_1_257' title='bbox 1404 1902 1763 1965; x_wconf 85' lang='lat' dir='ltr'><strong>convertitur;</strong></span> <span class='ocrx_word' id='word_1_258' title='bbox 1796 1900 1840 1952; x_wconf 90' lang='lat' dir='ltr'><strong>si</strong></span> 
     </span>
    </p>
   </div>
   <div class='ocr_carea' id='block_1_36' title="bbox 280 1993 1842 2074">
    <p class='ocr_par' dir='ltr' id='par_1_36' title="bbox 280 1993 1842 2074">
     <span class='ocr_line' id='line_1_36' title="bbox 280 1993 1842 2074; baseline -0.005 -22"><span class='ocrx_word' id='word_1_259' title='bbox 280 2004 403 2069; x_wconf 85' lang='lat' dir='ltr'><strong>quis</strong></span> <span class='ocrx_word' id='word_1_260' title='bbox 428 2001 587 2070; x_wconf 88' lang='lat' dir='ltr'><strong>igitur</strong></span> <span class='ocrx_word' id='word_1_261' title='bbox 615 2000 756 2055; x_wconf 87' lang='lat' dir='ltr'><strong>dicat</strong></span> <span class='ocrx_word' id='word_1_262' title='bbox 784 2000 1034 2069; x_wconf 87' lang='lat' dir='ltr'><strong>quoniam</strong></span> <span class='ocrx_word' id='word_1_263' title='bbox 1068 2014 1102 2051; x_wconf 80' lang='grc' dir='ltr'><em>α</em></span> <span class='ocrx_word' id='word_1_264' title='bbox 1140 1998 1398 2052; x_wconf 89' lang='lat' dir='ltr'><strong>terminus</strong></span> <span class='ocrx_word' id='word_1_265' title='bbox 1419 1995 1486 2049; x_wconf 90' lang='lat' dir='ltr'><strong>de</strong></span> <span class='ocrx_word' id='word_1_266' title='bbox 1512 1993 1658 2074; x_wconf 59' lang='lat' dir='ltr'><strong>n.ullo</strong></span> <span class='ocrx_word' id='word_1_267' title='bbox 1680 1994 1707 2045; x_wconf 82' lang='lat' dir='ltr'><strong>b</strong></span> <span class='ocrx_word' id='word_1_268' title='bbox 1737 2001 1842 2045; x_wconf 87' lang='lat' dir='ltr'><strong>ter-</strong></span> 
     </span>
    </p>
   </div>
   <div class='ocr_carea' id='block_1_37' title="bbox 284 2083 1844 2158">
    <p class='ocr_par' dir='ltr' id='par_1_37' title="bbox 284 2083 1844 2158">
     <span class='ocr_line' id='line_1_37' title="bbox 284 2083 1844 2158; baseline -0.006 -15"><span class='ocrx_word' id='word_1_269' title='bbox 284 2091 429 2145; x_wconf 84' lang='lat' dir='ltr'><strong>mino</strong></span> <span class='ocrx_word' id='word_1_270' title='bbox 458 2090 799 2158; x_wconf 62' lang='lat' dir='ltr'><strong>pra&#39;dicatnr,</strong></span> <span class='ocrx_word' id='word_1_271' title='bbox 832 2099 882 2142; x_wconf 87' lang='lat' dir='ltr'><strong>et</strong></span> <span class='ocrx_word' id='word_1_272' title='bbox 904 2088 932 2140; x_wconf 70' lang='grc' dir='ltr'><strong>ι</strong></span> <span class='ocrx_word' id='word_1_273' title='bbox 957 2088 1111 2157; x_wconf 86' lang='lat' dir='ltr'><strong>igitur</strong></span> <span class='ocrx_word' id='word_1_274' title='bbox 1136 2086 1203 2141; x_wconf 89' lang='lat' dir='ltr'><strong>de</strong></span> <span class='ocrx_word' id='word_1_275' title='bbox 1232 2086 1375 2141; x_wconf 90' lang='lat' dir='ltr'><strong>nullo</strong></span> <span class='ocrx_word' id='word_1_276' title='bbox 1404 2101 1435 2137; x_wconf 88' lang='lat' dir='ltr'><strong>a</strong></span> <span class='ocrx_word' id='word_1_277' title='bbox 1461 2083 1687 2138; x_wconf 89' lang='lat' dir='ltr'><strong>termino</strong></span> <span class='ocrx_word' id='word_1_278' title='bbox 1711 2096 1844 2150; x_wconf 76' lang='lat' dir='ltr'><strong>pra:-</strong></span> 
     </span>
    </p>
   </div>
   <div class='ocr_carea' id='block_1_38' title="bbox 282 2169 1847 2242">
    <p class='ocr_par' dir='ltr' id='par_1_38' title="bbox 282 2169 1847 2242">
     <span class='ocr_line' id='line_1_38' title="bbox 282 2169 1847 2242; baseline -0.006 -11"><span class='ocrx_word' id='word_1_279' title='bbox 282 2178 575 2242; x_wconf 83' lang='lat' dir='ltr'><strong>dicabitur,</strong></span> <span class='ocrx_word' id='word_1_280' title='bbox 611 2178 704 2231; x_wconf 90' lang='lat' dir='ltr'><strong>sed</strong></span> <span class='ocrx_word' id='word_1_281' title='bbox 734 2194 764 2229; x_wconf 91' lang='lat' dir='ltr'><strong>a</strong></span> <span class='ocrx_word' id='word_1_282' title='bbox 796 2178 1053 2231; x_wconf 88' lang='lat' dir='ltr'><strong>terminus</strong></span> <span class='ocrx_word' id='word_1_283' title='bbox 1081 2175 1146 2230; x_wconf 90' lang='lat' dir='ltr'><strong>de</strong></span> <span class='ocrx_word' id='word_1_284' title='bbox 1176 2176 1320 2229; x_wconf 85' lang='lat' dir='ltr'><strong>omni</strong></span> <span class='ocrx_word' id='word_1_285' title='bbox 1344 2190 1370 2226; x_wconf 85' lang='lat' dir='ltr'><strong>c</strong></span> <span class='ocrx_word' id='word_1_286' title='bbox 1399 2174 1627 2228; x_wconf 86' lang='lat' dir='ltr'><strong>termino</strong></span> <span class='ocrx_word' id='word_1_287' title='bbox 1656 2169 1847 2240; x_wconf 83' lang='lat' dir='ltr'><strong>pracdi-</strong></span> 
     </span>
    </p>
   </div>
   <div class='ocr_carea' id='block_1_39' title="bbox 284 2260 1843 2335">
    <p class='ocr_par' dir='ltr' id='par_1_39' title="bbox 284 2260 1843 2335">
     <span class='ocr_line' id='line_1_39' title="bbox 284 2260 1843 2335; baseline -0.006 -14"><span class='ocrx_word' id='word_1_288' title='bbox 284 2267 510 2321; x_wconf 81' lang='lat' dir='ltr'><strong>cabitur.</strong></span> <span class='ocrx_word' id='word_1_289' title='bbox 536 2265 621 2319; x_wconf 83' lang='lat' dir='ltr'><strong>Fit</strong></span> <span class='ocrx_word' id='word_1_290' title='bbox 650 2265 809 2335; x_wconf 90' lang='lat' dir='ltr'><strong>igitur</strong></span> <span class='ocrx_word' id='word_1_291' title='bbox 841 2266 1026 2333; x_wconf 76' lang='lat' dir='ltr'><strong>primze</strong></span> <span class='ocrx_word' id='word_1_292' title='bbox 1062 2263 1244 2333; x_wconf 88' lang='lat' dir='ltr'><strong>ﬁgurae</strong></span> <span class='ocrx_word' id='word_1_293' title='bbox 1275 2261 1539 2317; x_wconf 88' lang='lat' dir='ltr'><strong>secundus</strong></span> <span class='ocrx_word' id='word_1_294' title='bbox 1567 2260 1753 2315; x_wconf 89' lang='lat' dir='ltr'><strong>modus</strong></span> <span class='ocrx_word' id='word_1_295' title='bbox 1779 2273 1843 2313; x_wconf 81' lang='lat' dir='ltr'><strong>ex</strong></span> 
     </span>
    </p>
   </div>
   <div class='ocr_carea' id='block_1_40' title="bbox 284 2348 1852 2424">
    <p class='ocr_par' dir='ltr' id='par_1_40' title="bbox 284 2348 1852 2424">
     <span class='ocr_line' id='line_1_40' title="bbox 284 2348 1852 2424; baseline -0.005 -14"><span class='ocrx_word' id='word_1_296' title='bbox 284 2355 570 2411; x_wconf 85' lang='lat' dir='ltr'><strong>universali</strong></span> <span class='ocrx_word' id='word_1_297' title='bbox 616 2356 861 2424; x_wconf 88' lang='lat' dir='ltr'><strong>negativa</strong></span> <span class='ocrx_word' id='word_1_298' title='bbox 937 2362 993 2409; x_wconf 93' lang='lat' dir='ltr'><strong>et</strong></span> <span class='ocrx_word' id='word_1_299' title='bbox 1051 2353 1339 2409; x_wconf 86' lang='lat' dir='ltr'><strong>universali</strong></span> <span class='ocrx_word' id='word_1_300' title='bbox 1385 2352 1693 2406; x_wconf 80' lang='lat' dir='ltr'><strong>afﬁrmativa</strong></span> <span class='ocrx_word' id='word_1_301' title='bbox 1736 2348 1852 2404; x_wconf 83' lang='lat' dir='ltr'><strong>uni-</strong></span> 
     </span>
    </p>
   </div>
   <div class='ocr_carea' id='block_1_41' title="bbox 285 2443 1865 2517">
    <p class='ocr_par' dir='ltr' id='par_1_41' title="bbox 285 2443 1865 2517">
     <span class='ocr_line' id='line_1_41' title="bbox 285 2443 1865 2517; baseline -0.003 -17"><span class='ocrx_word' id='word_1_302' title='bbox 285 2448 547 2501; x_wconf 83' lang='lat' dir='ltr'><strong>versalem</strong></span> <span class='ocrx_word' id='word_1_303' title='bbox 579 2447 834 2517; x_wconf 79' lang='lat' dir='ltr'><strong>colligens</strong></span> <span class='ocrx_word' id='word_1_304' title='bbox 873 2446 1193 2515; x_wconf 85' lang='lat' dir='ltr'><strong>negativam,</strong></span> <span class='ocrx_word' id='word_1_305' title='bbox 1244 2454 1301 2500; x_wconf 93' lang='lat' dir='ltr'><strong>ut</strong></span> <span class='ocrx_word' id='word_1_306' title='bbox 1336 2446 1406 2499; x_wconf 89' lang='lat' dir='ltr'><strong>sit</strong></span> <span class='ocrx_word' id='word_1_307' title='bbox 1446 2443 1739 2499; x_wconf 88' lang='lat' dir='ltr'><strong>conclusio.</strong></span> <span class='ocrx_word' id='word_1_308' title='bbox 1777 2444 1865 2497; x_wconf 83' lang='lat' dir='ltr'><strong>De-</strong></span> 
     </span>
    </p>
   </div>
   <div class='ocr_carea' id='block_1_42' title="bbox 288 2534 1851 2607">
    <p class='ocr_par' dir='ltr' id='par_1_42' title="bbox 288 2534 1851 2607">
     <span class='ocr_line' id='line_1_42' title="bbox 288 2534 1851 2607; baseline -0.003 -17"><span class='ocrx_word' id='word_1_309' title='bbox 288 2538 434 2590; x_wconf 91' lang='lat' dir='ltr'><strong>nullo</strong></span> <span class='ocrx_word' id='word_1_310' title='bbox 461 2537 618 2607; x_wconf 88' lang='lat' dir='ltr'><strong>igitur</strong></span> <span class='ocrx_word' id='word_1_311' title='bbox 649 2554 675 2590; x_wconf 90' lang='lat' dir='ltr'><strong>c</strong></span> <span class='ocrx_word' id='word_1_312' title='bbox 698 2537 929 2592; x_wconf 91' lang='lat' dir='ltr'><strong>termino</strong></span> <span class='ocrx_word' id='word_1_313' title='bbox 954 2537 983 2589; x_wconf 71' lang='grc' dir='ltr'><strong>ὁ</strong></span> <span class='ocrx_word' id='word_1_314' title='bbox 1012 2536 1402 2606; x_wconf 78' lang='lat' dir='ltr'><strong>prtedicabitur.</strong></span> <span class='ocrx_word' id='word_1_315' title='bbox 1430 2534 1522 2589; x_wconf 84' lang='lat' dir='ltr'><strong>His</strong></span> <span class='ocrx_word' id='word_1_316' title='bbox 1549 2534 1704 2603; x_wconf 87' lang='lat' dir='ltr'><strong>igitur</strong></span> <span class='ocrx_word' id='word_1_317' title='bbox 1724 2547 1851 2587; x_wconf 83' lang='lat' dir='ltr'><strong>con-</strong></span> 
     </span>
    </p>
   </div>
   <div class='ocr_carea' id='block_1_43' title="bbox 286 2623 1850 2695">
    <p class='ocr_par' dir='ltr' id='par_1_43' title="bbox 286 2623 1850 2695">
     <span class='ocr_line' id='line_1_43' title="bbox 286 2623 1850 2695; baseline -0.003 -16"><span class='ocrx_word' id='word_1_318' title='bbox 286 2627 625 2683; x_wconf 90' lang='lat' dir='ltr'><strong>versionibus</strong></span> <span class='ocrx_word' id='word_1_319' title='bbox 677 2628 852 2682; x_wconf 90' lang='lat' dir='ltr'><strong>omnis</strong></span> <span class='ocrx_word' id='word_1_320' title='bbox 881 2627 1131 2683; x_wconf 69' lang='lat' dir='ltr'><strong>secundae</strong></span> <span class='ocrx_word' id='word_1_321' title='bbox 1172 2636 1227 2682; x_wconf 91' lang='lat' dir='ltr'><strong>et</strong></span> <span class='ocrx_word' id='word_1_322' title='bbox 1255 2626 1426 2681; x_wconf 68' lang='lat' dir='ltr'><strong>tertiae</strong></span> <span class='ocrx_word' id='word_1_323' title='bbox 1464 2626 1648 2695; x_wconf 73' lang='lat' dir='ltr'><strong>ﬁgurte</strong></span> <span class='ocrx_word' id='word_1_324' title='bbox 1684 2623 1850 2694; x_wconf 84' lang='lat' dir='ltr'><strong>syllo-</strong></span> 
     </span>
    </p>
   </div>
   <div class='ocr_carea' id='block_1_44' title="bbox 287 2714 1846 2787">
    <p class='ocr_par' dir='ltr' id='par_1_44' title="bbox 287 2714 1846 2787">
     <span class='ocr_line' id='line_1_44' title="bbox 287 2714 1846 2787; baseline 0.001 -21"><span class='ocrx_word' id='word_1_325' title='bbox 287 2717 488 2784; x_wconf 83' lang='lat' dir='ltr'><strong>gismus</strong></span> <span class='ocrx_word' id='word_1_326' title='bbox 532 2716 909 2787; x_wconf 87' lang='lat' dir='ltr'><strong>conclusioque</strong></span> <span class='ocrx_word' id='word_1_327' title='bbox 948 2715 1217 2785; x_wconf 89' lang='lat' dir='ltr'><strong>colligitur</strong></span> <span class='ocrx_word' id='word_1_328' title='bbox 1263 2724 1318 2770; x_wconf 89' lang='lat' dir='ltr'><strong>et</strong></span> <span class='ocrx_word' id='word_1_329' title='bbox 1358 2715 1627 2784; x_wconf 85' lang='lat' dir='ltr'><strong>probatur.</strong></span> <span class='ocrx_word' id='word_1_330' title='bbox 1674 2714 1846 2782; x_wconf 85' lang='lat' dir='ltr'><strong>Atque</strong></span> 
     </span>
    </p>
   </div>
   <div class='ocr_carea' id='block_1_45' title="bbox 288 2803 1859 2883">
    <p class='ocr_par' dir='ltr' id='par_1_45' title="bbox 288 2803 1859 2883">
     <span class='ocr_line' id='line_1_45' title="bbox 288 2803 1859 2883; baseline -0.003 -24"><span class='ocrx_word' id='word_1_331' title='bbox 288 2806 408 2860; x_wconf 84' lang='lat' dir='ltr'><strong>ideo</strong></span> <span class='ocrx_word' id='word_1_332' title='bbox 437 2806 686 2875; x_wconf 83' lang='lat' dir='ltr'><strong>quoniam</strong></span> <span class='ocrx_word' id='word_1_333' title='bbox 733 2821 799 2862; x_wconf 81' lang='lat' dir='ltr'><strong>ex</strong></span> <span class='ocrx_word' id='word_1_334' title='bbox 850 2807 1039 2875; x_wconf 87' lang='lat' dir='ltr'><strong>seipsis</strong></span> <span class='ocrx_word' id='word_1_335' title='bbox 1085 2821 1189 2860; x_wconf 92' lang='lat' dir='ltr'><strong>non</strong></span> <span class='ocrx_word' id='word_1_336' title='bbox 1231 2813 1355 2859; x_wconf 85' lang='lat' dir='ltr'><strong>sunt</strong></span> <span class='ocrx_word' id='word_1_337' title='bbox 1397 2803 1603 2883; x_wconf 81' lang='lat' dir='ltr'><strong>probati</strong></span> <span class='ocrx_word' id='word_1_338' title='bbox 1649 2804 1750 2857; x_wconf 91' lang='lat' dir='ltr'><strong>nisi</strong></span> <span class='ocrx_word' id='word_1_339' title='bbox 1780 2817 1859 2855; x_wconf 14' lang='lat' dir='ltr'><strong>ext</strong></span> 
     </span>
    </p>
   </div>
   <div class='ocr_carea' id='block_1_46' title="bbox 285 2895 1848 2965">
    <p class='ocr_par' dir='ltr' id='par_1_46' title="bbox 285 2895 1848 2965">
     <span class='ocr_line' id='line_1_46' title="bbox 285 2895 1848 2965; baseline -0.002 -16"><span class='ocrx_word' id='word_1_340' title='bbox 285 2896 654 2965; x_wconf 85' lang='lat' dir='ltr'><strong>superioribus</strong></span> <span class='ocrx_word' id='word_1_341' title='bbox 700 2898 1138 2963; x_wconf 87' lang='lat' dir='ltr'><strong>comprobentur,</strong></span> <span class='ocrx_word' id='word_1_342' title='bbox 1183 2896 1235 2950; x_wconf 88' lang='lat' dir='ltr'><strong>id</strong></span> <span class='ocrx_word' id='word_1_343' title='bbox 1275 2905 1379 2959; x_wconf 89' lang='lat' dir='ltr'><strong>est,</strong></span> <span class='ocrx_word' id='word_1_344' title='bbox 1433 2896 1620 2964; x_wconf 78' lang='lat' dir='ltr'><strong>primae</strong></span> <span class='ocrx_word' id='word_1_345' title='bbox 1663 2895 1848 2964; x_wconf 70' lang='lat' dir='ltr'><strong>ﬁgura:</strong></span> 
     </span>
    </p>
   </div>
   <div class='ocr_carea' id='block_1_47' title="bbox 285 2988 1849 3059">
    <p class='ocr_par' dir='ltr' id='par_1_47' title="bbox 285 2988 1849 3059">
     <span class='ocr_line' id='line_1_47' title="bbox 285 2988 1849 3059; baseline -0.003 -16"><span class='ocrx_word' id='word_1_346' title='bbox 285 2990 484 3055; x_wconf 87' lang='lat' dir='ltr'><strong>modis,</strong></span> <span class='ocrx_word' id='word_1_347' title='bbox 533 2991 839 3059; x_wconf 89' lang='lat' dir='ltr'><strong>quicunque</strong></span> <span class='ocrx_word' id='word_1_348' title='bbox 865 2991 918 3044; x_wconf 92' lang='lat' dir='ltr'><strong>in</strong></span> <span class='ocrx_word' id='word_1_349' title='bbox 966 2990 1199 3044; x_wconf 89' lang='lat' dir='ltr'><strong>secunda</strong></span> <span class='ocrx_word' id='word_1_350' title='bbox 1230 2990 1313 3044; x_wconf 89' lang='lat' dir='ltr'><strong>vel</strong></span> <span class='ocrx_word' id='word_1_351' title='bbox 1359 2990 1513 3044; x_wconf 87' lang='lat' dir='ltr'><strong>tertia</strong></span> <span class='ocrx_word' id='word_1_352' title='bbox 1560 2988 1723 3058; x_wconf 90' lang='lat' dir='ltr'><strong>ﬁgura</strong></span> <span class='ocrx_word' id='word_1_353' title='bbox 1771 2988 1849 3040; x_wconf 76' lang='lat' dir='ltr'><strong>in—</strong></span> 
     </span>
    </p>
   </div>
   <div class='ocr_carea' id='block_1_48' title="bbox 286 3075 1851 3149">
    <p class='ocr_par' dir='ltr' id='par_1_48' title="bbox 286 3075 1851 3149">
     <span class='ocr_line' id='line_1_48' title="bbox 286 3075 1851 3149; baseline -0.002 -17"><span class='ocrx_word' id='word_1_354' title='bbox 286 3089 481 3135; x_wconf 86' lang='lat' dir='ltr'><strong>ventus</strong></span> <span class='ocrx_word' id='word_1_355' title='bbox 512 3080 692 3148; x_wconf 76' lang='lat' dir='ltr'><strong>fuerit,</strong></span> <span class='ocrx_word' id='word_1_356' title='bbox 725 3080 1065 3149; x_wconf 80' lang='lat' dir='ltr'><strong>imperfectus</strong></span> <span class='ocrx_word' id='word_1_357' title='bbox 1100 3090 1313 3135; x_wconf 77' lang='lat' dir='ltr'><strong>vocatur</strong></span> <span class='ocrx_word' id='word_1_358' title='bbox 1348 3079 1707 3148; x_wconf 85' lang='lat' dir='ltr'><strong>syllogismus.</strong></span> <span class='ocrx_word' id='word_1_359' title='bbox 1753 3075 1851 3131; x_wconf 65' lang='lat' dir='ltr'><strong>St:-</strong></span> 
     </span>
    </p>
   </div>
   <div class='ocr_carea' id='block_1_49' title="bbox 1946 1900 3521 1982">
    <p class='ocr_par' dir='ltr' id='par_1_49' title="bbox 1946 1900 3521 1982">
     <span class='ocr_line' id='line_1_49' title="bbox 1946 1900 3521 1982; baseline 0.002 -17"><span class='ocrx_word' id='word_1_360' title='bbox 1946 1910 2197 1965; x_wconf 63' lang='lat' dir='ltr'><strong>secusdre</strong></span> <span class='ocrx_word' id='word_1_361' title='bbox 2228 1910 2407 1981; x_wconf 83' lang='lat' dir='ltr'><strong>ﬁgura:</strong></span> <span class='ocrx_word' id='word_1_362' title='bbox 2437 1922 2540 1979; x_wconf 88' lang='lat' dir='ltr'><strong>cst,</strong></span> <span class='ocrx_word' id='word_1_363' title='bbox 2566 1913 2658 1982; x_wconf 89' lang='lat' dir='ltr'><strong>qui</strong></span> <span class='ocrx_word' id='word_1_364' title='bbox 2681 1930 2745 1969; x_wconf 85' lang='lat' dir='ltr'><strong>ex</strong></span> <span class='ocrx_word' id='word_1_365' title='bbox 2769 1900 3062 1970; x_wconf 75' lang='lat' dir='ltr'><strong>universali</strong></span> <span class='ocrx_word' id='word_1_366' title='bbox 3093 1916 3446 1969; x_wconf 75' lang='lat' dir='ltr'><strong>afﬁrmatione</strong></span> <span class='ocrx_word' id='word_1_367' title='bbox 3468 1925 3521 1968; x_wconf 92' lang='lat' dir='ltr'><strong>et</strong></span> 
     </span>
    </p>
   </div>
   <div class='ocr_carea' id='block_1_50' title="bbox 1950 2003 3521 2081">
    <p class='ocr_par' dir='ltr' id='par_1_50' title="bbox 1950 2003 3521 2081">
     <span class='ocr_line' id='line_1_50' title="bbox 1950 2003 3521 2081; baseline 0.003 -26"><span class='ocrx_word' id='word_1_368' title='bbox 1950 2003 2256 2071; x_wconf 87' lang='lat' dir='ltr'><strong>particulari</strong></span> <span class='ocrx_word' id='word_1_369' title='bbox 2307 2005 2591 2074; x_wconf 86' lang='lat' dir='ltr'><strong>negatione</strong></span> <span class='ocrx_word' id='word_1_370' title='bbox 2639 2006 3014 2075; x_wconf 89' lang='lat' dir='ltr'><strong>particularem</strong></span> <span class='ocrx_word' id='word_1_371' title='bbox 3066 2007 3269 2075; x_wconf 90' lang='lat' dir='ltr'><strong>colligit</strong></span> <span class='ocrx_word' id='word_1_372' title='bbox 3317 2006 3521 2081; x_wconf 78' lang='lat' dir='ltr'><strong>negati-</strong></span> 
     </span>
    </p>
   </div>
   <div class='ocr_carea' id='block_1_51' title="bbox 1948 2092 3522 2159">
    <p class='ocr_par' dir='ltr' id='par_1_51' title="bbox 1948 2092 3522 2159">
     <span class='ocr_line' id='line_1_51' title="bbox 1948 2092 3522 2159; baseline 0.004 -17"><span class='ocrx_word' id='word_1_373' title='bbox 1948 2106 2094 2146; x_wconf 78' lang='lat' dir='ltr'><strong>vanr.</strong></span> <span class='ocrx_word' id='word_1_374' title='bbox 2125 2092 2255 2146; x_wconf 86' lang='lat' dir='ltr'><strong>Nam</strong></span> <span class='ocrx_word' id='word_1_375' title='bbox 2284 2093 2328 2146; x_wconf 88' lang='lat' dir='ltr'><strong>si</strong></span> <span class='ocrx_word' id='word_1_376' title='bbox 2358 2110 2391 2147; x_wconf 83' lang='grc' dir='ltr'><em>α</em></span> <span class='ocrx_word' id='word_1_377' title='bbox 2418 2094 2678 2149; x_wconf 85' lang='lat' dir='ltr'><strong>terminus</strong></span> <span class='ocrx_word' id='word_1_378' title='bbox 2700 2095 2751 2149; x_wconf 93' lang='lat' dir='ltr'><strong>in</strong></span> <span class='ocrx_word' id='word_1_379' title='bbox 2782 2097 2923 2149; x_wconf 91' lang='lat' dir='ltr'><strong>omni</strong></span> <span class='ocrx_word' id='word_1_380' title='bbox 2953 2096 2981 2149; x_wconf 92' lang='lat' dir='ltr'><strong>b</strong></span> <span class='ocrx_word' id='word_1_381' title='bbox 3011 2096 3237 2151; x_wconf 75' lang='lat' dir='ltr'><strong>termino</strong></span> <span class='ocrx_word' id='word_1_382' title='bbox 3266 2096 3356 2159; x_wconf 87' lang='lat' dir='ltr'><strong>sit,</strong></span> <span class='ocrx_word' id='word_1_383' title='bbox 3379 2096 3522 2149; x_wconf 85' lang='lat' dir='ltr'><strong>etde</strong></span> 
     </span>
    </p>
   </div>
   <div class='ocr_carea' id='block_1_52' title="bbox 1950 2182 3522 2255">
    <p class='ocr_par' dir='ltr' id='par_1_52' title="bbox 1950 2182 3522 2255">
     <span class='ocr_line' id='line_1_52' title="bbox 1950 2182 3522 2255; baseline 0.003 -21"><span class='ocrx_word' id='word_1_384' title='bbox 1950 2182 2180 2251; x_wconf 86' lang='lat' dir='ltr'><strong>quodam</strong></span> <span class='ocrx_word' id='word_1_385' title='bbox 2228 2198 2254 2235; x_wconf 78' lang='grc' dir='ltr'><em>ο</em></span> <span class='ocrx_word' id='word_1_386' title='bbox 2284 2184 2514 2238; x_wconf 87' lang='lat' dir='ltr'><strong>termino</strong></span> <span class='ocrx_word' id='word_1_387' title='bbox 2552 2199 2661 2239; x_wconf 91' lang='lat' dir='ltr'><strong>non</strong></span> <span class='ocrx_word' id='word_1_388' title='bbox 2704 2186 3042 2255; x_wconf 76' lang='lat' dir='ltr'><strong>prted&#39;cetur,</strong></span> <span class='ocrx_word' id='word_1_389' title='bbox 3090 2186 3118 2239; x_wconf 73' lang='grc' dir='ltr'><strong>ὁ</strong></span> <span class='ocrx_word' id='word_1_390' title='bbox 3161 2186 3419 2241; x_wconf 88' lang='lat' dir='ltr'><strong>terminus</strong></span> <span class='ocrx_word' id='word_1_391' title='bbox 3454 2185 3522 2238; x_wconf 84' lang='lat' dir='ltr'><strong>de</strong></span> 
     </span>
    </p>
   </div>
   <div class='ocr_carea' id='block_1_53' title="bbox 1951 2276 3516 2346">
    <p class='ocr_par' dir='ltr' id='par_1_53' title="bbox 1951 2276 3516 2346">
     <span class='ocr_line' id='line_1_53' title="bbox 1951 2276 3516 2346; baseline 0 -16"><span class='ocrx_word' id='word_1_392' title='bbox 1951 2278 2177 2343; x_wconf 86' lang='lat' dir='ltr'><strong>quodam</strong></span> <span class='ocrx_word' id='word_1_393' title='bbox 2211 2292 2240 2330; x_wconf 84' lang='lat' dir='ltr'><strong>c</strong></span> <span class='ocrx_word' id='word_1_394' title='bbox 2269 2277 2498 2331; x_wconf 90' lang='lat' dir='ltr'><strong>termino</strong></span> <span class='ocrx_word' id='word_1_395' title='bbox 2529 2292 2631 2331; x_wconf 92' lang='lat' dir='ltr'><strong>non</strong></span> <span class='ocrx_word' id='word_1_396' title='bbox 2658 2278 3049 2346; x_wconf 70' lang='lat' dir='ltr'><strong>prmdicabitur.</strong></span> <span class='ocrx_word' id='word_1_397' title='bbox 3083 2278 3163 2334; x_wconf 90' lang='lat' dir='ltr'><strong>Sit</strong></span> <span class='ocrx_word' id='word_1_398' title='bbox 3190 2278 3331 2333; x_wconf 91' lang='lat' dir='ltr'><strong>enim</strong></span> <span class='ocrx_word' id='word_1_399' title='bbox 3360 2293 3391 2330; x_wconf 79' lang='grc' dir='ltr'><strong><em>ο</em></strong></span> <span class='ocrx_word' id='word_1_400' title='bbox 3426 2276 3516 2331; x_wconf 87' lang='lat' dir='ltr'><strong>bo-</strong></span> 
     </span>
    </p>
   </div>
   <div class='ocr_carea' id='block_1_54' title="bbox 1954 2364 3311 2438">
    <p class='ocr_par' dir='ltr' id='par_1_54' title="bbox 1954 2364 3311 2438">
     <span class='ocr_line' id='line_1_54' title="bbox 1954 2364 3311 2438; baseline 0 -19"><span class='ocrx_word' id='word_1_401' title='bbox 1954 2380 2101 2428; x_wconf 92' lang='lat' dir='ltr'><strong>num,</strong></span> <span class='ocrx_word' id='word_1_402' title='bbox 2131 2364 2401 2433; x_wconf 88' lang='lat' dir='ltr'><strong>bjustum.</strong></span> <span class='ocrx_word' id='word_1_403' title='bbox 2430 2381 2457 2417; x_wconf 87' lang='lat' dir='ltr'><strong>c</strong></span> <span class='ocrx_word' id='word_1_404' title='bbox 2478 2366 2695 2420; x_wconf 89' lang='lat' dir='ltr'><strong>malum.</strong></span> <span class='ocrx_word' id='word_1_405' title='bbox 2728 2366 2782 2421; x_wconf 89' lang='lat' dir='ltr'><strong>Si</strong></span> <span class='ocrx_word' id='word_1_406' title='bbox 2809 2367 2927 2436; x_wconf 88' lang='lat' dir='ltr'><strong>quis</strong></span> <span class='ocrx_word' id='word_1_407' title='bbox 2942 2367 3101 2438; x_wconf 85' lang='lat' dir='ltr'><strong>igitur</strong></span> <span class='ocrx_word' id='word_1_408' title='bbox 3130 2365 3272 2422; x_wconf 77' lang='lat' dir='ltr'><strong>dicat</strong></span> <span class='ocrx_word' id='word_1_409' title='bbox 3298 2382 3311 2419; x_wconf 90' lang='lat'><strong>:</strong></span> 
     </span>
    </p>
   </div>
   <div class='ocr_carea' id='block_1_55' title="bbox 2023 2455 2777 2524">
    <p class='ocr_par' dir='ltr' id='par_1_55' title="bbox 2023 2455 2777 2524">
     <span class='ocr_line' id='line_1_55' title="bbox 2023 2455 2777 2524; baseline 0.003 -15"><span class='ocrx_word' id='word_1_410' title='bbox 2023 2455 2193 2510; x_wconf 88' lang='lat' dir='ltr'><strong>Omne</strong></span> <span class='ocrx_word' id='word_1_411' title='bbox 2217 2455 2419 2524; x_wconf 88' lang='lat' dir='ltr'><strong>justum</strong></span> <span class='ocrx_word' id='word_1_412' title='bbox 2452 2458 2645 2511; x_wconf 69' lang='lat' dir='ltr'><strong>bonum</strong></span> <span class='ocrx_word' id='word_1_413' title='bbox 2675 2466 2777 2513; x_wconf 86' lang='lat' dir='ltr'><strong>est.</strong></span> 
     </span>
    </p>
   </div>
   <div class='ocr_carea' id='block_1_56' title="bbox 2023 2545 3344 2613">
    <p class='ocr_par' dir='ltr' id='par_1_56' title="bbox 2023 2545 3344 2613">
     <span class='ocr_line' id='line_1_56' title="bbox 2023 2545 3344 2613; baseline 0.004 -16"><span class='ocrx_word' id='word_1_414' title='bbox 2023 2545 2299 2611; x_wconf 82' lang='lat' dir='ltr'><strong>Quoddam</strong></span> <span class='ocrx_word' id='word_1_415' title='bbox 2333 2547 2528 2601; x_wconf 86' lang='lat' dir='ltr'><strong>malum</strong></span> <span class='ocrx_word' id='word_1_416' title='bbox 2552 2546 2748 2601; x_wconf 90' lang='lat' dir='ltr'><strong>bonum</strong></span> <span class='ocrx_word' id='word_1_417' title='bbox 2781 2563 2887 2602; x_wconf 91' lang='lat' dir='ltr'><strong>non</strong></span> <span class='ocrx_word' id='word_1_418' title='bbox 2914 2558 3017 2613; x_wconf 91' lang='lat' dir='ltr'><strong>est,</strong></span> <span class='ocrx_word' id='word_1_419' title='bbox 3048 2548 3344 2602; x_wconf 80' lang='lat' dir='ltr'><strong>concludit:</strong></span> 
     </span>
    </p>
   </div>
   <div class='ocr_carea' id='block_1_57' title="bbox 2026 2635 3211 2707">
    <p class='ocr_par' dir='ltr' id='par_1_57' title="bbox 2026 2635 3211 2707">
     <span class='ocr_line' id='line_1_57' title="bbox 2026 2635 3211 2707; baseline -0.003 -17"><span class='ocrx_word' id='word_1_420' title='bbox 2026 2635 2302 2702; x_wconf 88' lang='lat' dir='ltr'><strong>Quoddam</strong></span> <span class='ocrx_word' id='word_1_421' title='bbox 2335 2637 2494 2706; x_wconf 90' lang='lat' dir='ltr'><strong>igitur</strong></span> <span class='ocrx_word' id='word_1_422' title='bbox 2522 2637 2720 2691; x_wconf 90' lang='lat' dir='ltr'><strong>malum</strong></span> <span class='ocrx_word' id='word_1_423' title='bbox 2746 2637 2945 2707; x_wconf 84' lang='lat' dir='ltr'><strong>justum</strong></span> <span class='ocrx_word' id='word_1_424' title='bbox 2975 2653 3081 2692; x_wconf 91' lang='lat' dir='ltr'><strong>non</strong></span> <span class='ocrx_word' id='word_1_425' title='bbox 3110 2647 3211 2693; x_wconf 91' lang='lat' dir='ltr'><strong>est.</strong></span> 
     </span>
    </p>
   </div>
   <div class='ocr_carea' id='block_1_58' title="bbox 1956 2726 3518 2797">
    <p class='ocr_par' dir='ltr' id='par_1_58' title="bbox 1956 2726 3518 2797">
     <span class='ocr_line' id='line_1_58' title="bbox 1956 2726 3518 2797; baseline 0.001 -17"><span class='ocrx_word' id='word_1_426' title='bbox 1956 2726 2081 2781; x_wconf 74' lang='lat' dir='ltr'><strong>llzec</strong></span> <span class='ocrx_word' id='word_1_427' title='bbox 2121 2741 2251 2781; x_wconf 87' lang='lat' dir='ltr'><strong>vero</strong></span> <span class='ocrx_word' id='word_1_428' title='bbox 2277 2727 2575 2796; x_wconf 78' lang='lat' dir='ltr'><strong>complexio</strong></span> <span class='ocrx_word' id='word_1_429' title='bbox 2612 2737 2770 2797; x_wconf 88' lang='lat' dir='ltr'><strong>atque</strong></span> <span class='ocrx_word' id='word_1_430' title='bbox 2810 2728 2942 2782; x_wconf 92' lang='lat' dir='ltr'><strong>ordo</strong></span> <span class='ocrx_word' id='word_1_431' title='bbox 2974 2727 3395 2797; x_wconf 86' lang='lat' dir='ltr'><strong>propositionum</strong></span> <span class='ocrx_word' id='word_1_432' title='bbox 3424 2742 3518 2796; x_wconf 87' lang='lat' dir='ltr'><strong>per</strong></span> 
     </span>
    </p>
   </div>
   <div class='ocr_carea' id='block_1_59' title="bbox 1953 2816 3520 2887">
    <p class='ocr_par' dir='ltr' id='par_1_59' title="bbox 1953 2816 3520 2887">
     <span class='ocr_line' id='line_1_59' title="bbox 1953 2816 3520 2887; baseline -0.002 -14"><span class='ocrx_word' id='word_1_433' title='bbox 1953 2818 2361 2873; x_wconf 90' lang='lat' dir='ltr'><strong>conversionem</strong></span> <span class='ocrx_word' id='word_1_434' title='bbox 2391 2833 2497 2873; x_wconf 90' lang='lat' dir='ltr'><strong>non</strong></span> <span class='ocrx_word' id='word_1_435' title='bbox 2530 2825 2705 2887; x_wconf 73' lang='lat' dir='ltr'><strong>potest</strong></span> <span class='ocrx_word' id='word_1_436' title='bbox 2734 2817 3040 2885; x_wconf 81' lang='lat' dir='ltr'><strong>approbari.</strong></span> <span class='ocrx_word' id='word_1_437' title='bbox 3077 2816 3355 2873; x_wconf 79' lang='lat' dir='ltr'><strong>Generalis</strong></span> <span class='ocrx_word' id='word_1_438' title='bbox 3378 2816 3520 2871; x_wconf 88' lang='lat' dir='ltr'><strong>enim</strong></span> 
     </span>
    </p>
   </div>
   <div class='ocr_carea' id='block_1_60' title="bbox 1954 2907 3517 2979">
    <p class='ocr_par' dir='ltr' id='par_1_60' title="bbox 1954 2907 3517 2979">
     <span class='ocr_line' id='line_1_60' title="bbox 1954 2907 3517 2979; baseline -0.001 -17"><span class='ocrx_word' id='word_1_439' title='bbox 1954 2908 2267 2973; x_wconf 74' lang='lat' dir='ltr'><strong>afﬁrmativa</strong></span> <span class='ocrx_word' id='word_1_440' title='bbox 2295 2908 2397 2963; x_wconf 91' lang='lat' dir='ltr'><strong>sibi</strong></span> <span class='ocrx_word' id='word_1_441' title='bbox 2427 2908 2528 2978; x_wconf 85' lang='lat' dir='ltr'><strong>ipsi</strong></span> <span class='ocrx_word' id='word_1_442' title='bbox 2559 2908 2797 2963; x_wconf 88' lang='lat' dir='ltr'><strong>converti</strong></span> <span class='ocrx_word' id='word_1_443' title='bbox 2831 2923 2935 2963; x_wconf 92' lang='lat' dir='ltr'><strong>non</strong></span> <span class='ocrx_word' id='word_1_444' title='bbox 2960 2917 3153 2979; x_wconf 89' lang='lat' dir='ltr'><strong>potest.</strong></span> <span class='ocrx_word' id='word_1_445' title='bbox 3191 2907 3517 2961; x_wconf 79' lang='lat' dir='ltr'><strong>Monstratur</strong></span> 
     </span>
    </p>
   </div>
   <div class='ocr_carea' id='block_1_61' title="bbox 1954 3006 3518 3077">
    <p class='ocr_par' dir='ltr' id='par_1_61' title="bbox 1954 3006 3518 3077">
     <span class='ocr_line' id='line_1_61' title="bbox 1954 3006 3518 3077; baseline 0 -18"><span class='ocrx_word' id='word_1_446' title='bbox 1954 3006 2116 3075; x_wconf 84' lang='lat' dir='ltr'><strong>igitur</strong></span> <span class='ocrx_word' id='word_1_447' title='bbox 2143 3008 2242 3061; x_wconf 90' lang='lat' dir='ltr'><strong>iste</strong></span> <span class='ocrx_word' id='word_1_448' title='bbox 2270 3006 2609 3077; x_wconf 82' lang='lat' dir='ltr'><strong>syllogismus</strong></span> <span class='ocrx_word' id='word_1_449' title='bbox 2643 3021 2711 3062; x_wconf 82' lang='lat' dir='ltr'><strong>ex</strong></span> <span class='ocrx_word' id='word_1_450' title='bbox 2740 3009 2909 3077; x_wconf 88' lang='lat' dir='ltr'><strong>prima</strong></span> <span class='ocrx_word' id='word_1_451' title='bbox 2937 3006 3102 3077; x_wconf 83' lang='lat' dir='ltr'><strong>ﬁgura</strong></span> <span class='ocrx_word' id='word_1_452' title='bbox 3134 3021 3237 3061; x_wconf 89' lang='lat' dir='ltr'><strong>non</strong></span> <span class='ocrx_word' id='word_1_453' title='bbox 3269 3021 3363 3075; x_wconf 85' lang='lat' dir='ltr'><strong>per</strong></span> <span class='ocrx_word' id='word_1_454' title='bbox 3389 3021 3518 3060; x_wconf 91' lang='lat' dir='ltr'><strong>con-</strong></span> 
     </span>
    </p>
   </div>
   <div class='ocr_carea' id='block_1_62' title="bbox 1956 3098 3521 3169">
    <p class='ocr_par' dir='ltr' id='par_1_62' title="bbox 1956 3098 3521 3169">
     <span class='ocr_line' id='line_1_62' title="bbox 1956 3098 3521 3169; baseline -0.001 -19"><span class='ocrx_word' id='word_1_455' title='bbox 1956 3098 2290 3160; x_wconf 87' lang='lat' dir='ltr'><strong>versionem,</strong></span> <span class='ocrx_word' id='word_1_456' title='bbox 2342 3098 2439 3153; x_wconf 84' lang='lat' dir='ltr'><strong>sed</strong></span> <span class='ocrx_word' id='word_1_457' title='bbox 2477 3114 2573 3166; x_wconf 91' lang='lat' dir='ltr'><strong>per</strong></span> <span class='ocrx_word' id='word_1_458' title='bbox 2615 3098 3132 3169; x_wconf 85' lang='lat' dir='ltr'><strong>impossibilitatem,</strong></span> <span class='ocrx_word' id='word_1_459' title='bbox 3177 3098 3426 3165; x_wconf 89' lang='lat' dir='ltr'><strong>quoniam</strong></span> <span class='ocrx_word' id='word_1_460' title='bbox 3479 3098 3521 3150; x_wconf 76' lang='lat' dir='ltr'><strong>si</strong></span> 
     </span>
    </p>
   </div>
   <div class='ocr_carea' id='block_1_63' title="bbox 284 3162 1851 3258">
    <p class='ocr_par' dir='ltr' id='par_1_63' title="bbox 284 3170 1850 3244">
     <span class='ocr_line' id='line_1_63' title="bbox 284 3170 1850 3244; baseline -0.003 -17"><span class='ocrx_word' id='word_1_461' title='bbox 284 3172 495 3227; x_wconf 89' lang='lat' dir='ltr'><strong>cundus</strong></span> <span class='ocrx_word' id='word_1_462' title='bbox 531 3188 656 3226; x_wconf 90' lang='lat' dir='ltr'><strong>vero</strong></span> <span class='ocrx_word' id='word_1_463' title='bbox 693 3172 880 3233; x_wconf 87' lang='lat' dir='ltr'><strong>modus</strong></span> <span class='ocrx_word' id='word_1_464' title='bbox 908 3172 1166 3227; x_wconf 69' lang='lat' dir='ltr'><strong>secundm</strong></span> <span class='ocrx_word' id='word_1_465' title='bbox 1207 3172 1388 3244; x_wconf 65' lang='lat' dir='ltr'><strong>ﬁgurae</strong></span> <span class='ocrx_word' id='word_1_466' title='bbox 1429 3180 1512 3227; x_wconf 88' lang='lat' dir='ltr'><strong>est</strong></span> <span class='ocrx_word' id='word_1_467' title='bbox 1554 3170 1760 3241; x_wconf 89' lang='lat' dir='ltr'><strong>quoties</strong></span> <span class='ocrx_word' id='word_1_468' title='bbox 1786 3184 1850 3223; x_wconf 76' lang='lat' dir='ltr'><strong>ex</strong></span> 
     </span>
    </p>
   </div>
   <div class='ocr_carea' id='block_1_64' title="bbox 1958 3162 3526 3258">
    <p class='ocr_par' dir='ltr' id='par_1_64' title="bbox 1958 3162 3526 3258">
     <span class='ocr_line' id='line_1_64' title="bbox 1958 3162 3526 3258; baseline 0.001 -20"><span class='ocrx_word' id='word_1_469' title='bbox 1958 3186 2296 3255; x_wconf 87' lang='lat' dir='ltr'><strong>particularis</strong></span> <span class='ocrx_word' id='word_1_470' title='bbox 2350 3162 2625 3242; x_wconf 34' lang='lat' dir='ltr'><strong>conc-lusio</strong></span> <span class='ocrx_word' id='word_1_471' title='bbox 2678 3162 2918 3258; x_wconf 80' lang='lat' dir='ltr'><strong>negativa</strong></span> <span class='ocrx_word' id='word_1_472' title='bbox 2968 3187 3023 3241; x_wconf 93' lang='lat' dir='ltr'><strong>in</strong></span> <span class='ocrx_word' id='word_1_473' title='bbox 3072 3162 3526 3258; x_wconf 37' lang='lat' dir='ltr'><strong>hoc—syllogismo</strong></span> 
     </span>
    </p>
   </div>
   <div class='ocr_carea' id='block_1_65' title="bbox 289 3262 1849 3333">
    <p class='ocr_par' dir='ltr' id='par_1_65' title="bbox 289 3262 1849 3333">
     <span class='ocr_line' id='line_1_65' title="bbox 289 3262 1849 3333; baseline 0 -19"><span class='ocrx_word' id='word_1_474' title='bbox 289 3262 576 3316; x_wconf 85' lang='lat' dir='ltr'><strong>universali</strong></span> <span class='ocrx_word' id='word_1_475' title='bbox 604 3262 925 3317; x_wconf 83' lang='lat' dir='ltr'><strong>alﬁrntativa</strong></span> <span class='ocrx_word' id='word_1_476' title='bbox 951 3273 1005 3318; x_wconf 89' lang='lat' dir='ltr'><strong>et</strong></span> <span class='ocrx_word' id='word_1_477' title='bbox 1025 3264 1314 3319; x_wconf 88' lang='lat' dir='ltr'><strong>universali</strong></span> <span class='ocrx_word' id='word_1_478' title='bbox 1345 3263 1585 3333; x_wconf 84' lang='lat' dir='ltr'><strong>negativa</strong></span> <span class='ocrx_word' id='word_1_479' title='bbox 1609 3276 1849 3317; x_wconf 89' lang='lat' dir='ltr'><strong>commu-</strong></span> 
     </span>
    </p>
   </div>
   <div class='ocr_carea' id='block_1_66' title="bbox 291 3352 1856 3423">
    <p class='ocr_par' dir='ltr' id='par_1_66' title="bbox 291 3352 1856 3423">
     <span class='ocr_line' id='line_1_66' title="bbox 291 3352 1856 3423; baseline 0.001 -19"><span class='ocrx_word' id='word_1_480' title='bbox 291 3352 417 3404; x_wconf 87' lang='lat' dir='ltr'><strong>tatis</strong></span> <span class='ocrx_word' id='word_1_481' title='bbox 462 3352 740 3407; x_wconf 91' lang='lat' dir='ltr'><strong>ordinibus</strong></span> <span class='ocrx_word' id='word_1_482' title='bbox 778 3354 1173 3408; x_wconf 89' lang='lat' dir='ltr'><strong>universalibus</strong></span> <span class='ocrx_word' id='word_1_483' title='bbox 1217 3369 1402 3409; x_wconf 89' lang='lat' dir='ltr'><strong>rursus</strong></span> <span class='ocrx_word' id='word_1_484' title='bbox 1444 3354 1685 3423; x_wconf 84' lang='lat' dir='ltr'><strong>negativa</strong></span> <span class='ocrx_word' id='word_1_485' title='bbox 1726 3367 1856 3406; x_wconf 86' lang='lat' dir='ltr'><strong>con-</strong></span> 
     </span>
    </p>
   </div>
   <div class='ocr_carea' id='block_1_67' title="bbox 296 3443 1856 3501">
    <p class='ocr_par' dir='ltr' id='par_1_67' title="bbox 296 3443 1856 3501">
     <span class='ocr_line' id='line_1_67' title="bbox 296 3443 1856 3501; baseline 0.001 -6"><span class='ocrx_word' id='word_1_486' title='bbox 296 3444 549 3498; x_wconf 86' lang='lat' dir='ltr'><strong>cluditur.</strong></span> <span class='ocrx_word' id='word_1_487' title='bbox 582 3443 639 3499; x_wconf 91' lang='lat' dir='ltr'><strong>Si</strong></span> <span class='ocrx_word' id='word_1_488' title='bbox 663 3447 806 3500; x_wconf 89' lang='lat' dir='ltr'><strong>enim</strong></span> <span class='ocrx_word' id='word_1_489' title='bbox 833 3461 865 3498; x_wconf 88' lang='lat' dir='ltr'><strong>a</strong></span> <span class='ocrx_word' id='word_1_490' title='bbox 896 3446 1155 3501; x_wconf 89' lang='lat' dir='ltr'><strong>terminus</strong></span> <span class='ocrx_word' id='word_1_491' title='bbox 1178 3447 1230 3500; x_wconf 92' lang='lat' dir='ltr'><strong>in</strong></span> <span class='ocrx_word' id='word_1_492' title='bbox 1266 3448 1408 3501; x_wconf 91' lang='lat' dir='ltr'><strong>omni</strong></span> <span class='ocrx_word' id='word_1_493' title='bbox 1438 3447 1466 3499; x_wconf 88' lang='lat' dir='ltr'><strong>b</strong></span> <span class='ocrx_word' id='word_1_494' title='bbox 1494 3445 1718 3500; x_wconf 91' lang='lat' dir='ltr'><strong>termino</strong></span> <span class='ocrx_word' id='word_1_495' title='bbox 1747 3444 1856 3498; x_wconf 82' lang='lat' dir='ltr'><strong>fuc-</strong></span> 
     </span>
    </p>
   </div>
   <div class='ocr_carea' id='block_1_68' title="bbox 292 3534 1858 3607">
    <p class='ocr_par' dir='ltr' id='par_1_68' title="bbox 292 3534 1858 3607">
     <span class='ocr_line' id='line_1_68' title="bbox 292 3534 1858 3607; baseline 0.001 -21"><span class='ocrx_word' id='word_1_496' title='bbox 292 3534 383 3597; x_wconf 87' lang='lat' dir='ltr'><strong>rit,</strong></span> <span class='ocrx_word' id='word_1_497' title='bbox 407 3542 462 3588; x_wconf 90' lang='lat' dir='ltr'><strong>et</strong></span> <span class='ocrx_word' id='word_1_498' title='bbox 490 3536 557 3588; x_wconf 88' lang='lat' dir='ltr'><strong>de</strong></span> <span class='ocrx_word' id='word_1_499' title='bbox 598 3534 743 3589; x_wconf 92' lang='lat' dir='ltr'><strong>nullo</strong></span> <span class='ocrx_word' id='word_1_500' title='bbox 773 3551 800 3588; x_wconf 87' lang='lat' dir='ltr'><strong>c</strong></span> <span class='ocrx_word' id='word_1_501' title='bbox 827 3536 1055 3591; x_wconf 89' lang='lat' dir='ltr'><strong>termino</strong></span> <span class='ocrx_word' id='word_1_502' title='bbox 1081 3536 1419 3607; x_wconf 77' lang='lat' dir='ltr'><strong>przedicetur,</strong></span> <span class='ocrx_word' id='word_1_503' title='bbox 1447 3538 1474 3590; x_wconf 89' lang='lat' dir='ltr'><strong>b</strong></span> <span class='ocrx_word' id='word_1_504' title='bbox 1508 3536 1766 3591; x_wconf 87' lang='lat' dir='ltr'><strong>terminus</strong></span> <span class='ocrx_word' id='word_1_505' title='bbox 1790 3535 1858 3588; x_wconf 90' lang='lat' dir='ltr'><strong>de</strong></span> 
     </span>
    </p>
   </div>
   <div class='ocr_carea' id='block_1_69' title="bbox 292 3624 1858 3708">
    <p class='ocr_par' dir='ltr' id='par_1_69' title="bbox 292 3624 1858 3708">
     <span class='ocr_line' id='line_1_69' title="bbox 292 3624 1858 3708; baseline 0 -31"><span class='ocrx_word' id='word_1_506' title='bbox 292 3624 446 3678; x_wconf 90' lang='lat' dir='ltr'><strong>nullo</strong></span> <span class='ocrx_word' id='word_1_507' title='bbox 474 3641 500 3677; x_wconf 87' lang='lat' dir='ltr'><strong>c</strong></span> <span class='ocrx_word' id='word_1_508' title='bbox 530 3625 756 3681; x_wconf 90' lang='lat' dir='ltr'><strong>termino</strong></span> <span class='ocrx_word' id='word_1_509' title='bbox 795 3627 1190 3695; x_wconf 69' lang='lat' dir='ltr'><strong>praedicabitur.</strong></span> <span class='ocrx_word' id='word_1_510' title='bbox 1239 3627 1319 3682; x_wconf 90' lang='lat' dir='ltr'><strong>Sit</strong></span> <span class='ocrx_word' id='word_1_511' title='bbox 1355 3628 1497 3681; x_wconf 86' lang='lat' dir='ltr'><strong>enim</strong></span> <span class='ocrx_word' id='word_1_512' title='bbox 1527 3643 1557 3678; x_wconf 91' lang='lat' dir='ltr'><strong>a</strong></span> <span class='ocrx_word' id='word_1_513' title='bbox 1588 3627 1802 3708; x_wconf 79' lang='lat' dir='ltr'><strong>bonum,</strong></span> <span class='ocrx_word' id='word_1_514' title='bbox 1830 3624 1858 3677; x_wconf 90' lang='lat' dir='ltr'><strong>b</strong></span> 
     </span>
    </p>
   </div>
   <div class='ocr_carea' id='block_1_70' title="bbox 288 3713 1539 3787">
    <p class='ocr_par' dir='ltr' id='par_1_70' title="bbox 288 3713 1539 3787">
     <span class='ocr_line' id='line_1_70' title="bbox 288 3713 1539 3787; baseline 0.001 -21"><span class='ocrx_word' id='word_1_515' title='bbox 288 3713 514 3781; x_wconf 82' lang='lat' dir='ltr'><strong>justum,</strong></span> <span class='ocrx_word' id='word_1_516' title='bbox 539 3731 564 3766; x_wconf 89' lang='lat' dir='ltr'><strong>c</strong></span> <span class='ocrx_word' id='word_1_517' title='bbox 587 3716 804 3770; x_wconf 89' lang='lat' dir='ltr'><strong>malum.</strong></span> <span class='ocrx_word' id='word_1_518' title='bbox 839 3717 896 3772; x_wconf 92' lang='lat' dir='ltr'><strong>Si</strong></span> <span class='ocrx_word' id='word_1_519' title='bbox 918 3717 1037 3787; x_wconf 89' lang='lat' dir='ltr'><strong>quis</strong></span> <span class='ocrx_word' id='word_1_520' title='bbox 1066 3716 1226 3787; x_wconf 90' lang='lat' dir='ltr'><strong>igitur</strong></span> <span class='ocrx_word' id='word_1_521' title='bbox 1253 3718 1330 3771; x_wconf 90' lang='lat' dir='ltr'><strong>sic</strong></span> <span class='ocrx_word' id='word_1_522' title='bbox 1359 3716 1501 3770; x_wconf 89' lang='lat' dir='ltr'><strong>dicat</strong></span> <span class='ocrx_word' id='word_1_523' title='bbox 1528 3733 1539 3767; x_wconf 88' lang='lat'>:</span> 
     </span>
    </p>
   </div>
   <div class='ocr_carea' id='block_1_71' title="bbox 580 3804 1323 3875">
    <p class='ocr_par' dir='ltr' id='par_1_71' title="bbox 580 3804 1323 3875">
     <span class='ocr_line' id='line_1_71' title="bbox 580 3804 1323 3875; baseline -0.001 -16"><span class='ocrx_word' id='word_1_524' title='bbox 580 3804 746 3861; x_wconf 90' lang='lat' dir='ltr'><strong>Omne</strong></span> <span class='ocrx_word' id='word_1_525' title='bbox 769 3806 970 3875; x_wconf 87' lang='lat' dir='ltr'><strong>justum</strong></span> <span class='ocrx_word' id='word_1_526' title='bbox 995 3808 1190 3861; x_wconf 88' lang='lat' dir='ltr'><strong>bonum</strong></span> <span class='ocrx_word' id='word_1_527' title='bbox 1220 3816 1323 3872; x_wconf 77' lang='lat' dir='ltr'><strong>est,</strong></span> 
     </span>
    </p>
   </div>
   <div class='ocr_carea' id='block_1_72' title="bbox 574 3895 1712 3961">
    <p class='ocr_par' dir='ltr' id='par_1_72' title="bbox 574 3895 1712 3961">
     <span class='ocr_line' id='line_1_72' title="bbox 574 3895 1712 3961; baseline -0.004 -10"><span class='ocrx_word' id='word_1_528' title='bbox 574 3896 783 3951; x_wconf 87' lang='lat' dir='ltr'><strong>Nullum</strong></span> <span class='ocrx_word' id='word_1_529' title='bbox 815 3897 1008 3950; x_wconf 76' lang='lat' dir='ltr'><strong>malum</strong></span> <span class='ocrx_word' id='word_1_530' title='bbox 1032 3896 1230 3949; x_wconf 85' lang='lat' dir='ltr'><strong>bonum</strong></span> <span class='ocrx_word' id='word_1_531' title='bbox 1265 3904 1367 3961; x_wconf 86' lang='lat' dir='ltr'><strong>est,</strong></span> <span class='ocrx_word' id='word_1_532' title='bbox 1415 3895 1712 3950; x_wconf 80' lang='lat' dir='ltr'><strong>concludit:</strong></span> 
     </span>
    </p>
   </div>
   <div class='ocr_carea' id='block_1_73' title="bbox 579 3985 1555 4059">
    <p class='ocr_par' dir='ltr' id='par_1_73' title="bbox 579 3985 1555 4059">
     <span class='ocr_line' id='line_1_73' title="bbox 579 3985 1555 4059; baseline 0.001 -21"><span class='ocrx_word' id='word_1_533' title='bbox 579 3985 790 4040; x_wconf 77' lang='lat' dir='ltr'><strong>Nullum</strong></span> <span class='ocrx_word' id='word_1_534' title='bbox 822 3987 980 4055; x_wconf 84' lang='lat' dir='ltr'><strong>igitur</strong></span> <span class='ocrx_word' id='word_1_535' title='bbox 1009 3988 1202 4041; x_wconf 84' lang='lat' dir='ltr'><strong>malum</strong></span> <span class='ocrx_word' id='word_1_536' title='bbox 1225 3987 1425 4059; x_wconf 78' lang='lat' dir='ltr'><strong>justum</strong></span> <span class='ocrx_word' id='word_1_537' title='bbox 1453 3998 1555 4042; x_wconf 88' lang='lat' dir='ltr'><strong>est.</strong></span> 
     </span>
    </p>
   </div>
   <div class='ocr_carea' id='block_1_74' title="bbox 302 4072 1857 4150">
    <p class='ocr_par' dir='ltr' id='par_1_74' title="bbox 302 4072 1857 4150">
     <span class='ocr_line' id='line_1_74' title="bbox 302 4072 1857 4150; baseline 0.003 -22"><span class='ocrx_word' id='word_1_538' title='bbox 302 4072 407 4129; x_wconf 87' lang='lat' dir='ltr'><strong>Sed</strong></span> <span class='ocrx_word' id='word_1_539' title='bbox 455 4074 569 4129; x_wconf 78' lang='lat' dir='ltr'><strong>btee</strong></span> <span class='ocrx_word' id='word_1_540' title='bbox 613 4078 919 4146; x_wconf 77' lang='lat' dir='ltr'><strong>complexio</strong></span> <span class='ocrx_word' id='word_1_541' title='bbox 972 4079 1382 4150; x_wconf 74' lang='lat' dir='ltr'><strong>coniunctioque</strong></span> <span class='ocrx_word' id='word_1_542' title='bbox 1435 4079 1857 4149; x_wconf 90' lang='lat' dir='ltr'><strong>propositionum</strong></span> 
     </span>
    </p>
   </div>
   <div class='ocr_carea' id='block_1_75' title="bbox 302 4166 1863 4234">
    <p class='ocr_par' dir='ltr' id='par_1_75' title="bbox 302 4166 1863 4234">
     <span class='ocr_line' id='line_1_75' title="bbox 302 4166 1863 4234; baseline 0.003 -15"><span class='ocrx_word' id='word_1_543' title='bbox 302 4166 573 4234; x_wconf 85' lang='lat' dir='ltr'><strong>duplicem</strong></span> <span class='ocrx_word' id='word_1_544' title='bbox 615 4170 1015 4224; x_wconf 85' lang='lat' dir='ltr'><strong>conversionem</strong></span> <span class='ocrx_word' id='word_1_545' title='bbox 1068 4171 1247 4225; x_wconf 87' lang='lat' dir='ltr'><strong>habet.</strong></span> <span class='ocrx_word' id='word_1_546' title='bbox 1278 4172 1589 4227; x_wconf 82' lang='lat' dir='ltr'><strong>Ostenditur</strong></span> <span class='ocrx_word' id='word_1_547' title='bbox 1624 4172 1765 4226; x_wconf 91' lang='lat' dir='ltr'><strong>enim</strong></span> <span class='ocrx_word' id='word_1_548' title='bbox 1796 4170 1863 4225; x_wconf 89' lang='lat' dir='ltr'><strong>de</strong></span> 
     </span>
    </p>
   </div>
   <div class='ocr_carea' id='block_1_76' title="bbox 304 4257 1864 4327">
    <p class='ocr_par' dir='ltr' id='par_1_76' title="bbox 304 4257 1864 4327">
     <span class='ocr_line' id='line_1_76' title="bbox 304 4257 1864 4327; baseline 0.003 -19"><span class='ocrx_word' id='word_1_549' title='bbox 304 4257 546 4310; x_wconf 78' lang='lat' dir='ltr'><strong>secundo</strong></span> <span class='ocrx_word' id='word_1_550' title='bbox 574 4257 756 4325; x_wconf 69' lang='lat' dir='ltr'><strong>prima!</strong></span> <span class='ocrx_word' id='word_1_551' title='bbox 783 4258 960 4327; x_wconf 67' lang='lat' dir='ltr'><strong>ﬁgurae</strong></span> <span class='ocrx_word' id='word_1_552' title='bbox 982 4258 1142 4313; x_wconf 90' lang='lat' dir='ltr'><strong>modo</strong></span> <span class='ocrx_word' id='word_1_553' title='bbox 1171 4259 1268 4314; x_wconf 89' lang='lat' dir='ltr'><strong>sic.</strong></span> <span class='ocrx_word' id='word_1_554' title='bbox 1302 4260 1432 4315; x_wconf 85' lang='lat' dir='ltr'><strong>Nam</strong></span> <span class='ocrx_word' id='word_1_555' title='bbox 1474 4261 1515 4315; x_wconf 90' lang='lat' dir='ltr'><strong>si</strong></span> <span class='ocrx_word' id='word_1_556' title='bbox 1545 4277 1576 4313; x_wconf 88' lang='lat' dir='ltr'><strong>a</strong></span> <span class='ocrx_word' id='word_1_557' title='bbox 1606 4260 1864 4315; x_wconf 87' lang='lat' dir='ltr'><strong>terminus</strong></span> 
     </span>
    </p>
   </div>
   <div class='ocr_carea' id='block_1_77' title="bbox 299 4348 1867 4423">
    <p class='ocr_par' dir='ltr' id='par_1_77' title="bbox 299 4348 1867 4423">
     <span class='ocr_line' id='line_1_77' title="bbox 299 4348 1867 4423; baseline 0.004 -22"><span class='ocrx_word' id='word_1_558' title='bbox 299 4348 356 4402; x_wconf 91' lang='lat' dir='ltr'><strong>in</strong></span> <span class='ocrx_word' id='word_1_559' title='bbox 387 4349 533 4402; x_wconf 91' lang='lat' dir='ltr'><strong>omni</strong></span> <span class='ocrx_word' id='word_1_560' title='bbox 556 4348 585 4401; x_wconf 88' lang='lat' dir='ltr'><strong>b</strong></span> <span class='ocrx_word' id='word_1_561' title='bbox 613 4351 842 4404; x_wconf 88' lang='lat' dir='ltr'><strong>termino</strong></span> <span class='ocrx_word' id='word_1_562' title='bbox 872 4360 974 4419; x_wconf 87' lang='lat' dir='ltr'><strong>cst,</strong></span> <span class='ocrx_word' id='word_1_563' title='bbox 1007 4351 1144 4407; x_wconf 89' lang='lat' dir='ltr'><strong>etde</strong></span> <span class='ocrx_word' id='word_1_564' title='bbox 1176 4351 1324 4407; x_wconf 92' lang='lat' dir='ltr'><strong>nullo</strong></span> <span class='ocrx_word' id='word_1_565' title='bbox 1353 4369 1380 4405; x_wconf 90' lang='lat' dir='ltr'><strong>c</strong></span> <span class='ocrx_word' id='word_1_566' title='bbox 1421 4354 1648 4408; x_wconf 90' lang='lat' dir='ltr'><strong>termino</strong></span> <span class='ocrx_word' id='word_1_567' title='bbox 1672 4353 1867 4423; x_wconf 65' lang='lat' dir='ltr'><strong>pracdi-</strong></span> 
     </span>
    </p>
   </div>
   <div class='ocr_carea' id='block_1_78' title="bbox 296 4437 1862 4513">
    <p class='ocr_par' dir='ltr' id='par_1_78' title="bbox 296 4437 1862 4513">
     <span class='ocr_line' id='line_1_78' title="bbox 296 4437 1862 4513; baseline 0.005 -24"><span class='ocrx_word' id='word_1_568' title='bbox 296 4445 473 4501; x_wconf 88' lang='lat' dir='ltr'><strong>catur,</strong></span> <span class='ocrx_word' id='word_1_569' title='bbox 515 4437 599 4493; x_wconf 88' lang='lat' dir='ltr'><strong>hic</strong></span> <span class='ocrx_word' id='word_1_570' title='bbox 623 4440 939 4495; x_wconf 83' lang='lat' dir='ltr'><strong>universalis</strong></span> <span class='ocrx_word' id='word_1_571' title='bbox 965 4441 1215 4511; x_wconf 87' lang='lat' dir='ltr'><strong>negativa</strong></span> <span class='ocrx_word' id='word_1_572' title='bbox 1243 4442 1597 4497; x_wconf 84' lang='lat' dir='ltr'><strong>convertitur.</strong></span> <span class='ocrx_word' id='word_1_573' title='bbox 1627 4443 1741 4497; x_wconf 86' lang='lat' dir='ltr'><strong>Erit</strong></span> <span class='ocrx_word' id='word_1_574' title='bbox 1766 4444 1862 4513; x_wconf 89' lang='lat' dir='ltr'><strong>igi-</strong></span> 
     </span>
    </p>
   </div>
   <div class='ocr_carea' id='block_1_79' title="bbox 301 4531 1856 4603">
    <p class='ocr_par' dir='ltr' id='par_1_79' title="bbox 301 4531 1856 4603">
     <span class='ocr_line' id='line_1_79' title="bbox 301 4531 1856 4603; baseline 0.005 -23"><span class='ocrx_word' id='word_1_575' title='bbox 301 4539 385 4582; x_wconf 88' lang='lat' dir='ltr'><strong>tur</strong></span> <span class='ocrx_word' id='word_1_576' title='bbox 414 4539 473 4582; x_wconf 92' lang='lat' dir='ltr'><strong>ut</strong></span> <span class='ocrx_word' id='word_1_577' title='bbox 516 4545 542 4581; x_wconf 87' lang='lat' dir='ltr'><strong>c</strong></span> <span class='ocrx_word' id='word_1_578' title='bbox 582 4531 842 4584; x_wconf 91' lang='lat' dir='ltr'><strong>terminus</strong></span> <span class='ocrx_word' id='word_1_579' title='bbox 883 4532 948 4586; x_wconf 89' lang='lat' dir='ltr'><strong>de</strong></span> <span class='ocrx_word' id='word_1_580' title='bbox 988 4532 1134 4586; x_wconf 91' lang='lat' dir='ltr'><strong>nullo</strong></span> <span class='ocrx_word' id='word_1_581' title='bbox 1167 4548 1199 4586; x_wconf 92' lang='lat' dir='ltr'><strong>a</strong></span> <span class='ocrx_word' id='word_1_582' title='bbox 1240 4535 1470 4587; x_wconf 86' lang='lat' dir='ltr'><strong>termino</strong></span> <span class='ocrx_word' id='word_1_583' title='bbox 1517 4533 1856 4603; x_wconf 70' lang='lat' dir='ltr'><strong>praedicetur.</strong></span> 
     </span>
    </p>
   </div>
   <div class='ocr_carea' id='block_1_80' title="bbox 297 4620 1858 4696">
    <p class='ocr_par' dir='ltr' id='par_1_80' title="bbox 297 4620 1858 4696">
     <span class='ocr_line' id='line_1_80' title="bbox 297 4620 1858 4696; baseline 0.004 -23"><span class='ocrx_word' id='word_1_584' title='bbox 297 4620 449 4687; x_wconf 84' lang='lat' dir='ltr'><strong>Quod</strong></span> <span class='ocrx_word' id='word_1_585' title='bbox 481 4621 525 4675; x_wconf 88' lang='lat' dir='ltr'><strong>si</strong></span> <span class='ocrx_word' id='word_1_586' title='bbox 560 4622 631 4675; x_wconf 90' lang='lat' dir='ltr'><strong>ita</strong></span> <span class='ocrx_word' id='word_1_587' title='bbox 672 4630 776 4689; x_wconf 83' lang='lat' dir='ltr'><strong>est,</strong></span> <span class='ocrx_word' id='word_1_588' title='bbox 820 4623 923 4678; x_wconf 89' lang='lat' dir='ltr'><strong>erit</strong></span> <span class='ocrx_word' id='word_1_589' title='bbox 952 4624 1254 4693; x_wconf 75' lang='lat' dir='ltr'><strong>huiusmodi</strong></span> <span class='ocrx_word' id='word_1_590' title='bbox 1293 4624 1636 4696; x_wconf 87' lang='lat' dir='ltr'><strong>syllogismus</strong></span> <span class='ocrx_word' id='word_1_591' title='bbox 1662 4643 1674 4677; x_wconf 91' lang='lat'>:</span> <span class='ocrx_word' id='word_1_592' title='bbox 1700 4643 1726 4678; x_wconf 90' lang='lat' dir='ltr'><strong>c</strong></span> <span class='ocrx_word' id='word_1_593' title='bbox 1750 4633 1858 4679; x_wconf 87' lang='lat' dir='ltr'><strong>ter-</strong></span> 
     </span>
    </p>
   </div>
   <div class='ocr_carea' id='block_1_81' title="bbox 296 4712 1858 4786">
    <p class='ocr_par' dir='ltr' id='par_1_81' title="bbox 296 4712 1858 4786">
     <span class='ocr_line' id='line_1_81' title="bbox 296 4712 1858 4786; baseline 0.006 -22"><span class='ocrx_word' id='word_1_594' title='bbox 296 4713 472 4765; x_wconf 89' lang='lat' dir='ltr'><strong>minus</strong></span> <span class='ocrx_word' id='word_1_595' title='bbox 502 4712 569 4767; x_wconf 90' lang='lat' dir='ltr'><strong>de</strong></span> <span class='ocrx_word' id='word_1_596' title='bbox 596 4714 742 4768; x_wconf 91' lang='lat' dir='ltr'><strong>nullo</strong></span> <span class='ocrx_word' id='word_1_597' title='bbox 770 4730 803 4767; x_wconf 90' lang='lat' dir='ltr'><strong>a</strong></span> <span class='ocrx_word' id='word_1_598' title='bbox 831 4717 1056 4770; x_wconf 88' lang='lat' dir='ltr'><strong>termino</strong></span> <span class='ocrx_word' id='word_1_599' title='bbox 1085 4716 1420 4786; x_wconf 65' lang='lat' dir='ltr'><strong>pra&#39;dicatur,</strong></span> <span class='ocrx_word' id='word_1_600' title='bbox 1450 4736 1481 4770; x_wconf 90' lang='lat' dir='ltr'><strong>a</strong></span> <span class='ocrx_word' id='word_1_601' title='bbox 1512 4719 1769 4774; x_wconf 89' lang='lat' dir='ltr'><strong>terminus</strong></span> <span class='ocrx_word' id='word_1_602' title='bbox 1806 4721 1858 4774; x_wconf 91' lang='lat' dir='ltr'><strong>in</strong></span> 
     </span>
    </p>
   </div>
   <div class='ocr_carea' id='block_1_82' title="bbox 295 4803 1858 4878">
    <p class='ocr_par' dir='ltr' id='par_1_82' title="bbox 295 4803 1858 4878">
     <span class='ocr_line' id='line_1_82' title="bbox 295 4803 1858 4878; baseline 0.008 -23"><span class='ocrx_word' id='word_1_603' title='bbox 295 4803 441 4857; x_wconf 87' lang='lat' dir='ltr'><strong>ontni</strong></span> <span class='ocrx_word' id='word_1_604' title='bbox 469 4804 497 4856; x_wconf 88' lang='lat' dir='ltr'><strong>b</strong></span> <span class='ocrx_word' id='word_1_605' title='bbox 527 4805 757 4859; x_wconf 91' lang='lat' dir='ltr'><strong>termino</strong></span> <span class='ocrx_word' id='word_1_606' title='bbox 786 4816 890 4873; x_wconf 90' lang='lat' dir='ltr'><strong>est,</strong></span> <span class='ocrx_word' id='word_1_607' title='bbox 915 4824 941 4861; x_wconf 85' lang='lat' dir='ltr'><strong>c</strong></span> <span class='ocrx_word' id='word_1_608' title='bbox 964 4809 1121 4878; x_wconf 90' lang='lat' dir='ltr'><strong>igitur</strong></span> <span class='ocrx_word' id='word_1_609' title='bbox 1151 4810 1410 4864; x_wconf 90' lang='lat' dir='ltr'><strong>terminus</strong></span> <span class='ocrx_word' id='word_1_610' title='bbox 1435 4811 1501 4866; x_wconf 90' lang='lat' dir='ltr'><strong>de</strong></span> <span class='ocrx_word' id='word_1_611' title='bbox 1529 4813 1673 4865; x_wconf 94' lang='lat' dir='ltr'><strong>nullo</strong></span> <span class='ocrx_word' id='word_1_612' title='bbox 1701 4812 1729 4864; x_wconf 88' lang='lat' dir='ltr'><strong>b</strong></span> <span class='ocrx_word' id='word_1_613' title='bbox 1754 4822 1858 4867; x_wconf 89' lang='lat' dir='ltr'><strong>ter-</strong></span> 
     </span>
    </p>
   </div>
   <div class='ocr_carea' id='block_1_83' title="bbox 293 4893 1860 4971">
    <p class='ocr_par' dir='ltr' id='par_1_83' title="bbox 293 4893 1860 4971">
     <span class='ocr_line' id='line_1_83' title="bbox 293 4893 1860 4971; baseline 0.007 -24"><span class='ocrx_word' id='word_1_614' title='bbox 293 4893 441 4947; x_wconf 89' lang='lat' dir='ltr'><strong>mino</strong></span> <span class='ocrx_word' id='word_1_615' title='bbox 475 4894 869 4971; x_wconf 70' lang='lat' dir='ltr'><strong>praedicabitur.</strong></span> <span class='ocrx_word' id='word_1_616' title='bbox 924 4898 1060 4953; x_wconf 88' lang='lat' dir='ltr'><strong>Ecce</strong></span> <span class='ocrx_word' id='word_1_617' title='bbox 1112 4915 1214 4954; x_wconf 88' lang='lat' dir='ltr'><strong>una</strong></span> <span class='ocrx_word' id='word_1_618' title='bbox 1260 4904 1537 4957; x_wconf 84' lang='lat' dir='ltr'><strong>conversio</strong></span> <span class='ocrx_word' id='word_1_619' title='bbox 1588 4905 1727 4958; x_wconf 78' lang='lat' dir='ltr'><strong>facta</strong></span> <span class='ocrx_word' id='word_1_620' title='bbox 1777 4915 1860 4959; x_wconf 89' lang='lat' dir='ltr'><strong>est</strong></span> 
     </span>
    </p>
   </div>
   <div class='ocr_carea' id='block_1_84' title="bbox 294 4985 1857 5061">
    <p class='ocr_par' dir='ltr' id='par_1_84' title="bbox 294 4985 1857 5061">
     <span class='ocr_line' id='line_1_84' title="bbox 294 4985 1857 5061; baseline 0.01 -25"><span class='ocrx_word' id='word_1_621' title='bbox 294 4985 675 5053; x_wconf 87' lang='lat' dir='ltr'><strong>propositionis</strong></span> <span class='ocrx_word' id='word_1_622' title='bbox 714 4988 994 5057; x_wconf 60' lang='lat' dir='ltr'><strong>negativae.</strong></span> <span class='ocrx_word' id='word_1_623' title='bbox 1027 4990 1131 5045; x_wconf 91' lang='lat' dir='ltr'><strong>Sed</strong></span> <span class='ocrx_word' id='word_1_624' title='bbox 1176 4994 1424 5061; x_wconf 87' lang='lat' dir='ltr'><strong>quoniam</strong></span> <span class='ocrx_word' id='word_1_625' title='bbox 1466 4996 1697 5051; x_wconf 82' lang='lat' dir='ltr'><strong>diximus</strong></span> <span class='ocrx_word' id='word_1_626' title='bbox 1724 5012 1857 5051; x_wconf 89' lang='lat' dir='ltr'><strong>con-</strong></span> 
     </span>
    </p>
   </div>
   <div class='ocr_carea' id='block_1_85' title="bbox 292 5073 1860 5152">
    <p class='ocr_par' dir='ltr' id='par_1_85' title="bbox 292 5073 1860 5152">
     <span class='ocr_line' id='line_1_85' title="bbox 292 5073 1860 5152; baseline 0.008 -24"><span class='ocrx_word' id='word_1_627' title='bbox 292 5073 435 5128; x_wconf 88' lang='lat' dir='ltr'><strong>cludi</strong></span> <span class='ocrx_word' id='word_1_628' title='bbox 473 5089 575 5129; x_wconf 90' lang='lat' dir='ltr'><strong>non</strong></span> <span class='ocrx_word' id='word_1_629' title='bbox 604 5092 631 5128; x_wconf 83' lang='lat' dir='ltr'><strong>c</strong></span> <span class='ocrx_word' id='word_1_630' title='bbox 673 5078 725 5131; x_wconf 93' lang='lat' dir='ltr'><strong>in</strong></span> <span class='ocrx_word' id='word_1_631' title='bbox 749 5080 894 5133; x_wconf 90' lang='lat' dir='ltr'><strong>nullo</strong></span> <span class='ocrx_word' id='word_1_632' title='bbox 921 5079 971 5144; x_wconf 88' lang='lat' dir='ltr'><strong>b,</strong></span> <span class='ocrx_word' id='word_1_633' title='bbox 1004 5080 1097 5135; x_wconf 91' lang='lat' dir='ltr'><strong>sed</strong></span> <span class='ocrx_word' id='word_1_634' title='bbox 1126 5082 1153 5134; x_wconf 91' lang='lat' dir='ltr'><strong>b</strong></span> <span class='ocrx_word' id='word_1_635' title='bbox 1183 5082 1237 5136; x_wconf 91' lang='lat' dir='ltr'><strong>in</strong></span> <span class='ocrx_word' id='word_1_636' title='bbox 1270 5084 1417 5137; x_wconf 86' lang='lat' dir='ltr'><strong>nullo</strong></span> <span class='ocrx_word' id='word_1_637' title='bbox 1445 5102 1471 5136; x_wconf 87' lang='lat' dir='ltr'><strong>c</strong></span> <span class='ocrx_word' id='word_1_638' title='bbox 1494 5086 1744 5152; x_wconf 84' lang='lat' dir='ltr'><strong>termino,</strong></span> <span class='ocrx_word' id='word_1_639' title='bbox 1774 5087 1860 5141; x_wconf 89' lang='lat' dir='ltr'><strong>hic</strong></span> 
     </span>
    </p>
   </div>
   <div class='ocr_carea' id='block_1_86' title="bbox 295 5165 1861 5241">
    <p class='ocr_par' dir='ltr' id='par_1_86' title="bbox 295 5165 1861 5241">
     <span class='ocr_line' id='line_1_86' title="bbox 295 5165 1861 5241; baseline 0.013 -29"><span class='ocrx_word' id='word_1_640' title='bbox 295 5165 611 5220; x_wconf 83' lang='lat' dir='ltr'><strong>universalis</strong></span> <span class='ocrx_word' id='word_1_641' title='bbox 632 5169 905 5224; x_wconf 89' lang='lat' dir='ltr'><strong>conclusio</strong></span> <span class='ocrx_word' id='word_1_642' title='bbox 936 5173 1176 5241; x_wconf 85' lang='lat' dir='ltr'><strong>negativa</strong></span> <span class='ocrx_word' id='word_1_643' title='bbox 1223 5176 1592 5230; x_wconf 90' lang='lat' dir='ltr'><strong>convertitur:</strong></span> <span class='ocrx_word' id='word_1_644' title='bbox 1636 5185 1690 5232; x_wconf 90' lang='lat' dir='ltr'><strong>et</strong></span> <span class='ocrx_word' id='word_1_645' title='bbox 1725 5178 1861 5233; x_wconf 90' lang='lat' dir='ltr'><strong>sicut</strong></span> 
     </span>
    </p>
   </div>
   <div class='ocr_carea' id='block_1_87' title="bbox 290 5258 1852 5337">
    <p class='ocr_par' dir='ltr' id='par_1_87' title="bbox 290 5258 1852 5337">
     <span class='ocr_line' id='line_1_87' title="bbox 290 5258 1852 5337; baseline 0.01 -28"><span class='ocrx_word' id='word_1_646' title='bbox 290 5258 605 5312; x_wconf 89' lang='lat' dir='ltr'><strong>conclusum</strong></span> <span class='ocrx_word' id='word_1_647' title='bbox 633 5268 715 5315; x_wconf 86' lang='lat' dir='ltr'><strong>est</strong></span> <span class='ocrx_word' id='word_1_648' title='bbox 742 5277 768 5314; x_wconf 85' lang='lat' dir='ltr'><strong>c</strong></span> <span class='ocrx_word' id='word_1_649' title='bbox 810 5265 1093 5318; x_wconf 89' lang='lat' dir='ltr'><strong>terminum</strong></span> <span class='ocrx_word' id='word_1_650' title='bbox 1125 5265 1193 5319; x_wconf 92' lang='lat' dir='ltr'><strong>de</strong></span> <span class='ocrx_word' id='word_1_651' title='bbox 1232 5266 1379 5321; x_wconf 93' lang='lat' dir='ltr'><strong>nullo</strong></span> <span class='ocrx_word' id='word_1_652' title='bbox 1409 5266 1438 5319; x_wconf 90' lang='lat' dir='ltr'><strong>b</strong></span> <span class='ocrx_word' id='word_1_653' title='bbox 1466 5269 1691 5323; x_wconf 91' lang='lat' dir='ltr'><strong>termino</strong></span> <span class='ocrx_word' id='word_1_654' title='bbox 1724 5285 1852 5337; x_wconf 68' lang='lat' dir='ltr'><strong>prae-</strong></span> 
     </span>
    </p>
   </div>
   <div class='ocr_carea' id='block_1_88' title="bbox 290 5349 1854 5416">
    <p class='ocr_par' dir='ltr' id='par_1_88' title="bbox 290 5349 1854 5416">
     <span class='ocr_line' id='line_1_88' title="bbox 290 5349 1854 5416; baseline 0.009 -14"><span class='ocrx_word' id='word_1_655' title='bbox 290 5349 482 5414; x_wconf 83' lang='lat' dir='ltr'><strong>dicari,</strong></span> <span class='ocrx_word' id='word_1_656' title='bbox 525 5351 593 5403; x_wconf 90' lang='lat' dir='ltr'><strong>ita</strong></span> <span class='ocrx_word' id='word_1_657' title='bbox 625 5353 962 5408; x_wconf 88' lang='lat' dir='ltr'><strong>concluditur</strong></span> <span class='ocrx_word' id='word_1_658' title='bbox 1006 5356 1073 5409; x_wconf 90' lang='lat' dir='ltr'><strong>de</strong></span> <span class='ocrx_word' id='word_1_659' title='bbox 1102 5358 1250 5411; x_wconf 90' lang='lat' dir='ltr'><strong>nullo</strong></span> <span class='ocrx_word' id='word_1_660' title='bbox 1294 5375 1320 5411; x_wconf 89' lang='lat' dir='ltr'><strong>c</strong></span> <span class='ocrx_word' id='word_1_661' title='bbox 1347 5360 1575 5413; x_wconf 86' lang='lat' dir='ltr'><strong>termino</strong></span> <span class='ocrx_word' id='word_1_662' title='bbox 1624 5364 1652 5412; x_wconf 89' lang='lat' dir='ltr'><strong>b</strong></span> <span class='ocrx_word' id='word_1_663' title='bbox 1678 5364 1854 5416; x_wconf 87' lang='lat' dir='ltr'><strong>termi-</strong></span> 
     </span>
    </p>
   </div>
   <div class='ocr_carea' id='block_1_89' title="bbox 290 5440 1853 5518">
    <p class='ocr_par' dir='ltr' id='par_1_89' title="bbox 290 5440 1853 5518">
     <span class='ocr_line' id='line_1_89' title="bbox 290 5440 1853 5518; baseline 0.008 -25"><span class='ocrx_word' id='word_1_664' title='bbox 290 5454 417 5493; x_wconf 90' lang='lat' dir='ltr'><strong>num</strong></span> <span class='ocrx_word' id='word_1_665' title='bbox 447 5440 747 5508; x_wconf 74' lang='lat' dir='ltr'><strong>prmdicari.</strong></span> <span class='ocrx_word' id='word_1_666' title='bbox 778 5443 993 5498; x_wconf 56' lang='lat' dir='ltr'><strong>Tertio;</strong></span> <span class='ocrx_word' id='word_1_667' title='bbox 1041 5446 1231 5499; x_wconf 87' lang='lat' dir='ltr'><strong>modus</strong></span> <span class='ocrx_word' id='word_1_668' title='bbox 1258 5449 1505 5502; x_wconf 72' lang='lat' dir='ltr'><strong>secundat</strong></span> <span class='ocrx_word' id='word_1_669' title='bbox 1537 5450 1716 5517; x_wconf 74' lang='lat' dir='ltr'><strong>ﬁgura:</strong></span> <span class='ocrx_word' id='word_1_670' title='bbox 1751 5464 1853 5518; x_wconf 91' lang='lat' dir='ltr'><strong>est,</strong></span> 
     </span>
    </p>
   </div>
   <div class='ocr_carea' id='block_1_90' title="bbox 288 5531 1859 5605">
    <p class='ocr_par' dir='ltr' id='par_1_90' title="bbox 288 5531 1859 5605">
     <span class='ocr_line' id='line_1_90' title="bbox 288 5531 1859 5605; baseline 0.011 -23"><span class='ocrx_word' id='word_1_671' title='bbox 288 5531 501 5597; x_wconf 89' lang='lat' dir='ltr'><strong>quoties</strong></span> <span class='ocrx_word' id='word_1_672' title='bbox 528 5545 592 5584; x_wconf 81' lang='lat' dir='ltr'><strong>ex</strong></span> <span class='ocrx_word' id='word_1_673' title='bbox 621 5534 907 5587; x_wconf 88' lang='lat' dir='ltr'><strong>universali</strong></span> <span class='ocrx_word' id='word_1_674' title='bbox 941 5538 1182 5605; x_wconf 87' lang='lat' dir='ltr'><strong>negativa</strong></span> <span class='ocrx_word' id='word_1_675' title='bbox 1208 5547 1261 5590; x_wconf 89' lang='lat' dir='ltr'><strong>et</strong></span> <span class='ocrx_word' id='word_1_676' title='bbox 1299 5540 1604 5605; x_wconf 79' lang='lat' dir='ltr'><strong>particular‘i</strong></span> <span class='ocrx_word' id='word_1_677' title='bbox 1627 5543 1859 5598; x_wconf 72' lang='lat' dir='ltr'><strong>afﬁrma-</strong></span> 
     </span>
    </p>
   </div>
   <div class='ocr_carea' id='block_1_91' title="bbox 288 5620 1857 5695">
    <p class='ocr_par' dir='ltr' id='par_1_91' title="bbox 288 5620 1857 5695">
     <span class='ocr_line' id='line_1_91' title="bbox 288 5620 1857 5695; baseline 0.012 -25"><span class='ocrx_word' id='word_1_678' title='bbox 288 5620 393 5671; x_wconf 82' lang='lat' dir='ltr'><strong>tiva</strong></span> <span class='ocrx_word' id='word_1_679' title='bbox 425 5622 760 5689; x_wconf 85' lang='lat' dir='ltr'><strong>particularis</strong></span> <span class='ocrx_word' id='word_1_680' title='bbox 788 5626 1026 5693; x_wconf 86' lang='lat' dir='ltr'><strong>negativa</strong></span> <span class='ocrx_word' id='word_1_681' title='bbox 1058 5625 1341 5695; x_wconf 85' lang='lat' dir='ltr'><strong>colligitur.</strong></span> <span class='ocrx_word' id='word_1_682' title='bbox 1377 5628 1431 5683; x_wconf 93' lang='lat' dir='ltr'><strong>Si</strong></span> <span class='ocrx_word' id='word_1_683' title='bbox 1456 5630 1596 5684; x_wconf 88' lang='lat' dir='ltr'><strong>enim</strong></span> <span class='ocrx_word' id='word_1_684' title='bbox 1620 5648 1651 5683; x_wconf 82' lang='grc' dir='ltr'><em>α</em></span> <span class='ocrx_word' id='word_1_685' title='bbox 1679 5636 1857 5688; x_wconf 84' lang='lat' dir='ltr'><strong>termi-</strong></span> 
     </span>
    </p>
   </div>
   <div class='ocr_carea' id='block_1_92' title="bbox 289 5713 1858 5793">
    <p class='ocr_par' dir='ltr' id='par_1_92' title="bbox 289 5713 1858 5793">
     <span class='ocr_line' id='line_1_92' title="bbox 289 5713 1858 5793; baseline 0.011 -29"><span class='ocrx_word' id='word_1_686' title='bbox 289 5727 392 5765; x_wconf 83' lang='lat' dir='ltr'><strong>nus</strong></span> <span class='ocrx_word' id='word_1_687' title='bbox 432 5713 500 5767; x_wconf 88' lang='lat' dir='ltr'><strong>de</strong></span> <span class='ocrx_word' id='word_1_688' title='bbox 538 5714 682 5770; x_wconf 86' lang='lat' dir='ltr'><strong>nullo</strong></span> <span class='ocrx_word' id='word_1_689' title='bbox 716 5717 741 5768; x_wconf 76' lang='grc' dir='ltr'><strong>[ν</strong></span> <span class='ocrx_word' id='word_1_690' title='bbox 771 5717 997 5771; x_wconf 84' lang='lat' dir='ltr'><strong>termino</strong></span> <span class='ocrx_word' id='word_1_691' title='bbox 1028 5719 1364 5787; x_wconf 78' lang='lat' dir='ltr'><strong>prmdicctttr,</strong></span> <span class='ocrx_word' id='word_1_692' title='bbox 1411 5732 1463 5776; x_wconf 89' lang='lat' dir='ltr'><strong>et</strong></span> <span class='ocrx_word' id='word_1_693' title='bbox 1495 5724 1543 5776; x_wconf 86' lang='lat' dir='ltr'><strong>in</strong></span> <span class='ocrx_word' id='word_1_694' title='bbox 1576 5724 1804 5793; x_wconf 75' lang='lat' dir='ltr'><strong>quodam</strong></span> <span class='ocrx_word' id='word_1_695' title='bbox 1833 5744 1858 5780; x_wconf 80' lang='grc' dir='ltr'><em>ε</em></span> 
     </span>
    </p>
   </div>
   <div class='ocr_carea' id='block_1_93' title="bbox 1959 3269 3525 3348">
    <p class='ocr_par' dir='ltr' id='par_1_93' title="bbox 1959 3269 3525 3348">
     <span class='ocr_line' id='line_1_93' title="bbox 1959 3269 3525 3348; baseline 0.001 -18"><span class='ocrx_word' id='word_1_696' title='bbox 1959 3291 2063 3331; x_wconf 92' lang='lat' dir='ltr'><strong>non</strong></span> <span class='ocrx_word' id='word_1_697' title='bbox 2091 3276 2452 3343; x_wconf 79' lang='lat' dir='ltr'><strong>concluditur,</strong></span> <span class='ocrx_word' id='word_1_698' title='bbox 2498 3277 2713 3348; x_wconf 87' lang='lat' dir='ltr'><strong>aliquod</strong></span> <span class='ocrx_word' id='word_1_699' title='bbox 2750 3269 3135 3335; x_wconf 83' lang='lat' dir='ltr'><strong>inconveniens</strong></span> <span class='ocrx_word' id='word_1_700' title='bbox 3165 3278 3525 3348; x_wconf 88' lang='lat' dir='ltr'><strong>impossibile-</strong></span> 
     </span>
    </p>
   </div>
   <div class='ocr_carea' id='block_1_94' title="bbox 1957 3367 3529 3439">
    <p class='ocr_par' dir='ltr' id='par_1_94' title="bbox 1957 3367 3529 3439">
     <span class='ocr_line' id='line_1_94' title="bbox 1957 3367 3529 3439; baseline 0.001 -19"><span class='ocrx_word' id='word_1_701' title='bbox 1957 3382 2063 3436; x_wconf 89' lang='lat' dir='ltr'><strong>que</strong></span> <span class='ocrx_word' id='word_1_702' title='bbox 2107 3367 2389 3437; x_wconf 85' lang='lat' dir='ltr'><strong>contingit.</strong></span> <span class='ocrx_word' id='word_1_703' title='bbox 2438 3368 2543 3424; x_wconf 88' lang='lat' dir='ltr'><strong>Sed</strong></span> <span class='ocrx_word' id='word_1_704' title='bbox 2588 3370 2703 3424; x_wconf 75' lang='lat' dir='ltr'><strong>lucc</strong></span> <span class='ocrx_word' id='word_1_705' title='bbox 2745 3370 3145 3439; x_wconf 88' lang='lat' dir='ltr'><strong>impossibilitas</strong></span> <span class='ocrx_word' id='word_1_706' title='bbox 3184 3385 3275 3438; x_wconf 88' lang='lat' dir='ltr'><strong>per</strong></span> <span class='ocrx_word' id='word_1_707' title='bbox 3306 3370 3529 3439; x_wconf 84' lang='lat' dir='ltr'><strong>primam</strong></span> 
     </span>
    </p>
   </div>
   <div class='ocr_carea' id='block_1_95' title="bbox 1964 3459 3531 3529">
    <p class='ocr_par' dir='ltr' id='par_1_95' title="bbox 1964 3459 3531 3529">
     <span class='ocr_line' id='line_1_95' title="bbox 1964 3459 3531 3529; baseline 0.001 -19"><span class='ocrx_word' id='word_1_708' title='bbox 1964 3459 2181 3527; x_wconf 82' lang='lat' dir='ltr'><strong>ﬁguram</strong></span> <span class='ocrx_word' id='word_1_709' title='bbox 2234 3459 2711 3514; x_wconf 87' lang='lat' dir='ltr'><strong>demonstrabitur.</strong></span> <span class='ocrx_word' id='word_1_710' title='bbox 2764 3460 2893 3514; x_wconf 64' lang='lat' dir='ltr'><strong>[ﬁco</strong></span> <span class='ocrx_word' id='word_1_711' title='bbox 2942 3460 3084 3515; x_wconf 89' lang='lat' dir='ltr'><strong>enim</strong></span> <span class='ocrx_word' id='word_1_712' title='bbox 3126 3460 3376 3529; x_wconf 90' lang='lat' dir='ltr'><strong>quoniam</strong></span> <span class='ocrx_word' id='word_1_713' title='bbox 3412 3459 3457 3513; x_wconf 90' lang='lat' dir='ltr'><strong>si</strong></span> <span class='ocrx_word' id='word_1_714' title='bbox 3499 3475 3531 3512; x_wconf 77' lang='grc' dir='ltr'><strong><em>ο</em></strong></span> 
     </span>
    </p>
   </div>
   <div class='ocr_carea' id='block_1_96' title="bbox 1963 3550 3532 3621">
    <p class='ocr_par' dir='ltr' id='par_1_96' title="bbox 1963 3550 3532 3621">
     <span class='ocr_line' id='line_1_96' title="bbox 1963 3550 3532 3621; baseline 0.003 -18"><span class='ocrx_word' id='word_1_715' title='bbox 1963 3550 2223 3604; x_wconf 77' lang='lat' dir='ltr'><strong>terminus</strong></span> <span class='ocrx_word' id='word_1_716' title='bbox 2244 3550 2311 3606; x_wconf 91' lang='lat' dir='ltr'><strong>de</strong></span> <span class='ocrx_word' id='word_1_717' title='bbox 2339 3552 2483 3605; x_wconf 91' lang='lat' dir='ltr'><strong>omni</strong></span> <span class='ocrx_word' id='word_1_718' title='bbox 2513 3552 2542 3605; x_wconf 90' lang='lat' dir='ltr'><strong>b</strong></span> <span class='ocrx_word' id='word_1_719' title='bbox 2566 3552 2794 3606; x_wconf 90' lang='lat' dir='ltr'><strong>termino</strong></span> <span class='ocrx_word' id='word_1_720' title='bbox 2820 3551 3159 3621; x_wconf 83' lang='lat' dir='ltr'><strong>praedicetur,</strong></span> <span class='ocrx_word' id='word_1_721' title='bbox 3191 3560 3245 3605; x_wconf 89' lang='lat' dir='ltr'><strong>et</strong></span> <span class='ocrx_word' id='word_1_722' title='bbox 3269 3552 3321 3604; x_wconf 92' lang='lat' dir='ltr'><strong>in</strong></span> <span class='ocrx_word' id='word_1_723' title='bbox 3352 3552 3532 3616; x_wconf 89' lang='lat' dir='ltr'><strong>aliquo</strong></span> 
     </span>
    </p>
   </div>
   <div class='ocr_carea' id='block_1_97' title="bbox 1966 3643 3533 3713">
    <p class='ocr_par' dir='ltr' id='par_1_97' title="bbox 1966 3643 3533 3713">
     <span class='ocr_line' id='line_1_97' title="bbox 1966 3643 3533 3713; baseline 0.001 -18"><span class='ocrx_word' id='word_1_724' title='bbox 1966 3660 1991 3695; x_wconf 91' lang='lat' dir='ltr'><strong>c</strong></span> <span class='ocrx_word' id='word_1_725' title='bbox 2022 3643 2250 3699; x_wconf 80' lang='lat' dir='ltr'><strong>termino</strong></span> <span class='ocrx_word' id='word_1_726' title='bbox 2288 3658 2393 3698; x_wconf 92' lang='lat' dir='ltr'><strong>non</strong></span> <span class='ocrx_word' id='word_1_727' title='bbox 2430 3644 2522 3711; x_wconf 89' lang='lat' dir='ltr'><strong>sit,</strong></span> <span class='ocrx_word' id='word_1_728' title='bbox 2556 3645 2713 3699; x_wconf 89' lang='lat' dir='ltr'><strong>talem</strong></span> <span class='ocrx_word' id='word_1_729' title='bbox 2755 3644 2932 3713; x_wconf 89' lang='lat' dir='ltr'><strong>colligi</strong></span> <span class='ocrx_word' id='word_1_730' title='bbox 2969 3644 3388 3707; x_wconf 87' lang='lat' dir='ltr'><strong>conclusionem,</strong></span> <span class='ocrx_word' id='word_1_731' title='bbox 3421 3652 3477 3697; x_wconf 92' lang='lat' dir='ltr'><strong>ut</strong></span> <span class='ocrx_word' id='word_1_732' title='bbox 3503 3644 3533 3697; x_wconf 77' lang='grc' dir='ltr'><strong>ι</strong></span> 
     </span>
    </p>
   </div>
   <div class='ocr_carea' id='block_1_98' title="bbox 1967 3730 3528 3803">
    <p class='ocr_par' dir='ltr' id='par_1_98' title="bbox 1967 3730 3528 3803">
     <span class='ocr_line' id='line_1_98' title="bbox 1967 3730 3528 3803; baseline 0.002 -20"><span class='ocrx_word' id='word_1_733' title='bbox 1967 3732 2225 3785; x_wconf 89' lang='lat' dir='ltr'><strong>terminus</strong></span> <span class='ocrx_word' id='word_1_734' title='bbox 2254 3732 2321 3786; x_wconf 93' lang='lat' dir='ltr'><strong>de</strong></span> <span class='ocrx_word' id='word_1_735' title='bbox 2357 3732 2537 3803; x_wconf 88' lang='lat' dir='ltr'><strong>aliquo</strong></span> <span class='ocrx_word' id='word_1_736' title='bbox 2564 3749 2590 3786; x_wconf 87' lang='lat' dir='ltr'><strong>c</strong></span> <span class='ocrx_word' id='word_1_737' title='bbox 2619 3733 2849 3787; x_wconf 91' lang='lat' dir='ltr'><strong>termino</strong></span> <span class='ocrx_word' id='word_1_738' title='bbox 2888 3747 2994 3787; x_wconf 92' lang='lat' dir='ltr'><strong>non</strong></span> <span class='ocrx_word' id='word_1_739' title='bbox 3032 3730 3369 3801; x_wconf 79' lang='lat' dir='ltr'><strong>przedicetur.</strong></span> <span class='ocrx_word' id='word_1_740' title='bbox 3395 3731 3528 3786; x_wconf 85' lang='lat' dir='ltr'><strong>Nam</strong></span> 
     </span>
    </p>
   </div>
   <div class='ocr_carea' id='block_1_99' title="bbox 1965 3821 3529 3894">
    <p class='ocr_par' dir='ltr' id='par_1_99' title="bbox 1965 3821 3529 3894">
     <span class='ocr_line' id='line_1_99' title="bbox 1965 3821 3529 3894; baseline 0.001 -19"><span class='ocrx_word' id='word_1_741' title='bbox 1965 3823 2009 3875; x_wconf 88' lang='lat' dir='ltr'><strong>si</strong></span> <span class='ocrx_word' id='word_1_742' title='bbox 2033 3821 2136 3876; x_wconf 91' lang='lat' dir='ltr'><strong>hoc</strong></span> <span class='ocrx_word' id='word_1_743' title='bbox 2164 3822 2349 3877; x_wconf 83' lang='lat' dir='ltr'><strong>fa&#39;sum</strong></span> <span class='ocrx_word' id='word_1_744' title='bbox 2379 3830 2479 3887; x_wconf 92' lang='lat' dir='ltr'><strong>est,</strong></span> <span class='ocrx_word' id='word_1_745' title='bbox 2511 3822 2634 3877; x_wconf 83' lang='lat' dir='ltr'><strong>huic</strong></span> <span class='ocrx_word' id='word_1_746' title='bbox 2672 3824 3044 3893; x_wconf 84' lang='lat' dir='ltr'><strong>contrajacens</strong></span> <span class='ocrx_word' id='word_1_747' title='bbox 3080 3823 3377 3894; x_wconf 89' lang='lat' dir='ltr'><strong>propositio</strong></span> <span class='ocrx_word' id='word_1_748' title='bbox 3404 3836 3529 3877; x_wconf 85' lang='lat' dir='ltr'><strong>vera</strong></span> 
     </span>
    </p>
   </div>
   <div class='ocr_carea' id='block_1_100' title="bbox 1968 3913 3536 3987">
    <p class='ocr_par' dir='ltr' id='par_1_100' title="bbox 1968 3913 3536 3987">
     <span class='ocr_line' id='line_1_100' title="bbox 1968 3913 3536 3987; baseline 0.001 -20"><span class='ocrx_word' id='word_1_749' title='bbox 1968 3913 2090 3967; x_wconf 89' lang='lat' dir='ltr'><strong>erit.</strong></span> <span class='ocrx_word' id='word_1_750' title='bbox 2125 3914 2545 3971; x_wconf 85' lang='lat' dir='ltr'><strong>Particularibns</strong></span> <span class='ocrx_word' id='word_1_751' title='bbox 2585 3924 2760 3970; x_wconf 88' lang='lat' dir='ltr'><strong>autem</strong></span> <span class='ocrx_word' id='word_1_752' title='bbox 2801 3916 3064 3987; x_wconf 88' lang='lat' dir='ltr'><strong>negativis</strong></span> <span class='ocrx_word' id='word_1_753' title='bbox 3102 3915 3431 3971; x_wconf 84' lang='lat' dir='ltr'><strong>universales</strong></span> <span class='ocrx_word' id='word_1_754' title='bbox 3460 3915 3536 3968; x_wconf 59' lang='lat' dir='ltr'><strong>af-</strong></span> 
     </span>
    </p>
   </div>
   <div class='ocr_carea' id='block_1_101' title="bbox 1968 4004 3536 4076">
    <p class='ocr_par' dir='ltr' id='par_1_101' title="bbox 1968 4004 3536 4076">
     <span class='ocr_line' id='line_1_101' title="bbox 1968 4004 3536 4076; baseline 0.003 -20"><span class='ocrx_word' id='word_1_755' title='bbox 1968 4004 2244 4059; x_wconf 85' lang='lat' dir='ltr'><strong>ﬁrmativae</strong></span> <span class='ocrx_word' id='word_1_756' title='bbox 2273 4007 2696 4076; x_wconf 86' lang='lat' dir='ltr'><strong>contrajacentcs</strong></span> <span class='ocrx_word' id='word_1_757' title='bbox 2720 4018 2865 4074; x_wconf 87' lang='lat' dir='ltr'><strong>sunt,</strong></span> <span class='ocrx_word' id='word_1_758' title='bbox 2908 4017 2965 4063; x_wconf 91' lang='lat' dir='ltr'><strong>ut</strong></span> <span class='ocrx_word' id='word_1_759' title='bbox 3010 4008 3061 4062; x_wconf 94' lang='lat' dir='ltr'><strong>in</strong></span> <span class='ocrx_word' id='word_1_760' title='bbox 3092 4024 3172 4074; x_wconf 68' lang='lat' dir='ltr'><strong>sul</strong></span> <span class='ocrx_word' id='word_1_761' title='bbox 3192 4010 3369 4064; x_wconf 88' lang='lat' dir='ltr'><strong>eriore</strong></span> <span class='ocrx_word' id='word_1_762' title='bbox 3398 4007 3536 4062; x_wconf 85' lang='lat' dir='ltr'><strong>libro</strong></span> 
     </span>
    </p>
   </div>
   <div class='ocr_carea' id='block_1_102' title="bbox 1964 4093 3535 4167">
    <p class='ocr_par' dir='ltr' id='par_1_102' title="bbox 1964 4093 3535 4167">
     <span class='ocr_line' id='line_1_102' title="bbox 1964 4093 3535 4167; baseline 0.002 -20"><span class='ocrx_word' id='word_1_763' title='bbox 1964 4093 2267 4150; x_wconf 87' lang='lat' dir='ltr'><strong>docuimus.</strong></span> <span class='ocrx_word' id='word_1_764' title='bbox 2307 4098 2361 4151; x_wconf 92' lang='lat' dir='ltr'><strong>Si</strong></span> <span class='ocrx_word' id='word_1_765' title='bbox 2394 4096 2554 4167; x_wconf 89' lang='lat' dir='ltr'><strong>igitur</strong></span> <span class='ocrx_word' id='word_1_766' title='bbox 2581 4097 2669 4153; x_wconf 85' lang='lat' dir='ltr'><strong>hic</strong></span> <span class='ocrx_word' id='word_1_767' title='bbox 2697 4097 3029 4167; x_wconf 86' lang='lat' dir='ltr'><strong>particularis</strong></span> <span class='ocrx_word' id='word_1_768' title='bbox 3060 4102 3271 4167; x_wconf 84' lang='lat' dir='ltr'><strong>negatio</strong></span> <span class='ocrx_word' id='word_1_769' title='bbox 3314 4114 3419 4153; x_wconf 91' lang='lat' dir='ltr'><strong>non</strong></span> <span class='ocrx_word' id='word_1_770' title='bbox 3450 4108 3535 4153; x_wconf 83' lang='lat' dir='ltr'><strong>est</strong></span> 
     </span>
    </p>
   </div>
   <div class='ocr_carea' id='block_1_103' title="bbox 1964 4187 3539 4258">
    <p class='ocr_par' dir='ltr' id='par_1_103' title="bbox 1964 4187 3539 4258">
     <span class='ocr_line' id='line_1_103' title="bbox 1964 4187 3539 4258; baseline 0.005 -19"><span class='ocrx_word' id='word_1_771' title='bbox 1964 4187 2260 4251; x_wconf 82' lang='lat' dir='ltr'><strong>conclusio,</strong></span> <span class='ocrx_word' id='word_1_772' title='bbox 2302 4190 2404 4243; x_wconf 90' lang='lat' dir='ltr'><strong>erit</strong></span> <span class='ocrx_word' id='word_1_773' title='bbox 2444 4190 2713 4258; x_wconf 88' lang='lat' dir='ltr'><strong>generalis</strong></span> <span class='ocrx_word' id='word_1_774' title='bbox 2748 4190 3057 4246; x_wconf 81' lang='lat' dir='ltr'><strong>afﬁrmatio.</strong></span> <span class='ocrx_word' id='word_1_775' title='bbox 3097 4192 3178 4247; x_wconf 88' lang='lat' dir='ltr'><strong>Sit</strong></span> <span class='ocrx_word' id='word_1_776' title='bbox 3217 4194 3359 4247; x_wconf 90' lang='lat' dir='ltr'><strong>enim</strong></span> <span class='ocrx_word' id='word_1_777' title='bbox 3400 4192 3539 4247; x_wconf 79' lang='lat' dir='ltr'><strong>afﬁr-</strong></span> 
     </span>
    </p>
   </div>
   <div class='ocr_carea' id='block_1_104' title="bbox 1971 4277 3538 4346">
    <p class='ocr_par' dir='ltr' id='par_1_104' title="bbox 1971 4277 3538 4346">
     <span class='ocr_line' id='line_1_104' title="bbox 1971 4277 3538 4346; baseline 0.004 -16"><span class='ocrx_word' id='word_1_778' title='bbox 1971 4277 2138 4331; x_wconf 90' lang='lat' dir='ltr'><strong>matio</strong></span> <span class='ocrx_word' id='word_1_779' title='bbox 2179 4278 2469 4346; x_wconf 89' lang='lat' dir='ltr'><strong>generalis,</strong></span> <span class='ocrx_word' id='word_1_780' title='bbox 2512 4290 2566 4333; x_wconf 91' lang='lat' dir='ltr'><strong>et</strong></span> <span class='ocrx_word' id='word_1_781' title='bbox 2606 4280 2635 4332; x_wconf 84' lang='lat' dir='ltr'><strong>b</strong></span> <span class='ocrx_word' id='word_1_782' title='bbox 2666 4281 2928 4336; x_wconf 86' lang='lat' dir='ltr'><strong>terminus</strong></span> <span class='ocrx_word' id='word_1_783' title='bbox 2969 4282 3036 4337; x_wconf 91' lang='lat' dir='ltr'><strong>de</strong></span> <span class='ocrx_word' id='word_1_784' title='bbox 3066 4284 3209 4337; x_wconf 92' lang='lat' dir='ltr'><strong>omni</strong></span> <span class='ocrx_word' id='word_1_785' title='bbox 3254 4300 3281 4335; x_wconf 88' lang='lat' dir='ltr'><strong>c</strong></span> <span class='ocrx_word' id='word_1_786' title='bbox 3310 4283 3538 4339; x_wconf 90' lang='lat' dir='ltr'><strong>termino</strong></span> 
     </span>
    </p>
   </div>
   <div class='ocr_carea' id='block_1_105' title="bbox 1969 4370 3539 4444">
    <p class='ocr_par' dir='ltr' id='par_1_105' title="bbox 1969 4370 3539 4444">
     <span class='ocr_line' id='line_1_105' title="bbox 1969 4370 3539 4444; baseline 0.005 -22"><span class='ocrx_word' id='word_1_787' title='bbox 1969 4370 2325 4437; x_wconf 68' lang='lat' dir='ltr'><strong>praedicetur;</strong></span> <span class='ocrx_word' id='word_1_788' title='bbox 2360 4371 2451 4424; x_wconf 91' lang='lat' dir='ltr'><strong>sed</strong></span> <span class='ocrx_word' id='word_1_789' title='bbox 2483 4388 2514 4423; x_wconf 91' lang='lat' dir='ltr'><strong>a</strong></span> <span class='ocrx_word' id='word_1_790' title='bbox 2545 4374 2805 4428; x_wconf 88' lang='lat' dir='ltr'><strong>terminus</strong></span> <span class='ocrx_word' id='word_1_791' title='bbox 2833 4374 2901 4429; x_wconf 84' lang='lat' dir='ltr'><strong>de</strong></span> <span class='ocrx_word' id='word_1_792' title='bbox 2928 4376 3070 4430; x_wconf 90' lang='lat' dir='ltr'><strong>omni</strong></span> <span class='ocrx_word' id='word_1_793' title='bbox 3098 4375 3125 4428; x_wconf 90' lang='lat' dir='ltr'><strong>b</strong></span> <span class='ocrx_word' id='word_1_794' title='bbox 3152 4376 3378 4431; x_wconf 90' lang='lat' dir='ltr'><strong>termino</strong></span> <span class='ocrx_word' id='word_1_795' title='bbox 3408 4390 3539 4444; x_wconf 54' lang='lat' dir='ltr'><strong>prae.</strong></span> 
     </span>
    </p>
   </div>
   <div class='ocr_carea' id='block_1_106' title="bbox 1968 4461 3536 4536">
    <p class='ocr_par' dir='ltr' id='par_1_106' title="bbox 1968 4461 3536 4536">
     <span class='ocr_line' id='line_1_106' title="bbox 1968 4461 3536 4536; baseline 0.005 -22"><span class='ocrx_word' id='word_1_796' title='bbox 1968 4461 2199 4522; x_wconf 90' lang='lat' dir='ltr'><strong>dicatur,</strong></span> <span class='ocrx_word' id='word_1_797' title='bbox 2237 4467 2265 4513; x_wconf 84' lang='lat' dir='ltr'><strong>b</strong></span> <span class='ocrx_word' id='word_1_798' title='bbox 2293 4476 2422 4516; x_wconf 82' lang='lat' dir='ltr'><strong>vero</strong></span> <span class='ocrx_word' id='word_1_799' title='bbox 2460 4464 2718 4518; x_wconf 87' lang='lat' dir='ltr'><strong>terminus</strong></span> <span class='ocrx_word' id='word_1_800' title='bbox 2747 4464 2815 4519; x_wconf 89' lang='lat' dir='ltr'><strong>de</strong></span> <span class='ocrx_word' id='word_1_801' title='bbox 2853 4466 2996 4520; x_wconf 91' lang='lat' dir='ltr'><strong>omni</strong></span> <span class='ocrx_word' id='word_1_802' title='bbox 3028 4482 3054 4519; x_wconf 92' lang='lat' dir='ltr'><strong>c</strong></span> <span class='ocrx_word' id='word_1_803' title='bbox 3084 4467 3314 4520; x_wconf 86' lang='lat' dir='ltr'><strong>termino</strong></span> <span class='ocrx_word' id='word_1_804' title='bbox 3340 4466 3536 4536; x_wconf 62' lang='lat' dir='ltr'><strong>pradi-</strong></span> 
     </span>
    </p>
   </div>
   <div class='ocr_carea' id='block_1_107' title="bbox 1967 4551 3539 4623">
    <p class='ocr_par' dir='ltr' id='par_1_107' title="bbox 1967 4551 3539 4623">
     <span class='ocr_line' id='line_1_107' title="bbox 1967 4551 3539 4623; baseline 0.004 -18"><span class='ocrx_word' id='word_1_805' title='bbox 1967 4552 2075 4605; x_wconf 86' lang='lat' dir='ltr'><strong>cari</strong></span> <span class='ocrx_word' id='word_1_806' title='bbox 2126 4551 2348 4616; x_wconf 89' lang='lat' dir='ltr'><strong>dicitur;</strong></span> <span class='ocrx_word' id='word_1_807' title='bbox 2385 4568 2417 4605; x_wconf 88' lang='lat' dir='ltr'><strong>a</strong></span> <span class='ocrx_word' id='word_1_808' title='bbox 2459 4553 2618 4623; x_wconf 55' lang='lat' dir='ltr'><strong>igitur</strong></span> <span class='ocrx_word' id='word_1_809' title='bbox 2654 4556 2913 4610; x_wconf 89' lang='lat' dir='ltr'><strong>terminus</strong></span> <span class='ocrx_word' id='word_1_810' title='bbox 2960 4556 3029 4611; x_wconf 90' lang='lat' dir='ltr'><strong>de</strong></span> <span class='ocrx_word' id='word_1_811' title='bbox 3072 4557 3217 4611; x_wconf 90' lang='lat' dir='ltr'><strong>omni</strong></span> <span class='ocrx_word' id='word_1_812' title='bbox 3257 4573 3284 4610; x_wconf 84' lang='lat' dir='ltr'><strong>c</strong></span> <span class='ocrx_word' id='word_1_813' title='bbox 3311 4562 3539 4612; x_wconf 90' lang='lat' dir='ltr'><strong>termino</strong></span> 
     </span>
    </p>
   </div>
   <div class='ocr_carea' id='block_1_108' title="bbox 1970 4643 3539 4718">
    <p class='ocr_par' dir='ltr' id='par_1_108' title="bbox 1970 4643 3539 4718">
     <span class='ocr_line' id='line_1_108' title="bbox 1970 4643 3539 4718; baseline 0.004 -22"><span class='ocrx_word' id='word_1_814' title='bbox 1970 4643 2313 4711; x_wconf 74' lang='lat' dir='ltr'><strong>praedicatur,</strong></span> <span class='ocrx_word' id='word_1_815' title='bbox 2336 4645 2478 4714; x_wconf 88' lang='lat' dir='ltr'><strong>quod</strong></span> <span class='ocrx_word' id='word_1_816' title='bbox 2514 4646 2631 4700; x_wconf 88' lang='lat' dir='ltr'><strong>ﬁeri</strong></span> <span class='ocrx_word' id='word_1_817' title='bbox 2662 4661 2768 4701; x_wconf 91' lang='lat' dir='ltr'><strong>non</strong></span> <span class='ocrx_word' id='word_1_818' title='bbox 2800 4654 2995 4715; x_wconf 89' lang='lat' dir='ltr'><strong>potest.</strong></span> <span class='ocrx_word' id='word_1_819' title='bbox 3024 4648 3098 4702; x_wconf 90' lang='lat' dir='ltr'><strong>lla</strong></span> <span class='ocrx_word' id='word_1_820' title='bbox 3129 4648 3270 4703; x_wconf 90' lang='lat' dir='ltr'><strong>enim</strong></span> <span class='ocrx_word' id='word_1_821' title='bbox 3306 4666 3339 4703; x_wconf 90' lang='lat' dir='ltr'><strong>a</strong></span> <span class='ocrx_word' id='word_1_822' title='bbox 3360 4666 3387 4703; x_wconf 75' lang='grc' dir='ltr'><strong><em>ο</em></strong></span> <span class='ocrx_word' id='word_1_823' title='bbox 3417 4664 3539 4718; x_wconf 75' lang='lat' dir='ltr'><strong>pro-</strong></span> 
     </span>
    </p>
   </div>
   <div class='ocr_carea' id='block_1_109' title="bbox 1968 4736 3537 4806">
    <p class='ocr_par' dir='ltr' id='par_1_109' title="bbox 1968 4736 3537 4806">
     <span class='ocr_line' id='line_1_109' title="bbox 1968 4736 3537 4806; baseline 0.003 -17"><span class='ocrx_word' id='word_1_824' title='bbox 1968 4736 2293 4804; x_wconf 88' lang='lat' dir='ltr'><strong>positionem</strong></span> <span class='ocrx_word' id='word_1_825' title='bbox 2340 4737 2612 4803; x_wconf 86' lang='lat' dir='ltr'><strong>posuimus</strong></span> <span class='ocrx_word' id='word_1_826' title='bbox 2657 4742 2825 4806; x_wconf 83' lang='lat' dir='ltr'><strong>prius,</strong></span> <span class='ocrx_word' id='word_1_827' title='bbox 2858 4748 2916 4794; x_wconf 93' lang='lat' dir='ltr'><strong>ut</strong></span> <span class='ocrx_word' id='word_1_828' title='bbox 2954 4739 3251 4796; x_wconf 81' lang='lat' dir='ltr'><strong>diceremus</strong></span> <span class='ocrx_word' id='word_1_829' title='bbox 3292 4759 3324 4794; x_wconf 75' lang='grc' dir='ltr'><em>α</em></span> <span class='ocrx_word' id='word_1_830' title='bbox 3356 4742 3537 4797; x_wconf 91' lang='lat' dir='ltr'><strong>termi-</strong></span> 
     </span>
    </p>
   </div>
   <div class='ocr_carea' id='block_1_110' title="bbox 1966 4827 3537 4905">
    <p class='ocr_par' dir='ltr' id='par_1_110' title="bbox 1966 4827 3537 4905">
     <span class='ocr_line' id='line_1_110' title="bbox 1966 4827 3537 4905; baseline 0.006 -26"><span class='ocrx_word' id='word_1_831' title='bbox 1966 4842 2090 4880; x_wconf 93' lang='lat' dir='ltr'><strong>num</strong></span> <span class='ocrx_word' id='word_1_832' title='bbox 2122 4827 2187 4880; x_wconf 86' lang='lat' dir='ltr'><strong>de</strong></span> <span class='ocrx_word' id='word_1_833' title='bbox 2211 4828 2439 4895; x_wconf 86' lang='lat' dir='ltr'><strong>quodam</strong></span> <span class='ocrx_word' id='word_1_834' title='bbox 2464 4844 2486 4880; x_wconf 86' lang='lat' dir='ltr'><strong>c</strong></span> <span class='ocrx_word' id='word_1_835' title='bbox 2522 4831 2749 4884; x_wconf 82' lang='lat' dir='ltr'><strong>termino</strong></span> <span class='ocrx_word' id='word_1_836' title='bbox 2778 4847 2882 4886; x_wconf 91' lang='lat' dir='ltr'><strong>non</strong></span> <span class='ocrx_word' id='word_1_837' title='bbox 2910 4833 3204 4894; x_wconf 62' lang='lat' dir='ltr'><strong>praedicari.</strong></span> <span class='ocrx_word' id='word_1_838' title='bbox 3239 4834 3351 4888; x_wconf 80' lang='lat' dir='ltr'><strong>Hoc</strong></span> <span class='ocrx_word' id='word_1_839' title='bbox 3378 4834 3537 4905; x_wconf 75' lang='lat' dir='ltr'><strong>igitur</strong></span> 
     </span>
    </p>
   </div>
   <div class='ocr_carea' id='block_1_111' title="bbox 1966 4922 3532 4993">
    <p class='ocr_par' dir='ltr' id='par_1_111' title="bbox 1966 4922 3532 4993">
     <span class='ocr_line' id='line_1_111' title="bbox 1966 4922 3532 4993; baseline 0.006 -24"><span class='ocrx_word' id='word_1_840' title='bbox 1966 4925 2243 4970; x_wconf 85' lang='lat' dir='ltr'><strong>ostensum</strong></span> <span class='ocrx_word' id='word_1_841' title='bbox 2291 4927 2375 4971; x_wconf 83' lang='lat' dir='ltr'><strong>est</strong></span> <span class='ocrx_word' id='word_1_842' title='bbox 2419 4932 2512 4986; x_wconf 90' lang='lat' dir='ltr'><strong>per</strong></span> <span class='ocrx_word' id='word_1_843' title='bbox 2552 4922 2784 4988; x_wconf 86' lang='lat' dir='ltr'><strong>primunt</strong></span> <span class='ocrx_word' id='word_1_844' title='bbox 2836 4922 3052 4977; x_wconf 87' lang='lat' dir='ltr'><strong>modum</strong></span> <span class='ocrx_word' id='word_1_845' title='bbox 3097 4926 3278 4989; x_wconf 67' lang='lat' dir='ltr'><strong>primae</strong></span> <span class='ocrx_word' id='word_1_846' title='bbox 3326 4923 3532 4993; x_wconf 65' lang='lat' dir='ltr'><strong>ﬁgurae.</strong></span> 
     </span>
    </p>
   </div>
   <div class='ocr_carea' id='block_1_112' title="bbox 1969 5005 3537 5082">
    <p class='ocr_par' dir='ltr' id='par_1_112' title="bbox 1969 5005 3537 5082">
     <span class='ocr_line' id='line_1_112' title="bbox 1969 5005 3537 5082; baseline 0.008 -27"><span class='ocrx_word' id='word_1_847' title='bbox 1969 5005 2148 5069; x_wconf 78' lang='lat' dir='ltr'><strong>Quare</strong></span> <span class='ocrx_word' id='word_1_848' title='bbox 2178 5008 2229 5058; x_wconf 94' lang='lat' dir='ltr'><strong>in</strong></span> <span class='ocrx_word' id='word_1_849' title='bbox 2258 5007 2489 5061; x_wconf 88' lang='lat' dir='ltr'><strong>secunda</strong></span> <span class='ocrx_word' id='word_1_850' title='bbox 2516 5008 2676 5077; x_wconf 89' lang='lat' dir='ltr'><strong>ﬁgura</strong></span> <span class='ocrx_word' id='word_1_851' title='bbox 2715 5011 2889 5066; x_wconf 86' lang='lat' dir='ltr'><strong>omnis</strong></span> <span class='ocrx_word' id='word_1_852' title='bbox 2918 5012 3259 5082; x_wconf 82' lang='lat' dir='ltr'><strong>syllogismus</strong></span> <span class='ocrx_word' id='word_1_853' title='bbox 3286 5012 3537 5080; x_wconf 79' lang='lat' dir='ltr'><strong>imperfe-</strong></span> 
     </span>
    </p>
   </div>
   <div class='ocr_carea' id='block_1_113' title="bbox 1968 5098 3534 5173">
    <p class='ocr_par' dir='ltr' id='par_1_113' title="bbox 1968 5098 3534 5173">
     <span class='ocr_line' id='line_1_113' title="bbox 1968 5098 3534 5173; baseline 0.004 -24"><span class='ocrx_word' id='word_1_854' title='bbox 1968 5107 2088 5149; x_wconf 88' lang='lat' dir='ltr'><strong>ctus</strong></span> <span class='ocrx_word' id='word_1_855' title='bbox 2126 5102 2230 5164; x_wconf 88' lang='lat' dir='ltr'><strong>est,</strong></span> <span class='ocrx_word' id='word_1_856' title='bbox 2271 5098 2468 5168; x_wconf 72' lang='lat' dir='ltr'><strong>eteius</strong></span> <span class='ocrx_word' id='word_1_857' title='bbox 2500 5101 2744 5169; x_wconf 85' lang='lat' dir='ltr'><strong>probatio</strong></span> <span class='ocrx_word' id='word_1_858' title='bbox 2773 5112 2879 5157; x_wconf 88' lang='lat' dir='ltr'><strong>aut</strong></span> <span class='ocrx_word' id='word_1_859' title='bbox 2902 5118 2998 5173; x_wconf 90' lang='lat' dir='ltr'><strong>per</strong></span> <span class='ocrx_word' id='word_1_860' title='bbox 3039 5103 3441 5159; x_wconf 91' lang='lat' dir='ltr'><strong>conversionem</strong></span> <span class='ocrx_word' id='word_1_861' title='bbox 3482 5103 3534 5157; x_wconf 91' lang='lat' dir='ltr'><strong>in</strong></span> 
     </span>
    </p>
   </div>
   <div class='ocr_carea' id='block_1_114' title="bbox 1968 5188 3538 5264">
    <p class='ocr_par' dir='ltr' id='par_1_114' title="bbox 1968 5188 3538 5264">
     <span class='ocr_line' id='line_1_114' title="bbox 1968 5188 3538 5264; baseline 0.006 -25"><span class='ocrx_word' id='word_1_862' title='bbox 1968 5188 2193 5256; x_wconf 87' lang='lat' dir='ltr'><strong>primam</strong></span> <span class='ocrx_word' id='word_1_863' title='bbox 2225 5189 2454 5259; x_wconf 88' lang='lat' dir='ltr'><strong>ﬁguram</strong></span> <span class='ocrx_word' id='word_1_864' title='bbox 2499 5192 2792 5260; x_wconf 89' lang='lat' dir='ltr'><strong>reducitur,</strong></span> <span class='ocrx_word' id='word_1_865' title='bbox 2844 5202 2936 5249; x_wconf 90' lang='lat' dir='ltr'><strong>aut</strong></span> <span class='ocrx_word' id='word_1_866' title='bbox 2962 5209 3027 5249; x_wconf 80' lang='lat' dir='ltr'><strong>ex</strong></span> <span class='ocrx_word' id='word_1_867' title='bbox 3051 5192 3389 5264; x_wconf 84' lang='lat' dir='ltr'><strong>hypothetica</strong></span> <span class='ocrx_word' id='word_1_868' title='bbox 3425 5193 3538 5248; x_wconf 84' lang='lat' dir='ltr'><strong>dis-</strong></span> 
     </span>
    </p>
   </div>
   <div class='ocr_carea' id='block_1_115' title="bbox 1968 5280 3531 5354">
    <p class='ocr_par' dir='ltr' id='par_1_115' title="bbox 1968 5280 3531 5354">
     <span class='ocr_line' id='line_1_115' title="bbox 1968 5280 3531 5354; baseline 0.004 -23"><span class='ocrx_word' id='word_1_869' title='bbox 1968 5280 2231 5349; x_wconf 81' lang='lat' dir='ltr'><strong>positione</strong></span> <span class='ocrx_word' id='word_1_870' title='bbox 2268 5296 2363 5351; x_wconf 91' lang='lat' dir='ltr'><strong>per</strong></span> <span class='ocrx_word' id='word_1_871' title='bbox 2414 5283 2917 5353; x_wconf 87' lang='lat' dir='ltr'><strong>impossibilitatem,</strong></span> <span class='ocrx_word' id='word_1_872' title='bbox 2961 5294 3014 5339; x_wconf 89' lang='lat' dir='ltr'><strong>et</strong></span> <span class='ocrx_word' id='word_1_873' title='bbox 3054 5285 3275 5353; x_wconf 89' lang='lat' dir='ltr'><strong>primam</strong></span> <span class='ocrx_word' id='word_1_874' title='bbox 3306 5285 3531 5354; x_wconf 90' lang='lat' dir='ltr'><strong>ﬁguram</strong></span> 
     </span>
    </p>
   </div>
   <div class='ocr_carea' id='block_1_116' title="bbox 1967 5371 3533 5445">
    <p class='ocr_par' dir='ltr' id='par_1_116' title="bbox 1967 5371 3533 5445">
     <span class='ocr_line' id='line_1_116' title="bbox 1967 5371 3533 5445; baseline 0.005 -22"><span class='ocrx_word' id='word_1_875' title='bbox 1967 5372 2122 5426; x_wconf 90' lang='lat' dir='ltr'><strong>aliter</strong></span> <span class='ocrx_word' id='word_1_876' title='bbox 2169 5371 2286 5427; x_wconf 88' lang='lat' dir='ltr'><strong>ﬁeri</strong></span> <span class='ocrx_word' id='word_1_877' title='bbox 2334 5388 2440 5428; x_wconf 91' lang='lat' dir='ltr'><strong>non</strong></span> <span class='ocrx_word' id='word_1_878' title='bbox 2484 5390 2642 5443; x_wconf 85' lang='lat' dir='ltr'><strong>posse</strong></span> <span class='ocrx_word' id='word_1_879' title='bbox 2691 5384 3050 5442; x_wconf 87' lang='lat' dir='ltr'><strong>monstratur,</strong></span> <span class='ocrx_word' id='word_1_880' title='bbox 3099 5386 3145 5429; x_wconf 88' lang='lat' dir='ltr'><strong>et</strong></span> <span class='ocrx_word' id='word_1_881' title='bbox 3192 5376 3283 5430; x_wconf 89' lang='lat' dir='ltr'><strong>alii</strong></span> <span class='ocrx_word' id='word_1_882' title='bbox 3318 5376 3533 5445; x_wconf 91' lang='lat' dir='ltr'><strong>quidem</strong></span> 
     </span>
    </p>
   </div>
   <div class='ocr_carea' id='block_1_117' title="bbox 1961 5466 3535 5539">
    <p class='ocr_par' dir='ltr' id='par_1_117' title="bbox 1961 5466 3535 5539">
     <span class='ocr_line' id='line_1_117' title="bbox 1961 5466 3535 5539; baseline 0.005 -23"><span class='ocrx_word' id='word_1_883' title='bbox 1961 5476 2151 5518; x_wconf 86' lang='lat' dir='ltr'><strong>omnes</strong></span> <span class='ocrx_word' id='word_1_884' title='bbox 2179 5479 2273 5532; x_wconf 90' lang='lat' dir='ltr'><strong>per</strong></span> <span class='ocrx_word' id='word_1_885' title='bbox 2310 5466 2644 5534; x_wconf 83' lang='lat' dir='ltr'><strong>impossibile</strong></span> <span class='ocrx_word' id='word_1_886' title='bbox 2671 5469 2987 5537; x_wconf 84' lang='lat' dir='ltr'><strong>probantur,</strong></span> <span class='ocrx_word' id='word_1_887' title='bbox 3021 5467 3162 5536; x_wconf 86' lang='lat' dir='ltr'><strong>quod</strong></span> <span class='ocrx_word' id='word_1_888' title='bbox 3203 5470 3362 5539; x_wconf 90' lang='lat' dir='ltr'><strong>paulo</strong></span> <span class='ocrx_word' id='word_1_889' title='bbox 3414 5479 3535 5537; x_wconf 82' lang='lat' dir='ltr'><strong>post</strong></span> 
     </span>
    </p>
   </div>
   <div class='ocr_carea' id='block_1_118' title="bbox 1962 5551 3533 5629">
    <p class='ocr_par' dir='ltr' id='par_1_118' title="bbox 1962 5551 3533 5629">
     <span class='ocr_line' id='line_1_118' title="bbox 1962 5551 3533 5629; baseline 0.005 -22"><span class='ocrx_word' id='word_1_890' title='bbox 1962 5551 2440 5611; x_wconf 86' lang='lat' dir='ltr'><strong>deutonstrabitur.</strong></span> <span class='ocrx_word' id='word_1_891' title='bbox 2468 5557 2653 5613; x_wconf 83' lang='lat' dir='ltr'><strong>Restat</strong></span> <span class='ocrx_word' id='word_1_892' title='bbox 2677 5568 2731 5611; x_wconf 87' lang='grc' dir='ltr'><strong>ιιι</strong></span> <span class='ocrx_word' id='word_1_893' title='bbox 2762 5559 2931 5613; x_wconf 67' lang='lat' dir='ltr'><strong>tertiae</strong></span> <span class='ocrx_word' id='word_1_894' title='bbox 2954 5558 3133 5628; x_wconf 73' lang='lat' dir='ltr'><strong>ﬁgurte</strong></span> <span class='ocrx_word' id='word_1_895' title='bbox 3164 5559 3348 5615; x_wconf 91' lang='lat' dir='ltr'><strong>modos</strong></span> <span class='ocrx_word' id='word_1_896' title='bbox 3372 5569 3533 5629; x_wconf 85' lang='lat' dir='ltr'><strong>atque</strong></span> 
     </span>
    </p>
   </div>
   <div class='ocr_carea' id='block_1_119' title="bbox 1960 5644 3532 5721">
    <p class='ocr_par' dir='ltr' id='par_1_119' title="bbox 1960 5644 3532 5721">
     <span class='ocr_line' id='line_1_119' title="bbox 1960 5644 3532 5721; baseline 0.005 -24"><span class='ocrx_word' id='word_1_897' title='bbox 1960 5644 2180 5701; x_wconf 89' lang='lat' dir='ltr'><strong>ordines</strong></span> <span class='ocrx_word' id='word_1_898' title='bbox 2210 5649 2558 5716; x_wconf 83' lang='lat' dir='ltr'><strong>explicemus.</strong></span> <span class='ocrx_word' id='word_1_899' title='bbox 2589 5649 2695 5705; x_wconf 90' lang='lat' dir='ltr'><strong>Sed</strong></span> <span class='ocrx_word' id='word_1_900' title='bbox 2719 5658 2873 5705; x_wconf 84' lang='lat' dir='ltr'><strong>antea</strong></span> <span class='ocrx_word' id='word_1_901' title='bbox 2900 5667 3056 5721; x_wconf 85' lang='lat' dir='ltr'><strong>quam</strong></span> <span class='ocrx_word' id='word_1_902' title='bbox 3087 5653 3136 5707; x_wconf 89' lang='lat' dir='ltr'><strong>id</strong></span> <span class='ocrx_word' id='word_1_903' title='bbox 3170 5653 3443 5717; x_wconf 78' lang='lat' dir='ltr'><strong>faciamus,</strong></span> <span class='ocrx_word' id='word_1_904' title='bbox 3469 5654 3532 5708; x_wconf 82' lang='lat' dir='ltr'><strong>il-</strong></span> 
     </span>
    </p>
   </div>
   <div class='ocr_carea' id='block_1_120' title="bbox 1965 5732 3530 5813">
    <p class='ocr_par' dir='ltr' id='par_1_120' title="bbox 1965 5732 3530 5813">
     <span class='ocr_line' id='line_1_120' title="bbox 1965 5732 3530 5813; baseline 0.011 -29"><span class='ocrx_word' id='word_1_905' title='bbox 1965 5732 2055 5788; x_wconf 89' lang='lat' dir='ltr'><strong>lud</strong></span> <span class='ocrx_word' id='word_1_906' title='bbox 2083 5736 2231 5804; x_wconf 86' lang='lat' dir='ltr'><strong>prius</strong></span> <span class='ocrx_word' id='word_1_907' title='bbox 2261 5738 2544 5796; x_wconf 89' lang='lat' dir='ltr'><strong>videndum</strong></span> <span class='ocrx_word' id='word_1_908' title='bbox 2566 5749 2666 5802; x_wconf 67' lang='grc' dir='ltr'><strong>εει,</strong></span> <span class='ocrx_word' id='word_1_909' title='bbox 2692 5740 2830 5809; x_wconf 86' lang='lat' dir='ltr'><strong>quod</strong></span> <span class='ocrx_word' id='word_1_910' title='bbox 2873 5742 2923 5796; x_wconf 91' lang='lat' dir='ltr'><strong>in</strong></span> <span class='ocrx_word' id='word_1_911' title='bbox 2952 5743 3119 5799; x_wconf 66' lang='lat' dir='ltr'><strong>tertiae</strong></span> <span class='ocrx_word' id='word_1_912' title='bbox 3150 5742 3328 5813; x_wconf 70' lang='lat' dir='ltr'><strong>ﬁgurm</strong></span> <span class='ocrx_word' id='word_1_913' title='bbox 3357 5744 3530 5802; x_wconf 84' lang='lat' dir='ltr'><strong>modis</strong></span> 
     </span>
    </p>
   </div>
  </div>
