4056 6330
545 350 648 407 819

1729 357 1838 415 AN.
1880 356 2083 414 MANL.
2123 350 2271 411 SEV.
2315 357 2532 417 BOETII

3683 374 3792 428 820

548 483 814 539 nunquam
845 468 1118 525 conclusio
1146 468 1413 539 colligitur
1443 469 1784 528 universalis.
1815 473 1919 528 Sed
1948 473 1992 528 si
2027 472 2113 527 vel
2141 473 2189 533 Α
2223 476 2448 529 termino
2479 477 2775 547 praedicari.
2806 480 2979 549 Atque
3001 481 3071 536 ita
3103 483 3431 552 particularis
3461 484 3789 540 affirmativa

546 560 806 628 negativae
834 560 918 614 vel
950 557 1284 614 afﬂrmativae
1319 560 1518 617 fuerint
1551 563 1912 633 collectiones,
1950 566 2115 635 parti-

544 651 754 705 culares
780 666 990 720 semper
1010 662 1189 721 erunt,
1210 669 1479 725 nunquam
1507 656 1669 711 etiam
1700 658 1995 727 generales.
2022 659 2115 713 Est

545 751 723 795 autem
756 742 926 796 tertiae
954 741 1136 812 figurae
1168 746 1371 813 primus
1397 747 1589 803 mcdus
1613 748 1718 814 hic,
1751 751 1840 817 qui
1874 765 1938 805 ex
1981 751 2113 804 dua-

546 829 641 883 bus
680 829 1073 887 universalibus
1114 833 1560 892 afﬁrmationibus
1596 840 1972 908 particularem
2002 840 2114 895 col-

462 990 463 995 ‘
548 919 662 989 ligit
685 918 1121 979 afﬁrmationem.
1155 925 1286 981 Nam
1309 928 1355 982 si
1390 944 1421 980 α
1449 936 1504 983 ει
1534 932 1563 984 b
1590 930 1804 985 termini
1832 931 1898 985 de
1920 931 2061 985 omni
2085 946 2112 984 ο

546 1013 781 1068 termino
809 1015 1189 1083 prmdicentur,
1230 1035 1263 1073 a
1303 1021 1560 1077 terminus
1589 1023 1657 1078 de
1694 1025 1920 1091 quodam
1950 1024 1978 1077 b
2006 1033 2113 1079 ter-

548 1104 692 1158 mino
720 1106 1100 1173 praedicabitur
1124 1125 1220 1179 per
1254 1116 1680 1171 conversionem.
1712 1116 1843 1171 Nam
1877 1118 1920 1172 si
1951 1118 1980 1170 b
2007 1128 2113 1172 ter-

545 1196 720 1251 minus
743 1198 811 1252 de
850 1200 998 1255 omni
1025 1218 1052 1254 c
1083 1205 1311 1260 termino
1338 1206 1674 1274 praedicatur,
1705 1194 1775 1263 et.
1793 1210 2111 1265 universalis

439 1309 443 1312 ν
541 1286 829 1344 afﬁrmatio
852 1294 1251 1357 partlculariter
1276 1297 1375 1352 sibi
1406 1298 1758 1363 convertitur,
1798 1315 1827 1352 ε
1853 1300 2110 1354 terminus

544 1377 613 1433 de
631 1380 861 1447 quodam
885 1383 913 1434 ὁ
941 1385 1171 1440 termino
1200 1387 1538 1454 praedicatur.
1558 1388 1710 1456 Quod
1738 1389 1784 1444 si
1817 1390 1886 1443 ita
1919 1398 2021 1458 est,
2055 1390 2111 1443 fit

544 1470 731 1526 tertius
755 1472 938 1540 primae
968 1473 1147 1543 figuras
1181 1477 1391 1544 modus,
1420 1479 1510 1549 qui
1538 1487 1619 1534 est
1645 1495 1709 1534 ex
1734 1480 2018 1535 universali
2058 1489 2112 1533 et

541 1559 850 1627 particulari
898 1562 1234 1631 aifirmativa,
1284 1576 1339 1622 et
1382 1568 1582 1639 colligit
1633 1587 1665 1624 α
1707 1571 1992 1625 terminum
2042 1569 2110 1625 de

539 1653 769 1719 quodam
805 1652 836 1706 ὁ
883 1656 1115 1710 termino
1141 1657 1442 1725 praedicari.
1484 1657 1567 1714 Sit
1591 1659 1735 1715 enim
1774 1677 1805 1715 a
1822 1660 2047 1729 justum,
2082 1661 2111 1714 ὁ

541 1745 729 1812 virtus,
761 1763 790 1800 ε
817 1747 1037 1805 bonum.
1061 1751 1118 1806 Si
1143 1753 1261 1822 quis
1290 1754 1431 1809 enim
1458 1754 1536 1810 sic
1562 1754 1709 1810 dicat
1743 1773 1756 1808 :

830 1838 999 1896 Omne
1030 1841 1222 1897 bonum
1254 1843 1457 1913 justum
1485 1853 1590 1901 est.

821 1929 991 1985 Omne
1015 1931 1211 1986 bonum
1241 1934 1408 1989 virtus
1444 1945 1554 2000 est,
1588 1936 1646 1990 fit
1674 1935 1946 1991 conclusio
1980 1952 1992 1986 :

825 2019 1077 2084 Quaedam
1101 2021 1266 2077 virtus
1287 2021 1431 2091 justa
1458 2033 1559 2078 est.

540 2104 743 2163 Mutant
785 2108 875 2164 alii
923 2112 1201 2180 terminos,
1250 2123 1305 2169 et
1358 2115 1543 2169 volunt
1588 2115 1763 2171 facere
1815 2115 2107 2171 secundum

543 2198 777 2267 modum,
800 2208 856 2255 ut
883 2201 953 2256 sit
974 2220 1006 2256 a
1027 2202 1217 2271 virtus,
1248 2204 1276 2257 b
1293 2203 1517 2273 justum,
1548 2221 1576 2259 ε
1601 2206 1821 2272 bonum,
1856 2214 1914 2261 ut
1940 2206 2009 2261 sit
2034 2217 2110 2261 ta-

542 2288 608 2345 lis
636 2291 975 2362 syllogismus
1004 2310 1019 2349 :
1338 2354 1341 2355 ν

819 2382 989 2439 Omne
1018 2384 1215 2441 bonum
1246 2388 1409 2443 virtus
1438 2396 1539 2454 est,

820 2478 990 2532 Omne
1018 2478 1216 2533 bonum
1244 2479 1445 2549 justum
1476 2488 1577 2543 est,
1609 2487 1662 2536 et
1690 2478 2042 2535 concludatur
2071 2493 2085 2531 :

818 2566 1093 2634 Quoddam
1116 2568 1319 2638 justum
1357 2571 1528 2626 virtus
1556 2577 1656 2625 est.

539 2654 645 2710 Sed
675 2653 817 2713 hunc
844 2657 1163 2715 Aristoteles
1197 2675 1227 2715 a
1249 2660 1526 2729 superiore
1556 2674 1661 2716 nou
1690 2658 1901 2724 dividit,
1928 2666 1982 2713 et
2012 2655 2108 2711 bus

537 2743 672 2800 duos
694 2760 858 2801 unum
892 2745 1107 2803 modum
1139 2757 1310 2817 putat,
1337 2758 1391 2804 et
1418 2749 1619 2805 idcirco
1645 2762 1744 2804 nos
1770 2756 1974 2816 septem
2004 2753 2110 2801 ter—

538 2837 623 2890 tiae
655 2836 840 2907 figurae
861 2852 983 2894 esse
1011 2838 1253 2895 diximus
1293 2840 1481 2895 modos
1507 2840 1845 2905 dubitantes;
1875 2838 1967 2894 sed
1997 2851 2109 2892 ma-

537 2928 618 2990 gis
643 2926 963 2983 Aristoteles
987 2929 1291 2998 sequendus
1331 2936 1432 2994 est,
1465 2937 1625 2999 atque
1653 2927 1777 2984 ideo
1800 2927 1961 2983 alium
1993 2940 2109 2981 mo-

533 3016 660 3070 dum
697 3017 938 3073 dicamus
972 3032 1093 3074 esse
1133 3020 1222 3089 qui
1253 3022 1419 3089 possit
1465 3021 1670 3091 integre
1710 3021 1878 3076 videri
1917 3034 2107 3075 secun-

532 3107 654 3161 dus.
683 3106 961 3163 Secundus
989 3123 1117 3165 vero
1144 3109 1336 3165 modus
1367 3110 1538 3166 tertiae
1566 3111 1746 3181 figura:
1772 3120 1874 3178 est,
1898 3112 2107 3181 qucties

2212 569 2565 633 convertitur,
2595 579 2649 624 et
2670 585 2702 621 a
2725 571 2982 626 terminus
3007 573 3075 629 de
3103 575 3328 641 quodam
3351 576 3380 628 b
3401 576 3627 631 termino
3651 592 3791 645 pra:-

2214 656 2502 725 dicabitur,
2536 668 2801 729 eruntque
2821 661 3063 731 duplices
3088 666 3494 725 conversiones.
3522 680 3627 720 una
3664 682 3788 735 pro-

2213 747 2515 814 positionis,
2557 750 2658 804 alia
2709 751 3092 808 conclusionis.
3143 753 3225 809 Sit
3265 755 3408 809 enim
3445 771 3477 808 α
3500 753 3726 824 justum,
3757 756 3788 809 b

2211 839 2398 904 virtus,
2430 857 2456 892 c
2483 840 2703 896 bonum.
2733 842 2789 898 Si
2817 842 2935 912 quis
2966 842 3122 912 igitur
3144 845 3220 900 sic
3241 845 3382 900 dicat
3408 862 3421 896 :

2281 930 2554 997 Quoddam
2584 932 2781 987 bonum
2810 934 3012 1002 justum
3044 942 3148 990 est.

2280 1020 2450 1075 Omne
2478 1022 2673 1076 bonum
2706 1023 2873 1077 virtus
2902 1034 3016 1092 cst,
3049 1024 3327 1080 concludat
3369 1039 3592 1081 necesse
3622 1036 3702 1081 est
3733 1044 3749 1079 :

2282 1110 2533 1177 Qumdam
2562 1111 2730 1167 virtus
2754 1113 2893 1182 justa
2933 1123 3035 1168 est.

2211 1201 2444 1268 Quartus
2488 1203 2675 1257 modus
2706 1208 2876 1259 tertia:
2909 1204 3092 1275 ﬁgura:
3128 1215 3211 1262 est
3240 1208 3447 1275 quoties
3472 1223 3538 1263 ex
3568 1209 3787 1263 univer-

2212 1292 2311 1347 sali
2332 1292 2684 1349 aflirmatione
2707 1303 2760 1348 et
2782 1295 3089 1365 particulari
3115 1296 3473 1353 afﬁrmatione
3500 1298 3789 1353 afﬁrmatio

2214 1383 2550 1450 particularis
2579 1385 2867 1454 colligitur.
2915 1386 3044 1440 Nam
3074 1388 3119 1442 si
3146 1404 3178 1441 α
3205 1389 3462 1443 terminus
3489 1387 3559 1442 de
3584 1389 3734 1442 omni
3759 1404 3788 1441 ε

2214 1472 2442 1526 termino
2466 1474 2807 1543 praedicetur,
2858 1476 2886 1529 ὸ
2927 1491 3055 1531 vero
3103 1480 3360 1534 terminus
3400 1480 3453 1534 in
3494 1479 3725 1548 quodam
3759 1496 3786 1533 ε

2215 1562 2441 1617 termino
2469 1562 2574 1631 sit,
2606 1564 2942 1619 concluditur
2972 1583 3003 1619 a
3046 1570 3331 1622 terminum
3370 1568 3441 1624 de
3476 1569 3707 1638 quodam
3756 1572 3785 1623 ι

2212 1653 2442 1707 termino
2471 1653 2748 1721 praedicari
2778 1668 2873 1722 per
2900 1655 3327 1712 conversionem.
3355 1656 3412 1712 Si
3447 1659 3592 1713 enim
3622 1658 3653 1711 b
3678 1667 3783 1713 ter-

2214 1743 2390 1798 minus
2420 1743 2487 1799 de
2513 1744 2743 1813 quodam
2774 1761 2802 1799 c
2833 1746 3062 1801 termino
3090 1747 3429 1816 praedicetur,
3458 1758 3516 1804 et
3542 1765 3571 1800 ε
3607 1750 3786 1804 termi-

2142 1840 2186 1898 Β
2216 1849 2313 1887 nus
2343 1834 2407 1887 de
2436 1835 2666 1904 quodam
2698 1837 2727 1889 b
2758 1837 2988 1891 termino
3016 1837 3352 1906 praedicatur,
3385 1839 3642 1908 quoniam
3668 1851 3786 1907 par-

2215 1924 2453 1979 ticularis
2508 1925 2819 1981 afﬁrmativa
2883 1927 2983 1983 sibi
3048 1929 3148 1997 ipsi
3202 1930 3566 1991 convertitur,
3626 1939 3681 1983 et
3727 1930 3786 1985 ﬁt

2211 2018 2548 2089 syllogismus
2590 2021 2645 2074 in
2677 2021 2861 2089 primm
2891 2019 3072 2090 ﬁgurae
3099 2021 3258 2076 tertio
3289 2024 3476 2086 modo,
3506 2020 3597 2090 qui
3630 2021 3689 2075 fit
3714 2036 3783 2076 ex

2213 2111 2499 2165 universali
2524 2110 2840 2166 afﬁrmativa
2869 2121 2920 2167 et
2949 2112 3259 2187 particulari
3285 2110 3602 2166 attirmativa
3621 2149 3639 2176 ,
3669 2125 3785 2181 per-

2213 2198 2490 2254 ticularem
2522 2199 2781 2268 colligens
2810 2200 3218 2269 afﬂrmativam,
3249 2210 3307 2255 ut
3335 2201 3401 2255 sit
3448 2199 3785 2270 syllogius

2214 2288 2315 2342 hoc
2362 2288 2517 2341 modo
2564 2306 2577 2339 :
2621 2304 2653 2340 a
2693 2289 2953 2343 terminus
2992 2289 3044 2343 in
3086 2288 3231 2343 omni
3259 2304 3313 2356 ο,
3358 2297 3415 2343 ει
3455 2302 3486 2340 ε
3529 2287 3785 2343 terminus

2213 2380 2263 2432 in
2314 2379 2541 2448 quodam
2588 2378 2635 2432 b.
2674 2378 2836 2448 Igitur
2873 2380 2902 2433 ὁ
2942 2380 3200 2434 terminus
3229 2380 3280 2434 in
3316 2379 3548 2450 quodam
3580 2379 3786 2434 b.Sita

2212 2468 2408 2534 virtus,
2439 2469 2468 2523 b
2489 2469 2722 2538 justum,
2753 2486 2781 2524 ο
2808 2471 3028 2526 bonum.
3061 2472 3118 2528 Si
3146 2472 3264 2542 quis
3287 2470 3447 2541 igitur
3477 2470 3560 2526 sic
3586 2470 3732 2527 dicat
3764 2488 3780 2523 :

2282 2557 2451 2613 Omne
2480 2558 2676 2612 bonum
2702 2560 2867 2613 virtus
2896 2567 3000 2627 est,

2281 2647 2555 2715 Quoddam
2587 2648 2782 2703 bonum
2810 2649 3006 2714 justum
3037 2658 3153 2715 est,
3185 2647 3469 2704 concludet
3496 2650 3783 2719 quoniam:

2282 2736 2557 2805 Quoddam
2581 2737 2782 2805 justum
2816 2738 2982 2793 virtus
3007 2748 3111 2793 est.

2210 2829 2441 2896 Quintus
2481 2827 2671 2882 modus
2697 2828 2867 2883 tertiae
2894 2828 3076 2898 ﬁgurae
3103 2838 3179 2883 εςι
3212 2827 3424 2897 quoties
3451 2843 3517 2882 ex
3557 2827 3786 2897 particu-

2212 2921 2310 2975 lari
2344 2920 2632 2989 negatione
2661 2927 2715 2973 et
2742 2919 3029 2973 universali
3062 2917 3418 2972 affirmatione
3449 2917 3785 2987 particular'n

2210 3011 2480 3081 colligitur
2507 3011 2770 3077 negativa.
2804 3009 2908 3065 Sed
2936 3008 3023 3064 ltie
3050 3008 3239 3063 modus
3264 3023 3359 3078 per
3378 3008 3781 3063 conversionem

2209 3110 2322 3175 proi
2346 3103 2422 3157 ari
2465 3118 2569 3157 non
2614 3109 2805 3170 potest,
2839 3101 2930 3155 sed
2965 3115 3058 3170 per
3097 3102 3239 3170 impo
3269 3099 3604 3164 sibilitatem,
3648 3098 3783 3152 sicut

533 3215 600 3253 ex
642 3200 933 3257 universali
976 3202 1259 3271 negatione
1311 3213 1366 3259 et
1413 3206 1699 3262 universali
1748 3205 2105 3264 afﬁrmatione

2209 3204 2429 3268 quartus
2480 3194 2727 3249 secunda:
2779 3193 2958 3263 figurae
3008 3193 3263 3262 probatus
3323 3201 3408 3249 est
3456 3192 3673 3247 modus.
3724 3190 3781 3246 Si

534 3291 745 3360 negatio
766 3291 1034 3362 colligitur
1056 3295 1414 3363 particularis.
1448 3296 1504 3354 Si
1533 3300 1673 3353 enim
1697 3318 1728 3353 a
1759 3300 2016 3355 terminus
2037 3302 2101 3356 de

533 3384 681 3439 ntrllo
708 3402 734 3438 ε
761 3387 1009 3452 termino,
1038 3389 1067 3441 b
1100 3389 1359 3444 terminus
1386 3405 1513 3445 vero
1541 3391 1610 3447 de
1637 3391 1783 3445 omni
1823 3410 1848 3445 ε
1874 3394 2103 3447 termino

531 3476 870 3544 praedicetur,
919 3494 951 3532 a
988 3475 1345 3537 terminus‘ile
1383 3482 1613 3551 quodam
1659 3483 1687 3536 b
1724 3466 1954 3539 termino
1996 3500 2101 3540 non

532 3570 930 3636 pradicabitur.
959 3571 1091 3627 Nam
1127 3573 1172 3627 si
1202 3589 1233 3627 a
1266 3574 1523 3630 terminus
1553 3575 1618 3630 de
1645 3576 1792 3632 nullo
1820 3592 1847 3629 c
1874 3574 2104 3631 termino

531 3664 871 3729 prtediratttr,
895 3664 924 3717 ὁ
948 3680 1076 3719 vero
1101 3664 1168 3720 de
1195 3667 1341 3722 omni
1370 3682 1419 3733 ο,
1467 3677 1522 3722 ει
1547 3683 1574 3721 c
1604 3667 1864 3723 terminus
1886 3665 1953 3722 de
1978 3680 2106 3737 quo-

531 3755 651 3833 «tam
677 3755 705 3805 b
727 3754 959 3808 termino
989 3754 1381 3822 prtedicabitur.
1410 3756 1811 3813 Particulariter
1832 3758 1973 3811 enim
1999 3756 2104 3812 sibi

534 3844 851 3898 universalis
890 3844 1207 3899 affirmativa
1251 3849 1597 3902 convertitur.
1631 3847 1981 3903 Concluditur
2006 3848 2104 3917 igi-

533 3947 618 3987 tttr
642 3934 694 3987 in
726 3943 913 4003 quarto
959 3935 1147 4003 prima:
1195 3936 1377 4006 figura:
1421 3939 1601 4004 modo,
1644 3956 1676 3992 α
1721 3939 2009 3995 terminum
2035 3939 2103 3995 de

531 4024 759 4090 quodam
782 4026 811 4078 b
840 4025 1069 4081 termino
1095 4041 1199 4081 non
1225 4028 1521 4096 praedicari.
1552 4028 1631 4085 Sit
1655 4030 1797 4084 enim
1821 4046 1851 4083 a
1880 4031 2077 4084 malum

534 4115 561 4166 b
583 4116 804 4184 justum,
838 4134 863 4171 c
892 4118 1110 4173 bonum.
1143 4119 1196 4174 Si
1225 4120 1342 4189 quis
1367 4121 1443 4174 sic
1473 4120 1615 4175 dicat
1639 4137 1654 4173 :

672 4206 879 4262 Nullum
911 4209 1106 4264 bonum
1134 4212 1330 4265 malum
1358 4219 1459 4274 est,

674 4296 843 4353 Omne
865 4298 1060 4353 bonum
1085 4299 1405 4369 justum'est,
1434 4302 1717 4357 concludat
1743 4317 1960 4359 necesse
1982 4313 2064 4359 est
2088 4319 2102 4355 :

676 4388 951 4456 Quoddam
983 4389 1143 4460 igitur
1168 4391 1369 4460 justum
1401 4394 1597 4447 malum
1630 4408 1736 4448 non
1768 4402 1869 4448 est.

532 4477 613 4533 Ex
641 4492 745 4548 quo
786 4479 1231 4535 considerandum
1279 4491 1361 4536 est
1402 4483 1659 4552 majorem
1711 4484 2102 4539 extremitatem

2207 3288 2349 3343 enim
2373 3302 2404 3339 a
2428 3286 2686 3341 terminus
2710 3284 2784 3338 de
2811 3283 3041 3353 quodam
3077 3300 3103 3337 c
3131 3283 3365 3338 termino
3392 3297 3497 3337 non
3528 3280 3781 3351 pradice-

2207 3387 2316 3444 tur,
2348 3378 2376 3430 b
2401 3390 2531 3431 vero
2560 3375 2821 3431 terminus
2847 3375 2913 3429 de
2943 3376 3085 3429 omni
3116 3390 3144 3428 ο
3173 3374 3403 3430 termino
3444 3372 3781 3442 przedicetur,

2206 3485 2237 3522 a
2264 3467 2522 3522 terminus
2551 3465 2618 3520 de
2628 3465 2872 3539 quodam
2912 3465 2942 3518 b
2973 3464 3201 3519 termino
3228 3479 3333 3518 non
3366 3462 3772 3532 prmdieabitur;

2206 3575 2327 3615 nam
2354 3559 2399 3614 si
2427 3572 2532 3613 non
2563 3558 2634 3612 ita
2664 3568 2777 3626 est,
2807 3556 2910 3612 erit
2937 3557 3063 3611 illud
3092 3571 3276 3610 verum
3296 3597 3309 3621 ,
3339 3572 3370 3608 a
3400 3555 3688 3609 terminum
3718 3552 3783 3607 de

2204 3648 2351 3704 omni
2379 3647 2408 3701 ὁ
2434 3646 2662 3703 termino
2687 3646 3000 3715 praedicari;
3026 3644 3120 3698 se‘d
3148 3644 3176 3696 b
3208 3644 3468 3699 terminus
3492 3643 3561 3697 de
3587 3641 3732 3696 omni
3756 3654 3783 3693 ε

2208 3743 2436 3794 termino
2463 3739 2804 3810 praedicatur,
2836 3754 2869 3789 a
2893 3736 3055 3807 igitur
3077 3736 3336 3791 terminus
3366 3735 3435 3790 de
3461 3734 3609 3789 omni
3633 3750 3661 3785 ε
3682 3740 3781 3787 ter.

2208 3832 2352 3885 nino
2380 3829 2772 3900 praedicabitur,
2801 3827 2940 3895 quod
2970 3825 3083 3880 ﬁeri
3106 3839 3212 3879 non
3240 3833 3435 3893 potest.
3460 3823 3615 3878 Prius
3639 3823 3778 3877 enim

2206 3920 2276 3973 ita
2310 3918 2512 3987 positus
2541 3925 2624 3971 est
2667 3934 2699 3970 α
2741 3916 3031 3979 terminus,
3063 3923 3119 3969 ut
3146 3914 3213 3969 de
3241 3913 3470 3984 quodam
3500 3929 3528 3966 ε
3559 3912 3780 3967 termino

2207 4025 2315 4073 non
2358 4007 2752 4077 praedicaretur.
2802 4004 2953 4071 Quod
3000 4006 3045 4059 si
3094 4004 3357 4072 generalis
3396 4001 3484 4056 alii
3518 4003 3685 4073 matio
3728 4000 3777 4054 in

2208 4097 2549 4154 conclusione
2592 4096 2887 4166 syllogismi
2918 4108 3024 4148 non
3048 4102 3156 4157 est,
3188 4102 3242 4146 ut
3280 4091 3353 4146 sit
3378 4107 3411 4145 α
3440 4091 3703 4145 terminus
3729 4090 3779 4143 in

2208 4190 2352 4244 omni
2381 4190 2409 4243 b
2437 4188 2702 4252 termino,
2744 4186 2848 4240 erit
2889 4184 3013 4238 huic
3051 4181 3420 4251 contrajacens
3450 4179 3779 4248 particularis

2209 4281 2451 4351 negatio,
2494 4289 2553 4334 ut
2592 4294 2623 4331 a
2667 4277 2925 4331 terminus
2963 4275 3030 4330 de
3069 4273 3299 4344 quodam
3344 4272 3373 4325 ὁ
3416 4271 3650 4327 termino
3678 4284 3778 4323 non

2209 4373 2547 4443 praedicetur.
2593 4370 2672 4425 Sit
2702 4368 2844 4424 enim
2876 4384 2908 4420 a
2940 4386 2969 4420 ιι
2993 4368 3166 4431 alum,
3195 4364 3223 4419 ὁ
3246 4365 3447 4435 justum
3466 4406 3482 4432 ,
3508 4380 3537 4415 c
3563 4363 3774 4418 bonum.

2209 4465 2264 4520 Si
2294 4464 2412 4534 quis
2442 4463 2600 4532 igitur
2627 4461 2706 4516 sic
2731 4459 2874 4513 dicat
2906 4475 2918 4511 :

535 4571 588 4624 in
619 4571 966 4626 conclusione
993 4572 1289 4640 praedicari.
1319 4574 1531 4629 Tertius
1567 4574 1757 4630 modus
1786 4575 1952 4629 tertiae
1977 4575 2095 4644 ﬁgu-
2132 4561 2182 4620 ἶ)
2278 4563 2555 4633 Q'lOddam
2589 4564 2783 4617 bonum
2814 4558 3011 4613 mam“
3040 4572 3146 4611 "0n
3170 4565 3282 4619 es"

536 4678 608 4717 ras
636 4672 739 4724 est,
774 4663 983 4731 quoties
1013 4679 1075 4719 ex
1111 4666 1425 4734 particulari
1462 4677 1513 4721 et
1552 4665 1842 4720 universali
1873 4665 2107 4722 afﬁrma-

538 4754 647 4807 tiva
688 4754 1025 4823 particularis
1071 4754 1356 4810 afﬁrmatio
1397 4754 1751 4810 Concluditur.
1795 4755 1855 4811 Si
1895 4756 2035 4810 enim
2076 4773 2109 4810 α

534 4845 795 4909 terminus
826 4845 891 4900 de
913 4846 1141 4915 qundam
1168 4864 1215 4913 ε,
1244 4854 1299 4901 ει
1327 4846 1356 4899 b
1384 4846 1643 4900 terminus
1670 4845 1738 4901 de
1779 4846 1925 4902 omni
1956 4864 1983 4901 ο
2013 4857 2112 4903 ter-

534 4934 682 4989 mino
728 4934 1071 5003 praedicetur,
1114 4935 1454 4992 concluditur
1482 4946 1513 4989 α
1542 4938 1827 4992 terminum
1870 4938 1939 4994 de
1977 4955 2111 5009 quu-

535 5028 655 5080 dam
702 5026 731 5080 b
773 5027 1003 5082 termino
1032 5028 1314 5097 praedicari
1360 5041 1457 5095 per
1483 5026 1753 5097 duplicem
1798 5031 2107 5085 conversio-

537 5131 679 5172 nem.
711 5118 972 5184 Quoniam
1000 5118 1141 5173 enim
1173 5118 1202 5170 ὁ
1239 5118 1501 5173 terminus
1529 5117 1596 5172 de
1636 5118 1782 5174 omni
1826 5136 1852 5173 ε
1879 5120 2109 5176 termino

536 5209 876 5279 praedicatur,
907 5219 961 5266 et
990 5226 1022 5263 a
1045 5211 1303 5265 terminus
1324 5209 1390 5263 de
1416 5208 1575 5279 quod'
1596 5224 1645 5264 m
1678 5226 1705 5263 c
1731 5212 1963 5265 termino
1982 5226 2113 5281 prte-

535 5304 764 5369 dicatur,
798 5313 852 5360 et
895 5302 1230 5375 particularis
1276 5302 1594 5357 afﬁrmativa
1624 5317 1839 5373 semper
1878 5303 1977 5359 sibi
2008 5303 2109 5372 ipsi

537 5398 891 5461 convertitur,
937 5412 964 5448 c
994 5396 1253 5451 terminus
1293 5397 1359 5451 de
1389 5396 1617 5466 quodam
1648 5412 1679 5449 a
1709 5397 1936 5452 termino
1967 5411 2105 5465 pra:-

536 5489 821 5543 dicabitur.
852 5487 988 5543 Sunt
1018 5487 1179 5557 igitur
1208 5487 1600 5558 propositiones
1638 5487 1721 5543 sic
1750 5504 1763 5539 :
1794 5488 1821 5541 b
1849 5486 2108 5541 terminus

537 5579 605 5632 de
653 5578 799 5633 omni
828 5594 855 5631 c
895 5577 1147 5646 termino,
1186 5594 1213 5632 ε
1241 5593 1373 5635 vero
1403 5578 1662 5632 terminus
1709 5576 1775 5631 de
1818 5576 2045 5645 quodam
2075 5590 2108 5629 α

539 5670 769 5723 termino
797 5669 1151 5739 praedicatur;
1192 5668 1333 5739 quod
1382 5668 1429 5723 si
1480 5668 1551 5721 ita
1595 5674 1698 5734 est,
1744 5665 2012 5734 colligitur
2051 5665 2105 5719 in

542 5759 725 5826 prima:
756 5760 936 5831 figurae
967 5758 1125 5815 modo
1154 5759 1315 5814 tertio
1354 5756 1698 5815 btterminum
1727 5754 1793 5811 de
1820 5754 2046 5827 quodam
2076 5771 2108 5810 α

2282 4657 2454 4713 Omne
2484 4658 2679 4710 bonum
2708 4653 2908 4722 justum
2937 4659 3051 4716 est,
3083 4646 3369 4703 concludat
3396 4656 3623 4700 necesse
3654 4649 3734 4697 est
3760 4654 3774 4693 :

2282 4745 2559 4815 Quoddam
2588 4744 2747 4814 igitur
2770 4742 2968 4811 justum
2998 4739 3195 4792 malum
3228 4750 3334 4791 non
3361 4743 3467 4790 est.

2214 4848 2407 4904 Sextus
2438 4844 2623 4899 modus
2654 4843 2826 4897 tertiae
2857 4841 3039 4910 tigurte
3064 4847 3145 4893 est
3169 4836 3380 4906 quoties
3405 4848 3472 4888 ex
3499 4827 3779 4886 universali

2214 4939 2455 5008 negativa
2483 4945 2537 4989 et
2583 4931 2886 5003 particulari
2912 4929 3226 4983 afﬁrmativa
3257 4924 3596 4995 particularis
3625 4935 3778 4990 nega-

2217 5030 2290 5083 tio
2319 5027 2586 5096 colligitur
2616 5040 2709 5095 per
2750 5021 3179 5077 conversionem.
3206 5016 3338 5072 Nam
3370 5016 3414 5071 si
3455 5032 3489 5068 α
3527 5013 3781 5068 terminus

2214 5122 2269 5177 in
2296 5121 2441 5177 nullo
2464 5135 2491 5172 c
2514 5117 2739 5174 termino
2766 5116 2868 5180 sit,
2900 5116 2928 5168 b
2958 5126 3085 5168 vero
3117 5109 3375 5167 :erminus
3404 5107 3473 5163 de
3510 5104 3737 5177 quodam
3758 5117 3782 5155 ι

2214 5213 2444 5269 termino
2470 5209 2809 5279 praedicetur,
2836 5206 2895 5261 ﬁt
2918 5203 3192 5261 conclusio
3212 5218 3243 5254 α
3264 5199 3550 5256 terminum
3573 5197 3639 5252 de
3662 5209 3782 5265 quo-

2214 5303 2335 5358 dam
2367 5301 2395 5355 b
2425 5299 2654 5356 termino
2683 5313 2788 5353 non
2819 5294 3118 5366 praedicari.
3148 5290 3277 5346 Nam
3305 5289 3350 5344 si
3376 5306 3407 5342 a
3434 5286 3697 5342 terminus
3719 5282 3783 5337 de

2215 5394 2363 5448 nullo
2389 5409 2415 5446 ο
2446 5390 2674 5445 termino
2702 5387 3042 5458 praedicatur,
3069 5386 3097 5438 b
3128 5396 3258 5439 vero
3284 5380 3541 5436 terminus
3568 5378 3634 5433 de
3659 5390 3781 5447 quo-

2213 5483 2334 5537 dam
2364 5500 2389 5535 c
2416 5480 2645 5537 termino
2673 5477 3010 5548 praedicatur,
3040 5485 3097 5532 et
3122 5490 3149 5528 c
3181 5472 3440 5528 terminus
3466 5467 3533 5523 de
3557 5465 3779 5536 quodam

2214 5573 2243 5627 b
2272 5574 2497 5628 termino
2545 5569 2937 5640 praedicabitur,
2967 5565 3215 5636 quoniam
3257 5559 3598 5631 particularis
3637 5556 3778 5611 afﬁr-

2214 5664 2407 5719 tnativa
2435 5669 2613 5732 potest
2655 5658 2913 5715 converti.
2946 5657 3029 5713 Fit
3058 5656 3217 5726 igitur
3259 5654 3383 5708 talis
3413 5650 3775 5722 syllogismus,

2215 5765 2271 5811 ut
2301 5770 2331 5809 a
2361 5754 2622 5810 terminus
2648 5751 2715 5808 dc
2745 5751 2895 5807 nullo
2924 5767 2950 5805 ε
2979 5748 3206 5805 termino
3249 5761 3345 5816 pra
3359 5743 3585 5808 dicetur,
3620 5754 3647 5792 ι
3678 5746 3776 5794 ter-
