4112 6332
399 281 495 340 821

1483 293 1569 345 DE
1607 292 2032 349 SYI.LOGISMO
2071 297 2518 353 CATEGORICO.

3533 305 3634 361 822

396 406 575 461 minus
599 404 666 458 de
688 403 916 474 quodam
944 406 972 458 b
1002 406 1226 460 termino
1255 407 1588 475 pra-dicetur,
1633 417 1687 464 et
1722 425 1756 461 α
1783 409 1961 464 termi-
1992 417 2040 472 Α
2068 424 2216 466 cessa
2259 423 2412 480 sunt,
2446 425 2504 470 ut
2549 417 2600 469 in
2629 417 2988 484 superioribus
3017 418 3262 472 erunibus
3303 418 3631 489 syllogismis

397 508 497 546 nus
521 493 589 547 de
615 492 842 562 quodam
876 495 902 546 b
934 495 1163 548 termino
1185 511 1288 548 non
1322 496 1660 564 praedicetur.
1691 497 1770 553 Sit
1797 516 1828 551 a
1856 513 1963 552 ma-

397 584 538 651 lum,
574 587 600 637 b
623 585 854 652 justum,
888 601 914 637 c
940 584 1159 638 bonum.
1189 585 1245 640 Si
1272 587 1390 654 quis
1417 587 1574 657 igitur
1603 588 1743 642 dicat
1774 608 1786 641 :

679 672 889 727 Nullum
918 675 1114 728 bonum
1145 677 1339 728 malum
1367 685 1470 744 est,

683 762 956 827 Quoddam
985 763 1181 817 bonum
1205 766 1403 834 justum
1430 772 1512 819 est
1527 805 1541 829 ,
1559 766 1852 821 concludit:

691 851 968 918 Quoddam
993 853 1194 922 justum
1226 854 1421 908 malum
1450 870 1554 909 non
1580 866 1682 910 est.

399 963 491 1017 llis
535 964 694 1032 igitur
736 964 1027 1032 expeditis,
1058 964 1183 1034 quid
1212 965 1325 1034 ipse
1351 967 1691 1036 syllogismus
1721 967 1789 1035 sit
1828 967 1965 1022 difﬁ-

397 1054 648 1109 niendum
693 1062 792 1108 est.
843 1054 1105 1109 Difﬁnitur
1145 1066 1320 1110 autem
1350 1057 1429 1110 sic
1457 1074 1470 1108 :
1502 1057 1841 1127 syllogismus
1881 1067 1962 1112 est

396 1143 570 1197 oratio
610 1143 663 1196 in
710 1157 810 1210 qua
851 1143 1052 1210 positis-
1087 1145 1402 1212 quibusdam
1451 1154 1609 1215 atque
1653 1148 1960 1212 concessis,

395 1233 538 1287 aliud
565 1233 814 1303 quiddam
843 1249 1000 1302 quam
1025 1235 1130 1288 sint
1157 1250 1217 1289 ea
1255 1252 1374 1304 quae
1400 1237 1572 1305 posita
1612 1245 1667 1292 et
1703 1251 1962 1292 concessa

396 1335 540 1390 sunt,
597 1324 902 1378 necessario
943 1325 1200 1392 contingit
1249 1341 1340 1392 per
1385 1325 1496 1394 ipsa
1543 1341 1661 1394 qua:
1709 1341 1960 1382 concessa

394 1423 538 1468 sunt.
568 1414 872 1468 Orationem
913 1414 1142 1469 diximus
1169 1429 1290 1470 esse
1347 1417 1712 1486 syllogismum
1758 1417 1960 1472 idcirco

393 1505 641 1574 quoniam
662 1507 832 1559 omnis
850 1504 1094 1560 dilﬁnitio
1109 1521 1137 1559 a
1154 1507 1385 1575 generali
1411 1509 1652 1572 trahitur,
1690 1522 1855 1577 genus
1876 1523 1962 1562 au-

397 1606 501 1649 tem
525 1595 809 1664 syllogismi
841 1604 922 1648 est
949 1595 1138 1647 oratio.
1171 1595 1320 1661 Quod
1343 1606 1519 1650 autem
1548 1596 1769 1664 dictum,
1788 1598 1836 1651 in
1858 1612 1960 1664 qua

395 1687 900 1756 positisquibusdam
928 1695 980 1740 et
1007 1689 1306 1752 concessis,
1335 1688 1405 1740 ita
1432 1688 1830 1757 intelligendum
1853 1698 1957 1756 est,

392 1778 541 1846 quasi
561 1777 640 1831 sic
661 1777 856 1831 dictum
879 1787 1044 1841 esset,
1066 1777 1356 1832 secundum
1380 1793 1536 1847 quam
1562 1779 1744 1847 positis
1760 1790 1812 1834 et
1829 1795 1954 1834 con-

390 1868 590 1934 cessis;
614 1878 668 1923 ut
688 1871 826 1922 enim
849 1870 1183 1938 syllogismus
1208 1871 1314 1935 ﬁat,
1343 1880 1465 1926 ante
1493 1871 1688 1940 aliquid
1712 1888 1741 1925 a
1763 1886 1956 1941 propo-

391 1968 549 2013 nente
569 1960 779 2026 dicitur,
801 1960 939 2028 quod
963 1961 1181 2015 audiens
1203 1961 1475 2030 concedat;
1501 1964 1638 2032 quod
1660 1963 1705 2017 si
1728 1963 1815 2018 ille
1835 1979 1956 2020 con-

388 2050 629 2116 cesserit,
645 2049 906 2105 conrludit
917 2059 970 2105 et
982 2050 1180 2119 perﬁcit
1195 2051 1556 2122 syllogismum
1575 2092 1592 2120 ,
1606 2053 1819 2118 idcirco,
1833 2056 1955 2123 quia

387 2139 561 2192 dubiae
583 2153 668 2194 res
688 2154 780 2208 per
800 2141 1038 2209 quaedam
1063 2155 1311 2196 concessa
1335 2151 1389 2197 et
1411 2144 1626 2213 probata
1654 2154 1955 2200 monstran-

387 2238 492 2293 tur,
510 2229 814 2284 conceditur
830 2240 1000 2285 autem
1021 2233 1290 2301 aequaliter
1304 2243 1356 2288 et
1373 2235 1650 2290 afﬁrmatio
1669 2245 1722 2290 et
1742 2239 1953 2307 negatio

383 2334 530 2374 vera.
560 2317 762 2375 Caetera
791 2336 916 2376 vero
939 2322 991 2375 in
1021 2323 1306 2392 syllogismi
1335 2325 1647 2380 dilﬁnitione
1677 2327 1800 2380 talia
1827 2333 1952 2380 sunt

385 2423 504 2476 quae
532 2424 634 2463 non
662 2409 861 2479 integre
884 2409 1168 2479 dispositos
1194 2413 1529 2482 syllogismos
1560 2431 1590 2467 a
1617 2414 1954 2484 syllogismo-

383 2513 499 2553 rum
518 2499 830 2554 diflinitione
845 2515 1088 2556 verorum
1109 2502 1424 2557 discernant.
1446 2504 1575 2558 Nam
1593 2505 1730 2575 quod
1751 2506 1950 2562 dictum

382 2598 468 2644 est
487 2630 502 2656 ,
531 2591 581 2645 in
607 2606 708 2660 qua
734 2592 917 2661 positis
941 2593 1274 2662 quibusdam,
1303 2605 1632 2665 sumptorum
1659 2598 1864 2654 scilicet
1889 2608 1943 2654 et

381 2681 801 2749 propositionum
829 2684 1110 2738 multitudo
1142 2695 1484 2742 monstratur.
1518 2687 1653 2743 Sunt
1679 2690 1822 2743 enim
1852 2691 1944 2758 qui

383 2779 636 2839 putantur
663 2785 783 2826 esse
814 2771 1118 2840 hujusmodi
1148 2774 1468 2844 syllogismi,
1501 2777 1553 2830 in
1594 2778 1786 2846 quibus
1830 2790 1949 2834 tan-

379 2869 493 2913 tum
541 2875 643 2913 una
684 2861 975 2930 propositio
1005 2871 1088 2916 est
1115 2871 1170 2918 et
1202 2879 1301 2918 una
1335 2866 1630 2920 conclusio.
1659 2867 1840 2934 Qualis
1868 2879 1951 2924 est

382 2949 497 3015 bic,
529 2950 709 3018 vides,
740 2951 872 3005 vivis
903 2952 1093 3020 igitur;
1141 2953 1299 3007 homo
1325 2969 1414 3021 es,
1447 2955 1637 3009 animal
1667 2956 1824 3030 igitur
1849 2972 1907 3012 es
1928 3000 1944 3027 ,

380 3050 436 3094 et
459 3041 560 3094 alia
605 3041 907 3110 hujusmodi
929 3083 945 3110 ,
977 3058 1110 3112 quos
1151 3045 1356 3100 scilicet
1383 3055 1591 3102 veteres
1619 3046 1671 3100 in
1701 3047 1945 3118 syllogis-

2068 517 2201 571 quos
2245 505 2298 557 in
2339 505 2499 558 trium
2549 507 2832 574 ﬁgurarum
2877 508 3047 563 modis
3084 517 3137 564 et
3178 509 3632 565 demonstratione

2068 594 2359 657 posuimus.
2392 595 2550 650 Tales
2578 611 2706 651 vero
2753 598 3046 668 syllogismi
3093 599 3274 668 quales
3319 615 3458 655 nunc
3503 599 3630 660 dicti

2067 695 2187 739 sunt
2218 686 2520 752 perridiculi
2552 697 2707 752 sunt,
2735 690 2874 757 quod
2913 690 2964 742 id
2991 690 3130 760 quod
3161 700 3285 745 ante
3315 704 3628 746 concessum

2065 786 2147 828 est
2176 776 2327 844 quasi
2356 776 2571 830 dubium
2610 778 2860 846 quiddam
2891 780 2942 832 in
2971 779 3310 834 conclusione
3337 779 3626 849 colligitur.

2066 866 2194 920 Nam
2226 867 2365 934 quod
2389 869 2616 934 positum
2641 878 2741 935 est,
2774 871 3075 924 necessario
3095 871 3421 939 contingere,
3443 868 3629 924 adhoc

2067 957 2314 1022 pertinet,
2341 958 2590 1025 quoniam
2641 956 2944 1027 frequenter
2991 960 3056 1013 ad
3103 951 3459 1016 inductionem
3489 974 3628 1015 verae

2065 1048 2302 1116 quaedam
2336 1047 2728 1116 propositiones
2758 1059 2881 1103 sunt
2912 1065 3132 1119 quarum
3178 1051 3448 1105 conclusio
3479 1051 3628 1106 nullo

2066 1139 2224 1192 modo
2271 1153 2396 1193 vera
2442 1147 2550 1204 εει,
2587 1149 2646 1193 ut
2690 1140 2735 1195 si
2764 1141 2882 1208 quis
2913 1140 2986 1194 sic
3028 1141 3167 1195 dicat
3198 1159 3209 1192 :
3243 1140 3342 1208 Qui
3372 1141 3626 1196 musicam

2063 1230 2211 1282 novit
2251 1229 2483 1284 musicus
2512 1239 2590 1283 est
2613 1270 2626 1293 ,
2659 1238 2710 1284 et
2738 1230 3088 1296 concedatur;
3128 1239 3180 1285 et
3209 1231 3296 1300 qui
3327 1229 3625 1284 arithmeti-

2064 1333 2176 1372 cam
2219 1320 2583 1374 aritltmetieus
2638 1330 2743 1384 εει,
2777 1330 2830 1376 ει
2891 1321 2978 1390 qui
3025 1320 3340 1376 medicinam
3390 1321 3626 1376 medicus

2062 1421 2170 1477 est,
2194 1419 2250 1464 et
2280 1413 2368 1480 qui
2401 1412 2594 1465 bonum
2637 1414 2806 1466 bonus
2833 1422 2933 1467 est.
2964 1411 3096 1466 Cum
3123 1411 3278 1481 igitur
3308 1411 3419 1465 haec
3446 1411 3623 1466 omnia

2061 1519 2312 1579 concessa
2343 1513 2487 1571 sunt,
2518 1505 2676 1569 dicat,
2708 1513 2760 1560 et
2783 1505 2870 1574 qui
2900 1505 3126 1568 malum,
3156 1503 3327 1557 malus
3347 1513 3450 1572 est,
3483 1503 3622 1572 quod

2061 1596 2212 1663 quasi
2258 1595 2619 1664 superioribus
2661 1595 2833 1650 simile
2882 1595 3110 1659 videtur,
3157 1595 3250 1647 sed
3283 1595 3425 1648 omni
3465 1593 3624 1647 modo

2065 1685 2251 1739 falsum
2282 1695 2396 1739 est:
2422 1685 2547 1739 boni
2569 1686 2708 1740 enim
2732 1687 2972 1742 homines
2996 1701 3100 1740 non
3124 1685 3273 1739 aliter
3293 1693 3499 1746 cavent.
3525 1684 3624 1737 nisi

1984 1781 2030 1840 B
2058 1775 2192 1829 mala
2223 1775 2489 1829 noverint.
2524 1778 2693 1844 Atque
2729 1775 2848 1830 ideo
2883 1785 3100 1845 propter
3133 1788 3224 1830 eas
3255 1773 3622 1829 conclusiones

2062 1885 2180 1939 quae
2205 1879 2326 1923 sunt
2355 1885 2448 1937 per
2477 1885 2567 1923 eas
2589 1870 2976 1939 propositiones
2999 1883 3116 1939 quae
3145 1883 3238 1937 per
3267 1865 3624 1921 inductionem

2061 1959 2326 2028 dicuntur,
2357 1959 2590 2014 additum
2619 1970 2700 2014 est
2720 1961 3085 2015 conclusiones
3115 1960 3165 2013 in
3189 1957 3509 2029 syllogismis
3531 1970 3625 2011 ne-

2061 2053 2322 2106 cessarias
2343 2051 2671 2121 contingere,
2695 2051 2745 2105 id
2771 2059 2853 2106 est
2872 2067 2936 2106 ex
2960 2051 3275 2106 necessitate
3292 2047 3623 2116 contingere.

2061 2142 2158 2198 Est
2201 2143 2363 2198 etiam
2408 2143 2510 2196 alia
2553 2141 2852 2212 expositio,
2897 2142 2990 2197 sed
3015 2142 3068 2196 in
3112 2139 3400 2210 Analyticis
3430 2137 3627 2192 nostris

2057 2233 2166 2303 jam
2198 2234 2338 2288 dicta
2366 2242 2464 2290 est.
2499 2234 2629 2288 illud
2672 2248 2800 2289 vero
2828 2233 2966 2301 quod
2996 2232 3192 2286 dictum
3232 2240 3345 2295 est,
3391 2244 3484 2297 per
3512 2227 3626 2296 ipsa

2059 2337 2176 2393 quae
2203 2324 2374 2392 posita
2399 2332 2551 2392 sunt,
2584 2325 2683 2378 hoc
2712 2333 2928 2393 propter
2953 2336 3046 2378 eos
3088 2323 3286 2376 dictum
3316 2327 3399 2376 est
3423 2318 3512 2388 qui
3542 2326 3622 2370 ta-

2054 2413 2134 2468 les
2164 2413 2360 2468 faeiuut
2387 2414 2746 2484 syllogismos,
2776 2414 2830 2468 in
2859 2413 3048 2482 quibus
3077 2423 3167 2467 aut
3197 2413 3370 2466 minus
3399 2407 3623 2478 aliquid,

2054 2515 2146 2560 aut
2173 2505 2290 2576 plus
2313 2544 2328 2571 ,
2357 2514 2449 2560 aut
2475 2505 2618 2559 aliud
2644 2503 2970 2574 propositum
2996 2513 3076 2558 est
3102 2516 3257 2572 quam
3282 2500 3504 2570 proponi
3535 2499 3625 2553 de-

2053 2599 2261 2655 buerat.
2300 2598 2460 2653 Fiunt
2505 2599 2649 2652 enim
2699 2595 3000 2667 hujusmodi
3046 2593 3363 2666 syllOgismi.
3405 2590 3462 2646 Si
3504 2590 3624 2658 quis

2056 2690 2196 2746 enim
2228 2692 2296 2744 ita
2323 2689 2464 2743 dicat
2490 2706 2503 2743 :
2531 2688 2777 2744 Socrates
2806 2687 2964 2742 homo
2988 2695 3090 2751 εει,
3119 2685 3293 2739 omnis
3322 2683 3482 2736 homo
3509 2681 3624 2735 ani-

2057 2783 2286 2845 malest,
2330 2789 2385 2837 et
2409 2781 2724 2845 concludat,
2756 2780 3005 2837 Socrates
3028 2779 3188 2849 igitur
3215 2777 3478 2850 animatus
3507 2781 3585 2828 est
3604 2814 3621 2836 ,

2051 2873 2229 2927 minus
2275 2873 2573 2942 proposuit,
2605 2872 2746 2942 quod
2785 2885 2890 2926 non
2919 2869 3051 2926 dixit
3081 2882 3239 2924 omne
3269 2864 3458 2921 animal
3499 2876 3621 2918 esse

2051 2963 2364 3017 animatum.
2397 2961 2546 3018 Nunc
2576 2961 2621 3016 si
2651 2963 2730 3017 sic
2761 2963 3151 3032 proposuisset,
3184 2966 3330 3012 recte
3367 2955 3615 3010 Socrates

2050 3050 2342 3105 animatum
2389 3065 2508 3105 εεεε
2553 3049 2912 3116 concluderet,
2948 3049 3018 3103 ita
3047 3045 3290 3117 [dicendo
3323 3062 3337 3099 :
3371 3043 3619 3100 Socrates

378 3131 482 3186 mis
511 3145 612 3185 non
635 3142 986 3201 acceperunt,
1010 3133 1346 3204 syllogismus
1368 3137 1508 3190 enim
1539 3143 1620 3190 est
1646 3135 1940 3207 aliquorum
1973 3123 2018 3188 C
2051 3141 2212 3198 homo
2241 3153 2358 3208 est,
2391 3143 2566 3198 omnis
2596 3143 2755 3198 homo
2783 3141 2977 3204 animal
3007 3148 3088 3195 est
3107 3179 3120 3202 ,
3153 3147 3207 3194 et
3235 3152 3392 3193 omne
3420 3133 3616 3190 animal

377 3221 638 3274 collectio.
676 3221 742 3275 At
770 3237 896 3276 vero
925 3223 1167 3278 collectio
1195 3241 1299 3279 non
1322 3226 1424 3280 nisi
1447 3226 1794 3296 plurimorum
1822 3239 1901 3284 est
1922 3269 1937 3294 ,

377 3319 431 3363 et
456 3311 751 3380 quicunque
799 3327 954 3366 unam
1004 3317 1177 3382 posuit
1217 3319 1664 3389 propositionem,
1695 3321 1784 3375 ille
1831 3335 1938 3375 non

377 3400 597 3469 colligit.
648 3401 858 3455 Nullum
920 3402 1077 3469 igitur
1133 3404 1290 3460 faciet
1341 3407 1726 3478 syllogismum.
1774 3410 1941 3465 Debet

377 3490 517 3544 enim
541 3491 906 3560 syllogismus,
934 3503 990 3546 ut
1019 3497 1422 3563 augustissimus
1451 3499 1554 3565 sit,
1585 3499 1788 3554 duabus
1818 3516 1939 3570 pro-

373 3578 723 3646 positionibus
768 3583 1121 3650 comprobari.
1177 3585 1326 3651 Quod
1379 3596 1553 3642 autem
1603 3590 1800 3643 dictum
1831 3601 1934 3656 est,

374 3667 516 3720 aliud
570 3669 821 3737 quiddam
873 3675 1175 3727 necessario
1228 3677 1443 3731 evenire
1490 3693 1644 3746 quam
1688 3681 1792 3734 sint
1822 3681 1935 3750 ipsa

373 3773 492 3824 quae
519 3774 768 3815 concessa
796 3772 918 3815 sunt
938 3803 953 3828 ,
983 3765 1230 3832 quoniam
1257 3767 1562 3836 frequenter
1592 3771 1719 3826 tales
1748 3773 1814 3826 ab
1841 3774 1936 3827 a’i-

371 3847 561 3914 quibus
589 3848 720 3904 ﬁunt
767 3853 1084 3921 syllogismi,
1131 3864 1186 3908 ut
1232 3870 1292 3910 ea
1351 3874 1466 3926 qute
1519 3873 1929 3930 proposuerunt,

372 3935 485 4003 ipsa
513 3941 669 3993 etiam
695 3941 745 3994 in
774 3943 1116 4000 conclusione
1143 3947 1494 4018 concludant,
1523 3959 1576 4004 ut
1605 3963 1686 4007 est
1715 3953 1800 4008 hic
1829 3970 1845 4009 :
1878 3955 1934 4009 Si

377 4027 539 4082 homo
566 4045 623 4083 es
643 4071 657 4094 ,
685 4033 843 4087 homo
865 4049 955 4099 es;
989 4034 1148 4090 homo
1174 4047 1347 4093 autem
1371 4055 1428 4095 es
1447 4081 1464 4107 ,
1495 4042 1653 4098 homo
1678 4046 1834 4114 igitur
1853 4063 1932 4102 es.

369 4115 513 4170 idern
538 4120 673 4173 enim
697 4125 956 4179 conclusit
984 4128 1120 4196 quod
1149 4137 1270 4183 ante
1293 4135 1764 4206 pr0posuit.Atque
1789 4139 1932 4205 ideo,

367 4206 434 4259 ad
493 4208 708 4264 istorum
765 4212 1174 4285 discretionem,
1223 4219 1366 4274 aliud
1419 4223 1669 4291 quiddam
1721 4226 1932 4280 contiu-

367 4314 492 4366 gere
540 4301 734 4359 debere
797 4305 994 4362 dictum
1039 4319 1119 4364 est
1172 4324 1329 4379 quam
1374 4313 1481 4368 sint
1531 4332 1589 4370 ea
1638 4332 1754 4386 qua:
1807 4331 1933 4372 con-

2044 3233 2334 3289 auimatum
2377 3243 2488 3298 est,
2539 3233 2788 3289 Socrates
2837 3232 2997 3303 igitur
3038 3230 3299 3285 animatus
3345 3236 3448 3283 est.
3490 3225 3616 3280 Plus

2041 3330 2219 3377 autem
2251 3323 2549 3392 proponere
2576 3322 2676 3378 ltoc
2702 3330 2818 3390 est,
2852 3330 2909 3376 ut
2954 3321 2999 3376 si
3026 3321 3144 3389 quis
3171 3321 3248 3374 sic
3270 3318 3413 3373 dicat
3446 3335 3456 3369 :
3489 3316 3617 3370 Om-

2041 3413 2125 3467 nis
2173 3412 2333 3467 homo
2372 3412 2566 3467 animal
2611 3422 2727 3480 est,
2762 3425 2920 3466 omne
2948 3409 3146 3464 animal
3175 3409 3463 3462 animatum
3495 3414 3608 3469 est.

2040 3503 2134 3558 sed
2167 3512 2222 3558 et
2251 3504 2331 3558 sol
2375 3503 2426 3556 in
2457 3504 2641 3558 Ariete
2667 3510 2780 3567 est,
2812 3501 2989 3556 omnis
3028 3500 3187 3569 igitur
3212 3496 3375 3551 homo
3403 3495 3603 3550 anima-

2040 3608 2125 3652 tus
2147 3606 2262 3661 est;
2292 3597 2375 3650 hic
2403 3608 2530 3650 vero
2555 3595 2880 3665 superﬂuum
2902 3601 2981 3648 εει
3002 3591 3137 3661 quod
3161 3589 3327 3644 solem
3349 3587 3402 3640 in
3426 3584 3605 3640 Ariete

2041 3703 2157 3742 esse
2187 3687 2521 3756 interposuit.
2559 3686 2715 3742 Aliud
2739 3697 2914 3740 autem
2945 3697 3100 3753 quam
3129 3692 3348 3735 necesse
3387 3683 3470 3732 εει
3498 3675 3611 3744 (ιυὶ-

2019 3777 2162 3830 dam
2192 3786 2495 3846 proponunt
2519 3777 2617 3832 hoc
2643 3775 2820 3840 modo,
2847 3783 2904 3829 ut
2923 3775 2966 3828 si
2989 3773 3107 3844 quis
3127 3772 3203 3826 sic
3226 3769 3367 3824 dicat
3396 3785 3414 3823 :
3443 3765 3613 3822 Omne

2041 3864 2199 3919 homo
2231 3865 2421 3920 animal
2471 3875 2585 3930 est,
2632 3865 2801 3920 virtus
2846 3873 3024 3920 autem
3072 3862 3269 3917 bonum
3298 3867 3409 3925 est,
3437 3856 3610 3912 omnis

2039 3961 2198 4030 igitur
2229 3959 2390 4014 homo
2420 3961 2712 4014 animatutn
2742 3967 2840 4013 est.
2873 3957 3021 4012 Nulla
3069 3955 3227 4024 igitur
3269 3952 3454 4006 barum
3485 3963 3610 4019 pro-

2041 4051 2362 4120 positionum
2393 4050 2459 4104 ad
2487 4065 2599 4104 rem
2631 4050 2861 4118 pertinet
2899 4045 3038 4116 quod
3069 4041 3390 4099 concludere
3425 4039 3609 4109 cupie-

2041 4139 2148 4193 bat.
2182 4138 2458 4208 Expedita
2480 4139 2636 4207 igitur
2665 4135 2958 4208 syllogismi
2981 4132 3318 4196 difﬁnitione,
3365 4128 3431 4183 ad
3461 4128 3606 4196 prio-

2039 4246 2156 4283 rum
2189 4229 2465 4284 modorum
2506 4239 2746 4283 naturam
2779 4225 3260 4292 resolutionemque
3292 4219 3567 4275 veniamus
3587 4253 3606 4281 ,

2037 4328 2091 4372 ει
2116 4319 2264 4388 prius
2290 4332 2475 4372 omnes
2516 4319 2567 4372 in
2599 4317 2838 4372 ordinem
2870 4315 3241 4385 disponantur.

1704 4429 1889 4483 Primm
1919 4432 2097 4500 [igurw
2125 4432 2279 4484 modi.

720 4509 925 4566 Primus
1211 4516 1378 4572 Omne
1403 4515 1603 4587 justum
1635 4520 1829 4574 bonum
1859 4532 1962 4576 est.
1990 4520 2174 4576 Omnis
2200 4521 2368 4573 virtus
2391 4518 2528 4587 justa
2561 4527 2662 4572 est.

1209 4610 1392 4664 Omnis
1419 4612 1575 4679 igitur
1607 4613 1771 4666 virtus
1801 4613 1936 4667 bona
1967 4622 2068 4668 εει.

711 4686 985 4747 Secundus
1210 4697 1424 4754 Nullum
1459 4702 1651 4755 bonum
1685 4702 1878 4756 malum
1909 4710 2008 4756 est.
2041 4701 2209 4757 Omne
2236 4701 2434 4770 justum
2468 4701 2664 4756 bonum
2693 4710 2794 4756 est.

1209 4787 1417 4843 Nullum
1447 4791 1822 4861 igiturjustum
1854 4791 2047 4844 malum
2088 4799 2192 4846 est.

706 4865 913 4922 Tertius
1207 4875 1374 4931 Omne
1404 4878 1595 4932 bonum
1626 4880 1788 4934 virtus
1815 4889 1914 4934 est.
1947 4879 2220 4946 Quoddam
2245 4879 2444 4948 justum
2474 4881 2668 4934 bonum
2699 4890 2801 4936 est.

1204 4967 1477 5034 Quoddam
1507 4971 1662 5040 igitur
1687 4973 1882 5040 justum
1914 4971 2080 5025 virtus
2108 4979 2210 5025 est.

703 5051 930 5117 Quartus
1198 5058 1404 5112 Nullum
1437 5061 1632 5115 bonum
1662 5061 1857 5114 malum
1887 5069 1988 5116 est.
2021 5059 2295 5127 Quoddam
2323 5061 2522 5128 justum
2552 5060 2746 5116 bonum
2779 5068 2886 5117 est.

1201 5148 1474 5212 Quoddam
1507 5149 1664 5217 igitur
1689 5149 1889 5218 justum
1923 5149 2117 5204 malum
2153 5164 2255 5203 non
2287 5158 2389 5203 est.

699 5228 922 5295 Quintus
1196 5237 1365 5291 Omne
1391 5236 1589 5305 justum
1623 5238 1817 5291 bonum
1846 5249 1945 5293 est.
1978 5239 2164 5294 Omnis
2191 5239 2359 5293 virtus
2383 5237 2525 5307 justa
2557 5247 2658 5293 εει.

1196 5325 1468 5390 Quoddam
1499 5327 1654 5395 igitur
1678 5327 1872 5381 bonum
1901 5329 2069 5383 virtus
2098 5338 2197 5382 est.

703 5408 894 5464 Sextus
1186 5413 1395 5468 Nullum
1423 5415 1617 5469 bonum
1647 5417 1840 5470 malum
1870 5426 1971 5472 est.
2000 5417 2168 5474 Omne
2195 5419 2393 5488 justum
2424 5419 2618 5476 bonum
2643 5433 2745 5477 εει.

1184 5503 1393 5559 Nullum
1426 5506 1584 5574 igitur
1606 5511 1802 5562 malum
1827 5509 2028 5576 juStum
2061 5521 2162 5567 est.

701 5589 968 5661 Septimus
1180 5595 1348 5650 Omne
1377 5597 1570 5651 bonum
1601 5598 1768 5652 virtus
1793 5612 1894 5656 est.
1935 5605 2209 5671 Quoddam
2235 5605 2434 5673 justum
2471 5605 2666 5663 bonum
2703 5618 2804 5661 est.

1182 5685 1430 5752 Quadam
1461 5688 1618 5757 igitur
1640 5690 1805 5745 virtus
1833 5693 1973 5759 justa
2004 5707 2106 5752 est.
