4056 6330
553 321 655 380 323
1315 389 1344 403 _
1779 337 1884 392 AN.
1930 338 2133 392 M.\NL.
2178 331 2324 396 sev.
2369 343 2590 399 BOETII
3703 347 3799 403 Sil

909 440 1135 496 Octavus
1385 442 1554 497 Omne
1577 444 1771 500 bonum
1805 448 2007 517 justum
2039 460 2141 506 est.
2191 454 2400 508 Nullum
2434 457 2628 510 malum
2650 458 2845 512 bonum
2877 466 2978 513 est.

1385 534 1657 599 Quoddam
1691 538 1846 606 igitur
1867 540 2064 606 justum
2089 543 2283 596 malum
2316 561 2419 598 non
2451 557 2552 600 est.

902 621 1082 676 Nonus
1377 623 1650 690 Quoddam
1681 627 1875 682 bonum
1901 630 2101 697 justum
2126 642 2225 685 est.
2257 633 2465 688 Nullum
2487 637 2678 687 malum
2706 636 2897 689 bonum
2926 643 3024 692 est.

1380 715 1657 782 Qttoddam
1688 717 2059 786 igifurjuslum
2089 722 2284 775 malum
2320 739 2422 775 non
2451 734 2551 776 est.

1805 808 2058 862 Secunda:
2083 812 2261 882 ﬁgura:
2293 814 2448 866 modi.

906 894 1116 950 Primus
1401 895 1609 951 Nullum
1637 898 1830 952 malum
1854 900 2051 956 bonum
2081 913 2182 956 est.
2223 903 2393 959 Omne
2411 906 2613 974 justum
2639 907 2832 962 bonum
2854 913 2957 962 est.

1396 986 1609 1042 Nullum
1642 989 1800 1059 igitur
1826 991 2027 1058 justum
2057 992 2253 1046 malum
2279 1005 2382 1050 est.

900 1075 1181 1130 Secundus
1397 1077 1776 1146 Omnejustutn
1805 1080 2002 1136 bonum
2029 1091 2130 1137 est.
2165 1083 2375 1138 Nullum
2406 1087 2603 1140 malum
2635 1088 2832 1142 bonum
2859 1096 2961 1144 est.

1395 1167 1782 1239 Nullumigitur
1813 1172 2008 1227 malum
2037 1174 2238 1242 justum
2271 1187 2374 1230 εει.

901 1258 1113 1314 Tertius
1397 1261 1609 1315 Nullum
1637 1263 1831 1316 malum
1858 1265 2056 1319 bonum
2080 1275 2183 1321 est.
2214 1268 2490 1335 Quoddam
2511 1271 2713 1340 justum
2747 1270 2942 1326 bonum
2975 1280 3076 1327 est.

1395 1354 1669 1418 Quoddam
1694 1355 2062 1424 igiturjustum
2087 1360 2285 1415 malum
2317 1379 2420 1416 non
2448 1373 2551 1418 est.

895 1440 1126 1505 Quartus
1383 1442 1550 1497 Omne
1577 1445 1773 1511 justum
1795 1446 1990 1501 bonum
2015 1458 2114 1504 est.
2164 1451 2442 1516 Quoddam
2477 1454 2674 1508 malum
2704 1456 2898 1512 bonum
2926 1471 3030 1512 non
3060 1465 3162 1514 est.

1388 1534 1660 1600 Quoddam
1695 1538 1851 1608 igitur
1882 1541 2078 1595 malum
2104 1541 2306 1610 justum
2336 1561 2439 1600 non
2471 1555 2574 1600 est.

1809 1631 1988 1687 Tertia:
2016 1635 2195 1704 ﬁgurm
2221 1639 2378 1692 modi.

897 1719 1104 1777 Primus
1387 1726 1555 1781 Omne
1584 1726 1779 1780 bonum
1806 1726 2008 1796 justum
2037 1738 2140 1783 est.
2165 1727 2334 1783 Omne
2361 1728 2560 1784 bonum
2588 1730 2755 1786 virtus
2786 1738 2889 1786 est.

1391 1818 1641 1884 Quaedam
1665 1819 1824 1890 igitur
1850 1820 2015 1874 virtus
2039 1820 2181 1889 justa
2205 1829 2309 1875 est.

900 1907 1174 1963 Secundus
1389 1910 1556 1964 Omne
1579 1911 1774 1965 bonum
1803 1911 1974 1964 virtus
2005 1920 2106 1966 est.
2141 1909 2311 1965 Omne
2341 1911 2538 1965 bonum
2565 1911 2768 1981 justum
2798 1920 2900 1967 εει.

1382 1998 1657 2064 Quoddam
1681 2000 1839 2069 igitur
1858 2001 2057 2068 justum
2081 2002 2250 2056 virtus
2269 2009 2373 2056 est.

893 2086 1104 2143 Tertius
1386 2090 1596 2144 Nullum
1619 2091 1819 2144 bonum
1855 2092 2050 2146 malum
2074 2101 2174 2147 εει.
2205 2093 2373 2148 Omne
2396 2093 2593 2148 bonum
2614 2092 2816 2162 justum
2845 2102 2949 2149 est.

1391 2182 1664 2249 Quoddam
1699 2183 1854 2254 igitur
1879 2184 2079 2253 justum
2105 2185 2301 2239 malum
2330 2200 2436 2239 non
2468 2193 2572 2240 est.

894 2271 1120 2336 Quartus
1387 2276 1663 2343 Quoddam
1696 2279 1892 2334 bonum
1920 2279 2122 2349 justum
2151 2289 2255 2335 est.
2289 2282 2458 2336 Omne
2489 2281 2686 2335 bonum
2725 2280 2893 2336 virtus
2922 2288 3029 2336 est.

1395 2366 1647 2432 Qucedam
1673 2371 1828 2440 igitur
1856 2371 2026 2426 virtus
2043 2371 2183 2440 justa
2205 2381 2305 2427 est.

894 2457 1117 2524 Quintus
1392 2461 1562 2516 Omne
1595 2465 1789 2520 bonum
1820 2465 1992 2520 virtus
2014 2473 2113 2522 est.
2147 2467 2423 2533 Quoddam
2448 2471 2643 2525 bonum
2672 2469 2874 2539 justum
2904 2476 3006 2523 est.

947 2539 953 2542 ’
1396 2554 1670 2619 Quoddam
1703 2556 1861 2623 igitur
1883 2557 2084 2626 justum
2117 2559 2283 2614 virtus
2309 2571 2413 2617 est.

903 2639 1095 2694 Sextus
1392 2643 1669 2709 Quoddam
1702 2645 1899 2701 bonum
1932 2647 2128 2702 malum
2154 2662 2258 2702 non
2291 2658 2394 2704 est.
2429 2649 2598 2706 Omne
2629 2651 2824 2706 bonum
2848 2650 3050 2721 justum
3080 2661 3183 2706 est.

1388 2736 1667 2803 Quoddam
1697 2738 1855 2808 igitur
1881 2740 2082 2808 justum
2113 2741 2308 2794 malum
2339 2757 2443 2796 non
2471 2751 2572 2798 εει.

905 2819 1172 2890 Septimus
1385 2825 1597 2882 Nullum
1625 2829 1820 2882 bonum
1850 2829 2046 2884 malum
2077 2839 2179 2884 est.
2209 2829 2486 2896 Quoddam
2508 2833 2706 2889 bonum
2735 2834 2935 2905 justum
2958 2843 3060 2891 est.

1387 2915 1663 2982 Quoddam
1694 2919 2071 2988 igiturjustum
2100 2919 2296 2974 malum
2328 2937 2432 2975 non
2467 2931 2568 2978 est.

548 3023 612 3083 Hi
633 3037 756 3085 sunt
785 3029 944 3098 igitur
975 3043 1161 3086 omnes
1186 3032 1344 3087 trium
1374 3033 1660 3103 figurarum
1692 3033 1835 3087 modi
1883 3049 2110 3103 quorum
2139 3038 2188 3097 Α
2217 3033 2432 3102 bantur,
2489 3052 2720 3108 namque
2749 3037 2803 3092 in
2853 3037 2997 3106 ipsos
3054 3036 3393 3092 resolvuntur
3424 3055 3438 3092 :
3481 3047 3536 3091 ut
3568 3052 3665 3092 eos
3697 3052 3789 3106 per

547 3121 735 3190 prima:
764 3121 943 3189 figurat
970 3130 1197 3189 quatuor
1247 3124 1432 3192 primae
1480 3124 1982 3181 indemonstrabiles
2021 3142 2116 3181 no-
2219 3129 2622 3185 conversionem
2651 3131 3010 3195 resolvamus,
3069 3139 3123 3184 et
3153 3143 3246 3196 per
3278 3130 3788 3199 impossibilitatem,

548 3210 820 3264 minantur
849 3218 903 3264 et
933 3209 1155 3275 directi,
1185 3212 1235 3266 id
1265 3221 1346 3268 est
1400 3213 1515 3269 sine
1556 3213 1732 3282 aliqua
1768 3215 2116 3272 conversione
2219 3229 2275 3274 ut
2306 3219 2411 3275 duo
2440 3221 2515 3274 illi
2557 3221 2802 3290 superius
2827 3220 3173 3275 demonstrati
3204 3228 3348 3284 sunt,
3391 3222 3793 3275 consideremus

548 3301 858 3365 monstrati;
885 3301 1384 3360 indemonstrabiles
1412 3313 1587 3360 autem
1617 3308 1864 3376 quoniam
1889 3323 1991 3362 non
2020 3322 2116 3376 per
2219 3311 2381 3380 igitur
2405 3327 2588 3366 eorum
2621 3312 2900 3382 principia,
2935 3313 3182 3380 quoniam
3231 3311 3374 3365 unde
3408 3323 3697 3365 nascuntur
3742 3313 3792 3366 in

549 3392 682 3446 alios
711 3392 1162 3460 demonstrantur,
1213 3404 1266 3450 et
1297 3395 1515 3466 perfecti
1545 3396 1814 3462 dicuntur,
1864 3399 2111 3466 quoniam
2219 3402 2447 3472 idipsum
2490 3402 2846 3456 resolvuntur.
2888 3402 3116 3468 Quintus
3163 3402 3321 3469 igitur
3372 3401 3557 3470 prima:
3616 3402 3792 3469 figura

554 3497 648 3548 per
663 3483 871 3552 seipsos
910 3485 1344 3554 comprobantur.
1399 3485 1465 3541 Et
1494 3487 1647 3555 primi
1693 3488 1940 3558 quoniam
1975 3489 2115 3556 posi-
2218 3495 2406 3547 modus
2445 3494 2512 3548 de
2543 3493 2727 3562 primae
2755 3493 2926 3561 primo
2954 3491 3131 3560 figurae
3165 3490 3324 3545 modo
3346 3503 3680 3559 procreatur.
3711 3493 3794 3543 Bi-

549 3572 694 3628 ίίοηθ
724 3582 776 3628 ει
820 3583 1003 3630 natura
1045 3575 1202 3645 Primi
1227 3585 1348 3632 sum
1375 3617 1388 3641 ν
1427 3586 1482 3632 ει
1515 3578 1565 3632 in
1606 3593 1697 3633 eos
1723 3593 1910 3634 omnes
1939 3579 2114 3633 Cir-teri
2219 3587 2300 3641 uis
2327 3587 2466 3641 enim
2498 3584 2950 3656 propositionibus
2983 3582 3244 3652 prioribus
3272 3581 3633 3646 manentibus,
3669 3595 3794 3634 cen-

549 3666 910 3724 resolvuntur.
937 3668 1017 3723 Illi
1039 3685 1248 3740 quoque
1278 3672 1512 3741 quinque
1545 3671 1730 3741 prima:
1762 3672 1943 3741 figurae
1975 3671 2115 3725 modi
2216 3680 2385 3733 clusio
2417 3679 2572 3748 primi
2606 3678 2745 3732 modi
2790 3677 3183 3746 particulariter
3233 3689 3493 3729 conversa
3551 3676 3790 3742 quintum

545 3756 839 3825 imperfecti
870 3768 921 3814 et
945 3774 1038 3828 per
1067 3762 1472 3816 conversionem
1495 3772 1638 3816 sunt.
1699 3761 1958 3817 Secunda:
1988 3776 2115 3816 vero
2220 3769 2385 3824 efﬁcit
2416 3769 2809 3839 syllogismum,
2834 3767 2975 3837 quod
3023 3767 3074 3822 in
3113 3765 3350 3835 subjecta
3375 3765 3676 3820 declaratur
3702 3764 3792 3818 de-

546 3844 750 3915 figurm,
785 3849 866 3901 vel
900 3850 1100 3915 tertim,
1149 3865 1336 3905 omnes
1366 3853 1658 3920 imperfecti
1687 3862 1830 3917 sunt,
1861 3853 2112 3922 quoniam
2221 3861 2507 3930 scriptione
2535 3877 2546 3912 :

545 3947 642 4005 per
672 3936 874 4004 primos
930 3936 1112 4006 prima
1162 3938 1341 4007 figurae
1382 3940 1568 3994 modos
1611 3948 1837 4010 quatuor
1870 3955 2115 4010 compro-

1112 4071 1279 4125 Omne
1303 4070 1506 4140 justum
1535 4071 1728 4125 bonum
1762 4081 1842 4126 est
1981 4070 2166 4126 eadem
2309 4069 2696 4139 Omnejustum
2721 4070 2920 4124 bonum
2949 4080 3052 4126 est.

1110 4161 1292 4212 Omnis
1323 4160 1490 4214 virtus
1516 4159 1656 4228 justa
1687 4167 1770 4214 est
1982 4159 2167 4214 eadem
2313 4159 2497 4214 Omnis
2527 4158 2694 4214 virtus
2711 4159 2851 4228 justa
2868 4168 2970 4215 est.

1104 4249 1285 4305 Omnis
1315 4251 1481 4307 virtus
1509 4250 1644 4307 bona
1671 4258 1752 4304 est
1990 4265 2140 4306 versa
2313 4253 2587 4318 Quoddam
2613 4252 2813 4308 bonum
2845 4253 3014 4306 virtus
3041 4259 3141 4308 est.

540 4389 738 4446 Sextus
769 4406 893 4445 vero
920 4394 1105 4461 primm
1135 4394 1314 4462 figurae
1343 4392 1530 4447 modus
1552 4393 1617 4447 de
1638 4388 1874 4447 secundo
1923 4389 2105 4456 prima:
2135 4391 2184 4450 B
2213 4389 2312 4444 sali
2344 4389 2686 4444 conclusione
2734 4387 3104 4442 universaliter
3142 4398 3398 4440 conversa
3425 4427 3440 4449 ,
3480 4395 3662 4440 sextus
3699 4402 3790 4442 na-

539 4479 722 4549 figurae
750 4482 906 4537 modo
933 4484 1074 4553 capit
1097 4483 1429 4553 principium.
1455 4483 1787 4538 Manentibus
1813 4479 1954 4536 enim
1979 4479 2108 4534 dua-
2215 4483 2382 4537 scitur
2405 4480 2768 4551 syllogismus,
2809 4486 2864 4531 ut
2895 4473 3131 4545 subjecta
3161 4474 3322 4530 docet
3362 4475 3646 4545 descriptio
3671 4495 3685 4529 :

537 4570 639 4626 bus
661 4574 924 4640 prioribus
960 4575 1411 4645 propositionibus
1461 4575 1678 4630 secundi
1711 4574 1874 4638 modi,
1902 4571 2107 4628 univer-

1098 4685 1308 4740 Nullum
1341 4687 1538 4740 bonum
1568 4685 1766 4740 malum
1792 4693 1873 4740 est
1968 4682 2153 4738 eadem
2304 4675 2515 4729 Nullum
2542 4671 2737 4726 bonum
2772 4672 2967 4726 malum
2992 4679 3093 4726 est.

1104 4774 1272 4828 Omne
1295 4774 1494 4844 justum
1523 4775 1714 4829 bonum
1744 4782 1826 4829 est
1968 4772 2153 4827 eadem
2303 4765 2474 4820 Omne
2493 4767 2690 4834 justum
2723 4764 2920 4817 bonum
2952 4771 3054 4820 est.

1099 4863 1310 4917 Nullum
1329 4864 1530 4932 justum
1559 4863 1754 4918 malum
1781 4871 1864 4919 est
1961 4876 2112 4917 versa
2297 4856 2512 4912 Nullum
2544 4855 2740 4909 malum
2765 4850 2966 4922 justum
2993 4862 3092 4910 est.

532 4994 804 5062 Septimus
831 4993 1017 5046 modus
1043 4994 1228 5062 primm
1265 4993 1542 5064 figuraede
1572 4992 1727 5048 tertio
1753 4993 1936 5061 prima:
1967 4992 2098 5062 figu-
2206 4987 2445 5044 tionibus
2477 4985 2763 5054 prioribus,
2789 4985 3093 5054 particulari
3131 4984 3450 5041 affirmativa
3495 4987 3547 5041 in
3577 4987 3790 5040 conclu—

535 5103 608 5142 rm
641 5085 880 5140 nascitur
926 5084 1106 5138 modo.
1152 5084 1485 5140 Manentibus
1519 5085 1661 5139 enim
1685 5083 1824 5141 binis
1855 5083 2102 5153 proposi-
2214 5079 2366 5133 sione
2398 5090 2678 5141 conversa,
2726 5077 2940 5147 septimi
2971 5077 3115 5132 modi
3137 5077 3424 5133 collocatio
3455 5090 3785 5149 procreatur.

1107 5179 1274 5233 Omne
1305 5179 1502 5233 bonum
1526 5182 1692 5233 virtus
1718 5184 1801 5233 est
1968 5176 2154 5230 eadem
2298 5174 2470 5228 Omne
2499 5172 2691 5226 bonum
2723 5172 2890 5227 virtus
2919 5180 3020 5226 est.

1101 5273 1377 5339 Quoddam
1389 5273 1590 5341 justum
1609 5274 1804 5327 bonum
1818 5282 1899 5327 est
1951 5270 2138 5326 eadem
2284 5269 2560 5337 Quoddam
2581 5268 2784 5336 justum
2815 5265 3011 5319 bonum
3033 5272 3132 5319 est.

1093 5363 1365 5430 Quoddam
1391 5365 1589 5432 justum
1613 5365 1783 5417 virtus
1806 5371 1889 5418 est
1963 5363 2191 5416 vertitur
2285 5360 2538 5425 Quaedam
2572 5359 2739 5411 virtus
2766 5357 2906 5425 justa
2930 5364 3031 5409 εει.

528 5458 762 5512 Octavus
789 5470 920 5511 vero
945 5465 1000 5510 et
1029 5469 1200 5509 nonus
1232 5455 1416 5523 prima:
1444 5454 1623 5523 figurae
1653 5453 1840 5508 modus
1873 5454 1923 5507 in
1946 5467 2104 5522 quar—
2206 5453 2485 5506 versaliter
2510 5463 2796 5513 conversa,
2826 5458 2879 5503 et
2901 5449 3068 5516 prima
3093 5449 3456 5516 propositione
3475 5458 3641 5500 octavr
3677 5462 3787 5500 n.0-

540 5551 650 5594 tum
677 5539 864 5611 prima:
915 5547 1096 5616 figurae
1138 5547 1352 5601 modum
1394 5543 1755 5609 resolvuntur,
1788 5559 1893 5598 non
1937 5543 2099 5596 etiam
2207 5545 2261 5597 di
2301 5542 2696 5614 particulariter
2723 5541 2774 5593 in
2805 5538 3092 5594 secundam
3121 5539 3293 5606 quarti
3328 5537 3467 5593 modi
3499 5552 3781 5599 conversa,

526 5637 733 5693 initium
771 5649 1008 5693 sumunt.
1057 5638 1290 5692 Octavus
1329 5635 1614 5691 resolvitur
1641 5637 1691 5688 in
1722 5643 1966 5705 quartum
1997 5634 2095 5687 hoe
2209 5636 2400 5690 eadem
2435 5633 2708 5689 conclusio
2735 5629 3033 5698 colligitur,
3086 5629 3135 5684 id
3169 5638 3264 5700 est.
3316 5629 3526 5700 negatio
3552 5628 3780 5698 particu-

527 5729 686 5783 modo
717 5747 729 5782 :
785 5733 951 5798 prima
990 5730 1128 5784 enim
1158 5729 1331 5798 quarti
1366 5729 1419 5782 in
1449 5726 1734 5784 secundam
1784 5726 1957 5782 octavi
1987 5725 2102 5779 uni-
2204 5726 2353 5780 laris.
