4112 6332
360 326 464 383 8‘25
1468 326 1555 381 DE
1590 323 2018 383 δημοσιεΜο
2055 322 2505 381 CATEGORICO.
3491 315 3591 379 8:15

1070 436 1277 494 Nullum
1330 437 1527 493 bonum
1574 438 1775 493 malum
1830 444 1942 502 est,
2003 437 2213 506 negatio
2253 435 2584 490 universalis.

1067 526 1342 594 Quoddam
1385 526 1586 596 justum
1640 527 1834 581 bonum
1879 534 2008 592 est,
2065 525 2401 595 particularis
2443 524 2747 578 afﬁrmatio.

1068 619 1446 674 Universaliter
1487 632 1766 685 conversa,
1820 616 1991 672 Omne
2043 616 2238 671 bonum
2286 616 2488 686 justum
2533 625 2637 672 est.

1062 709 1447 765 Universaliter
1488 723 1778 775 conversa,
1825 708 2037 762 Nullum
2098 708 2296 762 malum
2341 708 2536 762 bonum
2583 716 2685 763 est.

1068 800 1342 867 Quoddam
1390 800 1838 867 justum~malttm
1887 788 1994 854 non
2043 808 2147 865 est,
2211 799 2398 854 eadem
2448 798 2783 866 conclusio,.

1062 887 1339 953 Quoddam
1374 887 1574 957 justum
1622 888 1816 942 malum
1862 903 1975 942 non
2019 896 2120 943 est.
2184 922 2189 933 .

363 980 543 1037 Nonus
569 992 699 1035 vero
726 977 916 1034 modus
946 979 997 1033 in
1019 989 1262 1048 quartum
1280 980 1493 1034 modum
1522 979 1803 1034 resolvitur
1826 978 1924 1046 sic,
1955 979 2011 1039 Α
2034 979 2164 1032 riter
2191 978 2244 1033 in
2269 977 2493 1047 primam
2515 977 2661 1046 noni,
2693 986 2748 1034 et
2773 977 2957 1035 eadem
2978 978 3247 1034 conclusio
3270 992 3390 1034 man
3426 988 3479 1033 at
3504 992 3571 1034 ne
3588 1007 3612 1020 -

362 1071 532 1140 prima
558 1069 736 1140 quarti
784 1068 839 1124 in
869 1068 1156 1127 secundam
1208 1068 1335 1124 noni
1364 1069 1775 1138 prepositionem
1807 1068 1926 1122 uni-
2032 1071 2173 1142 gatio
2202 1070 2559 1140 particularis.

363 1160 640 1216 vcrsaliter
667 1167 1038 1227 convertatur,
1066 1167 1120 1213 et
1156 1158 1387 1215 secunda
1425 1158 1602 1229 quarti
1645 1159 1926 1228 particula-

1057 1251 1270 1305 Nullum
1312 1252 1506 1307 bonum
1548 1250 1743 1306 malum
1795 1259 1917 1317 est,
1970 1248 2289 1306 universalis
2345 1247 2610 1318 negativa.

1066 1341 1341 1409 Quoddam
1389 1344 1592 1410 justum
1647 1341 1843 1396 bonum
1890 1349 2012 1418 est,
2067 1337 2401 1410 particularis
2458 1337 2794 1392 afﬁrmativa.

1060 1431 1461 1487 Particulariter
1502 1445 1783 1497 conversa,
1860 1430 2135 1497 Quoddam
2179 1429 2374 1483 bonum
2420 1428 2622 1497 justum
2653 1436 2756 1483 est.

1060 1522 1443 1579 Universaliter
1491 1537 1772 1590 conversa,
1841 1521 2050 1578 Nullum
2090 1523 2281 1577 malum
2308 1522 2505 1576 bonum
2543 1528 2646 1574 est.

1061 1615 1335 1684 Quoddam
1383 1617 1583 1685 justum
1628 1617 1829 1671 malum
1890 1632 1996 1672 non
2047 1626 2130 1673 est
2160 1655 2176 1684 ,
2228 1616 2416 1672 eadem
2442 1614 2750 1671 conclusio:

1064 1707 1338 1774 Quoddam
1381 1707 1583 1777 justum
1640 1708 1836 1762 malum
1884 1723 1991 1762 non
2048 1715 2150 1763 εει.

364 1805 634 1863 Resolutis
657 1803 815 1875 igitur
841 1802 1075 1873 quinque
1102 1800 1289 1870 prima;
1311 1801 1492 1871 ﬁgura;
1518 1800 1690 1856 modis
1714 1800 1767 1855 in
1795 1814 1929 1868 qua-
2030 1799 2119 1853 ἁτε
2143 1798 2322 1867 ﬁgurae
2348 1796 2613 1852 secundus
2637 1798 2824 1853 modus
2858 1797 2910 1854 in
2939 1796 3228 1855 secundum
3250 1797 3442 1868 prioris
3470 1797 3600 1868 ﬁgu-
3676 1850 3679 1853 ,

363 1908 486 1954 tuor
510 1895 897 1967 superioribus,
928 1888 1174 1948 secunda:
1202 1891 1381 1961 ﬁgura:
1402 1900 1629 1961 quatuor
1657 1891 1847 1946 modos
1872 1890 1925 1945 in
2031 1903 2107 1944 ras
2142 1888 2356 1943 modum
2411 1888 2771 1961 resolvuntur,
2804 1898 2858 1945 et
2911 1890 3195 1946 resolvitur
3240 1890 3445 1960 primus
3496 1890 3598 1944 sic.

359 1986 556 2057 prioris
587 1986 771 2055 ﬁgura:
808 1981 995 2037 modos
1021 1989 1246 2052 quatuor
1284 1980 1647 2048 resolvamus,
1696 1994 1922 2050 quorum
2030 1979 2299 2036 Conversa
2323 1981 2465 2036 enim
2493 1980 2665 2049 prima
2693 1981 2984 2036 universali
3019 1982 3299 2050 negatione
3326 1982 3600 2034 universa-

358 2083 471 2129 tres
502 2090 596 2144 per
627 2073 1030 2129 conversionem
1069 2070 1379 2141 probantur.
1418 2068 1650 2137 Quartus
1679 2083 1805 2126 vero
1831 2084 1927 2139 per
2030 2072 2173 2139 liter,
2194 2081 2245 2129 et
2274 2082 2517 2128 manente
2543 2072 2776 2128 secunda
2797 2073 3083 2129 universali
3108 2070 3485 2142 afﬁrmatione,
3508 2085 3599 2126 ea-

359 2165 530 2220 solam
562 2164 1069 2236 impossibilitatem.
1116 2162 1186 2217 At
1214 2175 1340 2217 vero
1382 2160 1598 2231 primus!
1615 2169 1669 2218 et
1727 2175 1923 2216 secun-
1954 2155 2002 2215 B
2028 2164 2147 2219 dem
2178 2164 2452 2220 conclusio
2479 2172 2825 2234 utrorumque
2849 2165 3103 2220 nascitur.

1729 2250 1937 2308 Primus
1963 2254 2220 2310 secundat.

812 2347 1023 2403 Nullum
1049 2345 1249 2400 bonum
1280 2342 1477 2399 malum
1497 2351 1581 2399 est
1802 2357 2066 2399 conversa
2285 2345 2497 2401 Nullum
2520 2346 2714 2399 malum
2738 2345 2935 2400 bonum
2966 2352 3064 2399 est.

812 2438 981 2495 Omne
998 2438 1201 2507 justum
1230 2436 1427 2491 bonum
1458 2443 1543 2491 est
1798 2434 1987 2491 eadem
2269 2436 2655 2506 Omnejustum
2687 2436 2884 2490 bonum
2906 2445 3010 2490 est.

814 2531 1023 2586 Nullum
1042 2529 1245 2600 justum
1279 2526 1474 2583 malum
1496 2534 1581 2581 est
1801 2526 1989 2583 eadem
2228 2594 2231 2597 η
2272 2528 2483 2583 ΝυΙΙυιη
2511 2528 2712 2597 justum
2744 2527 2938 2581 malum
2968 2534 3067 2581 est.

354 2620 616 2679 Secunda:
639 2619 819 2691 ﬁgura:
838 2619 1104 2675 secundus
1131 2617 1320 2674 modus
1350 2618 1403 2672 in
1426 2618 1609 2686 prima:
1638 2614 1817 2686 ﬁguras
1839 2631 1927 2673 se-
2029 2617 2395 2689 propositione
2419 2660 2434 2687 ,
2476 2627 2528 2691 ct
2555 2617 2786 2691 secunda
2819 2618 2984 2686 prima
3014 2624 3287 2682 manente,
3317 2614 3598 2671 universa-

354 2711 587 2768 cundum
639 2710 853 2767 modum
902 2709 1188 2765 resolvitur
1235 2709 1351 2769 sic:
1385 2721 1643 2763 conversa
1682 2705 1916 2763 secunda
2027 2709 2153 2763 liter
2176 2710 2234 2763 ﬁt
2259 2721 2519 2773 conversa,
2536 2707 2832 2762 conclusio.

815 2807 1024 2878 Nullum
1054 2824 1251 2877 bonum
1281 2820 1475 2876 malum
1499 2829 1581 2876 est
1801 2866 1850 2923 Χ
2023 2827 2113 2875 net
2395 2820 2566 2875 Omne
2589 2819 2790 2888 justum
2813 2819 3009 2873 bonum
3039 2825 3142 2872 est.

814 2912 982 2969 Omne
1007 2913 1206 2984 justum
1234 2914 1431 2993 bonum
1462 2923 1543 2968 est
1572 2927 1689 2967 ma-
1803 2911 1850 2923 ”
2023 2926 2277 2967 conversa
2385 2911 2594 2966 Nullum
2622 2911 2816 2967 malum
2848 2912 3042 2966 bonum
3071 2920 3174 2967 est.

814 3003 1025 3058 Nullum
1051 3004 1254 3074 justum
1278 3006 1472 3059 malum
1496 3014 1578 3059 est
1788 3016 2047 3058 conversa
2382 3002 2596 3057 Nullum
2636 3004 2833 3057 malum
2853 3004 3054 3074 justum
3085 3013 3186 3059 est.

354 3094 569 3152 Tertius
596 3110 725 3152 vero
757 3098 1003 3151 secundae
1034 3098 1214 3167 ﬁgurae
1244 3096 1463 3161 modus,
1495 3095 1561 3151 de
1589 3103 1782 3165 quarto
1812 3095 1923 3165 pri-
2033 3103 2152 3159 tur,
2185 3103 2239 3149 et
2258 3095 2505 3151 secunda:
2534 3096 2925 3163 prapositiones
2950 3104 3227 3162 maneant,
3269 3095 3406 3152 idem
3436 3096 3598 3166 syllo-

356 3202 461 3243 mae
491 3188 669 3257 ﬁgura:
702 3197 1030 3259 procreatur.
1085 3187 1155 3243 Ut
1181 3189 1323 3244 enim
1360 3186 1678 3241 universalis
1710 3184 1923 3255 negatio
1952 3204 1998 3267 ρ
2032 3187 2187 3257 gismi
2219 3189 2479 3242 terminus
2520 3188 2917 3257 propositioque
2945 3188 3213 3258 colligitur
3236 3190 3335 3243 ltoc
3365 3189 3561 3244 moilo:

355 3280 413 3334 in
463 3280 689 3349 primam
747 3279 1161 3348 propositionem
1214 3277 1586 3332 uuiversaliter
1636 3283 1921 3331 converta-

809 3372 1021 3427 Nullum
1043 3372 1239 3425 bonum
1269 3370 1467 3425 malum
1496 3378 1577 3424 est
1788 3378 2049 3423 conversa
2375 3363 2587 3419 Nullum
2608 3366 2805 3421 malum
2836 3366 3033 3421 bonum
3076 3379 3181 3424 est.

813 3464 1087 3530 Quoddam
1114 3463 1317 3532 justum
1350 3465 1546 3519 bonum
1570 3469 1652 3516 est
1792 3458 1984 3515 similis
2383 3457 2659 3523 Quoddam
2679 3459 2879 3526 justum
2908 3458 3103 3514 bonum
3126 3468 3227 3514 est.

810 3556 1085 3623 Quoddam
1097 3556 1298 3626 justum
1316 3555 1511 3609 malum
1533 3569 1636 3608 non
1660 3561 1745 3608 est
1790 3551 1978 3607 eadem
2382 3547 2658 3624 Quoddatn
2680 3550 2883 3618 justum
2916 3550 3111 3604 malum
3138 3566 3241 3604 non
3270 3559 3370 3606 est.

353 3668 586 3736 Quartus
609 3666 799 3722 modus
824 3666 1073 3723 secunda:
1113 3666 1290 3735 ﬁgurae
1314 3666 1564 3734 quoniam
1585 3664 1694 3733 jam
1723 3660 1916 3731 primo,
2025 3672 2185 3713 omne
2211 3657 2406 3713 bonum
2452 3659 2621 3713 virtus
2670 3672 2773 3715 est.
2825 3661 2898 3715 Ex
2956 3661 3037 3715 his
3084 3663 3246 3731 igitur
3296 3662 3596 3727 concludat,

264 3754 269 3757 ’
352 3773 477 3813 cum
507 3759 680 3813 factus
726 3765 808 3813 est
852 3773 946 3827 per
974 3758 1472 3823 conversionem,in
1502 3755 1789 3824 superioris
1813 3755 1920 3823 pri-
2026 3765 2185 3806 omne
2212 3749 2374 3819 igitur
2416 3748 2615 3817 justum
2646 3750 2817 3805 virtus
2858 3760 2960 3807 est.
3004 3752 3107 3807 Sed
3139 3753 3285 3820 prius
3331 3755 3599 3807 concessit

355 3865 459 3905 ma
490 3850 671 3920 ﬁgurae
712 3850 923 3904 modum
973 3848 1267 3917 retorqueri
1309 3862 1416 3901 non
1446 3855 1671 3918 poterat,
1705 3845 1798 3900 sed
1826 3859 1921 3915 per
2028 3842 2223 3912 quarti,
2246 3841 2691 3896 modisecundam
2713 3844 3146 3914 propositionem,
3169 3860 3285 3914 quae
3307 3854 3408 3906 est,
3432 3847 3602 3915 quod-

354 3939 685 4009 impossibile
735 3938 1154 3994 demonstratum
1183 3947 1265 3994 est
1295 3978 1312 4005 ,
1335 3937 1422 3993 hic
1460 3952 1673 4008 quoque
1695 3952 1789 4006 per
1818 3937 1918 3990 im-
2027 3938 2147 3993 dam
2171 3937 2373 4006 justum
2397 3939 2568 3991 virtus
2599 3953 2702 3992 non
2727 3946 2829 3992 est.
2870 3938 3021 3992 Nunc
3041 3953 3169 3993 vero
3189 3938 3455 4005 concedit,
3484 3952 3599 3992 om-

354 4030 613 4100 possibile
632 4031 701 4085 ad
730 4030 1033 4101 superiores
1056 4029 1325 4084 reducitur
1354 4034 1563 4097 modos,
1587 4038 1640 4084 et
1660 4012 1919 4099 quoniam
2029 4043 2095 4081 ne
2122 4028 2321 4097 justum
2356 4028 2523 4082 virtus
2546 4039 2625 4082 est
2646 4069 2664 4095 ,
2687 4028 2817 4082 duas
2848 4028 2950 4081 sibi
2977 4027 3401 4095 contrajacentes
3444 4026 3601 4081 simul

355 4135 550 4176 omnes
578 4122 820 4177 secundae
860 4124 1042 4191 ﬁgura:
1084 4119 1227 4174 modi
1258 4110 1353 4187 per
1406 4119 1737 4188 impossibile
1764 4134 1919 4173 mon-
2026 4118 2375 4173 conclusurus
2397 4126 2518 4185 est,
2573 4118 2712 4187 quod
2758 4118 2871 4172 ﬁeri
2902 4133 3007 4172 non
3054 4125 3249 4186 potest.
3292 4116 3401 4170 lloc
3424 4126 3600 4170 autem

354 4220 634 4277 strantur,
659 4211 857 4266 idcirco
906 4224 1002 4265 nos
1044 4224 1255 4279 quoque
1304 4208 1615 4263 inchoantes
1662 4224 1692 4263 a
1730 4214 1920 4275 quarto
2027 4208 2228 4262 idcirco
2258 4208 2471 4269 evenit,
2503 4208 2622 4277 quia
2653 4208 2926 4261 conclusio
2955 4207 3127 4275 quarti
3156 4206 3297 4261 modi
3350 4205 3402 4260 in
3445 4206 3599 4274 primi

355 4316 544 4357 omnes
574 4317 670 4372 per
694 4300 1019 4371 impossibile
1059 4301 1404 4355 resolvamus.
1437 4298 1566 4353 Nam
1595 4307 1816 4367 quartus
1835 4311 1921 4353 se-
1952 4342 2005 4402 Β
2028 4298 2170 4352 modi
2193 4298 2483 4353 secundam
2514 4299 2931 4368 prapositionem
2954 4313 3210 4354 conversa
3234 4307 3345 4363 est;
3387 4299 3527 4366 quod
3555 4297 3600 4352 si

350 4390 541 4446 cundze
572 4392 751 4461 ﬁgurae
783 4391 970 4446 modus
1018 4391 1071 4445 in
1126 4391 1351 4459 primum
1384 4390 1569 4459 primae
1610 4388 1791 4459 ﬁgurae
1836 4403 1923 4445 ree
1952 4388 1999 4402 "
2028 4390 2258 4445 secunda
2287 4393 2580 4461 pmpositio
2610 4392 2769 4461 primi
2794 4392 2935 4449 modi
2960 4392 3013 4445 in
3054 4392 3228 4462 quarti
3258 4390 3603 4446 cauclusione

351 4482 576 4537 solvitur
605 4497 699 4551 per
746 4481 1245 4551 impossib‘litatem,
1294 4480 1480 4537 tertius
1527 4481 1578 4534 iu
1606 4480 1919 4547 secundum,
2029 4496 2133 4536 non
2162 4482 2458 4552 colligitur,
2490 4484 2690 4553 {quarti
2719 4481 3023 4548 conclusio,
3075 4482 3125 4536 id
3153 4484 3237 4536 est
3268 4480 3603 4552 particularis

352 4572 622 4628 secundus
652 4573 705 4627 in
734 4574 973 4639 tertium,
1001 4574 1204 4642 primus
1232 4574 1283 4627 in
1331 4580 1597 4643 quartum,
1650 4572 1788 4641 quod
1820 4572 1923 4626 hoc
2027 4576 2260 4645 negatio,
2295 4576 2652 4645 permanebit.
2713 4575 2818 4631 Sed
2873 4590 2942 4630 ne
2990 4576 3127 4630 forte
3182 4590 3279 4629 nos
3318 4576 3603 4631 conturbet

349 4664 514 4719 modo
561 4665 806 4735 liquebit.
828 4664 884 4721 Si
922 4665 1041 4736 quis
1080 4680 1207 4736 ergo
1245 4665 1378 4720 duas
1416 4666 1548 4721 istas
1585 4665 1916 4720 concesserit
2026 4666 2165 4735 quod
2197 4667 2330 4722 alios
2352 4669 2611 4722 terminos
2653 4667 2705 4722 in
2738 4667 3060 4724 resolvenda
3107 4668 3264 4722 modo
3302 4668 3601 4738 posuimus,

350 4757 745 4827 propositiones
771 4797 788 4823 ,
829 4757 881 4812 id
912 4764 1011 4824 est,
1038 4772 1197 4813 omne
1241 4756 1439 4813 bonum
1490 4756 1660 4812 virtus
1706 4764 1826 4824 est,
1868 4764 1924 4812 et
2027 4773 2183 4829 quam
2225 4761 2474 4830 superius
2514 4760 2570 4815 in
2621 4760 2995 4830 disponendo;
3029 4775 3133 4815 non
3166 4760 3307 4814 enim
3357 4761 3518 4813 modo
3553 4761 3603 4811 in

350 4846 623 4918 quoddam
649 4848 849 4918 justum
871 4850 1042 4904 virtus
1072 4864 1177 4903 non
1219 4858 1333 4915 est,
1364 4864 1582 4906 necesse
1611 4857 1692 4905 est
1713 4863 1924 4920 quoque
2029 4854 2268 4908 terminis
2303 4854 2634 4916 laboramus,
2665 4855 2760 4908 sed
2806 4854 2859 4908 in
2889 4853 3069 4923 ﬁguris
3099 4867 3147 4907 et
3174 4851 3345 4907 modis
3374 4861 3427 4905 et
3447 4865 3604 4903 com-

350 4939 750 4995 conclusionem
794 4938 1062 4995 concedat
1116 4956 1235 5010 qua:
1280 4949 1366 4995 est
1397 4983 1412 5010 ,
1461 4941 1725 5011 quoddam
1767 4941 1925 5011 igitur
2029 4945 2368 5014 plexionibus
2403 4944 2776 5001 construendis
2812 4953 2969 5015 atque
3015 4942 3343 4999 resolvendis
3380 4954 3603 5009 operam

344 5026 549 5097 justum
581 5028 775 5085 bonum
799 5044 905 5085 non
930 5039 1032 5085 est.
1070 5030 1199 5085 Nam
1227 5031 1274 5087 si
1303 5031 1417 5086 haec
1442 5032 1571 5086 falsa
1599 5042 1715 5097 est,
1746 5032 1847 5087 erit
1873 5032 1922 5088 ei
2027 5037 2417 5091 consumimus.
2450 5036 2648 5092 Eodem
2674 5035 2834 5090 tnodo
2854 5045 2906 5089 et
2944 5035 3119 5091 caeteri
3142 5030 3386 5089 secunda:
3414 5030 3598 5100 ﬁgurtu

352 5120 728 5190 contrajacens
759 5137 884 5177 vera
908 5137 1026 5192 qua:
1047 5131 1128 5177 est
1155 5163 1169 5187 ,
1201 5136 1360 5177 omne
1378 5123 1577 5193 justum
1606 5123 1799 5177 bonum
1819 5132 1922 5192 est,
2032 5128 2085 5183 in
2117 5129 2315 5199 primos
2346 5137 2571 5200 quatuor
2600 5124 2957 5183 resolvuntur.

348 5208 443 5262 sed
465 5209 608 5264 illam
629 5213 895 5267 concessit
915 5228 1033 5283 qua'
1046 5221 1126 5268 est
1151 5211 1318 5281 prima
1341 5215 1515 5284 quarti
1546 5214 1710 5286 modi,
1739 5215 1789 5271 id
1817 5223 1923 5282 est,

815 5329 985 5384 Omne
1010 5330 1205 5384 bonum
1226 5330 1393 5385 virtus
1418 5340 1500 5385 est
2004 5314 2190 5391 eadem
2374 5336 2547 5392 Omne
2576 5335 2771 5392 bonum
2803 5336 2968 5390 virtus
2991 5341 3090 5390 est.

809 5421 1084 5488 Quoddam
1110 5420 1515 5492 justum‘virtus
1538 5440 1643 5480 non
1673 5434 1754 5481 est
2356 5428 2744 5497 Omnejttstum
2774 5427 2968 5480 bonum
2996 5434 3096 5479 est.

816 5515 1094 5583 Quoddam
1119 5517 1279 5586 igitur
1299 5516 1501 5586 justum
1528 5519 1725 5574 bonum
1748 5536 1850 5575 non
1882 5531 1965 5578 est
2358 5520 2530 5577 Omne
2559 5521 2719 5592 igitur
2742 5522 2942 5590 justum
2972 5517 3138 5571 virtus
3165 5520 3264 5568 est.

347 5624 563 5685 'l'ertius
586 5633 834 5693 secundae
875 5635 1055 5705 ﬁgura:
1098 5635 1286 5691 modus
1307 5636 1543 5692 secundo
1587 5637 1769 5706 prima:
1800 5637 1930 5709 ﬁgu-
2036 5637 2552 5695 modiconcesserit.
2601 5632 2973 5704 particularem
3020 5644 3230 5699 quoque
3260 5636 3593 5697 negationem

349 5734 423 5774 rte
464 5721 624 5780 modo
653 5723 732 5779 sic
780 5724 1107 5783 resolvitur:
1141 5727 1187 5781 si
1228 5728 1346 5793 qu's
1388 5725 1517 5781 duas
1547 5728 1747 5798 primas
1779 5729 1918 5783 tcrtii
2030 5728 2337 5795 u~ncludet,
2363 5743 2481 5797 quae
2507 5734 2611 5795 est,
2636 5724 2899 5796 quoddam
2946 5722 3107 5793 igitur
3146 5722 3344 5793 justum
3396 5718 3593 5773 bonum
