4112 6332
536 329 634 384 827
1765 329 1854 384 AN
1892 326 2094 384 MANL.

2206 324 2282 384 ιν.
2325 323 2540 381 BOETII

3663 327 3763 382 823

535 460 642 499 non
671 453 772 500 est.
796 443 924 500 Nam
948 447 992 501 si
1020 445 1132 500 hazc
1153 446 1283 500 falsa
1303 453 1406 511 εει,
1433 458 1559 498 vera
1581 442 1681 497 erit
1705 443 2092 511 contrajaeens,
2129 444 2177 502 Α
2204 457 2342 496 nunc
2398 456 2528 496 vero
2580 439 2779 493 nullum
2833 438 3030 506 justum
3073 439 3268 494 malum
3331 447 3446 503 εει,
3493 439 3627 493 duas
3664 439 3763 493 sibi

534 549 652 601 quae
681 544 780 601 est,
805 550 962 590 omne
979 536 1180 604 justum
1204 537 1396 590 bonum
1421 544 1520 588 cst.
1546 533 1650 588 Sed
1671 534 1829 587 etiam
1856 534 1942 587 illa
1972 548 2100 587 con-

532 641 683 682 cessa
716 638 824 695 est,
854 644 972 696 qua:
1003 637 1116 695 est,
1169 628 1369 683 nullum
1401 627 1598 680 bonum
1641 625 1835 678 malum
1864 634 1966 679 εει.
2023 625 2100 678 Ex

533 719 615 772 his
648 733 776 788 ergo
803 719 1096 787 colligitur,
1131 721 1331 773 nullum
1362 719 1521 786 igitur
1545 717 1745 786 justum
1773 716 1964 769 malum
1996 725 2096 770 est.

531 811 632 864 Sed
666 812 810 880 prius
839 825 1087 866 concessa
1117 820 1251 874 erat,
1274 809 1538 879 quoddam
1559 808 1758 876 justum
1781 807 1973 860 malum
1998 814 2100 870 εει,

997 903 1205 956 Nullum
1232 903 1425 956 bonum
1454 901 1649 954 malum
1672 908 1752 952 εει

990 995 1260 1061 Quoddam
1279 994 1477 1063 justum
1501 991 1694 1044 malum
1719 997 1800 1043 est

2175 909 2449 949 concessa:

2168 985 2460 1054 contrajac.

2201 532 2646 600 contrajacentes,
2678 545 2778 582 uno
2803 537 3035 598 tempore
3060 529 3319 594 concedit,
3356 529 3494 599 quod
3522 529 3633 584 ﬁeri
3663 543 3766 582 non

2204 630 2394 692 potest.
2446 621 2664 676 Sublata
2710 618 2864 688 igitur
2916 618 3197 672 universali
3259 617 3620 680 conclusione,
3651 631 3768 685 qua:

2204 723 2314 776 est,
2346 726 2502 765 omne
2525 710 2724 780 justum
2760 710 2952 762 bonum
2975 716 3080 773 est,
3110 707 3402 762 remanebit
3439 705 3768 775 particularis

2208 803 2437 872 negatio,
2464 816 2581 870 qua:
2609 809 2720 864 εει,
2750 799 3013 867 quoddam
3037 800 3236 867 justum
3264 798 3460 851 bonum
3488 810 3592 850 non
3618 803 3724 849 εει.

2735 890 2944 944 Nullum
2970 891 3162 944 bonum
3194 888 3390 942 malum
3415 897 3521 941 est.

2736 981 2904 1036 Omne
2924 981 3124 1050 justum
3155 981 3350 1035 bonum
3383 987 3484 1031 est.

991 1087 1263 1153 Quoddam
1288 1086 1658 1155 igiturjustum
1683 1085 1875 1137 bonum
1902 1098 2006 1136 non
2025 1091 2126 1150 est,
2161 1090 2387 1150 permut.
2408 1077 2697 1147 contrajac.
2725 1077 2933 1130 Nullum
2953 1088 3081 1142 ergo
3102 1073 3300 1141 justum
3330 1069 3524 1123 malum
3556 1076 3662 1121 εει.

534 1177 814 1233 Secundus
874 1178 1120 1232 secunda:
1181 1178 1361 1246 ﬁgura:
1409 1177 1461 1230 in
1492 1178 1648 1231 tertio
1698 1176 1882 1242 primae
1925 1173 2103 1241 ﬁgura:

531 1271 692 1324 modo
734 1271 810 1323 sic
856 1269 1174 1323 resolvitur:
1217 1269 1259 1323 si
1310 1268 1426 1336 quis
1465 1268 1595 1321 duas
1637 1265 1884 1320 secunda:
1923 1265 2104 1332 ﬁgura:

531 1359 924 1427 prapositiones
949 1360 1296 1421 concesserit,
1326 1357 1719 1412 conclusionem
1749 1370 1956 1425 quoque
1977 1368 2104 1408 con-

533 1448 692 1514 cedit,
724 1463 840 1517 quae
859 1457 960 1514 est,
991 1449 1146 1517 igitur
1175 1450 1371 1515 justum
1396 1447 1589 1500 bonum
1620 1455 1719 1500 est.
1767 1443 1898 1498 Nam
1921 1444 1965 1498 si
1988 1443 2103 1496 hac

532 1538 661 1591 falsa
684 1548 792 1604 est,
819 1538 921 1592 erit
948 1554 1072 1592 vera
1104 1539 1472 1606 eontrajaeens
1501 1537 1548 1591 ei
1591 1533 1926 1604 particularis
1957 1533 2104 1586 afﬁr-

532 1629 712 1697 matio,
743 1629 1005 1699 quoddam
1044 1629 1242 1695 justum
1295 1629 1489 1682 bonum
1534 1636 1634 1682 εει.
1678 1625 1782 1682 Sed
1809 1625 1948 1680 idem
1974 1638 2100 1678 con-

995 1719 1165 1773 Omue
1192 1718 1388 1771 bonum
1419 1719 1585 1770 virtus
1612 1725 1695 1771 εει

988 1810 1193 1862 Nullum
1214 1810 1414 1878 justum
1439 1810 1604 1864 virtus
1631 1817 1732 1873 εει,
1758 1814 1972 1861 contra-

982 1904 1191 1958 Nullum
1213 1905 1410 1973 justum
1443 1904 1640 1958 bonum
1672 1912 1784 1968 εει,
1820 1909 2050 1970 permut.
2118 1897 2133 1912 ‘

535 1995 738 2053 Primus
765 1998 889 2051 item
924 1997 1169 2052 secundae
1198 1997 1378 2066 ﬁgura:
1411 1998 1460 2049 in
1491 2003 1737 2064 quartum
1766 1993 1948 2061 primat
1976 1992 2107 2060 ﬁgu-

2010 1726 2280 1768 concessae

2213 1172 2374 1226 cessit
2403 1170 2544 1224 illam
2570 1183 2689 1238 qua:
2719 1177 2832 1232 est,
2879 1180 3037 1221 omne
3082 1165 3275 1218 bonum
3300 1162 3464 1215 virtus
3500 1168 3613 1222 est,
3643 1172 3768 1211 con-

2208 1261 2387 1316 cludat
2408 1273 2628 1314 necesse
2655 1266 2756 1322 est,
2805 1255 3069 1325 quoddam
3103 1253 3302 1322 justum
3329 1251 3500 1304 virtus
3525 1256 3629 1315 est,
3672 1247 3763 1316 qui

2205 1351 2314 1419 jam
2345 1358 2469 1402 ante
2498 1353 2838 1401 concesserat
2887 1341 3173 1397 secundam
3214 1337 3431 1394 secundi
3474 1336 3619 1390 modi
3651 1350 3770 1403 qua:

2211 1453 2313 1505 est,
2354 1440 2553 1494 nullum
2600 1439 2798 1506 justum
2826 1435 2991 1488 virtus
3021 1441 3131 1496 est,
3180 1433 3311 1484 duas
3351 1427 3774 1497 contrajacentes

2212 1551 2317 1590 uno
2342 1543 2580 1603 tempore
2610 1531 2874 1600 concedit,
2900 1529 3038 1598 quod
3069 1528 3180 1581 ﬁeri
3213 1540 3317 1580 non
3345 1531 3539 1594 potest.

2711 1708 2881 1763 Omne
2911 1706 3109 1759 bonum
3135 1703 3296 1756 virtus
3326 1706 3424 1754 εει.

2290 1803 2652 1872 contrajacen.
2708 1797 2983 1865 Quoddam
3012 1797 3211 1865 justum
3245 1793 3440 1845 bonum
3472 1795 3574 1843 est.

2283 1896 2460 1965 jacen.
2701 1889 2978 1957 Quoddam
3007 1888 3208 1958 justum
3233 1885 3400 1938 virtus
3427 1889 3531 1936 εει.

2214 1990 2373 2057 igitur
2397 1987 2606 2058 justum
2643 1982 2840 2038 malum
2869 1997 2972 2036 non
2999 1988 3123 2045 εει,
3174 1976 3262 2046 qui
3283 1985 3406 2030 ante
3435 1977 3774 2028 concesserat

535 2103 610 2143 ra:
635 2089 710 2142 sic
733 2089 1018 2142 resolvitur
1043 2107 1054 2140 :
1086 2088 1174 2157 qui
1199 2088 1442 2142 concedit
1472 2086 1600 2140 duas
1631 2085 1787 2153 primi
1815 2081 1956 2137 modi
1981 2094 2078 2151 pro
2136 2103 2182 2161 Β
2212 2080 2350 2134 illam
2377 2094 2495 2148 qua:
2522 2086 2624 2142 est,
2651 2073 3029 2142 omne'justum
3048 2069 3242 2125 malum
3269 2078 3369 2122 est.
3399 2064 3516 2120 Uno
3538 2073 3776 2129 tempore

533 2179 852 2247 positiones,
903 2179 1163 2233 concedat
1200 2193 1419 2233 necesse
1468 2186 1630 2232 estet
1673 2174 2094 2230 conclusionem.

533 2271 661 2324 Nam
686 2273 728 2325 si
753 2272 839 2325 illa
863 2272 995 2326 falsa
1027 2281 1142 2337 est,
1173 2273 1276 2327 erit
1305 2287 1428 2327 vera
1459 2271 1828 2339 contrajacens
1855 2268 1904 2321 ei
1935 2265 2100 2334 parti-

529 2359 724 2414 cularis
753 2361 1071 2415 afﬁrmativa
1094 2377 1215 2430 qum
1243 2371 1326 2417 est
1346 2404 1360 2427 ,
1393 2361 1644 2431 quiddam
1685 2359 1882 2429 justum
1907 2358 2100 2412 bonum

532 2457 635 2502 est.
676 2449 779 2502 Sed
804 2450 944 2504 idem
999 2453 1266 2506 concessit
1303 2453 1446 2505 illam
1478 2467 1592 2519 quae
1620 2458 1732 2514 est,
1776 2448 1974 2502 nullum
2003 2447 2099 2500 bo-

534 2553 658 2592 num
707 2541 900 2594 malum
945 2551 1057 2607 est,
1100 2542 1384 2596 concludat
1437 2555 1656 2597 necesse
1683 2548 1782 2604 est,
1828 2535 2092 2607 quoddam

991 2633 1202 2688 Nullum
1233 2635 1429 2689 bonum
1455 2634 1654 2688 malum
1684 2641 1768 2687 est

995 2726 1163 2779 Omne
1183 2725 1382 2793 juslum
1412 2724 1608 2779 malum
1634 2733 1734 2787 est,
1767 2728 1976 2784 contra,

993 2817 1422 2886 Nullumjustum
1452 2817 1647 2871 bonum
1680 2824 1782 2878 est,
1810 2820 2038 2882 permut.

535 2903 787 2973 Sequitur
814 2913 869 2958 ut
902 2906 1070 2960 tertia:
1098 2907 1281 2975 ﬁgura:
1318 2907 1504 2961 modos
1544 2905 1610 2959 ad
1643 2904 1842 2972 primos
1872 2908 2102 2968 quatuor

533 2992 880 3056 reducamus,
931 3009 1153 3062 quorum
1195 2995 1428 3064 quinque
1466 3009 1560 3062 per
1608 2991 2012 3046 conversionem
2053 2995 2107 3040 et

535 3097 632 3150 per
662 3084 1137 3151 impossibilitatem
1169 3086 1234 3139 ad
1262 3086 1462 3154 primos
1489 3094 1715 3154 quatuor
1736 3081 2100 3145 resolvuntur,

535 3189 672 3228 unus
703 3191 828 3231 vero
854 3177 1018 3241 solus,
1068 3177 1119 3231 id
1151 3186 1233 3231 est
1263 3178 1501 3246 quintus,
1539 3190 1631 3242 per
1661 3175 1827 3228 solam
1859 3169 2108 3238 impossi-

535 3263 793 3318 bilitatem
822 3266 872 3319 in
907 3267 1080 3334 priora
1111 3267 1418 3321 resolvitur.
1471 3265 1682 3320 Primus
1715 3264 1884 3318 tertiae
1916 3259 2106 3314 modus

536 3353 718 3422 ﬁgura:
739 3356 792 3410 iu
821 3357 1032 3412 tertium
1058 3358 1240 3426 primae
1267 3358 1444 3427 ﬁgura:
1477 3358 1578 3412 hoc
1606 3356 1763 3410 modo
1785 3354 2100 3409 resolvitur:
2135 3334 2178 3394 C

991 3454 1158 3510 Omne
1187 3457 1382 3510 bonum
1412 3455 1610 3523 justum
1643 3461 1727 3508 est
1903 3456 2082 3502 manet

990 3545 1241 3611 Quaedam
1269 3546 1436 3599 virtus
1457 3544 1593 3598 bona
1622 3550 1706 3595 est

997 3638 1248 3704 Quaedam
1273 3637 1440 3691 virtus
1463 3636 1605 3704 justa
1630 3644 1713 3688 est
1903 3637 2089 3685 manet

534 3728 631 3784 Vel
659 3737 803 3785 certe
836 3730 932 3792 sic,
960 3729 1080 3795 quia
1110 3729 1354 3796 superius
1383 3726 1540 3779 talem
1571 3725 1934 3794 syllogismum
1963 3719 2100 3775 dixi-

537 3834 656 3874 mus
684 3818 922 3873 terminis
936 3817 1298 3883 commutatis,
1325 3832 1482 3885 quem
1525 3815 1837 3869 Aristoteles
1868 3810 2099 3866 dissimi-

995 3929 1163 3986 Omne
1193 3931 1388 3984 bonum
1421 3931 1588 3983 virtus
1618 3939 1699 3984 est
1876 3925 2080 3979 similes

995 4022 1271 4089 Quoddam
1301 4021 1500 4099 justum
1531 4023 1726 4076 bonum
1753 4029 1838 4074 εει
1875 4027 2130 4072 conversa

994 4115 1269 4180 Quoddam
1290 4115 1494 4184 justum
1523 4116 1692 4168 virtus
1712 4123 1796 4169 est
1867 4117 2048 4165 manet

536 4200 812 4255 Secundus
841 4203 1024 4256 modus
1055 4206 1226 4259 tertia:
1276 4205 1458 4274 ﬁgurae
1499 4205 1548 4258 in
1597 4212 1840 4273 quartum
1887 4200 2103 4254 modum

536 4292 720 4359 prima:
757 4292 936 4360 ﬁgura:
986 4293 1084 4347 hoc
1113 4295 1271 4349 modo
1306 4295 1614 4349 resolvitur.
1657 4293 1713 4347 Si
1738 4293 1879 4347 enim
1916 4291 2101 4359 prima:

533 4385 926 4453 propositiones
951 4387 1168 4441 secundi
1219 4387 1388 4442 tertiae
1417 4387 1597 4456 ﬁgura:
1628 4385 1809 4452 modi,
1851 4391 1904 4439 et
1927 4384 2100 4452 quarti

533 4476 673 4531 modi
697 4478 1083 4547 primi-ﬁgura:
1109 4487 1380 4546 maneant,
1439 4479 1616 4547 quarti
1652 4490 1783 4532 vero
1828 4474 1971 4530 modi
1995 4473 2101 4543 pri-

996 4593 1207 4648 Nullum
1234 4596 1432 4650 bonum
1457 4595 1653 4650 malum
1684 4604 1767 4649 est

988 4684 1263 4751 Quoddam
1291 4684 1492 4754 justum
1519 4685 1715 4739 bonum
1739 4694 1821 4738 est

984 4774 1258 4841 Quoddam
1284 4777 1482 4846 justum
1515 4775 1711 4828 malum
1741 4788 1845 4827 non
1873 4779 1954 4827 est
1983 4781 2162 4827 manet

528 4861 741 4918 Tertius
766 4863 951 4918 modus
977 4866 1149 4919 tertia:
1182 4866 1361 4934 ﬁgura:
1413 4867 1463 4940 in
1505 4866 1714 4920 tertium
1746 4863 1962 4919 modum
1991 4863 2098 4932 pri-

2115 2621 2318 2680 similes

1900 3549 2156 3592 conversa

2207 2172 2340 2225 duas
2364 2167 2789 2236 eontrajacentes
2818 2160 3094 2227 concedit,
3132 2159 3272 2228 quod
3307 2156 3420 2211 ﬁeri
3449 2169 3552 2208 non
3579 2159 3772 2220 potest.

2203 2260 2422 2314 Sublata
2447 2259 2604 2327 igitur
2634 2253 2940 2325 particulari
2959 2249 3311 2304 afﬁrmatione
3337 2261 3455 2315 qua:
3476 2252 3578 2308 est,
3609 2240 3775 2312 quod-

2203 2352 2325 2405 dam
2349 2350 2550 2418 justum
2583 2345 2779 2400 bonum
2799 2350 2902 2407 est,
2927 2347 3167 2396 remanet
3193 2337 3284 2394 illa
3303 2349 3422 2405 qua:
3441 2341 3542 2399 est,
3571 2329 3772 2384 nullum

2198 2441 2398 2510 justum
2429 2441 2623 2496 bonum
2655 2445 2756 2492 est.

2672 2613 2884 2668 Nullum
2914 2609 3111 2665 bonum
3141 2605 3337 2661 malum
3364 2611 3465 2657 est.

2279 2719 2640 2777 contrajacen.
2671 2701 2945 2771 Quoddam
2971 2701 3170 2770 justum
3200 2697 3396 2751 bonum
3421 2702 3521 2746 est.

2274 2802 2454 2873 jacen.
2667 2792 2944 2862 Quoddam
2963 2789 3265 2860 igitur-just.
3284 2783 3483 2839 malum
3504 2795 3607 2835 non
3620 2787 3723 2834 est.

2209 2867 2431 2948 Si'enim
2456 2885 2635 2957 [prima
2666 2880 2961 2954 propositio
3003 2877 3144 2932 tertii
3189 2873 3333 2929 modi
3366 2872 3549 2941 prima:
3592 2867 3777 2935 ﬁgura

2209 2988 2454 3045 maneat,
2483 2985 2538 3032 et
2564 2972 2794 3031 secunda
2818 2968 3112 3041 propositio
3136 2961 3468 3036 particularis
3500 2957 3640 3013 tertii
3663 2971 3776 3009 mo-

2209 3074 2260 3128 di
2286 3073 2470 3141 prima:
2497 3069 2680 3137 ﬁgurae
2715 3062 3092 3119 universaliter
3121 3063 3490 3118 convertatur,
3520 3059 3573 3106 et
3598 3049 3665 3103 sit
3692 3061 3775 3101 se-

2210 3139 2384 3217 cunda
2418 3157 2713 3229 propositio
2738 3154 2897 3224 primi
2927 3150 3073 3207 modi
3116 3148 3284 3203 tertia:
3332 3146 3533 3214 ﬁguraa,
3587 3139 3772 3194 eadem

2210 3251 2487 3308 conclusio
2517 3248 2808 3316 colligitur,
2841 3244 2892 3299 id
2923 3253 3002 3298 est
3026 3239 3306 3296 afﬁrmatio
3334 3231 3684 3307 particularis.

2260 3443 2430 3498 Omne
2450 3438 2649 3493 bonum
2669 3433 2872 3503 justum
2897 3437 2998 3485 est.

2257 3533 2428 3586 Omne
2456 3527 2654 3580 bonum
2676 3522 2843 3575 virtus
2865 3527 2963 3573 est.

2265 3622 2518 3691 Quaadam
2545 3618 2712 3672 virtus
2733 3615 2878 3684 justa
2907 3619 3005 3664 est.

2206 3716 2311 3770 lem
2343 3726 2447 3767 non
2477 3715 2642 3779 putat.

2258 3920 2429 3974 Omne
2465 3915 2661 3968 bonum
2693 3909 2862 3962 virtus
2886 3915 2986 3962 est.

2255 4012 2424 4066 Omne
2452 4007 2646 4060 bonum
2681 4001 2878 4070 justum
2903 4005 3003 4053 est.
3054 4033 3067 4036 -

2260 4100 2535 4170 Quoddam
2565 4096 2760 4164 justum
2790 4091 2956 4146 virtus
2984 4095 3084 4142 est.

2208 4207 2309 4246 mae
2336 4191 2518 4260 ﬁgurat
2547 4183 2777 4241 secunda
2799 4178 3091 4251 propositio
3134 4171 3499 4231 universaliter
3552 4182 3775 4225 conver-

2210 4259 2460 4350 tatur,ret
2484 4277 2716 4335 secunda
2745 4277 2817 4330 sit
2855 4269 3145 4342 propositio
3169 4265 3383 4324 secundi
3414 4263 3555 4320 modi
3597 4259 3765 4317 tertia

2209 4374 2412 4445 ﬁgurae,
2454 4370 2636 4426 eadem
2663 4362 2933 4422 conclusio
2954 4367 3280 4430 procreatur.

2611 4579 2821 4637 Nullum
2842 4577 3038 4632 bonum
3062 4569 3259 4627 malum
3288 4576 3394 4622 est.

2606 4759 2865 4828 Quiddam
2893 4757 3090 4826 justum
3119 4751 3314 4806 malum
3346 4760 3453 4801 non
3473 4751 3578 4799 εει.

2200 4859 2342 4915 tertii
2370 4855 2509 4911 modi
2542 4853 2726 4925 prima:
2771 4850 2950 4920 ﬁgurae
2995 4841 3328 4915 particularis
3390 4831 3774 4907 particulariter

527 4971 627 5007 ma:
656 4956 834 5024 ﬁgura:
867 4957 1166 5012 resolvitur.
1209 4958 1263 5012 Si
1287 4934 1439 5013 enim
1460 4958 1748 5027 propositio
1777 4957 1947 5026 prima
1992 4926 2098 5009 ter-
2126 4979 2179 5037 Β
2201 4957 2560 5015 convertatur,
2591 4955 2648 5002 et
2693 4944 2762 4998 sit
2789 4943 2954 5012 prima
2981 4937 3122 4992 tertii
3151 4933 3294 4990 modi
3350 4929 3520 4986 tertia
3567 4926 3769 4996 ﬁgurae,

528 5046 581 5096 tii
608 5047 789 5112 prima:
823 5047 1001 5116 ﬁgura:
1033 5048 1196 5113 modi,
1249 5060 1299 5102 et
1350 5050 1583 5104 secunda
1623 5049 1920 5118 propositio
1950 5047 2094 5103 tertii

531 5138 671 5198 modi
709 5138 877 5193 tertia:
918 5139 1098 5209 ﬁgura:
1147 5149 1390 5205 maneat,
1441 5152 1495 5196 et
1529 5141 1762 5196 secunda
1802 5139 2094 5211 propositio

990 5254 1158 5307 Omne
1186 5253 1380 5308 bonum
1411 5255 1577 5309 virtus
1601 5263 1683 5310 est

992 5344 1261 5412 Quoddam
1288 5345 1488 5414 justum
1512 5303 1708 5400 ιξᾷηἶίη
1741 5353 1823 5398 εει
1932 5303 1975 5356 Χ

2203 5053 2460 5096 conversa
2486 5033 2878 5108 particulariter
2902 5027 3178 5084 conclusio
3207 5022 3462 5081 nascitur.

2248 5252 2522 5315 Quodnam
2557 5257 2750 5300 nonum
2776 5241 2978 5311 jusmm
3005 5243 3106 5292 est.

2251 5339 2420 5394 Omne
2443 5338 2639 5392 bonum
2670 5333 2836 5388 virtus
2857 5341 2958 5387 est.

991 5437 1264 5504 Quoddam
1284 5439 1484 5509 justum
1513 5439 1682 5493 virtus
1710 5447 1809 5501 est,
1841 5451 1994 5491 versa
2027 5435 2214 5505 partic.
2243 5431 2496 5498 Quaedam
2520 5430 2689 5485 virtus
2713 5427 2854 5496 justa
2883 5432 2983 5480 est.

530 5545 756 5610 Quartus
786 5545 976 5600 modus
1006 5547 1172 5601 tertia:
1203 5549 1380 5617 ﬁgurae
1407 5550 1458 5602 in
1486 5548 1704 5614 tertium
1735 5545 1949 5600 modum
1978 5544 2091 5612 pri-

532 5652 632 5688 ma:
675 5636 852 5704 ﬁgurae
895 5637 1182 5691 resolvitur
1211 5655 1223 5690 :
1279 5639 1322 5692 si
1354 5640 1494 5692 enim
1527 5645 1871 5702 utrorumque
1907 5635 2094 5702 prima:

533 5736 780 5779 ntuncmtt
810 5728 1220 5796 propositiones,
1247 5739 1298 5784 et
1329 5728 1575 5784 secundat
1607 5727 1946 5797 particulares
1970 5739 2092 5794 par-

2203 5543 2494 5599 ticulariter
2537 5547 2948 5605 convertantur,
2994 5534 3196 5593 eaedem
3241 5526 3609 5588 conclusiones
3661 5534 3756 5579 na-

2199 5644 2437 5693 scuntur.
