4056 6330
289 381 395 437 8ἳ9

659 537 666 542 .
749 493 919 549 Omne
943 492 1140 547 bonum
1171 487 1339 543 virtus
1359 495 1441 543 est
1652 493 1834 540 manet

751 583 1028 651 Quoddam
1052 582 1252 651 justum
1282 580 1478 636 bonum
1509 587 1592 634 est
1646 577 1869 634 vertitur

747 675 1024 742 Quoddam
1051 674 1249 742 justum
1279 672 1445 727 virtus
1473 679 1554 726 est
1645 678 1822 725 manet

287 773 548 842 Reliquus
574 775 762 825 sextus
800 767 1138 837 syllogismus
1161 764 1333 819 tertiae
1372 762 1554 831 ﬁgura:
1576 761 1642 816 de
1671 761 1854 831 prima:

287 866 469 932 ﬁgura:
483 869 669 931 quarto
699 858 860 914 modo
875 864 1205 926 procreatur;
1222 853 1556 908 manentibus
1584 854 1725 908 enim
1743 855 1852 921 pri-

748 965 961 1022 Nullum
993 966 1187 1020 bonum
1215 963 1407 1017 malum
1435 973 1518 1017 est

748 1056 1023 1124 Quoddatn
1051 1056 1252 1124 justum
1285 1055 1483 1110 bonum
1515 1064 1597 1109 est

742 1148 1016 1216 Quoddam
1031 1147 1229 1215 justum
1249 1146 1445 1200 malum
1462 1161 1566 1200 non
1579 1155 1660 1200 est
1691 1155 1871 1200 manet

1437 371 1524 429 DE
1565 373 1982 431 SYLLOGISMO
2019 374 2466 434 CATEGORICO.

3428 372 3532 426 830

1994 483 2163 539 Omne
2186 486 2380 540 bonum
2413 488 2582 541 virtus
2611 493 2713 542 est.

1976 576 2275 642 'Quoddam
2307 577 2502 631 bonum
2525 578 2725 646 justum
2758 587 2858 632 est.

1995 668 2275 736 Quoddam
2303 669 2502 738 justum
2535 671 2702 725 virtus
2723 681 2824 725 εει.

1963 763 2063 815 mis
2076 775 2256 815 eorum
2277 761 2910 831 propositionibus,atque
2931 763 3178 818 secundis
3201 763 3529 832 particulari-

1966 862 2045 907 ter
2060 852 2350 906 immutatis
2370 852 2659 920 particulis,
2676 853 2725 905 in
2741 863 2964 924 utroque
2987 855 3220 908 manebit
3234 854 3525 908 conclusio.

1697 963 1884 1018 eadem
1989 961 2203 1015 Nullum
2232 959 2428 1012 bonum
2457 959 2652 1011 malum
2683 967 2784 1013 est.

1697 1063 1898 1109 mutata
1982 1053 2258 1120 Quoddam
2281 1053 2478 1105 bonum
2507 1052 2707 1121 justum
2739 1063 2839 1108 est.

1979 1143 2255 1212 Quoddam
2283 1142 2483 1211 justum
2509 1144 2702 1196 malum
2731 1159 2836 1196 non
2867 1151 2966 1198 εει.

285 1244 515 1311 Quintus
541 1250 722 1296 autem
751 1241 838 1310 qui
871 1246 1055 1306 restat,
1079 1242 1215 1293 sicut
1237 1245 1362 1293 ante
1407 1253 1501 1308 per
1530 1240 1858 1309 impossibile
1886 1245 1934 1303 Α
1964 1240 2147 1309 ﬁgurae
2176 1237 2366 1291 modus
2400 1239 2452 1291 in
2485 1239 2668 1305 prima:
2713 1237 2893 1308 ﬁgura:
2926 1240 3139 1295 modum
3172 1241 3384 1297 tertium
3432 1241 3533 1294 hoc

289 1337 564 1406 probatur,
597 1336 670 1389 ita
690 1336 849 1390 etiam
883 1348 1022 1387 nunc
1051 1347 1144 1401 per
1172 1331 1652 1402 impossibilitatem
1689 1332 1857 1386 resol-

287 1429 449 1483 vitur.
509 1427 615 1481 Sed
657 1424 1107 1496 quemadmodum
1165 1439 1298 1478 unus
1351 1424 1510 1478 fuerit
1557 1424 1856 1490 resolutus,

288 1519 478 1574 eodem
511 1517 698 1573 ordine
729 1530 914 1571 omnes
943 1516 1243 1571 resolvendi
1266 1525 1410 1570 sunt.
1442 1515 1742 1570 Resolvitur
1760 1530 1857 1568 au-

289 1617 397 1664 tem
428 1617 607 1663 sextus
641 1608 809 1662 tertia:
850 1607 1032 1676 ﬁgura:
1086 1606 1276 1660 modus
1326 1606 1378 1657 in
1438 1605 1649 1660 tertium
1675 1605 1862 1674 primae

289 1702 472 1770 ﬁgura:
526 1699 764 1753 modum.
823 1698 1051 1766 Quintus
1085 1707 1262 1751 autem
1313 1698 1482 1751 tertia:
1525 1696 1705 1765 ﬁgurae
1742 1711 1860 1750 mo-

285 1789 388 1846 dus
440 1791 719 1845 resolvitur
776 1791 828 1844 itt
890 1791 1118 1860 primum
1175 1791 1362 1858 primae
1419 1789 1617 1858 ﬁgure.
1692 1789 1862 1854 Quar-

291 1893 377 1937 tus
451 1883 619 1936 tertia:
677 1882 855 1951 ﬁgurae
916 1881 1106 1936 modus
1166 1881 1452 1936 resolvitur
1503 1882 1553 1934 in
1613 1890 1857 1951 quartum

292 1973 480 2041 prima:
527 1973 710 2042 ﬁgurae
763 1971 1001 2026 modum.
1053 1971 1266 2026 Tertius
1321 1972 1491 2026 tertiae
1518 1972 1698 2041 figurae
1746 1987 1861 2028 mo-

288 2065 393 2119 dus
444 2065 733 2119 resolvitur
789 2065 843 2119 in
911 2063 1205 2120 secundum
1265 2065 1450 2133 prima:
1507 2064 1689 2133 ﬁgurae
1743 2080 1860 2120 mo-

285 2154 435 2209 dum.
479 2155 760 2210 Secundus
814 2154 984 2211 tertiae
1033 2156 1217 2225 ﬁgura:
1257 2155 1446 2209 modus
1491 2155 1774 2210 resolvitur
1804 2158 1857 2211 in

287 2246 516 2314 primum
561 2248 746 2315 prima:
771 2247 953 2316 ﬁgura:
975 2247 1212 2302 modum.
1274 2246 1437 2301 Primi
1469 2247 1642 2302 tertia:
1673 2249 1857 2317 ﬁgura:

286 2335 434 2390 modi
475 2338 813 2392 resolvuntur
847 2337 898 2391 in
927 2337 1195 2392 secundos
1223 2339 1407 2406 prima:
1437 2337 1616 2408 ﬁgurae
1649 2339 1856 2394 modos.

1963 1332 2124 1385 modo
2159 1348 2170 1382 :
2219 1331 2262 1384 si
2303 1331 2422 1399 quis
2453 1331 2612 1400 igitur
2634 1331 2765 1385 duas
2793 1334 3182 1401 propositiones
3223 1336 3355 1388 sexti
3381 1333 3524 1387 modi

1965 1422 2135 1476 tertiae
2164 1421 2344 1490 ﬁgurae
2385 1423 2746 1486 concesserit,
2798 1424 3056 1476 concedat
3102 1425 3261 1477 etiam
3317 1437 3536 1477 necesse

1965 1525 2046 1570 est
2073 1514 2470 1568 conclusionem
2502 1529 2620 1583 qua:
2650 1526 2754 1580 εει,
2803 1513 3067 1582 quoddam
3094 1514 3294 1583 justum
3339 1515 3534 1568 malum

1968 1622 2072 1661 non
2093 1615 2194 1661 est.
2236 1606 2367 1660 Nam
2398 1606 2444 1660 si
2469 1605 2583 1659 lucc
2613 1606 2739 1659 falsa
2771 1615 2874 1671 est,
2907 1607 3008 1659 erit
3032 1621 3155 1660 vera
3171 1607 3537 1674 contrajaceus

1967 1700 2014 1754 ei
2047 1700 2231 1768 prima:
2277 1698 2459 1766 ﬁgura:
2516 1699 2660 1753 tertii
2703 1700 2842 1752 modi
2891 1699 3058 1768 prima
3103 1700 3391 1767 propositio
3419 1715 3537 1768 qua:

1967 1799 2080 1855 est,
2116 1805 2274 1844 omne
2317 1789 2518 1858 justum
2552 1789 2749 1843 malum
2798 1797 2898 1845 est.
2943 1790 3045 1845 Sed
3085 1796 3246 1844 etiam
3276 1791 3538 1844 concessit

1966 1880 2388 1948 propositionem
2418 1880 2729 1944 secundam,
2759 1895 2876 1948 quae
2902 1890 2982 1934 est
3001 1921 3016 1947 ,
3049 1879 3311 1947 quoddam
3335 1881 3531 1934 bonum

1961 1971 2164 2042 justum
2219 1980 2321 2026 est.
2395 1971 2474 2025 Ex
2523 1970 2602 2024 his
2633 1971 2794 2040 igitur
2851 1971 3108 2025 concedat
3162 1986 3379 2026 necesse
3431 1979 3532 2035 est,

1965 2063 2232 2132 quoddam
2265 2061 2462 2115 bonum
2495 2061 2697 2115 malum
2727 2069 2838 2128 est,
2885 2064 3004 2132 quia
3035 2074 3158 2117 ante
3195 2071 3536 2118 concesserat

1961 2160 2188 2230 primam
2223 2158 2640 2228 propositionem
2670 2157 2807 2212 sexti
2839 2155 2978 2209 modi
3012 2156 3181 2208 tertia:
3213 2153 3390 2221 ﬁgura:
3417 2167 3534 2219 quae

1962 2259 2080 2318 est,
2123 2249 2325 2305 nullum
2353 2250 2552 2304 bonum
2592 2249 2788 2303 malum
2818 2256 2918 2302 εει.
2962 2245 3077 2301 Uno
3131 2253 3366 2313 tempore
3404 2242 3538 2296 duas

1964 2342 2065 2396 sibi
2093 2339 2524 2408 contrajacentes
2578 2337 2859 2402 concedit,
2903 2335 3042 2406 quod
3086 2335 3198 2390 ﬁeri
3235 2348 3338 2389 non
3378 2345 3535 2401 posse

285 2425 592 2482 Resolvitur
626 2437 803 2483 autem
832 2443 927 2499 per
963 2428 1447 2498 impossibilitatem
1477 2438 1659 2485 sextus
1689 2431 1857 2484 tertiae
1889 2445 1937 2503 Β
1965 2431 2252 2502 descriptio
2278 2429 2534 2484 declarat.

531 2518 742 2574 Nullum
767 2521 963 2576 bonum
997 2521 1194 2576 malum
1225 2529 1302 2576 est
1378 2530 1595 2575 contra-

531 2613 809 2680 Quoddam
834 2615 1029 2671 bonum
1050 2616 1253 2683 justum
1279 2624 1361 2670 est
1443 2629 1715 2670 concessa:

531 2707 809 2772 Quoddam
832 2707 1030 2776 justum
1055 2707 1253 2761 malum
1278 2722 1383 2761 non
1415 2716 1497 2762 est
1585 2716 1819 2774 permut.

285 2796 398 2852 Hoc
441 2798 596 2852 modo
625 2814 810 2854 omnes
858 2800 1034 2854 caeteri
1068 2799 1210 2854 modi
1243 2799 1412 2854 tertiae
1453 2798 1635 2868 ﬁgura:
1665 2798 1716 2852 in
1747 2797 1858 2868 pri-

285 2903 402 2943 mos
431 2889 616 2945 modos
644 2891 831 2958 prima:
876 2890 1059 2958 ﬁgura:
1087 2890 1408 2954 referuntur,
1440 2887 1581 2958 quod
1620 2888 1858 2958 subjecta

285 2978 577 3048 descriptio
622 2980 879 3044 declarat,
910 2981 962 3032 in
1009 2995 1111 3048 qua
1143 2979 1289 3048 prior
1335 2981 1574 3049 quintus,
1624 2981 1711 3047 qui
1766 2995 1858 3049 per

534 3071 810 3138 Quoddam
843 3073 1037 3125 bonum
1070 3071 1265 3126 malum
1297 3087 1400 3129 uon
1429 3080 1530 3137 est,
1619 3081 1839 3126 contra-

529 3163 700 3220 Omne
727 3165 920 3220 bonum
943 3165 1143 3234 justum
1159 3175 1242 3222 est
1302 3181 1573 3222 concessa:
1855 3165 1898 3218 Χ

539 3255 812 3321 Quoddam
834 3257 1032 3325 justum
1061 3258 1261 3312 malum
1284 3273 1388 3312 non
1415 3269 1499 3312 est

536 3347 706 3402 Omtte
729 3349 924 3402 bonum
948 3350 1115 3406 virtus
1141 3361 1222 3406 est
1297 3360 1510 3405 contra-

1598 3267 1829 3328 permut.

541 3438 822 3505 Quoddam
856 3441 1049 3496 bonum
1078 3441 1280 3511 justum
1311 3452 1394 3499 est
1466 3457 1740 3499 concessae
1866 3441 1909 3496 X

538 3534 812 3601 Quoddam
840 3535 1043 3602 justum
1075 3539 1241 3592 virtus
1269 3549 1349 3594 est
1435 3548 1659 3608 permut.

531 3626 805 3692 Quoddam
829 3629 1026 3683 bonum
1036 3630 1238 3696 justum
1261 3642 1344 3686 est
1420 3643 1634 3688 contra-

537 3717 703 3773 Omne
730 3720 927 3774 bonum
958 3721 1127 3777 virtus
1151 3733 1234 3778 est
1308 3739 1576 3780 concessa:
1860 3720 1908 3776 Χ

535 3811 784 3876 ρυτειιίιηι
814 3815 982 3867 virtus
1008 3813 1140 3881 just.
1176 3824 1259 3870 est
1337 3827 1566 3885 permut.

2213 2522 2509 2590 contrajac.
2536 2520 2706 2575 Omne
2723 2520 2922 2587 justum
2948 2517 3148 2571 malum
3167 2525 3269 2571 εει.

2212 2612 2488 2681 Quoddam
2523 2612 2720 2665 bonum
2745 2610 2948 2679 justum
2978 2618 3080 2663 est.

2210 2704 2391 2775 jacen.
2422 2704 2696 2771 Quoddam
2727 2703 2924 2757 bonum
2957 2700 3152 2756 malum
3184 2708 3286 2754 est.

1966 2811 2368 2854 converStonem
2399 2796 2596 2852 resolvi
2639 2810 2745 2851 non
2775 2793 2964 2864 potuit,
3015 2807 3109 2862 per
3139 2785 3535 2860 impossibilitate

1968 2898 2073 2945 tem
2105 2888 2370 2946 resolutus
2397 2896 2498 2943 est.

2192 3071 2488 3141 contrajac.
2518 3071 2690 3126 Omne
2715 3069 2914 3140 justum
2960 3069 3155 3122 malum
3180 3073 3281 3122 est.

2190 3165 2242 3219 itt
2273 3164 2528 3233 utrisque.
2558 3164 2726 3218 Omne
2755 3163 2950 3218 bonum
2979 3163 3178 3231 justum
3210 3169 3310 3216 est.

2189 3259 2367 3328 jacen.
2400 3259 2568 3310 Omne
2594 3255 2788 3308 bonum
2825 3255 3017 3308 malum
3047 3263 3148 3308 est.

2196 3349 2486 3416 contrajac.
2522 3348 2730 3401 Nullum
2755 3347 2956 3416 justum
2985 3346 3151 3400 virtus
3180 3353 3282 3400 est.

2195 3440 2249 3494 in
2280 3442 2538 3509 utrisque.
2569 3438 2842 3503 Quoddam
2877 3438 3070 3491 bonum
3099 3437 3300 3506 justum
3321 3444 3420 3492 est.

2199 3537 2374 3605 jacen.
2402 3535 2611 3589 Nullum
2641 3536 2834 3588 bonum
2867 3533 3034 3586 virtus
3064 3541 3164 3586 est.

2200 3631 2491 3699 contrajac.
2528 3628 2682 3682 Nulla
2711 3628 2880 3680 virtus
2904 3627 3046 3696 justa
3071 3634 3153 3679 est

2205 3721 2259 3774 in
2292 3721 2546 3788 utrisque.
2571 3719 2740 3773 Omne
2766 3718 2960 3772 bonum
2989 3718 3156 3770 virtus
3186 3723 3286 3770 est.

2190 3817 2367 3887 jacen.
2394 3814 2603 3868 Nullum
2627 3813 2822 3866 bonum
2852 3809 3052 3878 justum
3085 3818 3186 3861 est.

291 3925 345 3978 In
368 3921 694 3978 resolutione
724 3923 869 3979 modi
897 3927 1117 3979 secundi
1146 3927 1317 3981 tertia:
1348 3927 1529 3998 ﬁgura:
1555 3929 1605 3984 in
1631 3930 1856 3998 primum
1887 3932 1931 3994 C
1969 3929 2082 3986 ﬁeri
2114 3928 2314 3998 nequit.
2341 3927 2618 3994 Nunquam
2647 3922 2789 3979 enim
2815 3919 2935 3975 duae
2965 3917 3246 3974 contraria:
3275 3931 3380 3970 uno
3410 3923 3543 3970 tem-

290 4013 507 4066 modum
559 4013 743 4081 prima:
789 4015 993 4084 ﬁgurze,
1046 4017 1160 4072 lucc
1213 4018 1610 4088 impossibilitas
1659 4024 1858 4089 evenit,

291 4105 432 4172 quod
477 4104 609 4160 duas
653 4107 947 4160 contrarias
979 4123 1082 4161 uno
1113 4117 1351 4177 tempore
1395 4112 1663 4178 concedit,
1721 4115 1862 4182 quod

541 4195 748 4248 Nullum
775 4196 970 4251 bonum
996 4198 1194 4254 malum
1223 4209 1304 4253 est
1387 4211 1602 4258 contra-

540 4289 708 4343 Omne
737 4289 932 4344 bonum
961 4291 1160 4359 justum
1189 4301 1270 4347 est
1360 4308 1632 4350 concessae

538 4381 811 4446 Quoddam
839 4381 1039 4449 justum
1070 4382 1265 4436 malum
1295 4399 1398 4438 non
1425 4395 1508 4439 est
1595 4395 1823 4455 permut.

1966 4037 2097 4092 pore
2125 4021 2281 4077 simul
2308 4034 2446 4074 vera:
2475 4015 2832 4071 invenientur.

2202 4200 2492 4270 contrajac.
2524 4199 2696 4253 Omne
2720 4197 2920 4266 justum
2951 4196 3144 4249 malum
3171 4202 3274 4250 est.

2213 4297 2266 4350 2n
2295 4295 2557 4360 utrisque.
2579 4291 2751 4346 Omne
2773 4289 2966 4344 bonum
2993 4289 3196 4358 justum
3226 4297 3331 4345 est.

2207 4387 2322 4440 riae.
2354 4383 2564 4438 Nullum
2591 4382 2788 4436 bonum
2818 4380 3019 4450 justum
3050 4390 3151 4436 εει.

293 4495 360 4551 Et
406 4497 458 4550 in
507 4498 748 4566 sequenti
795 4511 1004 4566 quoque
1056 4500 1363 4568 syllogismo
1416 4499 1549 4554 duas
1604 4500 1871 4571 concedit,
1903 4501 2041 4571 quod
2068 4501 2392 4570 impossibile
2422 4508 2520 4552 εει.

550 4591 721 4644 Omne
751 4591 948 4643 bonum
974 4589 1172 4658 justum
1201 4601 1281 4645 est
1353 4602 1571 4647 contra-

537 4680 707 4734 Omne
727 4681 924 4735 bonum
946 4682 1114 4738 virtus
1143 4692 1226 4738 est
1298 4700 1567 4740 concessa:
1865 4685 1909 4742 Χ

538 4774 792 4840 Quzedam
821 4778 985 4832 virtus
1011 4778 1152 4847 justa
1181 4787 1264 4833 est
1336 4787 1572 4847 permut.

289 4883 398 4940 Nec
429 4897 526 4940 nos
555 4883 684 4938 illud
742 4887 938 4952 turbet,
977 4887 1118 4956 quod
1169 4889 1219 4941 iu
1249 4890 1565 4958 quibusdam
1595 4889 1862 4944 contraria
1895 4894 1905 4902 '

292 4977 588 5044 propositio
609 4985 664 5030 et
687 4977 958 5031 conclusio
985 4977 1275 5046 invenitur,
1308 4980 1361 5034 in
1389 4979 1708 5050 quibusdam
1739 4996 1866 5036 vero

291 5067 679 5136 contrajaceus.
724 5069 962 5140 Namque
1007 5072 1284 5141 aequaliter
1339 5075 1574 5142 peccavit
1622 5083 1727 5128 tam
1777 5075 1866 5144 qui

295 5166 544 5228 utrasque
573 5161 872 5216 contrarias
918 5161 1275 5226 concesserit,
1306 5177 1463 5230 quam
1516 5164 1562 5218 si
1618 5172 1870 5234 utrasque
1899 5153 1951 5212 D

547 5251 717 5308 Omtte
746 5254 942 5307 bonum
972 5253 1137 5307 virtus
1165 5262 1248 5308 est
1320 5263 1532 5308 contra-

540 5343 706 5399 Omne
735 5343 930 5398 bonum
956 5343 1157 5411 justum
1183 5350 1266 5398 est
1337 5358 1610 5399 concessae

542 5437 816 5504 Quoddam
836 5437 1038 5506 justum
1068 5437 1239 5491 virtus
1271 5447 1352 5491 est
1446 5446 1657 5506 permut

294 5547 419 5603 llaec
437 5547 503 5602 de
520 5545 954 5617 Categoricorum
981 5547 1422 5616 Syllogismorum
1451 5547 1862 5612 introductiono,

295 5638 635 5693 Aristotelem
681 5639 963 5707 plurimum
1007 5652 1257 5706 sequens,
1305 5650 1359 5693 et
1388 5638 1561 5707 aliqua
1597 5637 1663 5692 de
1691 5637 1866 5693 Theo-

294 5729 513 5796 phrasto
547 5737 600 5782 et
653 5728 949 5800 Porphyrio
1002 5736 1298 5792 mutuatus,
1330 5737 1582 5797 quantum
1635 5729 1864 5798 parcitas

295 5818 658 5877 introducendi
704 5819 962 5893 permisit,
1012 5819 1266 5891 expressi.
1299 5819 1351 5876 Si
1385 5833 1485 5890 qua
1534 5835 1659 5876 vero
1691 5817 1864 5875 desint

2204 4591 2494 4658 contrajac.
2523 4587 2674 4643 Nulla
2704 4588 2873 4642 virtus
2892 4588 3066 4657 justus
3095 4597 3194 4642 est.

2205 4689 2256 4740 in
2290 4685 2546 4753 utrisque.
2581 4681 2750 4737 Omne
2781 4683 2978 4736 bonum
3002 4681 3167 4738 virtus
3193 4693 3296 4739 est.

2211 4781 2326 4834 riae.
2357 4777 2566 4831 Nullum
2599 4776 2792 4829 bonum
2818 4775 3020 4843 justum
3049 4785 3150 4831 est.

1972 4889 2416 4961 contrajacentes.
2451 4887 2579 4943 Nam
2630 4904 2735 4957 quo
2775 4889 2935 4945 modo
2963 4890 3386 4960 contrajacentcs
3438 4903 3542 4942 uno

1977 4991 2216 5049 tempore
2244 4995 2383 5035 vera:
2415 4984 2535 5035 e'sse
2578 4997 2681 5036 non
2718 4989 2940 5050 possunt
2971 4996 3221 5052 unquam,
3257 4982 3334 5036 sic
3381 4979 3544 5036 etiam

1979 5074 2280 5130 contraria.

2209 5256 2496 5326 contrajac.
2531 5255 2738 5310 Nullum
2772 5258 2971 5326 justum
3005 5255 3170 5309 virtus
3197 5264 3299 5308 est.

2211 5345 2262 5399 iu
2289 5345 2545 5416 utrisque.
2573 5344 2743 5402 Omne
2772 5346 2966 5399 bonum
2991 5344 3192 5413 justum
3223 5350 3325 5397 est.

2219 5439 2330 5492 ria).
2366 5438 2578 5492 Nullum
2606 5439 2803 5492 bonum
2836 5438 3002 5490 virtus
3042 5443 3145 5488 est.

1973 5548 2026 5602 in
2048 5546 2334 5616 Anatyticis
2356 5547 2550 5602 nostris
2570 5545 2821 5601 calcatius
2843 5544 3223 5612 exprimemus.
3250 5541 3400 5597 Nunc
3421 5557 3554 5599 vero

1971 5646 2227 5706 quantum
2276 5638 2339 5691 ad
2388 5640 2557 5692 solam
2609 5635 3044 5704 Categoricorum
3101 5634 3547 5702 Syllogismorum

1971 5727 2194 5782 formam
2253 5727 2568 5796 spectabat,
2620 5725 2912 5796 perfectum
2955 5724 3040 5778 hic
3085 5723 3238 5778 nobis
3273 5732 3374 5787 est,
3403 5733 3456 5778 ει
3480 5723 3546 5777 ad

1969 5819 2233 5875 cumulum
2260 5818 2663 5877 introductionis
2679 5815 3027 5872 elaboratum.
3048 5813 3153 5873 Nec
3170 5810 3270 5869 hoc
3295 5823 3395 5866 nos
3423 5820 3552 5876 pcr-
