4056 6330
513 338 611 395 851

1723 333 1832 388 ΑΝ.
1874 320 2075 387 MANL.
2118 319 2271 386 SEV.
2313 322 2534 386 BOETII

3662 331 3759 384 832

514 451 713 516 turbet,
742 449 788 504 si
809 463 925 517 quat
942 446 1026 501 hic
1052 444 1441 515 propositiones
1465 452 1521 498 et
1546 444 1914 498 conclusiones
1936 442 2081 496 falsa:
2116 446 2158 504 Α
2187 442 2417 496 studium
2464 440 2646 511 logica:
2695 438 2990 508 disciplina:
3043 436 3424 508 disputationis
3489 437 3760 493 subtilitas

514 549 661 604 sunt,
693 538 1117 607 quandoquidem
1164 552 1268 589 noti
1313 535 1563 589 veritates
1592 550 1790 597 rerum,
1819 534 1915 589 sed
1945 548 2078 589 con-

517 631 773 685 nexiones
798 629 1222 701 syllogismorum
1255 626 1447 695 ﬁguras
1468 637 1520 681 et
1543 627 1729 681 modos
1750 626 2082 693 suscepimus

518 722 873 776 disserendas.
907 720 1034 775 Nam
1064 719 1146 773 his
1175 717 1418 787 cognitis.
1442 720 1483 770 si
1530 731 1663 785 quos
1691 719 1755 769 ad
1788 716 2081 784 perfecmm

542 832 2117 861 W

617 857 2104 885 Μ

531 871 611 889 μ

2191 534 2447 596 traxerit,
2505 531 2647 600 prius
2700 530 2765 583 de
2826 527 3089 598 ambiguis
3136 527 3590 596 disputationibus
3648 527 3761 580 dis-

2189 630 2342 685 cant,
2377 628 2494 686 post
2526 619 2594 672 ab
2641 616 2724 672 his
2774 618 2973 672 veritas
3015 618 3067 671 in
3110 618 3269 671 rebus
3317 615 3765 682 mendaciumque

2190 707 2544 762 meditabitur.

3564 845 3748 857 .___———

1228 991 1495 1094 ΑΝ.
1559 986 2036 1092 MANL.
2110 1002 2114 1083 1

2217 978 2464 1082 EV.
2526 978 3055 1082 BOETII

713 1227 951 1419 DE
1044 1209 2215 1350 SYLLOGISMO
2294 1210 3568 1338 HYPOTHETICO

1863 1428 2127 1507 LIBRI
2178 1424 2417 1502 DUO.

1693 1668 2058 1767 LIBER
2129 1662 2649 1767 PRIMUS.

2020 1828 2281 1846 .—_~

601 1920 736 1977 Cum
759 1917 812 1974 in
842 1917 1086 1973 omnibus
1109 1912 1455 1986 pltilosOpltize
1476 1914 1772 1983 disciplinis
1802 1912 2101 1968 ediscendis
2132 1913 2180 1972 B
2205 1906 2366 1962 certis
2390 1915 2445 1961 et
2471 1903 2849 1961 convenienter
2880 1906 3064 1975 positis
3110 1908 3561 1977 propositionibus
3602 1908 3776 1961 conti-

532 2021 691 2079 atque
754 2006 1039 2064 tractandis
1090 2021 1355 2061 summum
1403 2005 1524 2058 vita:
1572 2004 1802 2071 positum
1859 2003 2097 2055 solamen

534 2099 855 2164 existimem,
903 2106 1014 2150 tum
1064 2095 1368 2164 jucundius,
1421 2102 1478 2148 et
1520 2091 1679 2146 veluti
1710 2106 1829 2145 cum
1874 2090 2101 2159 quodam

537 2186 712 2240 fructu
764 2187 925 2240 etiam
975 2186 1171 2239 laboris
1216 2184 1413 2253 arripio
1443 2196 1560 2250 quae
1609 2188 1782 2234 tecum
1814 2179 2105 2234 communi-

534 2276 705 2331 canda
754 2291 1038 2346 compono.
1071 2275 1200 2329 Nam
1231 2275 1330 2329 etsi
1378 2274 1491 2342 ipsa
1546 2272 1839 2343 speculatio
1869 2271 2104 2324 veritatis

534 2382 630 2422 sua
653 2368 883 2438 quadam
903 2368 1081 2437 specie
1110 2362 1358 2421 Sectanda
1388 2375 1489 2432 est,
1526 2363 1583 2418 fit
1622 2373 1798 2418 tamen
1826 2363 2105 2418 amabilior

535 2474 657 2513 cum
680 2458 736 2512 in
763 2472 1046 2514 commune
1076 2455 1372 2512 deducitur.
1401 2454 1610 2509 Nullum
1640 2456 1779 2509 enim
1810 2455 2003 2506 bonum
2026 2459 2107 2506 est

536 2548 679 2618 quod
710 2563 815 2604 non
845 2547 1123 2618 pulchrius
1150 2548 1437 2611 elucescat,
1482 2547 1527 2600 si
1554 2547 1897 2616 plurimorum
1924 2545 2107 2599 notitia

536 2639 935 2707 comprobetur.
959 2637 1091 2693 Nam
1116 2638 1256 2707 quod
1294 2638 1425 2691 alias
1452 2638 1810 2691 taciturnitate
1833 2650 2107 2704 compres-

541 2743 680 2795 sum,
707 2728 815 2797 jam
832 2728 1049 2797 jamque
1076 2728 1287 2783 silentio
1314 2729 1631 2796 periturUm,
1676 2728 1829 2781 latius
1868 2726 2110 2781 efﬂores-

538 2821 634 2881 eit,
659 2826 710 2872 et
738 2817 1023 2874 oblivionis
1044 2820 1263 2873 interitu
1290 2819 1574 2872 scientidm
1604 2816 2005 2888 participatione
2028 2816 2114 2870 de-

541 2909 793 2977 fenditur,
846 2910 905 2965 ﬁt
930 2926 1139 2980 quoque
1161 2909 1446 2978 jucundior
1475 2910 1786 2978 disciplina,
1821 2923 1941 2962 cum
1974 2894 2114 2962 inter

542 3000 781 3067 ejusdem
831 3002 1103 3069 sapientia:
1134 3006 1376 3055 conscios
1421 3001 1573 3069 jubet
1611 3016 1731 3055 esse
1762 3001 2054 3067 sapientem
2089 3018 2102 3053 :

542 3092 684 3159 quod
711 3090 755 3144 si
778 3090 991 3144 accedat
1023 3095 1104 3153 (ut
1134 3100 1306 3144 tecum
1339 3091 1468 3144 mihi
1498 3106 1636 3144 nunc
1658 3105 1745 3145 res
1775 3090 1878 3160 εει)
1911 3106 1973 3145 ea
1996 3105 2114 3160 qua:

548 3189 741 3247 sponte
790 3178 1018 3247 jocunda
1042 3186 1164 3232 sunt
1190 3180 1241 3232 in
1270 3179 1517 3233 amicitize
1547 3179 1993 3249 participationem
2022 3179 2114 3234 de-

2205 2009 2380 2054 netur.
2419 1996 2716 2066 Propositio
2744 2011 2873 2051 vero
2903 1998 3077 2052 omnis
3108 2009 3196 2052 aut
3223 1999 3521 2070 categorica
3551 2009 3636 2053 est
3661 2015 3779 2067 qua

2205 2090 2543 2161 prmdieativa
2574 2088 2787 2154 dicitur,
2815 2098 2906 2143 aut
2937 2090 3270 2159 hypothetiea
3302 2106 3419 2159 qua:
3446 2089 3779 2144 conditiona-

2205 2181 2268 2234 lis
2299 2189 2544 2241 vocatur;
2582 2176 2921 2246 praedicativa
2964 2187 3045 2233 est
3076 2179 3127 2232 in
3157 2194 3258 2247 qua
3287 2179 3426 2233 aliud
3460 2179 3782 2248 praedicatur

2206 2274 2273 2329 de
2311 2273 2434 2336 alio,
2468 2274 2568 2326 hoc
2599 2271 2756 2326 modo
2790 2290 2801 2325 :
2840 2271 3000 2325 homo
3022 2273 3214 2325 animal
3253 2280 3357 2339 est,
3382 2272 3471 2327 hic
3497 2271 3645 2327 enim
3668 2272 3785 2324 ani-

2206 2364 2311 2417 mal
2345 2362 2413 2416 de
2440 2361 2653 2415 homine
2681 2361 3021 2430 praedicatum
3046 2370 3153 2427 est;
3187 2362 3526 2433 hypothetira
3559 2372 3643 2416 est
3664 2376 3783 2431 qua

2206 2469 2327 2509 cum
2371 2452 2599 2522 quadam
2644 2451 2946 2506 conditione
2994 2452 3271 2507 denuntiat
3321 2466 3442 2506 esse
3486 2451 3689 2521 aliquid
3736 2451 3781 2503 si

2209 2545 2367 2599 fuerit
2392 2543 2555 2608 aliud,
2589 2544 2748 2597 veluti
2789 2558 2908 2597 cum
2937 2544 3007 2598 ita
3038 2544 3264 2598 dicimus
3294 2561 3308 2595 :
3336 2543 3380 2597 si
3408 2543 3527 2598 dies
3554 2552 3661 2606 est,
3696 2542 3783 2595 lux

2209 2645 2310 2690 est.
2344 2632 2705 2705 Hypotbetice
2734 2642 2909 2687 autem
2955 2634 3345 2703 pr0positioncs
3372 2648 3437 2687 ex
3468 2631 3787 2703 categoricis

2209 2740 2474 2798 constant,
2504 2740 2561 2786 ut
2582 2730 2737 2798 paulo
2766 2733 3029 2799 posterius
3054 2730 3349 2800 apparebit.
3380 2745 3487 2799 quo
3518 2730 3581 2784 ﬁt
3606 2739 3663 2783 ut
3681 2731 3782 2800 δτι.

2212 2823 2469 2891 logismus
2508 2821 2593 2889 qui
2622 2835 2685 2874 ex
2717 2820 3033 2890 categoricis
3063 2821 3517 2889 pr0positionihus
3567 2821 3781 2890 junctus

2212 2922 2293 2968 est
2320 2910 2656 2980 eategoricus
2685 2911 3002 2981 appelletur,
3045 2913 3096 2965 id
3144 2920 3226 2965 est
3256 2911 3638 2981 prmdieativas
3667 2912 3785 2979 qui—

2213 3003 2369 3068 dem,
2400 3002 2488 3071 qui
2517 3016 2645 3056 vero
2682 3016 2746 3055 ex
2781 3000 3136 3072 hypotheticis
3164 3001 3622 3071 propositionibus
3659 3016 3783 3055 eou-

2214 3106 2339 3161 stat,
2387 3094 2593 3148 dicatur
2631 3092 3025 3163 hypetheticus,
3078 3092 3129 3147 id
3176 3102 3257 3147 est
3298 3092 3693 3146 conditionalis.
3722 3090 3784 3145 Ut

2217 3200 2342 3255 ergo
2372 3184 2560 3238 horum
2604 3183 3035 3254 syllogismorum
3082 3180 3377 3237 diﬁ'erentia
3426 3181 3783 3250 pervideatur,

545 3271 692 3338 duci,
735 3285 952 3325 necesse
977 3278 1059 3324 est
1105 3271 1266 3324 studii
1318 3271 1631 3325 suavitatem
1690 3270 1919 3341 quodam
1952 3269 2109 3325 veluti
2141 3257 2184 3319 C
2215 3274 2498 3345 speetanda
2525 3274 2672 3343 prius
2701 3282 2783 3328 est
2812 3287 2998 3327 eorum
3045 3272 3098 3326 in
3146 3272 3571 3341 propositionum
3606 3281 3785 3325 natura

546 3362 873 3417 dulcissimo
899 3361 1135 3416 caritatis
1185 3375 1373 3431 sapore
1401 3362 1627 3418 condiri.
1660 3362 1788 3416 Nam
1818 3379 1937 3419 cum
1974 3363 2025 3417 id
2057 3363 2108 3416 iu

550 3471 613 3509 se
642 3455 881 3510 obtineat
910 3456 1138 3510 amicitia
1191 3457 1463 3526 proprium
1494 3471 1703 3522 munus,
1737 3468 1793 3512 ut
1844 3456 1973 3510 nolit
2022 3457 2112 3509 ha-

549 3547 676 3603 bere
697 3548 963 3603 solitarius
988 3548 1359 3616 cogitationes,
1390 3558 1513 3603 tunc
1538 3550 1677 3618 quod
1708 3550 1927 3604 honeste
1970 3550 2106 3619 quis-

548 3653 652 3707 que
690 3638 905 3707 cogitat,
939 3637 1067 3692 nulli
1100 3638 1392 3707 promptius
1413 3682 1427 3701 ,
1458 3640 1554 3693 nisi
1583 3655 1735 3708 quem
1767 3640 1952 3709 diligit,
1988 3655 2115 3694 cou-

550 3728 746 3781 tltetur.
778 3725 894 3792 Quo
926 3726 1120 3781 factum
1151 3737 1232 3782 est
1273 3736 1330 3782 ut
1355 3729 1512 3782 etiam
1559 3728 1603 3782 si
1633 3730 1922 3784 immensus
1968 3729 2116 3782 labor

551 3824 729 3884 empto
776 3817 924 3884 Operi
956 3817 1094 3869 viam
1134 3817 1381 3885 negabat,
1438 3819 1647 3872 animus
1677 3826 1853 3873 tamen
1906 3819 1972 3873 ad
2000 3818 2118 3873 efﬁ-

550 3905 798 3960 ciendum
846 3904 989 3973 quod
1018 3919 1298 3973 aggressus
1342 3905 1515 3960 fuerat
1548 3908 1619 3960 tui
1670 3908 2118 3977 contemplatione

553 4006 841 4062 sufﬁceret.
873 4006 1008 4074 Quid
1054 4007 1193 4061 enim
1226 4020 1474 4075 magnum
1524 4007 1794 4062 studiosus
1849 4008 1923 4062 tui
1968 4022 2119 4061 amor

554 4100 811 4165 efﬁceret,
866 4102 910 4154 si
956 4100 1097 4155 intra
1141 4100 1411 4155 facilitatis
1459 4101 1718 4155 terminos
1745 4101 2119 4155 constitisset?

555 4190 707 4254 Quod
731 4192 893 4260 igitur
912 4191 1050 4261 apud
1074 4176 1363 4257 scriptores
1385 4190 1597 4260 quidem
1624 4190 1838 4245 οι·ωοος
1866 4205 2118 4261 perquam

556 4281 861 4335 rarissimas
883 4283 1103 4336 strictim
1135 4291 1293 4351 atque
1321 4282 1562 4346 confu-e,
1594 4282 1730 4350 apud
1759 4283 1973 4338 Latinos
1995 4298 2121 4337 vero

557 4368 735 4425 nullos
769 4370 962 4439 reperi,
995 4370 1046 4424 id
1074 4380 1173 4425 tua:
1203 4371 1438 4425 scientiae
1466 4370 1787 4437 dedicatum,
1829 4381 2011 4427 noster
2037 4382 2121 4427 et-

559 4460 602 4514 si
659 4460 958 4525 diuturnus,
997 4462 1158 4529 erepti
1206 4471 1381 4515 tamen
1433 4459 1623 4516 efficax
1671 4462 1820 4517 labor
1866 4464 2119 4517 excoluit.

561 4550 692 4606 Nam
724 4566 841 4605 cum
882 4552 1302 4620 eategoricorum
1342 4551 1768 4622 syllogismorum
1796 4554 2125 4622 amplissime

564 4642 805 4695 notitiam
857 4644 1210 4711 percepisses,
1274 4641 1342 4695 de
1390 4640 1742 4712 hypotheticis
1806 4644 2125 4714 syllogismis

566 4748 710 4800 saepe
737 4734 1034 4801 qurerehas,
1064 4735 1119 4787 in
1140 4733 1331 4802 quibus
1354 4734 1419 4788 ab
1432 4734 1718 4790 Aristotele
1748 4735 1875 4790 nihil
1897 4747 1978 4792 est
1998 4744 2127 4793 con-’

560 4826 837 4892 Scriptum.
864 4825 1260 4894 The0phrastus
1281 4840 1427 4896 vero,
1448 4827 1529 4879 vir
1556 4827 1728 4880 omnis
1753 4826 2010 4884 doctrinae
2035 4845 2127 4885 ca-

560 4930 685 4983 pax,
716 4926 893 4969 rerum
918 4924 1121 4970 tantum
1152 4931 1387 4971 summas
1413 4915 1738 4986 exsequitur.
1772 4919 2036 4976 Eudemus
2062 4922 2131 4975 la-

561 5006 751 5060 tiorem
781 5005 1005 5061 docendi
1033 5006 1273 5077 graditur
1296 5008 1453 5073 viam,
1484 5007 1577 5062 sed
1610 5008 1683 5063 ita
1715 5017 1771 5063 ut
1799 5012 1960 5066 veluti
1986 5029 2128 5083 qua:-

558 5097 683 5149 dam
730 5097 1013 5151 seminaria
1064 5100 1346 5166 sparsisse,
1389 5099 1587 5153 nullum
1636 5108 1811 5155 tamen
1856 5103 2023 5174 frugis
2053 5106 2130 5159 vi-

558 5185 745 5240 deatur
799 5188 1053 5243 extulisse
1106 5200 1435 5257 proventum.
1474 5190 1579 5245 Vos
1638 5190 1818 5261 igitur,
1876 5204 2126 5262 quantum

557 5279 752 5347 ingenii
780 5280 981 5334 viribus
1002 5289 1055 5334 et
1074 5280 1316 5334 amicitia:
1346 5289 1444 5332 ture
1466 5281 1638 5334 studio
1668 5281 1987 5348 suﬁ‘ecimus,
2011 5300 2128 5354 qua:

557 5370 624 5420 ab
651 5368 755 5423 illis
784 5371 866 5424 vel
894 5370 1031 5423 dicta
1064 5371 1312 5436 breviter,
1348 5370 1429 5425 vel
1477 5371 1716 5427 funditus
1759 5374 1954 5427 omissa
1980 5385 2120 5441 sunt,

556 5458 873 5514 elucidanda
896 5460 1177 5529 diligenter
1199 5471 1251 5515 et
1272 5463 1538 5516 subtiliter
1564 5464 1925 5532 persequenda
1954 5479 2127 5518 susce-

560 5550 752 5615 pimus,
801 5549 852 5602 in
904 5565 1006 5616 qua
1058 5564 1117 5604 re
1164 5559 1429 5619 superata:
1479 5549 1804 5605 difﬁcultatis
1850 5550 2122 5619 pratmium

559 5635 693 5701 fero,
741 5638 785 5691 si
821 5639 912 5692 tibi
946 5654 1141 5694 munus
1171 5641 1422 5709 implesse
1467 5641 1649 5695 videar
1702 5640 1967 5706 amicitiae,
2023 5642 2123 5696 etsi

560 5744 663 5783 non
699 5730 881 5785 videar
908 5731 1228 5787 satisfecisse
1270 5733 1542 5789 doctrinm.
1574 5734 1758 5788 Omnis
1790 5734 2127 5803 syllogismus

2212 3366 2471 3420 discretio
2497 3381 2511 3429 ;
2541 3364 2751 3419 videtur
2778 3363 2920 3418 enim
2956 3363 3008 3418 in
3033 3363 3295 3432 aliquibus
3339 3362 3787 3431 prepositionihns

2212 3456 2345 3510 nihil
2375 3455 2591 3509 differre
2622 3454 2959 3523 pradicativa
2991 3449 3282 3523 propositio
3334 3466 3364 3506 ι
3414 3452 3782 3517 conditionali,

2212 3551 2313 3604 nisi
2336 3559 2537 3603 tantum
2557 3550 2786 3618 quodam
2808 3547 3067 3602 orationis
3090 3548 3247 3602 modo
3282 3564 3294 3599 :
3335 3545 3479 3601 velut
3500 3548 3545 3601 si
3578 3548 3697 3616 quis
3720 3546 3787 3598 ita

2214 3650 2497 3713 proponat,
2520 3643 2681 3695 homo
2709 3640 2901 3695 animal
2926 3650 3028 3706 est,
3060 3641 3111 3694 id
3133 3641 3201 3694 ita
3230 3639 3275 3693 si
3304 3652 3489 3692 rursus
3512 3638 3787 3702 enuntiet,

2213 3736 2257 3789 si
2289 3734 2450 3788 homo
2475 3743 2553 3786 est
2577 3772 2591 3795 ,
2620 3730 2813 3785 animal
2842 3739 2953 3794 est;
2986 3729 3067 3783 hac
3096 3726 3489 3798 propositiones
3525 3726 3787 3780 orationis

2215 3821 2606 3893 quodammodo
2633 3820 2857 3876 diversa:
2896 3828 3057 3885 sunt,
3092 3835 3202 3874 rem
3236 3832 3365 3874 vero
3394 3833 3500 3872 non
3549 3816 3792 3870 videntur

2217 3916 2545 3985 signiﬁcasse
2580 3915 2862 3969 diversam.
2923 3912 3157 3967 Primum
3201 3912 3359 3980 igitur
3401 3908 3684 3964 dicendum
3713 3916 3793 3962 est

2219 4007 2359 4075 quod
2385 4005 2728 4075 pratdicativa
2755 4004 3049 4073 propositio
3076 4004 3183 4056 vim
3213 4016 3364 4056 suam
3395 4016 3501 4054 non
3534 4001 3586 4054 in
3610 3999 3793 4054 condi-

2219 4104 2382 4170 tione,
2410 4102 2503 4159 sed
2532 4103 2583 4156 in
2598 4104 2709 4155 sola
2736 4102 3109 4170 praadicatione
3130 4100 3425 4165 constituit,
3452 4099 3505 4153 in
3528 4097 3790 4153 conditio-

2220 4194 2326 4247 nali
2354 4208 2485 4249 vero
2505 4193 2899 4261 consequentia:
2922 4192 3057 4246 ratio
3079 4207 3142 4246 ex
3166 4190 3467 4245 conditione
3489 4190 3790 4255 suscipitur.

2223 4283 2427 4337 Rursus
2458 4282 2801 4353 pradieativa
2829 4282 3053 4350 simplex
3090 4289 3170 4336 est
3202 4280 3512 4350 prepositio,
3538 4278 3793 4333 conditio-

2224 4374 2360 4428 natis
2389 4387 2516 4426 vero
2543 4386 2663 4426 esse
2691 4385 2795 4425 non
2831 4372 3041 4440 poterit,
3072 4370 3168 4423 nisi
3197 4384 3260 4424 ex
3291 4367 3643 4437 praedicativi
3670 4382 3794 4435 pro-

2230 4464 2583 4534 positionibus
2626 4463 3001 4531 conjungatur,
3043 4470 3099 4515 ut
3146 4473 3266 4514 cum
3308 4458 3641 4514 dicimus:si
3683 4456 3795 4511 dies

2231 4564 2334 4619 est,
2369 4554 2461 4607 lux
2490 4560 2603 4618 est;
2636 4552 2749 4605 dies
2790 4562 2893 4616 est,
2923 4561 3079 4619 atque
3121 4551 3211 4603 lux
3242 4558 3342 4616 est,
3373 4549 3491 4602 dua:
3526 4556 3653 4601 sunt
3680 4561 3795 4617 pro-

2232 4645 2523 4715 positiones
2554 4643 2928 4712 praedicativte,
2957 4642 3007 4697 id
3024 4652 3105 4697 est
3127 4641 3422 4710 simplices;
3447 4641 3510 4693 ad
3541 4640 3642 4694 hoc
3671 4639 3798 4693 illud

2235 4746 2337 4802 est,
2388 4750 2492 4805 quo
2520 4734 2752 4789 maxime
2779 4733 3076 4787 declaratur
3114 4741 3457 4798 utrorumque
3479 4730 3796 4799 proprietas,

2182 4878 2183 4881 η
2233 4826 2375 4895 quod
2428 4825 2766 4895 prmdieativa
2821 4824 3032 4892 quidem
3085 4821 3378 4892 propositio
3436 4820 3595 4874 habet
3638 4835 3798 4871 unum

2232 4917 2532 4986 subjectum
2583 4914 2903 4979 terminum,
2951 4913 3175 4967 alterum
3223 4910 3589 4979 prmdicatum.
3642 4907 3706 4961 Et
3750 4907 3800 4959 id

2236 5011 2376 5081 quod
2421 5010 2474 5065 in
2542 5010 2882 5081 przedicativa
2938 5008 3297 5077 propositione
3340 5005 3635 5075 subjicitur,
3662 5003 3802 5058 illius

2239 5101 2511 5170 suscipere
2536 5101 2744 5155 videtur
2774 5114 2963 5153 nomen
2990 5098 3129 5169 quod
3156 5097 3206 5152 in
3228 5096 3413 5152 eadrm
3445 5095 3800 5165 propositione

2239 5193 2557 5262 prmdicatur
2585 5192 2685 5247 hoc
2713 5191 2888 5255 modo,
2920 5200 2974 5244 ut
3000 5204 3116 5244 cum
3141 5187 3390 5253 dicimus,
3424 5189 3582 5241 homo
3609 5186 3799 5239 animal

2235 5293 2333 5348 est,
2361 5283 2519 5337 homo
2552 5284 2845 5353 subjectum
2873 5291 2975 5348 est,
3002 5279 3197 5335 animal
3227 5279 3593 5349 prtedieatum,
3621 5286 3677 5330 et
3704 5277 3799 5329 bo-

2234 5388 2320 5427 mo
2354 5372 2602 5429 animalis
2628 5374 2850 5441 suscipit
2879 5386 3093 5437 nomen,
3123 5386 3242 5424 eum
3274 5369 3391 5439 ipse
3417 5367 3579 5423 homo
3607 5368 3797 5422 animal

2231 5477 2351 5518 esse
2407 5466 2738 5534 proponitur.
2767 5465 2833 5518 At
2861 5462 2913 5517 in
2944 5463 3026 5517 his
3057 5461 3505 5532 propositionibus
3532 5475 3651 5530 qute
3675 5474 3800 5513 con-

2230 5554 2520 5610 ditionales
2573 5556 2817 5609 dicuntur
2853 5569 2956 5608 non
2987 5554 3126 5608 idem
3167 5551 3557 5622 prtedicationis
3583 5560 3663 5604 est
3689 5563 3800 5601 mo-

2231 5645 2350 5699 dus.
2384 5646 2565 5715 Neque
2590 5649 2728 5700 enTm
2755 5646 2971 5699 omnino
2998 5645 3223 5698 alterum
3250 5644 3316 5697 de
3343 5642 3510 5697 altero
3541 5639 3794 5708 prmdica-

2233 5745 2337 5806 tur,
2384 5737 2473 5793 sed
2513 5737 2561 5791 id
2610 5745 2812 5792 tantum
2853 5736 3044 5792 dicitur
3079 5750 3195 5791 esse
3225 5734 3470 5799 alterum,
3501 5732 3541 5786 si
3571 5730 3797 5784 alterum
