4112 6332
351 377 458 431 855

1451 372 1536 427 DE
1575 366 1992 428 SYLLUGISMU
2034 361 2518 420 llYl’OTllE'l‘lCO.

3489 368 3588 421 854

355 492 534 556 fuerit,
562 489 723 546 veluti
751 503 868 544 cum
901 487 1150 542 dicimus:
1175 485 1219 540 si
1252 485 1474 555 peperit,
1505 500 1622 536 cum
1651 484 1765 538 viro
1791 495 1917 533 con—
1945 480 1990 536 Α
2018 484 2105 529 aut
2129 476 2180 528 in
2204 477 2506 528 conditione
2531 477 2695 543 posita
2721 478 3097 546 consequentia
3127 477 3176 531 vi
3198 480 3589 549 conjunctionis

355 583 556 645 cubuit,
606 596 714 634 non
759 579 899 632 enim
951 587 1076 631 tunc
1121 576 1310 629 dicitur
1351 576 1522 643 ipsum
1565 574 1836 641 peperisse
1873 570 1925 622 id

356 689 478 727 esse
531 670 672 740 quod
708 679 789 724 est
823 684 941 722 cum
975 669 1086 721 viro
1114 666 1490 729 concumbere,
1523 664 1614 718 sed
1647 663 1696 716 id
1725 670 1927 714 tanturn

357 762 674 829 proponitur
699 759 837 827 quod
869 768 1050 826 partus
1081 773 1346 825 nunquam
1375 771 1491 810 esse
1518 755 1778 824 potuisset
1827 753 1927 806 nisi

361 854 545 907 fuisset
575 866 695 904 cum
729 852 842 903 viro
872 849 1223 911 Concubitus;
1257 847 1394 915 quod
1418 847 1461 899 si
1503 846 1714 914 quando
1744 845 1796 896 in
1827 857 1928 895 una

359 943 654 1009 eademque
685 939 1106 1008 propositionum
1142 937 1436 1005 proprietas
1466 934 1767 998 incurrerit,
1806 943 1929 986 tunc

359 1029 651 1081 secundum
698 1027 910 1079 modum
971 1025 1258 1077 enuntiatae
1311 1023 1690 1092 propositionis
1738 1019 1933 1073 intelli-

361 1115 518 1182 genrli
556 1114 687 1166 ratio
717 1112 1005 1164 variabitur
1037 1112 1136 1164 hoc
1168 1111 1344 1164 modo.
1369 1110 1498 1163 Nam
1528 1125 1647 1163 cum
1689 1107 1929 1169 dicimus,

362 1208 522 1260 homo
559 1207 752 1259 animal
792 1215 894 1270 est,
941 1205 1355 1274 prepositionem
1389 1205 1606 1258 facimus
1637 1204 1935 1272 praedicati-

365 1313 509 1361 vam;
539 1312 600 1350 ac
627 1297 672 1349 si
703 1298 770 1348 ita
803 1310 1180 1364 proponamus,
1213 1297 1258 1348 si
1290 1295 1446 1349 homo
1474 1303 1572 1356 est,
1606 1296 1800 1347 anima.
1831 1303 1931 1359 est,

363 1390 417 1440 in
461 1386 874 1440 conditionalem
929 1386 1154 1438 vertitur
1190 1386 1623 1440 enuntiationem.
1657 1384 1713 1436 ln
1747 1382 1934 1452 prardi-

362 1478 532 1532 cativa
563 1477 724 1546 igitur
751 1477 800 1530 id
831 1477 1187 1545 spectabimus
1220 1478 1358 1547 quod
1394 1478 1505 1545 ipse
1547 1477 1704 1529 homo
1739 1476 1934 1528 animal

365 1569 454 1630 sit,
486 1566 537 1619 id
566 1576 645 1619 est
675 1580 864 1619 nomen
893 1567 1133 1619 animalis
1165 1567 1215 1620 in
1255 1581 1313 1620 se
1350 1567 1621 1633 suscipiat.
1663 1566 1717 1619 ln
1755 1564 1936 1618 condi-

366 1658 551 1712 tiouali
581 1672 708 1712 vero
729 1657 853 1711 illud
888 1658 1249 1726 intelligimus,
1294 1658 1436 1726 quod
1478 1659 1524 1711 si
1566 1657 1724 1711 fuerit
1762 1657 1934 1724 aliqua

367 1763 457 1801 res
481 1764 598 1816 quae
630 1747 788 1801 homo
815 1764 934 1802 esse
963 1748 1190 1812 dicatur,
1222 1763 1438 1802 necesse
1465 1749 1533 1802 sit
1566 1748 1792 1815 aliquam
1823 1760 1935 1799 rem

2031 568 2110 619 vel
2139 567 2509 634 disjunctionis
2557 568 2869 621 ostenditur.
2905 571 2980 622 Ac
3017 569 3202 636 prioris
3230 571 3439 638 quidem
3474 589 3594 641 pro-

2031 655 2309 724 positionis
2351 658 2648 724 exemplum
2679 667 2780 721 est,
2809 658 2969 712 veluti
2995 674 3111 712 cum
3144 674 3228 714 res
3258 677 3444 716 omnes
3472 680 3594 717 cor-

2033 747 2239 814 porales
2286 749 2520 801 materia:
2564 748 2853 818 formaeque
2894 766 3152 805 concursu
3185 752 3471 809 subsistere
3501 757 3596 809 dc—

2031 844 2471 890 monstraremus.
2503 836 2648 890 Tunc
2675 840 2835 901 enim,
2867 841 3002 907 quod
3034 856 3124 907 per
3147 856 3322 895 rerum
3355 854 3591 898 naturam

2014 925 2149 979 ﬁeri
2177 942 2282 979 non
2307 936 2499 994 potest,
2529 928 2772 996 ponimus
2805 931 2852 983 id
2883 947 3092 986 omnem
3125 932 3309 987 formae
3351 947 3591 990 naturam

2031 1031 2061 1070 a
2088 1018 2323 1085 subjecta
2356 1021 2595 1086 materia,
2625 1021 2668 1072 si
2700 1035 2801 1073 neu
2835 1037 2911 1084 re,
2943 1024 3129 1077 saltem
3165 1027 3479 1092 cogitatione
3510 1045 3595 1083 se-

2035 1122 2311 1175 paramus;
2341 1118 2393 1162 et
2423 1112 2670 1176 quoniam
2716 1111 2844 1163 nihil
2870 1125 2935 1164 ex
2976 1117 3132 1166 rebus
3161 1119 3433 1180 corporeis
3466 1120 3592 1172 reli-

2035 1211 2192 1264 quum
2245 1198 2331 1260 lit,
2378 1197 2792 1252 demonstratum
2841 1210 2998 1268 atque
3042 1214 3311 1258 ostensum
3351 1218 3596 1275 putamus

2034 1285 2231 1340 eisdem
2263 1287 2698 1342 convenientibus
2737 1292 3086 1356 corporalium
3129 1309 3304 1348 rerum
3348 1300 3596 1351 substan-

2035 1375 2158 1429 tiam
2187 1376 2397 1442 conﬁci,
2429 1379 2617 1445 quibus
2647 1395 2674 1432 a
2710 1394 2768 1434 se
2806 1381 3082 1448 disjunctis
3111 1398 3169 1437 ac
3199 1385 3597 1443 discedentibus

2035 1466 2389 1519 interimatur.
2440 1468 2494 1520 ln
2544 1469 2644 1522 hoc
2691 1470 2848 1538 igitur
2887 1473 3129 1540 exemplo
3169 1478 3334 1541 posita
3369 1492 3596 1532 consen-

2036 1559 2199 1612 tiendi
2240 1558 2564 1624 conditione,
2605 1569 2662 1614 ut
2706 1562 2754 1614 id
2804 1563 3071 1631 paulisper
3116 1565 3225 1618 fieri
3279 1567 3599 1635 intelligatur
3683 1586 3695 1596 ’

2037 1651 2174 1718 quod
2218 1650 2326 1704 ﬁeri
2373 1667 2474 1705 non
2522 1663 2714 1722 potest,
2745 1663 2799 1707 ut
2831 1655 3014 1708 forma:
3045 1671 3073 1708 a
3103 1658 3318 1710 materia
3351 1673 3602 1726 separen-

2039 1748 2142 1805 tur,
2197 1741 2321 1809 quid
2376 1752 2728 1809 consequatur
2781 1746 3125 1809 intendimus,
3178 1749 3349 1812 perire
3399 1749 3601 1804 scilicet

368 1852 490 1892 esse
516 1853 632 1906 quae
668 1838 863 1891 animal
893 1847 1245 1905 nuncupetur.
1277 1839 1454 1906 Itaque
1484 1837 1774 1905 propositio
1804 1850 1934 1904 pt'IB-
1967 1835 2010 1893 Β
2038 1846 2280 1899 corpora,
2313 1843 2368 1885 ut
2395 1833 2579 1888 eadem
2622 1849 2684 1888 ex
2730 1834 2915 1888 iisdem
2955 1837 3246 1891 consistere
3288 1839 3604 1907 comprobe-

371 1927 598 1981 dicativa
630 1942 742 1981 rem
771 1940 928 1996 quam
962 1927 1172 1996 subjicit
1211 1928 1509 1996 przcdicatte
1550 1927 1625 1980 rei
1667 1926 1937 1994 suscipere

367 2033 564 2070 nomen
617 2017 873 2071 declarat.
935 2017 1320 2070 Conditionalis
1376 2031 1502 2080 vero
1559 2014 1938 2084 prepositionis

361 2107 486 2158 haec
513 2107 777 2160 sententia
807 2117 908 2170 est,
939 2116 995 2160 ut
1024 2108 1091 2160 ita
1125 2108 1336 2160 demum
1370 2107 1439 2159 sit
1467 2106 1683 2174 aliquid,
1713 2106 1755 2158 si
1785 2104 1941 2159 fuerit

369 2197 617 2260 alterum,
648 2197 857 2251 etiamsi
906 2206 1149 2251 neutrum
1193 2199 1410 2251 alterius
1443 2213 1632 2250 nomen
1664 2196 1936 2265 sus-cipiat.

376 2285 448 2337 lla
497 2285 652 2352 igitur
695 2286 1144 2355 propositionibus
1183 2286 1492 2355 disgregatis
1526 2301 1588 2340 ex
1623 2286 1941 2339 enuntiatio-

375 2392 501 2431 num
530 2379 854 2448 prpprietatc
877 2379 1167 2447 syllogismi
1191 2393 1397 2446 quoque
1421 2378 1732 2432 vocabulum
1760 2392 1942 2445 pet-ce-

374 2477 588 2535 perunt,
612 2478 665 2521 ut
686 2469 772 2521 alii
795 2468 1035 2522 dicantur
1060 2468 1402 2538 prtedicativi,
1427 2469 1512 2522 alii
1536 2468 1938 2523 c-ndilionales.

377 2556 509 2609 Nam
543 2559 593 2610 in
625 2557 815 2625 quibus
856 2558 1249 2626 propositiones
1293 2558 1641 2626 prtedicativaz
1678 2567 1819 2623 sunt,
1851 2572 1943 2612 eos

379 2649 746 2716 prmtlicativos
793 2649 1130 2718 syllogismos
1178 2663 1444 2703 vocamus.
1492 2649 1546 2702 In
1589 2649 1778 2718 quibus
1817 2663 1943 2703 vero

379 2738 717 2808 hypothetica
764 2739 1054 2808 propositio
1094 2739 1261 2807 prima
1302 2746 1384 2792 cst
1410 2739 1608 2809 (potest
1641 2754 1868 2807 namque
1891 2747 1946 2792 et

377 2830 671 2897 assumptio
701 2839 755 2884 et
782 2831 1056 2885 conclusio
1083 2846 1204 2884 esse
1243 2831 1626 2899 praedicativa),
1658 2831 1708 2884 hi
1744 2840 1943 2884 tantum

380 2936 476 2988 per
516 2922 670 2975 unius
707 2922 1060 2991 hypothetica:
1092 2921 1463 2990 propositionis
1491 2933 1731 2976 naturam
1780 2921 1946 2991 hypo-

382 3011 566 3065 tltetici
593 3020 648 3066 et
673 3012 1060 3066 conditionales
1087 3012 1354 3066 dicuntur.
1398 3016 1471 3066 Ac
1510 3012 1575 3066 de
1614 3013 1947 3080 simplicibus

381 3101 615 3167 quidem,
657 3102 711 3155 id
758 3111 839 3156 est
881 3102 947 3155 de
987 3101 1336 3171 praedicativis
1381 3103 1700 3172 syllogismis
1739 3103 1946 3156 duobus

2039 1938 2177 1978 mus.
2232 1924 2362 1978 Nam
2410 1927 2656 1994 quoniam
2716 1927 2956 1981 interitus
3012 1930 3367 1996 corporalium
3422 1946 3599 1985 rerum

2039 2016 2298 2082 sequitur,
2327 2015 2448 2083 jure
2485 2017 2709 2070 dicimus
2756 2032 2841 2070 res
2884 2033 3070 2071 omnes
3113 2033 3395 2087 corporeas
3437 2022 3604 2076 forma

2040 2106 2367 2174 materiaque
2397 2109 2710 2161 consistere.
2739 2107 2840 2162 Sed
2873 2107 3173 2175 hujusmodi
3217 2111 3604 2179 propositiones

2040 2212 2156 2265 qua:
2187 2212 2249 2251 ex
2282 2201 2726 2253 consentientium
2767 2200 3070 2254 conditione
3109 2203 3440 2268 proveniunt,
3473 2204 3606 2258 nihil

2042 2287 2125 2342 his
2163 2287 2409 2342 differunt
2438 2304 2568 2357 quas
2609 2290 2876 2357 simplices
2911 2291 3220 2359 categorica:
3265 2293 3633 2347 lnstitutionis'

2042 2379 2197 2448 primi
2229 2380 2346 2432 libri
2377 2389 2628 2434 tractatus
2651 2382 2908 2445 ostendit;
2937 2399 3054 2450 quae
3079 2399 3204 2438 vero
3229 2398 3258 2437 a
3283 2386 3609 2456 simplicibus

2042 2469 2292 2524 differunt
2329 2471 2432 2524 illae
2470 2479 2612 2535 sunt,
2645 2472 2856 2540 quando
2891 2473 3086 2541 aliquid
3129 2474 3320 2529 dicitur
3361 2489 3478 2531 esse
3522 2477 3610 2532 vel

2045 2575 2149 2614 non
2181 2574 2315 2623 esse,
2345 2561 2387 2614 si
2420 2561 2541 2630 quid
2576 2561 2732 2614 fuerit
2776 2563 2857 2616 vel
2901 2578 3005 2616 non
3048 2564 3222 2619 fuerit.
3270 2564 3360 2619 Hae
3400 2581 3611 2635 semper

2045 2665 2162 2703 cum
2187 2650 2647 2717 conjunctionibus
2670 2661 3052 2719 proponuntur,
3080 2663 3136 2706 ιιι
3157 2669 3275 2706 cum
3295 2654 3541 2718 ditimus,
3565 2656 3611 2710 si

2047 2743 2206 2796 homo
2234 2752 2337 2807 εει,
2379 2743 2574 2795 animal
2615 2753 2716 2807 εει,
2759 2743 2805 2796 si
2853 2743 3111 2797 ternarius
3153 2754 3256 2809 e-t,
3303 2746 3472 2813 impar
3506 2756 3610 2810 est,

2046 2832 2128 2884 vel
2177 2839 2368 2884 caatera
2421 2831 2750 2897 hujusmodi;
2787 2832 2898 2884 haec
2929 2832 3068 2886 enim
3110 2833 3179 2886 ita
3225 2845 3609 2902 pr0ponuntur,

2048 2927 2103 2972 ut
2144 2920 2187 2971 si
2233 2919 2504 2986 quodlibet
2528 2919 2654 2972 illud
2700 2919 2875 2985 fuerit,
2911 2921 3053 2974 aliud
3091 2934 3488 2992 consequatur;
3523 2927 3606 2979 vel

2049 3021 2168 3060 cum
2215 3006 2457 3068 dicimus,
2488 3009 2533 3060 si
2582 3008 2741 3062 homo
2771 3019 2872 3073 est,
2905 3024 3073 3078 equus
3111 3026 3214 3063 non
3262 3023 3378 3074 est,
3431 3029 3613 3068 rursus

2052 3097 2136 3152 hic
2164 3097 2349 3152 eodem
2380 3098 2536 3152 modo
2565 3101 2878 3167 proponitur
2915 3101 2964 3154 in
2994 3103 3295 3168 negatione,
3323 3119 3426 3172 quo
3456 3119 3614 3173 supe-

387 3189 583 3244 libellis
611 3191 982 3260 explicuimus,
1036 3207 1166 3260 quos
1218 3192 1286 3246 de
1335 3208 1518 3246 eorum
1568 3193 1946 3248 constitutione
1975 3184 2020 3246 C
2051 3187 2162 3242 rius
2200 3190 2250 3240 in
2277 3188 2627 3243 afﬁrmatione
2654 3191 3086 3258 proponebatur;
3117 3194 3199 3246 hic
3228 3195 3368 3248 enim
3401 3195 3611 3261 dicitur,

383 3285 729 3338 confecimus.
794 3285 919 3338 Post
973 3298 1098 3338 vero
1148 3285 1948 3355 simplicium.syllogismorum

381 3374 790 3442 disputationem
818 3375 949 3428 ordo
976 3384 1055 3429 est
1093 3383 1151 3428 ut
1181 3377 1247 3428 de
1274 3390 1378 3429 non
1422 3376 1750 3443 simplicibus
1780 3377 1952 3433 disse-

381 3479 580 3519 ramus.
607 3465 720 3519 Non
749 3464 1018 3533 simplices
1051 3478 1176 3519 vero
1203 3465 1493 3536 syllogismi
1521 3470 1755 3536 suntqui
1786 3467 1953 3537 hypo-

384 3559 563 3614 thetici
593 3561 863 3626 dicuntur,
905 3575 1038 3630 quos
1080 3561 1266 3615 Latino
1313 3561 1527 3614 nomine
1568 3561 1953 3615 conditionales

387 3667 658 3707 vocamus.
699 3653 813 3707 Non
862 3653 1130 3722 simplices
1177 3663 1350 3708 autem
1396 3653 1662 3721 dicuntur,
1706 3653 1952 3722 quoniam

383 3758 450 3798 ex
499 3745 832 3812 simplicibus
871 3753 1134 3805 constant,
1179 3752 1339 3813 atque
1383 3746 1434 3799 in
1481 3745 1699 3799 eosdem
1741 3745 1955 3799 ultimos

388 3834 748 3901 resolvuntur,
781 3848 907 3887 cum
961 3834 1254 3902 praesertim
1306 3835 1488 3902 prima:
1527 3849 1709 3888 eorum
1765 3850 1956 3904 propo-

388 3921 610 3976 sitiones
641 3922 742 3975 vim
777 3923 1002 3992 propria:
1031 3925 1426 3992 consequentiae
1449 3939 1511 3977 ex
1542 3924 1875 3992 categoricis,
1905 3925 1954 3978 id

389 4021 473 4065 est
497 4027 558 4066 ex
589 4013 935 4082 simplicibus,
967 4015 1174 4082 capiant
1219 4015 1560 4084 syllogismis,
1595 4031 1820 4084 namque
1847 4017 1956 4084 pri-

391 4117 478 4155 ma
507 4105 793 4170 prepositio
824 4104 1144 4173 hypothet’ci
1176 4105 1486 4171 syllogismi,
1519 4106 1561 4158 si
1595 4104 1863 4159 dubitetur
1891 4121 1956 4160 an

393 4206 518 4246 vera
564 4193 648 4256 sit,
700 4194 1040 4262 prtedicativa
1093 4197 1436 4249 conclusione
1488 4196 1955 4255 demonstrabi'ur.

394 4281 697 4350 Assumptio
719 4299 846 4338 vero
872 4283 924 4336 in
959 4285 1193 4352 pluribus
1225 4287 1395 4339 modis
1423 4286 1600 4338 talium
1629 4286 1960 4355 Syllogismo-

393 4390 511 4428 rum
554 4375 886 4443 praedicatlva
931 4393 1050 4432 esse
1091 4379 1702 4447 perspicitur,'itemqtte
1745 4380 1961 4433 conclu-

391 4466 493 4532 sio,
527 4467 685 4520 veluti
715 4482 833 4521 cum
856 4469 1100 4534 dicimus,
1131 4469 1174 4522 si
1204 4469 1318 4523 dies
1333 4478 1433 4537 est,
1464 4471 1629 4530 lucet;
1664 4471 1818 4538 Atqui
1847 4469 1960 4523 dies

2052 3283 2095 3334 si
2128 3279 2226 3334 hoc
2253 3292 2355 3345 est,
2390 3281 2512 3334 illud
2544 3297 2647 3335 non
2676 3291 2792 3345 est;
2819 3294 2869 3335 et
2896 3284 2959 3336 ad
2993 3285 3131 3338 hunc
3153 3285 3363 3339 modum
3386 3297 3612 3342 eteterzc.

2052 3370 2280 3425 Possunt
2307 3381 2482 3426 autem
2511 3371 2791 3439 aliquando
2815 3374 2972 3426 etiam
3009 3376 3104 3428 loc
3133 3375 3398 3428 enuntiari
3439 3379 3614 3441 modo,

2052 3475 2171 3514 cum
2197 3461 2295 3514 hoc
2320 3462 2407 3524 sit,
2432 3461 2558 3513 illud
2582 3471 2684 3527 est,
2709 3461 2865 3515 veluti
2891 3476 3007 3514 cum
3040 3463 3282 3527 dicimus,
3311 3479 3430 3517 cum
3463 3466 3619 3520 homo

2053 3561 2152 3617 εει,
2187 3553 2380 3604 a..imal
2410 3561 2509 3614 est,
2558 3555 2634 3606 vel
2685 3569 2803 3606 cum
2852 3553 3010 3606 homo
3043 3567 3142 3618 est,
3175 3570 3342 3623 equus
3373 3572 3475 3610 non
3506 3568 3616 3621 est;

2054 3655 2171 3708 qua»
2200 3643 2491 3695 enuntiatio
2543 3643 2914 3710 propositionis
2955 3644 3191 3711 ejusdem
3235 3648 3508 3712 potestatis
3537 3659 3620 3701 est

2053 3730 2205 3798 cujus
2233 3746 2294 3785 ea
2321 3747 2437 3799 quae
2462 3733 2558 3786 hoc
2582 3734 2738 3786 modo
2766 3734 3093 3802 proponitur,
3119 3737 3161 3788 si
3195 3736 3352 3790 homo
3378 3746 3477 3802 est,
3506 3738 3621 3790 ani-

2055 3822 2160 3875 mal
2192 3832 2292 3888 est,
2324 3824 2366 3876 si
2397 3822 2553 3877 homo
2581 3833 2680 3889 est,
2711 3839 2877 3893 equus
2904 3840 3007 3878 non
3032 3838 3132 3880 εει.
3160 3827 3313 3879 Fiunt
3341 3841 3468 3880 vero
3495 3842 3620 3893 pro.

2056 3913 2346 3982 positiones
2376 3914 2727 3984 hypotheticaa
2755 3917 2913 3970 etiam
2958 3932 3050 3984 per
3089 3917 3492 3986 disjunctionem
3526 3919 3618 3984 ita,

2057 4014 2147 4059 aut
2184 4005 2282 4059 hoc
2320 4017 2420 4071 εει,
2450 4015 2540 4060 aut
2583 4007 2706 4062 illud
2750 4017 2849 4063 est.
2899 4007 3005 4062 Nec
3047 4009 3230 4063 eadem
3271 4009 3438 4064 videri
3468 4010 3626 4064 debet

2061 4097 2172 4150 hate
2204 4099 2488 4165 propositio
2515 4114 2631 4167 qua:
2669 4100 2911 4167 superius
2956 4099 3033 4152 sic
3076 4100 3398 4163 enuntiatur,
3438 4103 3480 4154 si
3524 4102 3624 4154 hoc
3711 4101 3733 4122 '

2060 4193 2162 4250 est,
2197 4185 2322 4237 illud
2355 4201 2458 4238 non
2491 4195 2587 4239 est.
2625 4187 2745 4240 llzcc
2776 4187 2914 4240 enim
2946 4201 3047 4239 non
3079 4197 3158 4240 est
3191 4203 3283 4254 per
3313 4188 3624 4256 disjunctio-

2062 4291 2206 4341 nem,
2240 4276 2330 4330 sed
2365 4292 2457 4344 per
2483 4279 2837 4345 negationem.
2872 4278 3087 4346 Negatio
3125 4294 3249 4332 vero
3276 4282 3446 4333 omnis
3477 4280 3628 4334 iude-

2065 4367 2206 4419 finita
2231 4375 2332 4431 est,
2359 4376 2517 4436 atque
2546 4369 2663 4421 ideo
2693 4378 2744 4421 et
2771 4369 2820 4421 in
2849 4369 3148 4434 contr..ri's,
3175 4379 3226 4424 et
3255 4370 3304 4422 in
3333 4373 3628 4425 contrario-

2065 4473 2181 4511 rum
2212 4458 2601 4524 medietatilms,
2630 4469 2680 4512 et
2708 4461 2757 4512 in
2783 4460 3060 4527 dispcratis
3093 4460 3204 4513 ﬁeri
3232 4470 3419 4528 potest.
3455 4463 3631 4531 Dispe-

393 4564 493 4617 εει,
547 4555 660 4609 [nec
711 4558 1002 4626 assunlptio
1046 4558 1380 4624 prmdicaliva
1430 4570 1530 4621 es"
1581 4560 1625 4612 εί
1673 4568 1956 4628 quagralur’
1994 4538 2040 4598 Β
2069 4558 2178 4602 rata
2209 4559 2473 4604 autem-ea
2517 4565 2647 4603 νοεο
2685 4567 2800 4617 qua:
2841 4559 3038 4602 lill'tllllll
3080 4565 3108 4602 a
3148 4566 3205 4604 se
3242 4551 3447 4605 diversa
3485 4566 3627 4618 διιιιι,

395 4644 735 4709 prmdicativo
783 4647 1092 4715 probabitur
1142 4648 1481 4717 syllogismo,
1553 4650 1733 4713 lueet;
1804 4651 1962 4717 igitur

393 4742 683 4786 consecuta
725 4742 806 4788 est
854 4750 1038 4788 rursus
1090 4738 1423 4804 pradicativa
1471 4739 1964 4807 conclusiozsuper

395 4820 514 4874 hzec
543 4823 717 4876 omnis
760 4825 1131 4878 conditionalis
1174 4829 1464 4894 propositio
1502 4845 1564 4882 ex
1611 4830 1964 4898 przedicativis

397 4912 478 4981 (ut
518 4913 718 4967 dictum
757 4918 862 4984 est)
901 4917 1158 4986 jungitur.
1191 4920 1340 4983 Quod
1385 4922 1426 4972 si
1474 4937 1537 4974 cx
1589 4921 1669 4975 his
1711 4930 1762 4976 et
1804 4921 1958 4975 ﬁdem

396 5005 630 5070 capiunt,
659 5013 714 5058 et
745 5005 983 5059 ordinem
1019 5007 1243 5074 partium
1284 5010 1600 5072 sortiuntur,
1638 5026 1855 5066 necesse
1884 5021 1966 5065 est

397 5095 730 5161 categoricos
771 5083 1106 5165 syllogismos
1146 5099 1500 5168 hypotheticis
1530 5104 1634 5154 vim
1669 5104 1967 5156 conclusio-

397 5184 481 5237 nis
512 5185 832 5240 ministrare.
865 5188 967 5241 Sed
999 5190 1248 5256 quoniam
1293 5191 1360 5245 de
1409 5190 1758 5260 hypotheticis
1799 5192 1968 5259 loqui-

404 5291 545 5342 mur,
593 5278 718 5346 quid
771 5279 1034 5346 signiﬁcet
1074 5280 1380 5348 hypothesis
1425 5283 1814 5349 praedicendum
1845 5291 1965 5336 est:

399 5365 713 5434 hypothesis
743 5383 991 5434 namque,
1033 5370 1169 5422 unde
1201 5369 1521 5438 hypothelici
1553 5371 1847 5440 syllogismi
1879 5386 1967 5424 ac-

398 5470 592 5522 cepere
615 5458 952 5521 vocabulum,
975 5458 1178 5513 duobus
1209 5462 1285 5530 (ut
1315 5460 1548 5514 Eudemo
1578 5461 1768 5529 placet)
1799 5462 1970 5516 modis

400 5545 632 5598 dicitur:
653 5531 740 5600 aut
764 5548 904 5602 enim
931 5549 1035 5602 tale
1055 5549 1342 5618 acquiritur
1363 5551 1557 5619 aliquid
1580 5565 1670 5618 per
1691 5551 1970 5618 quamdam

402 5636 544 5690 inter
573 5653 629 5692 se
655 5640 1095 5695 consentiendum
1125 5642 1503 5706 conditionem,
1533 5644 1670 5712 quod
1690 5642 1802 5695 ﬁeri
1825 5644 1972 5696 nullo

407 5726 567 5780 modo
595 5729 761 5799 possit
790 5738 848 5785 ut
877 5730 942 5786 ad
968 5744 1120 5787 suum
1149 5731 1430 5789 terminum
1470 5732 1606 5786 ratio
1629 5731 1967 5800 perducatur;

2069 4642 2207 4694 nulla
2252 4641 2625 4694 con‘t‘arietate
2674 4643 2979 4709 pugnantia,
3031 4643 3188 4696 veluti
3241 4652 3399 4707 terra,
3449 4648 3631 4704 vestis.

2069 4732 2226 4800 ignis,
2259 4742 2311 4784 et
2341 4741 2551 4785 ett-tera.
2584 4732 2712 4785 Nam
2738 4733 2783 4784 si
2816 4733 2988 4784 album
3018 4742 3121 4797 est,
3153 4735 3358 4802 nigrum
3391 4752 3493 4787 non
3522 4748 3631 4798 est;

2068 4824 2113 4876 si
2141 4823 2314 4875 album
2339 4830 2440 4884 est,
2473 4824 2689 4875 rubrum
2723 4837 2825 4875 non
2849 4834 2956 4885 est;
2989 4825 3032 4876 si
3055 4825 3326 4891 disciplina
3353 4838 3450 4884 εει,
3480 4827 3636 4878 hoino

2068 4927 2173 4965 non
2202 4921 2302 4965 est.
2335 4912 2400 4964 At
2430 4913 2480 4965 in
2509 4927 2566 4965 ea
2601 4928 2718 4980 quze
2750 4928 2842 4980 per
2867 4913 3272 4980 disjunctionem
3307 4901 3381 4978 ﬁt,
3414 4918 3634 4968 alteram

2072 5016 2282 5070 semper
2307 5005 2426 5069 poni
2455 5018 2671 5056 necesse
2699 5015 2777 5057 est
2807 5006 2904 5056 hoc
2927 5005 3100 5068 modo,
3129 5017 3214 5058 aut
3243 5006 3375 5068 dies,
3399 5014 3487 5058 aut
3509 5023 3634 5064 nox;

2072 5094 2209 5162 quod
2241 5092 2286 5146 si
2312 5108 2372 5146 ea
2399 5104 2582 5147 cuncta
2610 5110 2729 5162 qua:
2767 5110 2859 5162 per
2899 5098 3227 5162 negationem
3259 5097 3358 5147 dici
3391 5101 3639 5149 convenit

2074 5188 2138 5237 ad
2180 5185 2585 5252 disjunctionem
2627 5185 3026 5250 transferamus,
3061 5189 3195 5240 ratio
3232 5203 3334 5239 non
3380 5189 3636 5252 procedit.

2073 5274 2206 5340 Quid
2237 5276 2375 5328 enim
2407 5276 2449 5329 si
2479 5276 2596 5343 quis
2625 5277 2784 5338 dicat,
2817 5286 2907 5328 aut
2937 5277 3112 5329 album
3145 5285 3245 5338 est,
3281 5286 3370 5328 aut
3407 5281 3636 5346 nigrum,

2075 5377 2166 5418 aut
2208 5366 2384 5418 album
2429 5376 2530 5430 est,
2571 5375 2661 5418 aut
2709 5369 2944 5428 rubrum,
2988 5377 3073 5417 aut
3119 5366 3389 5430 disciplina
3423 5377 3520 5428 est,
3554 5379 3644 5419 aut

2076 5460 2232 5512 homo
2260 5457 2418 5512 ?ﬁeri
2464 5459 2604 5511 enim
2656 5468 2825 5526 potest
2866 5469 2920 5509 ut
2960 5458 3089 5508 nihil
3131 5457 3198 5508 sit
3241 5456 3446 5510 horum.
3485 5459 3644 5525 Igitur

2074 5553 2321 5619 quoniam
2364 5568 2458 5621 per
2486 5551 2893 5620 disjunctioncm
2926 5549 3215 5616 propositio
3250 5550 3299 5600 itt
3333 5552 3493 5602 certis
3525 5561 3643 5604 tan-

2077 5653 2184 5696 tum
2213 5645 2372 5699 rebus
2405 5644 2454 5696 in
2486 5644 2675 5711 quibus
2702 5643 2924 5695 alterum
2955 5653 3138 5693 eorum
3170 5639 3382 5692 evenire
3426 5658 3645 5696 necesse

2075 5746 2157 5791 est
2188 5739 2421 5807 ponitur,
2456 5737 2554 5791 hoc
2584 5744 2759 5790 autem
2804 5750 2896 5801 per
2938 5735 3270 5802 negationem
3301 5740 3561 5804 separa-tio
3595 5741 3643 5794 in
