4112 6332
542 343 646 398 838

1772 345 1881 400 ΛΝ.
1922 346 2126 402 MANL.
2167 349 2321 405 SEV.
2360 351 2584 408 BOETll

3688 361 3791 418 836

540 440 789 495 omnibus
814 438 974 495 etiam
1002 436 1083 491 bis
1104 449 1222 505 qua:
1244 447 1393 489 suam
1426 432 1583 488 etiam
1615 433 1840 490 invicem
1869 445 2109 491 naturam
2141 444 2194 505 Α
2216 441 2441 496 cundam
2460 459 2588 497 vero
2603 453 3035 513 consequen'em,
3062 447 3189 501 utin
3221 448 3338 515 hac,
3354 451 3398 505 si
3423 449 3540 506 dies
3555 462 3660 520 est,
3694 454 3784 508 lux

542 546 649 587 non
696 530 964 600 perimunt
1007 528 1129 596 poni
1169 534 1360 595 potest,
1405 534 1587 595 aperta
1633 526 1837 580 ratione
1885 527 2114 581 discreta

538 629 642 676 est.
696 619 883 675 Omnis
933 617 1092 686 igitur
1144 615 1481 687 bypothetica
1538 615 1828 684 propositio
1882 616 1967 670 vel
2021 630 2117 685 per

537 712 927 766 conuexionem
962 710 1021 762 lit
1054 708 1170 780 (per
1207 707 1595 763 counexionem
1627 720 1755 761 vero
1792 706 1938 760 illum
1978 721 2116 776 quo-

538 817 642 873 que
674 802 887 857 modum
918 800 1008 871 qui
1049 815 1144 870 per
1184 800 1517 869 negationem
1550 796 1606 851 ﬁt
1634 811 1753 852 esse
1785 795 2112 867 pronuntio),

536 897 622 950 vel
654 910 747 964 per
774 894 1222 964 disjunctionem;
1256 901 1479 961 uterque
1508 890 1648 944 enim
1680 889 1871 943 modus
1896 904 1958 942 ex
1988 890 2115 943 sim-

538 986 766 1058 plicibus
789 984 1234 1055 propositionibus
1258 990 1614 1050 comparatur.
1636 980 1915 1049 Simplices
1938 990 2113 1033 autem

539 1079 930 1148 prepositiones
983 1085 1104 1132 sunt
1150 1091 1281 1145 quas
1325 1074 1694 1143 praedicativas
1740 1072 1913 1142 primo
1961 1070 2115 1124 insti-

544 1169 761 1224 tutionis
784 1169 1109 1237 Categoricte
1133 1166 1268 1220 libro
1296 1165 1549 1219 diximus.
1583 1162 1672 1215 lla:
1702 1175 1827 1215 vero
1850 1169 2114 1215 suntcum

543 1260 739 1330 aliquid
779 1260 844 1313 de
893 1260 1069 1327 aliquo
1121 1256 1463 1327 praedicatur,
1515 1254 1596 1308 vel
1645 1251 1979 1313 afﬁrmando,
2029 1250 2115 1304 vel

542 1352 803 1423 negando,
833 1361 890 1405 ut
918 1351 1033 1405 dies
1056 1360 1158 1416 est,
1189 1350 1276 1403 lux
1308 1356 1406 1403 est.
1436 1346 1501 1401 At
1527 1346 1569 1401 si
1609 1345 1691 1400 his
1726 1344 1900 1400 media
1931 1342 2116 1398 condi-

542 1444 615 1498 tio
660 1443 997 1506 interveniat,
1037 1441 1146 1509 ﬁet,
1190 1441 1233 1494 si
1269 1440 1384 1494 dies
1411 1448 1515 1504 est,
1550 1438 1641 1490 lux
1685 1446 1785 1501 est,
1820 1435 1981 1504 ﬁtque
2012 1448 2115 1487 una

540 1534 877 1603 hypothetica
902 1531 1193 1601 propositio
1221 1546 1288 1585 ex
1328 1529 1533 1584 duabus
1573 1526 1886 1595 categoricis
1907 1519 2111 1594 juncta.

540 1623 646 1680 Sed
676 1624 923 1692 quoniam
966 1622 1139 1676 omnis
1178 1620 1404 1689 simplex
1445 1618 1739 1689 propositio
1766 1617 1848 1672 vel
1880 1616 2118 1670 afﬁrma-

536 1715 666 1781 tiva,
699 1702 781 1767 vel
815 1712 1054 1782 tte’g'ativa
1084 1721 1186 1780 est,
1210 1719 1438 1780 quatuor
1478 1708 1651 1764 modis
1697 1723 1791 1778 per
1819 1707 2111 1761 connexio-

2218 541 2333 596 est,
2374 534 2757 600 praecedentem
2787 536 3013 590 dicimus
3041 552 3158 593 eam
3212 556 3331 610 qua:
3375 541 3536 611 dicit,
3581 545 3629 599 si
3670 546 3789 601 dies

2216 631 2317 685 est,
2368 635 2779 693 consequentem
2827 643 2953 682 vero
2981 640 3213 698 partem,
3235 632 3321 687 lu:
3350 643 3452 690 est.
3481 635 3540 690 In
3576 637 3789 707 disjun-

2217 716 2371 770 ctivis
2403 731 2532 772 vero
2581 719 3029 787 propositionibus
3065 722 3199 777 ordo
3226 726 3538 781 enuntiandi
3584 744 3795 796 prtece-

2216 804 2431 861 dentem
2472 808 2556 863 vel
2587 817 2998 877 consequentem
3031 810 3177 879 facit,
3211 822 3265 868 ut
3295 824 3389 870 aut
3415 815 3529 872 dies
3557 827 3663 885 est,
3696 828 3792 873 aut

2217 912 2322 951 nox
2344 907 2445 952 est.
2471 898 2599 952 Nam
2632 915 2751 968 quae
2777 900 2947 969 prima
2976 904 3286 971 proponitur
3308 907 3641 977 praecedens,
3665 924 3787 978 qua:

2214 990 2480 1058 posterior
2506 1005 2844 1061 consequens
2869 994 3184 1061 appellatur.
3204 994 3282 1049 Ac
3302 995 3371 1051 de
3399 999 3637 1066 partibus
3668 1002 3787 1070 qui-

2215 1080 2337 1136 dem
2381 1081 2842 1151 hypotheticarum
2890 1086 3315 1153 propositionum
3342 1090 3439 1142 ista
3482 1090 3783 1145 sufﬁciunt.

2214 1169 2348 1224 Illud
2379 1185 2521 1226 nunc
2542 1172 2931 1240 expediendum
2953 1174 3181 1241 videtur,
3212 1177 3353 1246 quod
3374 1179 3534 1232 etiam
3566 1180 3633 1233 ab
3665 1182 3789 1234 Ari-

2215 1261 2404 1316 stotele
2431 1262 2640 1317 dicitur.
2676 1262 2819 1317 ldem
2842 1278 2963 1318 cum
2993 1266 3144 1338 sit_et
3169 1282 3272 1320 non
3303 1268 3392 1333 sit,
3420 1282 3525 1322 non
3559 1284 3787 1326 necesse

2215 1360 2297 1406 est
2326 1351 2467 1406 idem
2495 1366 2634 1418 esse,
2666 1352 2830 1408 veluti
2855 1368 2976 1408 cum
2996 1354 3142 1422 sita,
3168 1355 3214 1408 si
3239 1355 3437 1413 idcirco
3459 1372 3681 1411 necesse
3702 1369 3787 1412 est

2213 1456 2334 1497 esse
2368 1444 2427 1509 b;
2458 1442 2597 1498 idem
2627 1460 2659 1496 a
2696 1444 2741 1497 si
2771 1459 2874 1498 non
2927 1445 3014 1510 sit,
3049 1459 3156 1499 non
3185 1460 3404 1501 necesse
3447 1456 3529 1502 est
3569 1463 3690 1502 esse
3728 1448 3780 1512 ό,

2214 1533 2412 1587 idcirco
2441 1535 2690 1611 quoniam
2738 1549 2842 1589 non
2875 1542 2957 1590 est
2981 1551 3031 1589 α.
3068 1535 3149 1590 Ad
3191 1536 3494 1604 bujusmodi
3544 1552 3675 1591 vero
3704 1538 3785 1591 rei

2213 1610 3186 1693 demonstratinimpossibilitatis
3239 1625 3488 1681 dil‘ﬁnitio
3545 1630 3784 1695 puemit-

2213 1714 2372 1768 tenda
2400 1723 2500 1783 est,
2543 1730 2663 1783 quae
2700 1723 2784 1769 est
2812 1714 3136 1785 huiusmodi.
3188 1716 3521 1786 lmpossibile
3557 1728 3640 1773 est
3678 1734 3784 1788 quo

538 1825 659 1865 nem
709 1808 823 1862 ﬁeri
873 1806 1228 1878 hypotheticaa
1282 1803 1674 1874 propositiones
1724 1808 1965 1870 possunt.
2019 1805 2111 1853 aut
2140 1818 2188 1877 Β
2216 1805 2388 1875 posito
2412 1806 2611 1876 aliquid
2645 1806 2837 1862 falsum
2864 1815 3021 1876 atque
3051 1807 3383 1876 impossibile
3414 1810 3785 1865 committatur

538 1900 680 1954 enim
718 1912 783 1953 ex
822 1897 1027 1953 duabus
1065 1896 1422 1962 afﬁrmativis,
1452 1902 1543 1948 aut
1572 1907 1638 1948 ex
1674 1891 1878 1946 duabus
1909 1890 2112 1960 negati-

535 1997 636 2061 vis,
667 2003 759 2050 aut
783 2010 846 2049 ex
869 1993 1180 2048 al‘ﬁrmativa
1209 2000 1263 2047 et
1294 1989 1552 2060 negativa,
1580 1996 1674 2042 aut
1692 2001 1762 2041 ex
1790 1986 2032 2055 negativa
2059 1992 2114 2039 et

534 2088 876 2143 allirmativa.
908 2086 1104 2140 Harum
1136 2085 1369 2139 omnium
1396 2082 1639 2151 exempla
1664 2079 1941 2135 subdenda
1964 2088 2110 2146 sunt,

537 2193 646 2249 quo
690 2177 742 2232 id
785 2176 924 2247 quod
953 2177 1181 2231 dicimus
1212 2174 1409 2230 clarius
1451 2173 1769 2227 innotescat.
1803 2170 1878 2225 Ex
1907 2169 2113 2225 duabus

537 2270 892 2335 afﬁrmativis,
923 2269 970 2324 si
999 2268 1115 2324 dies
1141 2275 1244 2332 est,
1270 2266 1359 2320 lux
1381 2275 1490 2330 est;
1516 2280 1581 2319 ex
1602 2263 1805 2319 duabus
1828 2261 2109 2333 negativis,

539 2363 587 2418 si
616 2376 723 2417 non
752 2369 836 2416 est
863 2360 1078 2425 animal,
1112 2372 1218 2413 non
1248 2366 1331 2413 est
1367 2356 1556 2421 homo;
1604 2370 1671 2410 ex
1699 2353 2014 2409 alﬁrmativa
2059 2360 2114 2407 et

539 2458 801 2527 negativa,
840 2455 885 2509 si
925 2454 1040 2509 dies
1082 2462 1184 2518 est,
1230 2468 1335 2507 nux
1375 2465 1480 2505 non
1524 2458 1626 2506 est.
1670 2450 1744 2503 Ex
1784 2448 2028 2518 negativa
2059 2454 2113 2500 et

534 2552 874 2615 afﬁrmativa,
907 2548 955 2605 si
982 2548 1096 2603 dies
1136 2561 1241 2600 non
1282 2552 1382 2611 est,
1429 2557 1536 2597 nox
1581 2551 1683 2597 est.
1727 2539 1832 2596 Sed
1862 2539 2110 2609 quoniam

534 2641 733 2696 dictum
777 2646 860 2695 est
890 2637 1042 2693 idem
1088 2634 1374 2705 signiﬁcari
1406 2633 1453 2687 si
1480 2631 1856 2701 conjunctione
1872 2628 2110 2692 ~etcum,

531 2733 745 2804 quando
772 2732 824 2786 in
856 2726 1213 2800 hypetheticis
1242 2721 1691 2794 propositionibus
1719 2720 1953 2789 punitur,
1978 2718 2112 2771 duc-

533 2823 633 2878 bus
680 2820 853 2877 modis
899 2816 1284 2880 conditionales
1316 2814 1430 2868 ﬁeri
1476 2820 1695 2881 possunt
1726 2827 1740 2862 :
1771 2822 1878 2863 uno
1920 2820 2110 2861 secun-

532 2913 660 2967 dum
707 2910 988 2977 accidens,
1035 2909 1205 2962 altero
1252 2916 1310 2958 ut
1358 2903 1590 2957 habeant
1634 2901 1861 2965 aliquam
1908 2905 2111 2949 naturae

534 3002 990 3073 consequentiam.
1039 2997 1346 3054 Secundum
1393 2993 1642 3049 accidens
1688 2992 1788 3043 hoc
1834 2986 2012 3051 modo,
2052 2993 2111 3039 ttt

529 3110 654 3151 cum
683 3094 932 3155 dicimus,
969 3103 1089 3143 cum
1139 3086 1274 3156 ignis
1321 3082 1528 3138 calidus
1567 3081 1657 3147 sit,
1689 3079 1882 3133 coelum
1922 3085 2109 3130 rotun-

2212 1910 2280 1951 eo
2302 1896 2514 1950 nomine
2533 1896 2676 1966 quod
2698 1896 3029 1965 impossibile
3050 1898 3296 1965 primitus
3317 1899 3644 1966 propositum
3663 1898 3781 1955 fuit.

2213 1985 2296 2042 Sit
2324 1986 2485 2056 igitur
2513 1988 2740 2059 positum
2772 2002 2892 2042 cum
2917 1988 2987 2042 sit
3015 2005 3048 2042 a
3072 2002 3191 2044 esse
3220 1990 3271 2056 ὁ,
3296 1988 3347 2043 id
3373 1999 3459 2044 est
3478 1989 3616 2044 hanc
3639 1990 3783 2046 inter

2212 2092 2244 2129 a
2269 2088 2322 2132 et
2359 2077 2385 2129 b
2418 2092 2539 2132 ε-εε
2581 2078 3018 2146 consequentiam
3040 2119 3055 2144 ,
3088 2089 3143 2133 ut
3189 2080 3235 2134 si
3265 2094 3578 2135 concessum
3621 2082 3785 2135 luerit

2212 2181 2332 2222 esse
2361 2183 2410 2232 a,
2434 2182 2655 2223 necesse
2671 2169 2741 2222 sit
2765 2170 3063 2224 concedere
3092 2185 3213 2226 esse
3233 2171 3283 2224 Ι).
3312 2171 3492 2240 Itaque
3515 2187 3783 2241 propona-

2213 2267 2299 2313 tur
2326 2258 2371 2314 si
2401 2276 2434 2313 a
2453 2267 2559 2326 est,
2591 2260 2619 2312 b
2647 2270 2750 2329 est,
2777 2260 2896 2316 dico
2925 2261 3045 2337 quia
3060 2262 3121 2341 si
3142 2279 3173 2316 a
3193 2277 3299 2318 non
3342 2262 3524 2329 luerit,
3556 2278 3660 2319 non
3688 2279 3784 2319 ne-

2212 2364 2366 2406 cesse
2388 2360 2470 2407 est
2493 2366 2614 2407 esse
2644 2352 2693 2406 b.
2733 2353 2810 2408 Ac
2839 2354 3068 2422 primum
3095 2370 3213 2425 qua:
3252 2356 3320 2410 sit
3358 2357 3779 2426 propositionum

2211 2444 2591 2511 consequentia
2621 2442 3048 2499 consideremus.
3086 2445 3143 2500 Si
3169 2445 3312 2499 enim
3342 2444 3500 2500 fuerit
3525 2446 3631 2500 tale
3651 2461 3780 2500 cono

2206 2530 2467 2599 junctum,
2496 2538 2554 2585 ut
2594 2532 2639 2586 si
2684 2533 2830 2599 sita,
2878 2532 3035 2588 etiam
3072 2533 3100 2586 b
3128 2548 3248 2589 esse
3275 2547 3498 2589 necesse
3524 2534 3632 2600 sit;
3662 2536 3711 2589 si
3747 2537 3776 2588 b

2210 2638 2316 2678 non
2337 2622 2437 2678 fue:
2457 2625 2515 2691 it,
2543 2624 2702 2679 etiam
2724 2642 2755 2678 a
2781 2641 2884 2679 non
2914 2640 3032 2681 esse
3050 2641 3269 2683 necesse
3293 2636 3407 2693 est;
3438 2628 3578 2698 quod
3599 2644 3665 2683 ex
3688 2629 3779 2684 tali

2209 2712 2664 2769 demonstratione
2691 2718 3048 2785 cognoscitur,
3073 2718 3117 2772 si
3146 2718 3217 2773 sit
3235 2735 3287 2787 α,
3321 2732 3541 2774 necesse
3561 2722 3627 2775 sit
3654 2734 3779 2776 esse

2209 2798 2261 2866 b,
2288 2799 2408 2856 dico
2437 2801 2558 2871 quia
2604 2803 2647 2856 si
2674 2803 2702 2856 b
2740 2819 2848 2859 non
2894 2805 2986 2871 sit,
3018 2823 3050 2858 a
3080 2822 3184 2860 non
3227 2807 3351 2861 erit.
3382 2807 3603 2861 Ponitur
3631 2809 3775 2864 enim

2209 2904 2314 2945 non
2342 2904 2463 2947 esse
2489 2891 2537 2954 b,
2562 2894 2714 2953 et,sit
2741 2892 2786 2947 si
2811 2892 2923 2948 ﬁeri
2965 2903 3136 2963 potest
3164 2911 3217 2950 a.
3246 2895 3351 2950 Sed
3376 2894 3578 2949 dictum
3597 2906 3697 2962 est,
3726 2898 3773 2953 si

2209 2980 2279 3036 sit
2305 2997 2370 3047 a,
2394 2983 2701 3038 necessario
2728 2984 2946 3039 concedi
2993 2999 3113 3039 esse
3152 2985 3202 3039 b.
3243 2984 3376 3039 Cum
3416 2986 3486 3039 sit
3520 2986 3681 3055 igitur
3712 2989 3774 3057 ὁ,

2210 3087 2315 3128 non
2346 3073 2451 3127 erit
2479 3073 2528 3127 b.
2560 3073 2843 3159 Numantia
2884 3075 3126 3143 ponimus
3173 3090 3277 3129 non
3303 3090 3423 3130 esse
3448 3076 3507 3140 b,
3541 3091 3645 3131 non
3670 3077 3776 3133 erit

530 3186 659 3240 dum
698 3193 799 3237 est.
846 3180 960 3234 Non
1010 3178 1151 3232 enim
1200 3175 1323 3245 quia
1363 3173 1498 3241 ignis
1536 3170 1739 3225 calidus
1772 3178 1874 3232 est,
1912 3165 2103 3220 cmlum
2131 3168 2177 3230 C
2211 3165 2257 3227 b,
2278 3162 2413 3236 quia
2440 3179 2570 3219 vero
2594 3164 2840 3233 ponimus
2867 3179 2986 3220 esse
3012 3181 3077 3231 a,
3099 3165 3202 3220 erit
3230 3170 3258 3219 b
3283 3181 3304 3229 ;
3333 3166 3434 3219 erit
3460 3165 3667 3236 igiturb
3711 3180 3774 3221 ac

531 3274 816 3332 rutundum
844 3282 946 3337 est,
978 3269 1072 3325 sed
1103 3269 1151 3323 id
1193 3268 1308 3321 hate
1356 3263 1648 3334 propositio
1689 3260 1954 3327 designat,
1983 3252 2103 3333 quia

531 3382 640 3438 quo
661 3375 900 3434 tempore
922 3362 1055 3433 ignis
1074 3358 1274 3414 calidus
1296 3367 1397 3423 est,
1429 3355 1616 3411 eodem
1643 3364 1881 3421 tempore
1908 3350 2104 3405 coelum

533 3470 744 3526 quoque
769 3452 1050 3509 rotundum
1078 3457 1179 3506 est.
1213 3449 1351 3504 Sunt
1391 3458 1570 3501 autem
1598 3443 1714 3497 alite
1753 3456 1871 3511 qua:
1907 3439 2104 3494 habent

530 3548 601 3604 ad
634 3562 694 3603 se
721 3543 1155 3615 consequentiam
1184 3549 1420 3603 natura};
1450 3538 1637 3591 harum
1667 3548 1880 3605 quoque
1908 3531 2103 3601 duplex

530 3640 723 3696 modus
753 3650 853 3705 est,
890 3652 1025 3691 unus
1045 3650 1165 3690 cum
1190 3647 1413 3688 necesse
1438 3639 1520 3686 est
1540 3628 1817 3697 consequi,
1840 3642 1898 3681 ea
1927 3637 2102 3679 tamen

534 3734 647 3803 ipsa
690 3728 1069 3798 consequentia
1116 3741 1222 3779 non
1264 3740 1359 3794 per
1388 3723 1736 3778 termiuorum
1781 3719 2102 3788 positionem

534 3824 634 3886 ﬁt;
666 3820 797 3873 alius
828 3832 957 3872 vero
982 3831 1101 3870 cum
1130 3816 1188 3869 ﬁt
1215 3813 1596 3882 consequentia
1636 3825 1729 3879 per
1752 3808 2101 3863 terminorum

531 3911 872 3981 positionem.
906 3906 983 3960 Ac
1007 3905 1197 3973 prioris
1223 3904 1440 3973 quidem
1486 3901 1627 3955 modi
1656 3898 1959 3964 exemplum
1993 3904 2098 3962 est,

532 4010 592 4055 ut
617 4000 689 4054 ita
717 3998 973 4062 dicamus,
1002 4008 1122 4049 cum
1154 3995 1314 4047 homo
1336 3993 1426 4056 sit,
1457 3988 1652 4044 animal
1672 3997 1789 4053 est,
1824 3988 1938 4039 tunc
1958 3984 2101 4040 enim

529 4092 906 4162 consequentia
956 4090 1272 4144 inconcussa
1314 4086 1537 4138 veritate
1582 4090 1666 4135 est
1703 4079 1951 4135 subnixa.
1995 4075 2102 4132 Sed

530 4199 639 4240 non
670 4182 867 4237 idcirco
896 4178 1093 4233 animal
1119 4186 1203 4232 est
1236 4174 1360 4245 quia
1380 4173 1539 4227 homo
1563 4180 1646 4226 est
1667 4210 1683 4237 ,
1713 4184 1816 4223 non
1855 4166 1996 4221 enim
2022 4165 2103 4220 id-

528 4276 675 4330 circo
698 4286 866 4343 genus
886 4279 967 4324 est
987 4270 1108 4339 quia
1134 4260 1464 4336 speciesest,
1494 4262 1588 4318 sed
1608 4261 1835 4317 fortasse
1851 4274 1882 4313 a
1904 4271 2104 4328 genere

528 4370 845 4442 principium
871 4367 1102 4431 ducitur,
1130 4363 1405 4434 magisque
1430 4362 1677 4417 essentia:
1699 4373 1858 4415 causa
1880 4372 1949 4412 ex
1980 4356 2101 4410 uni-

530 4461 829 4518 versalibus
856 4459 992 4514 trahi
1016 4465 1210 4527 potest,
1240 4465 1297 4510 ut
1320 4455 1519 4510 idcirco
1551 4455 1621 4509 sit
1647 4454 1807 4507 homo
1834 4451 1959 4529 quia
1984 4450 2102 4503 aui-

2207 3267 2313 3307 non
2340 3254 2462 3321 erit,
2486 3254 2623 3323 quod
2646 3255 2761 3311 ﬁeri
2785 3270 2890 3310 non
2914 3264 3108 3324 potest.
3137 3256 3472 3325 lntpossibile
3501 3267 3579 3311 est
3614 3258 3774 3327 igitur

2207 3360 2316 3400 nun
2334 3361 2453 3402 esse
2482 3349 2510 3400 ὁ
2530 3357 2581 3402 et
2595 3361 2716 3403 esse
2736 3364 2786 3400 a.
2815 3349 2878 3402 Et
2897 3348 3349 3404 demonstratione
3369 3348 3588 3418 quidem
3620 3348 3771 3405 ﬁrma

2205 3435 2283 3490 sic
2312 3436 2522 3491 utimur.
2556 3437 2810 3507 Exemplo
2836 3452 2961 3492 vero
2991 3438 3039 3492 id
3063 3438 3256 3492 clarius
3284 3439 3582 3495 innotescet
3607 3456 3621 3493 :
3648 3453 3770 3494 nam

2206 3526 2251 3581 si
2277 3535 2359 3582 est
2398 3527 2576 3595 homo,
2607 3536 2689 3582 est
2709 3528 2901 3583 animal
2928 3545 2942 3593 ;
2968 3528 3015 3582 si
3046 3544 3153 3582 non
3183 3536 3264 3583 est
3284 3528 3501 3593 animai,
3536 3543 3642 3583 non
3690 3535 3773 3582 est

2206 3616 2385 3671 homo.
2411 3617 2523 3671 Non
2552 3632 2679 3672 vero
2699 3618 2741 3670 si
2768 3618 2927 3672 homo
2958 3634 3061 3671 non
3093 3618 3274 3682 fuerit,
3308 3617 3504 3671 animal
3534 3632 3642 3672 non
3668 3625 3771 3680 est,

2207 3706 2372 3759 multa
2410 3707 2549 3761 enim
2580 3716 2704 3760 sunt
2749 3708 2991 3760 animalia
3042 3722 3161 3777 quae
3211 3708 3452 3761 homines
3482 3722 3588 3761 non
3620 3717 3767 3761 sunt.

2205 3794 2385 3864 Itaque
2430 3796 2481 3849 in
2510 3795 2889 3864 consequentia
2937 3795 3317 3864 propositionis
3358 3796 3688 3863 conjunctae,
3716 3795 3765 3850 si

2206 3886 2568 3954 estprimum,
2597 3886 2885 3940 secundum
2929 3900 3049 3942 esse
3094 3900 3316 3941 necesse
3344 3894 3457 3952 est,
3490 3886 3536 3940 si
3579 3900 3772 3941 secun-

2206 3970 2329 4025 dum
2352 3987 2455 4025 non
2485 3972 2661 4037 fuerit,
2689 3989 2793 4026 non
2815 3975 2914 4027 erit
2941 3975 3167 4043 primum
3197 3986 3290 4038 ;at
3315 3990 3441 4029 vero
3471 3976 3515 4029 si
3543 3971 3773 4043 primum

2207 4076 2311 4114 non
2333 4061 2510 4130 fuerit,
2536 4077 2639 4117 non
2666 4077 2884 4119 necesse
2913 4075 2993 4118 est
3015 4073 3075 4119 ut
3095 4081 3201 4119 non
3227 4059 3296 4120 s'it
3322 4066 3640 4131 secundum,
3672 4082 3771 4123 nec

2206 4174 2332 4214 vero
2360 4174 2579 4215 necesse
2608 4170 2690 4216 est
2710 4170 2767 4215 ut
2795 4162 2881 4218 sit.
2914 4161 2965 4215 id
2988 4163 3129 4217 enim
3154 4162 3629 4218 demonstrandum
3650 4178 3772 4219 esse

2206 4250 2405 4306 dudum
2438 4252 2587 4307 nobis
2611 4253 2941 4322 prepositum
2967 4253 3084 4307 fuit.
3119 4255 3197 4309 Sit
3225 4254 3367 4308 enim
3389 4270 3442 4319 a,
3473 4253 3631 4323 idque
3651 4268 3772 4308 cum

2209 4343 2284 4409 lit,
2319 4358 2535 4399 necesse
2562 4345 2628 4399 sit
2658 4358 2776 4400 esse
2796 4345 2846 4412 Ι),
2870 4345 2990 4399 dico
3027 4346 3149 4416 quia
3181 4346 3226 4400 si
3256 4361 3361 4429 nan
3395 4346 3554 4400 fuerit
3581 4363 3636 4414 a,
3668 4362 3773 4401 non

2207 4444 2532 4490 necesseest
2560 4448 2679 4489 esse
2701 4434 2753 4499 ὁ,
2779 4451 2877 4491 nec
2907 4436 2957 4491 id
2988 4436 3111 4491 dico
3137 4432 3385 4515 quoniam
3405 4438 3450 4491 si
3475 4451 3582 4491 non
3606 4439 3773 4492 fuerit

528 4555 634 4608 mal
664 4561 768 4609 est.
797 4552 966 4606 Causa
1005 4550 1147 4604 enim
1177 4548 1377 4619 speciei
1404 4562 1573 4617 genus
1596 4555 1698 4611 est,
1727 4555 1781 4599 at
1810 4527 1901 4612 qui
1931 4543 2060 4596 dicit
2087 4558 2099 4593 :
2132 4533 2182 4592 D
2207 4540 2268 4590 αι
2299 4539 2516 4619 "008559
2558 4534 2639 4580 εει
2674 4540 2778 4580 non
2810 4540 2929 4581 esse
2957 4527 3005 4593 (⁷ο
3038 4527 3132 4582 Sed
3165 4538 3366 4583 tantum
3410 4542 3517 4581 n00
3549 4540 3773 4583 necesse

524 4657 651 4699 cum
694 4642 852 4696 homo
881 4640 984 4701 sit.
1015 4639 1208 4693 animal
1236 4645 1366 4701 est,
1398 4645 1594 4690 rectam
1627 4648 1691 4689 ac
1738 4632 2096 4688 necessariam

490 4731 959 4807 ,consequentiam
991 4729 1149 4792 facit;
1182 4741 1278 4795 per
1316 4726 1663 4780 terminorum
1703 4737 1833 4777 vero
1877 4721 2104 4790 positio-

531 4840 654 4881 nem
684 4824 805 4878 talis
846 4819 1227 4889 consequentia
1273 4831 1377 4872 non
1410 4815 1686 4891 procedit.
1738 4814 1875 4868 Sunt
1922 4820 2098 4865 autem

529 4916 651 4971 alia
679 4912 1033 4985 hypotheticze
1064 4909 1454 4979 propositiones
1490 4908 1541 4961 in
1582 4906 1774 4975 quibus
1816 4909 1872 4958 et
1905 4915 2100 4958 conse-

532 5008 745 5078 quentia
777 5004 1073 5060 necessaria
1102 5002 1417 5070 reperietur,
1445 5006 1499 5053 et
1520 4997 1685 5066 ipsius
1706 4992 2102 5064 consequentiae

530 5112 744 5153 causam
778 5095 1123 5150 terminorum
1150 5090 1341 5158 positio
1358 5089 1483 5142 fat-it
1514 5089 1617 5141 hoc
1640 5086 1798 5141 modo
1825 5102 1840 5141 :
1868 5086 1914 5139 si
1945 5092 2101 5139 terra;

532 5189 693 5243 fuerit
720 5186 978 5253 ohjectus,
1003 5180 1233 5237 defectio
1255 5180 1394 5234 lunae
1413 5180 1786 5248 consequitur;
1817 5179 1930 5231 haec
1958 5178 2099 5231 enim

529 5274 909 5345 consequentia
941 5286 1059 5326 rara
1087 5279 1187 5333 est,
1221 5278 1276 5323 et
1312 5268 1513 5323 idcirco
1542 5268 1770 5323 deiectio
1801 5268 1943 5322 luna:
1969 5281 2100 5321 con-

526 5367 792 5437 sequitur,
818 5365 940 5441 qgie
972 5373 1127 5417 terrae
1173 5360 1460 5415 intervenit
1489 5358 1750 5427 objectus.
1789 5358 1912 5413 Ista:
1943 5357 2100 5426 igitur

524 5465 651 5510 sunt
691 5455 1086 5524 propositiones
1113 5458 1275 5504 certm
1299 5457 1455 5516 atque
1486 5447 1641 5502 utiles
1664 5447 1729 5502 ad
1760 5447 2100 5502 demonstra-

525 5552 753 5605 tionem.
803 5546 1069 5601 Partimur
1097 5555 1272 5599 autem
1299 5543 1686 5613 propositiones
1733 5541 2100 5613 hypotheticas

528 5642 579 5694 in
600 5641 740 5694 duas
766 5652 828 5691 ac
846 5636 1118 5703 simplices
1139 5634 1543 5706 propositiones,
1565 5641 1621 5689 et
1641 5634 1864 5703 primam
1885 5631 2097 5700 quidem

527 5731 614 5785 cui
646 5728 954 5797 conjunctio
985 5727 1295 5796 proponitur
1320 5724 1708 5797 prazcedentem
1739 5723 1987 5790 dicimus,
2017 5737 2101 5776 se-

2208 4624 2290 4670 est
2318 4630 2436 4670 esse
2491 4616 2557 4681 b;
2586 4631 2707 4670 nam
2752 4618 2874 4699 quia
2903 4618 3059 4687 paulo
3079 4625 3202 4672 ante
3221 4618 3641 4673 demonstratum
3673 4626 3775 4682 est,

2208 4705 2251 4759 si
2292 4704 2321 4757 b
2351 4719 2455 4759 non
2495 4705 2680 4770 fuerit,
2716 4694 3018 4762 nectissario
3052 4721 3159 4761 non
3204 4722 3323 4762 esse
3347 4724 3410 4770 a,
3443 4707 3486 4761 si
3528 4707 3777 4762 eumdem

2170 4792 2234 4845 ’ὑ
2268 4793 2549 4848 terminum
2592 4810 2697 4850 non
2747 4810 2868 4851 esse
2906 4796 3205 4867 contigerit,
3235 4798 3470 4856 nouerit
3498 4813 3551 4851 α.
3583 4796 3687 4850 Sed
3731 4795 3777 4850 si

2205 4894 2324 4935 cum
2354 4896 2456 4936 non
2478 4884 2546 4936 sit
2566 4900 2616 4948 α,
2649 4898 2869 4939 necesse
2893 4893 2974 4939 est
3000 4899 3121 4939 esse
3145 4886 3195 4953 ι,
3219 4884 3357 4940 idem
3386 4884 3415 4937 ὁ
3441 4900 3511 4939 ex
3541 4885 3775 4939 necessi-

2204 4977 2312 5026 tate
2333 4971 2453 5037 erit,
2476 4986 2539 5026 ac
2569 4988 2673 5027 non
2699 4973 2821 5028 erit.
2850 4973 2982 5027 Nam
3004 4974 3128 5044 quia
3152 4974 3179 5027 ὁ
3203 4975 3485 5029 terminum
3518 4989 3622 5029 non
3645 4989 3771 5029 esse

2205 5075 2481 5146 contingit,
2506 5090 2611 5129 non
2641 5077 2762 5131 erit.
2797 5076 2932 5155 Quia
2956 5062 3157 5130 t-eFJsi
3181 5092 3213 5128 α
3243 5062 3348 5130 non
3380 5075 3557 5140 fuerit,
3592 5075 3622 5127 ὸ
3651 5087 3775 5129 esse

2206 5180 2427 5222 necesse
2455 5167 2554 5221 erit
2576 5166 2761 5233 ,idem
2795 5167 2954 5235 igitur
2976 5167 3003 5218 ιι
3028 5167 3287 5220 terminus
3309 5166 3409 5220 erit
3434 5179 3496 5218 ac
3520 5179 3627 5219 non
3649 5164 3772 5227 erit,

2203 5258 2343 5328 quod
2388 5265 2472 5313 est
2502 5258 2847 5327 impossibile.
2900 5258 2977 5312 Ex
3008 5257 3091 5313 his
3134 5258 3296 5327 igitur
3346 5257 3772 5311 demonstratum

2202 5373 2324 5413 esse
2353 5357 2600 5423 arbitror,
2635 5356 2689 5410 in
2718 5356 3097 5425 consequentia
3141 5353 3482 5423 hypothetica
3523 5352 3769 5421 propasi-

2200 5450 2365 5516 tione,
2408 5448 2454 5504 si
2483 5448 2556 5502 sit
2586 5448 2816 5516 primum
2867 5446 3120 5515 consequi
3160 5454 3217 5499 ut
3267 5444 3337 5499 sit
3358 5442 3689 5505 secundum;
3724 5441 3777 5495 si

2202 5554 2307 5594 non
2355 5539 2427 5593 sit
2455 5537 2770 5601 secundum,
2816 5536 3068 5605 consequi
3110 5544 3167 5589 ut
3196 5549 3299 5589 non
3343 5534 3413 5587 sit
3432 5533 3695 5602 primum;
3720 5531 3769 5584 si

2201 5643 2327 5682 vero
2357 5642 2461 5682 non
2492 5628 2559 5681 sit
2589 5628 2814 5695 primum
2835 5664 2850 5692 ,
2885 5640 2986 5681 non
3017 5625 3268 5694 consequi
3300 5631 3358 5677 ut
3396 5622 3467 5676 sit
3508 5621 3597 5675 vel
3662 5634 3767 5673 non

2201 5721 2269 5774 sit
2300 5718 2749 5776 secundumﬁam
2772 5727 2824 5773 et
2854 5718 2980 5773 illud
3006 5728 3245 5786 apparet,
3276 5715 3320 5771 si
3346 5714 3415 5770 sit
3437 5712 3767 5775 secundum,
