4112 6332
346 351 446 405 857

1420 347 1508 401 DE
1546 343 1961 403 SYLLOGISMO
1999 343 2495 403 UYPOTIIETILO.

3473 349 3577 419 838

348 481 453 520 non
484 463 741 532 consequi
781 470 836 517 ut
874 463 944 517 sit
984 461 1070 517 vel
1118 436 1221 515 non
1267 461 1337 515 sit
1376 461 1603 529 primum
1627 500 1642 525 ,
1674 469 1731 514 ιιι
1761 459 1816 514 in
1851 473 1914 512 ea
1943 459 1989 517 A
2018 472 2175 525 quem
2206 459 2376 513 locum
2405 460 2457 513 in
2486 458 2569 514 his
2594 460 3041 529 propositionibus
3072 460 3426 533 bypotbeticis
3457 479 3577 535 qua:

349 555 709 625 propositione
739 568 857 621 qua:
894 561 1007 618 εει,
1051 554 1095 606 si
1138 551 1295 606 homo
1339 560 1454 613 est.
1482 550 1680 606 animal
1721 560 1833 615 est,
1866 550 1912 604 si

348 646 543 700 animal
576 648 664 709 sit,
698 659 803 697 non
825 643 1171 712 consequitur
1199 651 1257 697 ut
1286 643 1355 696 sit
1385 642 1547 697 homo
1574 642 1656 697 vel
1679 657 1786 697 non
1811 644 1909 707 sit;

349 735 492 805 quod
519 735 561 788 si
592 735 820 803 primum
855 749 962 789 non
990 735 1088 797 sit,
1120 748 1226 788 non
1268 733 1610 802 consequitur
1638 741 1695 787 ut
1723 747 1913 787 ncces-

351 827 495 881 sario
517 825 586 879 sit
618 825 702 880 vel
733 839 839 880 non
871 824 940 879 sit
967 825 1298 888 secundum;
1325 825 1471 879 velut
1493 824 1545 878 in
1577 824 1762 879 eadem
1788 837 1913 892 pro-

353 918 633 986 positione,
657 918 703 971 si
737 916 895 972 homo
924 932 1028 970 non
1054 915 1231 980 fuerit,
1257 931 1359 970 non
1392 929 1611 970 necesse
1640 922 1722 968 est
1750 922 1804 968 ut
1828 922 1918 967 aut

351 1010 426 1061 sit
460 1008 676 1069 animal,
711 1016 801 1060 ant
822 1021 928 1060 non
957 1006 1044 1059 sit.
1083 1005 1159 1059 Ex
1188 1005 1436 1060 omnibus
1466 1005 1624 1075 igitur
1648 1002 1776 1057 solae
1797 1002 1917 1055 duas

352 1095 753 1164 consequentia:
775 1095 995 1149 stabiles
1010 1104 1151 1160 sunt,
1167 1105 1222 1149 et
1238 1093 1635 1149 immutabiliter
1650 1100 1913 1146 constant:

354 1186 404 1240 si
434 1185 505 1240 sit
532 1185 790 1253 primum,
834 1193 892 1239 ut
921 1193 1277 1251 consequatur
1326 1190 1382 1236 ut
1411 1184 1481 1237 sit
1509 1181 1839 1245 secundum;
1873 1181 1919 1235 si

356 1272 647 1331 secundum
674 1290 778 1329 non
802 1275 987 1340 fuerit,
1020 1276 1325 1330 necessario
1353 1274 1606 1340 consequi
1637 1282 1692 1327 ut
1718 1287 1825 1327 non
1847 1272 1920 1325 sit

360 1350 616 1437 primum.
670 1367 971 1436 llisitaque
1016 1367 1398 1431 determinatis,
1424 1365 1550 1420 illud
1593 1364 1874 1433 adjungam
1900 1402 1917 1429 ,

353 1456 605 1535 Quoniam
633 1472 755 1512 cum
804 1457 977 1511 omnis
1007 1456 1340 1527 hypotbetica
1375 1455 1667 1525 propositio
1692 1453 1918 1523 simplex

356 1562 465 1602 non
496 1546 585 1614 sit,
620 1555 778 1616 atque
806 1561 871 1601 ex
918 1547 1037 1600 aliis
1069 1546 1517 1615 propositionibus
1545 1546 1917 1613 conjungatur,

357 1650 482 1696 sunt
526 1650 700 1695 tamen
752 1639 1108 1709 hypotheticaz
1153 1638 1397 1707 quzcdam
1430 1652 1568 1707 qum,
1616 1637 1660 1690 si
1704 1635 1920 1704 reliquis

356 1729 822 1794 conditionalibus,
837 1740 1134 1796 comparent
1148 1744 1207 1781 ur
1219 1727 1506 1795 simplices,
1524 1725 1912 1781 existimentur.

2013 560 2078 600 ex
2099 546 2429 616 simplicibus
2449 558 2712 614 constant,
2747 550 2876 617 ipsa:
2897 552 3166 620 simplices
3187 554 3579 622 propositiones

2014 645 2217 705 tenent,
2243 640 2488 694 eumdem
2517 641 2569 694 in
2598 640 2680 696 his
2709 642 3157 711 propositionibus
3185 659 3302 714 quae
3326 655 3451 700 sunt
3485 646 3583 717 hy-

2014 729 2295 796 potheticae
2324 744 2389 783 ex
2430 729 2783 799 hypotheticis
2805 742 3136 800 constantes,
3176 735 3278 789 illa:
3316 736 3579 790 conditio-

2016 831 2111 871 nes
2166 827 2348 873 tenent
2377 820 2569 887 quibus
2597 818 2701 873 illae
2727 824 3112 890 propositiones
3135 826 3274 879 inter
3299 840 3360 880 se
3380 827 3581 895 juncta:

2014 914 2071 961 et
2090 907 2351 976 copulatae
2400 922 2520 963 esse
2548 908 2813 964 dicuntur.
2845 912 2974 966 Nam
3004 915 3058 966 in
3089 914 3187 969 bac
3218 917 3583 985 prepositione

2015 1015 2136 1069 qua:
2155 1001 2301 1067 dicit,
2336 1002 2380 1056 si
2410 1010 2493 1057 est
2523 1018 2573 1065 a,
2603 1011 2687 1057 est
2714 1002 2773 1068 ὁ,
2795 1011 2848 1056 ει
2879 1005 2931 1058 in
2958 1020 3020 1058 ea
3051 1020 3168 1074 quae
3210 1007 3355 1073 dicit,
3386 1009 3428 1062 si
3458 1023 3578 1062 cum

2017 1090 2089 1143 sit
2116 1107 2167 1155 a,
2202 1098 2285 1144 est
2313 1090 2364 1156 b,
2392 1106 2513 1145 cum
2537 1092 2607 1146 sit
2631 1108 2679 1158 ε,
2710 1100 2792 1146 εει
2819 1092 2876 1157 d,
2905 1109 3061 1161 quem
3091 1095 3264 1150 locum
3289 1096 3343 1150 in
3368 1111 3430 1151 ea
3460 1112 3581 1165 pro-

2020 1181 2285 1248 positione
2311 1195 2428 1249 quae
2457 1196 2521 1236 ex
2552 1181 2759 1236 duabus
2802 1182 3131 1251 simplicibus
3172 1185 3474 1239 continetur
3503 1194 3581 1241 te-

2020 1278 2132 1338 net,
2165 1285 2225 1324 ea
2256 1285 2374 1340 quae
2406 1271 2550 1339 prior
2578 1279 2681 1337 est,
2701 1271 2747 1325 si
2773 1281 2855 1325 est
2875 1287 2928 1337 α,
2960 1273 3203 1327 eumdem
3236 1275 3407 1329 locum
3440 1284 3585 1330 tenet

2020 1359 2074 1414 in
2101 1375 2163 1415 ea
2196 1362 2558 1429 propositione
2588 1375 2705 1430 qua:
2745 1376 2810 1415 ex
2842 1361 3047 1416 duabus
3079 1361 3433 1431 hypotbeticis
3461 1378 3584 1433 pro-

2021 1453 2371 1520 positionibus
2400 1452 2697 1523 copulatur,
2737 1468 2799 1508 ea
2826 1468 2944 1522 quae
2974 1455 3121 1523 prior
3148 1466 3247 1519 est,
3280 1459 3322 1509 si
3351 1471 3472 1511 cum
3502 1465 3583 1510 est

2019 1557 2072 1603 a,
2103 1549 2187 1595 est
2214 1541 2264 1593 ὁ.
2288 1540 2386 1596 Ηίε
2414 1556 2640 1611 namque
2670 1543 2895 1597 duarum
2924 1545 3060 1600 inter
3083 1560 3141 1599 se
3166 1546 3583 1615 propositionum

2022 1631 2410 1699 coniunctionis
2469 1632 2774 1688 conditione
2841 1633 2979 1688 facta
3040 1642 3123 1688 est
3187 1638 3583 1705 consequentia.

2023 1721 2259 1792 itemque
2296 1738 2452 1791 quam
2479 1725 2583 1778 vim
2620 1724 2825 1779 obtinet
2851 1740 2921 1780 ex
2950 1726 3185 1795 utrisque
3216 1727 3589 1794 propositioni-

359 1820 546 1874 Omnis
578 1818 718 1873 enim
746 1816 1119 1872 conditionalis
1149 1816 1440 1885 propositio
1462 1824 1553 1869 aut
1580 1829 1817 1870 connexa
1839 1823 1919 1870 est
1952 1803 1996 1862 Β
2021 1813 2121 1867 bus
2142 1814 2405 1882 copulatae
2436 1814 2796 1885 hypotheticae
2822 1829 3052 1884 sequens
3074 1817 3248 1885 portio
3273 1831 3388 1886 qua:
3427 1817 3589 1872 infer-

358 1920 448 1965 aut
489 1910 782 1978 disjuncta;
814 1909 895 1963 ha:
921 1924 1048 1963 vero
1080 1909 1327 1983 quoniam
1357 1921 1419 1961 ex
1450 1907 1799 1975 praedicativis
1826 1923 1919 1962 eo-

361 2002 641 2071 pulantur,
675 2002 726 2055 in
757 2001 1012 2055 connexis
1061 1998 1509 2069 propositionibus
1553 2006 1781 2067 quatuor
1808 1996 1921 2051 ﬁeri

361 2104 581 2144 neces-‘e
609 2097 690 2144 est
740 2088 899 2159 hujus
923 2089 1275 2159 copulationis
1315 2088 1523 2143 modos.
1556 2087 1792 2157 Namque
1823 2087 1922 2158 by-

360 2179 624 2248 pothetica
656 2179 947 2249 propositio
972 2186 1064 2232 aut
1104 2194 1173 2234 ex
1216 2177 1417 2233 duabus
1442 2177 1770 2246 simplicibus
1796 2192 1924 2232 con-

354 2270 538 2337 juncta
566 2278 669 2331 est,
699 2278 751 2323 et
772 2276 990 2323 vocatur
1018 2268 1243 2336 simplex
1270 2266 1634 2338 bypothetica,
1679 2275 1737 2322 ut
1765 2266 1881 2322 haec
1906 2284 1918 2319 :

352 2361 460 2413 sia
487 2367 587 2423 est,
622 2359 653 2412 b
677 2356 780 2424 est,
812 2358 971 2413 veluti
1000 2372 1121 2413 cum
1153 2358 1392 2422 dicimus,
1418 2357 1462 2411 si
1495 2358 1654 2411 homo
1679 2366 1780 2417 est.
1809 2357 1923 2410 ani-

360 2450 465 2505 mal
489 2459 604 2515 εει,
652 2451 812 2506 homo
853 2452 997 2506 enim
1040 2458 1141 2519 est,
1171 2460 1224 2505 et
1252 2448 1447 2503 animal
1494 2457 1612 2514 εει,
1644 2448 1763 2502 dure
1800 2457 1925 2502 sunt

358 2539 631 2608 simplices
659 2539 1081 2609 propositiones;
1109 2547 1200 2593 aut
1239 2553 1304 2593 ex
1333 2538 1538 2592 duabus
1570 2537 1923 2608 hypotbeticis

355 2628 655 2697 copulatur,
688 2638 742 2684 et
771 2628 963 2684 dicitur
989 2630 1305 2697 composita,
1330 2629 1492 2685 veluti
1519 2643 1642 2683 cum
1669 2629 1918 2697 dicimus,

354 2718 405 2772 si
434 2732 554 2771 cum
600 2734 631 2771 a
658 2727 758 2783 est,
794 2722 821 2773 b
842 2727 945 2783 est,
977 2733 1096 2773 cum
1123 2720 1191 2774 sit
1216 2735 1265 2786 c,
1292 2728 1375 2774 est
1399 2720 1454 2784 ά,
1487 2720 1647 2774 veluti
1678 2733 1800 2774 cum
1831 2720 1923 2773 ιειΙί

360 2810 721 2878 prapositioue
749 2811 1106 2876 enuntiemus,
1139 2811 1211 2875 εἰ,
1231 2825 1351 2865 ευιη
1403 2810 1561 2865 homo
1589 2819 1693 2876 est,
1725 2811 1922 2865 animal

357 2908 465 2966 est,
512 2914 631 2954 cum
664 2900 734 2954 sit
771 2913 963 2969 corpus
994 2900 1110 2953 .erit
1138 2900 1456 2954 substantia.
1489 2900 1695 2954 Etenim
1725 2900 1771 2954 si
1801 2915 1921 2954 cum

358 2989 518 3044 homo
547 2998 649 3052 est,
672 2989 867 3043 animal
884 2997 987 3054 εει,
1007 3004 1107 3042 una
1128 2998 1211 3043 est
1235 2988 1572 3059 hypothetica
1597 3004 1612 3054 ;
1643 2990 1744 3043 alia
1768 3004 1915 3055 vero,

354 3095 478 3134 cum
509 3080 579 3134 sit
602 3094 794 3149 corpus
824 3080 1116 3135 substantia
1146 3089 1247 3146 est,
1276 3094 1339 3133 ex
1376 3079 1564 3148 quibus
1587 3078 1922 3149 conjungitur

2025 1915 2130 1970 tur,
2157 1904 2207 1958 id
2234 1915 2314 1960 est
2341 1919 2460 1959 esse
2474 1906 2523 1971 b,
2546 1906 2788 1961 eamdem
2812 1906 2918 1960 vim
2939 1907 3139 1962 obtinet
3158 1908 3211 1962 in
3231 1908 3590 1977 propositione

2022 2010 2089 2050 ex
2113 1996 2468 2065 bypotheticis
2491 1996 2676 2064 juncta
2703 2011 2762 2051 ea
2796 2012 2916 2066 quae
2963 1999 3225 2066 sequitur,
3272 2000 3322 2053 id
3357 2010 3438 2053 est
3466 2014 3588 2055 cum

2022 2087 2093 2142 sit
2119 2104 2175 2152 c,
2207 2100 2326 2141 esse
2356 2088 2427 2153 d;
2458 2098 2616 2155 atque
2662 2089 2713 2143 id
2749 2097 2951 2143 tantum
2985 2088 3191 2153 diﬂ‘ert,
3224 2090 3345 2158 quia
3387 2106 3505 2145 cum
3536 2092 3592 2147 in

2024 2177 2196 2245 prima
2227 2177 2591 2245 propositione
2617 2193 2681 2233 ex
2732 2178 3062 2248 simplicibus
3088 2169 3283 2247 juncta
3288 2172 3593 2250 propositio

2025 2267 2440 2336 propositionem
2470 2277 2743 2337 sequatur,
2780 2270 2832 2323 in
2876 2269 3109 2325 secunda
3140 2270 3503 2339 prepositione
3526 2287 3593 2325 ex

2025 2356 2577 2426 bypotbeticisjuncta
2605 2360 2842 2414 conditio
2855 2361 3250 2429 consequentiae
3271 2362 3594 2417 conditionis

2023 2448 2464 2516 consequentiam
2481 2448 2785 2503 comitatur.
2807 2450 2947 2504 Nihil
2964 2453 3108 2506 enim
3132 2459 3217 2506 est
3236 2451 3377 2507 aliud
3389 2452 3593 2519 dicere,

2024 2540 2069 2592 si
2085 2555 2118 2592 α
2142 2546 2246 2603 εει,
2280 2538 2307 2590 b
2330 2546 2434 2606 est,
2459 2552 2618 2607 quam
2640 2539 2686 2593 ei
2708 2540 3055 2608 propositioni
3074 2555 3167 2609 per
3187 2556 3344 2610 quam
3369 2542 3597 2597 dicimus

2025 2642 2186 2682 essen
2207 2627 2351 2681 illam
2364 2628 2741 2683 essecomitem
2757 2643 3013 2698 perquam
3030 2630 3059 2683 b
3071 2644 3189 2685 esse
3206 2630 3554 2699 praedicamus
3575 2648 3592 2693 ;

2024 2727 2080 2773 at
2118 2720 2169 2772 in
2211 2733 2271 2773 ea
2313 2719 2677 2788 propositione
2719 2735 2837 2788 quae
2876 2735 2942 2775 ex
2986 2721 3341 2789 byputheticis
3382 2723 3594 2778 inducta

2025 2817 2109 2863 est
2134 2823 2254 2863 cum
2283 2807 2505 2862 dicimu«
2532 2848 2546 2874 ,
2572 2808 2615 2862 si
2644 2822 2761 2862 cum
2792 2808 2912 2863 sita
2930 2850 2945 2876 ,
2972 2818 3051 2863 εει
3077 2808 3107 2862 b
3125 2849 3141 2874 ,
3172 2824 3293 2863 cum
3322 2809 3393 2864 sit
3421 2827 3448 2864 c
3474 2826 3594 2866 esse

2024 2898 2060 2950 ά
2078 2938 2093 2963 ,
2123 2897 2248 2951 illud
2275 2897 2490 2963 dicitur,
2510 2898 2559 2952 ei
2586 2900 2982 2968 consequentiae
3006 2914 3122 2967 qua:
3148 2899 3286 2954 inter
3307 2915 3338 2953 a
3362 2910 3415 2955 et
3440 2901 3467 2953 b
3487 2911 3594 2968 est,

2026 3002 2143 3043 eam
2186 3002 2305 3043 esse
2343 2987 2777 3057 consequentiam
2817 2988 3067 3042 comitem
3114 3003 3231 3058 qua:
3272 2999 3356 3044 est
3395 2991 3533 3045 inter
3570 3007 3598 3044 c

2027 3085 2082 3131 et
2108 3078 2253 3147 d,|ita
2285 3086 2341 3131 ut
2366 3076 2408 3131 si
2435 3087 2705 3147 sequetur,
2736 3076 2909 3145 posito
2935 3091 2968 3128 α
2996 3091 3115 3132 εεεε
3146 3078 3204 3143 b,
3236 3088 3589 3147 consequatur

356 3185 459 3223 una
492 3170 781 3239 propositio
811 3184 928 3238 qua:
979 3170 1273 3238 composita
1305 3178 1657 3238 nuncupatur.
1711 3174 1818 3225 Aut
1856 3186 1919 3226 ex
1949 3166 1993 3226 C
2027 3170 2143 3225 sine
2172 3170 2331 3225 dubio
2360 3187 2386 3223 c
2417 3173 2587 3238 posito
2614 3184 2735 3225 esse
2764 3166 2815 3222 ἆ.
2851 3171 2919 3224 At
2948 3171 3000 3223 in
3030 3170 3112 3225 bis
3141 3172 3589 3241 propositionibus

358 3275 462 3314 una
517 3260 746 3328 simplici
768 3269 826 3315 ἐι
848 3274 912 3314 ex
942 3274 1043 3312 una
1076 3260 1411 3328 hypotlietica
1451 3260 1748 3329 copulatur,
1777 3261 1922 3315 velut

359 3350 505 3404 ha-c:
537 3350 581 3405 si
609 3367 639 3403 a
664 3360 744 3405 est
786 3365 903 3403 cum
935 3352 1004 3404 sit
1027 3350 1074 3413 b,
1109 3360 1189 3404 est
1215 3367 1263 3415 c,
1308 3351 1468 3406 veluti
1498 3366 1617 3406 cum
1654 3351 1879 3406 dicimus
1906 3393 1920 3417 ,

350 3441 401 3494 si
425 3439 583 3494 homo
607 3449 690 3495 est
715 3455 834 3495 cum
875 3441 944 3493 sit
973 3442 1190 3505 animal,
1222 3450 1302 3496 est
1330 3442 1647 3497 substantia.
1679 3442 1917 3513 Namque

359 3530 517 3583 homo
545 3539 627 3584 est
669 3530 891 3599 simplex
923 3532 1233 3599 propositio,
1284 3546 1406 3586 cum
1451 3532 1521 3587 sit
1564 3534 1758 3588 animal
1801 3551 1921 3590 esse

354 3623 730 3686 substantiam,
756 3623 1092 3692 hypothetica
1125 3638 1187 3678 ex
1230 3623 1342 3691 ipsa
1370 3627 1749 3693 consequentia
1794 3640 1922 3680 cen-

356 3712 572 3765 ditionis
623 3711 942 3766 ostenditur.
996 3714 1101 3765 Ant
1143 3727 1210 3767 ex
1264 3713 1441 3780 priore
1492 3712 1831 3781 hypotbetica
1866 3725 1920 3770 et

350 3802 580 3871 simplici
613 3803 908 3872 posteriore
934 3803 1296 3866 committitur,
1335 3812 1392 3857 ut
1434 3818 1554 3857 cum
1580 3803 1801 3859 dicimus
1833 3824 1845 3858 :
1876 3808 1918 3861 si

350 3907 475 3946 cum
500 3892 568 3945 sit
594 3908 647 3957 α,
676 3900 759 3945 εει
799 3890 858 3956 b,
890 3892 988 3945 erit
1010 3900 1064 3944 et
1089 3908 1137 3958 ε,
1171 3892 1332 3947 veluti
1377 3893 1477 3947 hoc
1503 3894 1689 3956 modo,
1720 3896 1767 3949 si
1798 3911 1916 3949 cum

354 3982 426 4035 sit
455 3981 635 4050 homo,
670 3981 865 4037 animal
896 3991 978 4036 est
1006 3990 1059 4035 et
1087 3997 1299 4051 corpus,
1327 3986 1662 4054 liypothetica
1688 4002 1918 4057 namque

348 4081 440 4124 cst
468 4084 530 4123 ea
556 4084 671 4139 qua:
694 4071 962 4140 proponit,
988 4071 1032 4125 si
1071 4087 1190 4126 cum
1237 4075 1307 4127 sit
1337 4075 1514 4140 homo,
1558 4077 1752 4130 animal
1793 4091 1871 4133 est
1902 4097 1914 4143 ;

302 4184 313 4193 ·
346 4161 578 4230 simplex
609 4163 871 4231 posterior
904 4178 1023 4231 qua:
1083 4164 1216 4217 hanc
1246 4164 1640 4233 bypotheticam
1675 4171 1917 4237 preposi-

356 4254 554 4307 tioncm
582 4253 844 4322 sequitur,
868 4252 918 4306 id
942 4263 1023 4306 est
1044 4268 1237 4322 corpus
1268 4269 1417 4309 esse:
1452 4257 1532 4309 hac
1556 4271 1762 4325 quoque
1788 4273 1920 4326 qun-

356 4343 498 4395 niam
530 4357 633 4395 non
672 4357 736 4396 ex
764 4341 1092 4410 simplicibus
1132 4343 1393 4411 copulata:
1425 4352 1567 4407 sunt,
1610 4346 1917 4413 composita:

350 4434 620 4488 dicuntur.
666 4433 771 4488 Sed
823 4434 1028 4502 priores
1058 4433 1270 4503 quidem
1314 4449 1432 4503 qum
1477 4450 1541 4488 ex
1588 4434 1915 4503 simplicibus

2024 3276 2145 3333 qua:
2182 3277 2250 3316 ex
2285 3262 2514 3330 simplici
2555 3271 2611 3317 et
2655 3261 2998 3332 hypothetica
3030 3264 3362 3329 consistunt,
3391 3263 3480 3317 illa
3510 3280 3593 3317 ra-

2025 3353 2099 3407 tio
2128 3360 2210 3405 est
2250 3361 2306 3405 ut
2346 3353 2429 3405 vel
2471 3352 2890 3420 propositionem
2929 3353 3164 3408 conditio
3199 3355 3593 3424 consequentia:

2024 3450 2308 3511 sequatur,
2342 3442 2429 3497 vel
2478 3443 2840 3497 conditionem
2882 3445 3278 3512 consequentia:
3327 3447 3598 3515 proposito

2023 3533 2327 3587 comitetur.
2367 3532 2498 3586 Nam
2538 3548 2658 3587 cum
2700 3532 2924 3587 dicimus
2952 3572 2967 3597 ,
3002 3533 3047 3587 si
3074 3542 3158 3588 est
3185 3549 3248 3601 a,
3281 3548 3400 3588 cum
3431 3537 3501 3589 sit
3531 3538 3595 3598 b,

2023 3638 2142 3678 esse
2169 3640 2220 3688 ε,
2250 3624 2301 3678 id
2335 3624 2557 3692 intelligi
2588 3625 2851 3689 volumus,
2869 3624 2915 3677 ei
2942 3624 3289 3693 propositioni
3318 3640 3413 3694 per
3436 3641 3594 3694 quam

2023 3718 2267 3783 dicimus,
2310 3720 2354 3772 si
2396 3728 2477 3772 est
2522 3734 2575 3788 α,
2616 3718 2869 3787 consequi
2907 3733 3022 3772 eam
3090 3718 3447 3773 conditionem
3499 3735 3595 3789 per

2022 3825 2179 3879 quam
2203 3810 2448 3873 dicimus,
2481 3824 2601 3862 cum
2628 3810 2697 3861 sit
2727 3809 2775 3873 b,
2806 3823 2925 3863 esse
2954 3825 3013 3873 c,
3048 3807 3098 3863 id
3125 3819 3207 3863 est
3236 3810 3377 3882 ut;si
3414 3821 3497 3864 est
3525 3827 3556 3862 α
3578 3850 3593 3873 ,

2024 3912 2245 3954 ηεεεεεε
2289 3899 2357 3951 sit
2395 3899 2423 3950 b
2472 3898 2699 3951 termino
2742 3899 2989 3953 comitem
3034 3914 3153 3954 esse
3196 3917 3223 3953 c
3268 3902 3587 3964 terminum;

2020 4004 2140 4044 cum
2173 4003 2302 4043 vero
2328 3988 2574 4052 dicimus,
2607 3988 2650 4040 si
2680 4001 2798 4041 cum
2829 3992 2910 4041 εει
2937 4005 2967 4041 a
2987 4029 3001 4054 ,
3034 3989 3061 4040 ὁ
3091 3998 3205 4053 εει,
3237 4006 3262 4042 c
3291 4005 3428 4060 esse,
3466 3992 3592 4045 nihil

2022 4078 2165 4131 aliud
2193 4077 2413 4145 intelligi
2440 4077 2685 4130 volumus
2708 4116 2722 4141 ,
2758 4077 2858 4130 nisi
2889 4076 3113 4131 duarum
3147 4080 3283 4133 inter
3309 4095 3368 4134 sc
3397 4095 3589 4135 conse-

2023 4168 2296 4237 quentiam
2330 4167 2749 4235 propositionum
2777 4165 2998 4220 alterius
3039 4168 3417 4236 propositionis
3458 4184 3588 4224 con-

2022 4255 2174 4324 sequi
2202 4254 2517 4320 veritatem,
2549 4262 2609 4306 ut
2638 4254 2681 4305 si
2710 4254 2940 4307 habeant
2982 4256 3119 4309 inter
3155 4269 3214 4310 se
3252 4272 3589 4327 consequen-

2026 4348 2154 4398 tiam
2182 4361 2214 4397 α
2243 4350 2402 4410 atque
2433 4342 2459 4395 b
2482 4386 2496 4409 ,
2530 4357 2749 4396 necesse
2780 4342 2847 4394 sit
2887 4342 3023 4396 hanc
3060 4344 3419 4400 conditionem
3462 4363 3591 4401 cun-

2020 4434 2310 4503 sequentia:
2336 4431 2716 4502 propositionis
2740 4430 2854 4499 ejus
2884 4446 2979 4498 per
3022 4447 3179 4499 quam
3217 4433 3447 4489 dicimus
3469 4452 3589 4491 esse

355 4524 803 4591 propositionibus
847 4533 1112 4585 constant,
1136 4533 1191 4577 et
1234 4524 1499 4593 simplices
1555 4524 1910 4595 ltypotltcticae
1942 4519 1988 4576 D
2013 4540 2039 4577 c
2079 4523 2334 4591 consequi
2368 4531 2681 4584 veritatem,
2716 4521 2767 4575 id
2808 4530 2928 4589 εει,
2960 4523 3003 4575 si
3039 4538 3258 4579 necesse
3286 4536 3368 4579 est
3409 4543 3441 4580 a
3493 4543 3593 4596 pn-

348 4622 756 4681 nnncupantur,
786 4613 837 4667 in
882 4613 1087 4666 duobus
1136 4614 1377 4669 terminis
1418 4615 1723 4669 constituta:
1769 4626 1916 4671 sunt.

346 4703 629 4757 Terminos
664 4712 838 4757 autem
872 4718 1010 4756 nunc
1039 4712 1217 4771 partes
1243 4703 1618 4771 propositionis
1649 4704 1918 4773 simplices

347 4795 540 4865 quibus
561 4795 852 4864 junguntur
880 4794 1110 4863 appello.
1145 4795 1268 4861 Quae
1314 4811 1439 4849 vero
1471 4796 1781 4863 composita:
1823 4796 1919 4865 by-

348 4883 628 4951 potltetica:
651 4893 794 4949 sunt,
821 4884 923 4937 illa:
950 4884 1162 4952 quidem
1190 4900 1307 4953 qua:
1329 4899 1393 4938 ex
1422 4884 1628 4938 duabus
1656 4886 1916 4956 bypotlte—

349 4976 467 5030 ticis
496 4985 762 5039 constant,
796 4984 1020 5045 quatuor
1044 4976 1284 5029 terminis
1313 4976 1570 5044 copulatae
1620 4986 1775 5041 sunt;
1814 4977 1916 5032 illa:

346 5080 476 5118 vero
502 5081 620 5135 qua:
646 5080 707 5119 ex
741 5065 1079 5136 hypothetica
1111 5074 1164 5119 et
1192 5065 1441 5133 simplici.
1473 5065 1551 5119 vel
1584 5080 1649 5120 ex
1685 5066 1913 5135 simplici

340 5164 504 5217 atque
525 5152 861 5223 hypathetica
882 5153 1179 5222 conjunctae
1204 5162 1349 5218 sunt,
1374 5151 1456 5207 hae
1479 5153 1648 5207 tribus
1673 5156 1914 5209 terminis

342 5240 643 5317 conjuncta;
669 5241 1040 5296 suntnllarum
1072 5242 1226 5311 igitur
1253 5257 1370 5311 qua:
1396 5251 1520 5295 sunt
1555 5242 1913 5311 hypothetica:

343 5328 614 5396 simplices
635 5331 715 5383 vel
738 5330 1068 5397 compositze,
1093 5327 1418 5399 dﬂcrcntiml
1436 5329 1916 5399 similitudinesque

339 5418 579 5472 dicendis
609 5428 751 5473 sunt.
782 5419 910 5472 Nam
954 5434 1073 5487 quae
1103 5434 1167 5473 ex
1211 5419 1541 5489 simplicibus
1570 5420 1909 5487 copulantur,

339 5509 387 5560 si
414 5508 479 5561 ad
511 5522 602 5562 eas
632 5523 751 5577 qua:
787 5524 852 5562 ex
903 5509 1256 5578 hypotheticis
1287 5510 1493 5563 duabus
1534 5510 1735 5578 juncta:
1786 5522 1911 5565 sunt

338 5618 751 5676 comparentur,
800 5609 1179 5677 consequentia
1228 5608 1438 5675 quidem
1487 5609 1672 5664 eadem
1700 5619 1829 5675 est,_
1859 5620 1914 5666 ct

341 5704 613 5773 praportio
655 5713 871 5772 manet,
901 5714 1104 5761 tantum
1135 5706 1349 5761 termini
1377 5705 1519 5776 dupli
1556 5717 1731 5764 antur.
1777 5711 1906 5767 Nam

2020 4618 2126 4672 sito
2156 4631 2277 4671 esse
2308 4616 2335 4668 b
2358 4655 2373 4680 ,
2407 4628 2630 4668 necesse
2662 4614 2733 4668 sit
2761 4615 2919 4668 etiam
2953 4630 2979 4666 c
3008 4629 3149 4669 esse.
3181 4616 3398 4672 Similes
3439 4618 3597 4688 igitur

2018 4705 2313 4776 syllogismi
2347 4706 2474 4759 (ient
2501 4718 2683 4759 earum
2718 4704 3135 4772 propositionum
3175 4722 3294 4776 quae
3350 4722 3412 4761 ex
3464 4711 3592 4762 sim-

2024 4797 2250 4865 plicibus
2280 4805 2334 4850 et
2362 4809 2544 4850 earum
2573 4808 2692 4863 qua:
2733 4809 2838 4848 non
2879 4810 2942 4849 ex
2987 4796 3317 4865 simplicibus
3357 4799 3596 4866 utrisque

2016 4887 2333 4955 junguntur.
2372 4886 2566 4939 Earum
2598 4899 2725 4939 vero
2766 4901 2886 4953 quae
2923 4900 2987 4940 ex
3030 4903 3132 4941 una
3178 4888 3407 4957 simplici
3443 4899 3497 4942 et
3529 4905 3593 4942 ex

2021 4977 2185 5031 altera
2219 4975 2557 5044 hypotlietica
2596 4976 2930 5043 copulantur,
2972 4975 3168 5031 diversi
3197 4977 3408 5046 quidem
3442 4991 3469 5026 a
3504 4993 3593 5030 su-

2023 5069 2347 5139 perioribus.
2392 5068 2488 5136 ipsi
2521 5078 2694 5122 tamen
2724 5069 2864 5122 inter
2889 5085 2946 5122 se
2973 5069 3173 5123 similes
3198 5070 3360 5122 liunt:
3391 5083 3486 5122 nec
3515 5068 3596 5121 in-

2024 5169 2188 5215 terest
2211 5168 2387 5212 utrum
2416 5160 2582 5226 prima
2607 5159 2969 5229 hypothetica,
2994 5162 3226 5215 secunda
3251 5162 3319 5214 sit
3342 5160 3595 5228 simplex.

2022 5267 2090 5305 an
2111 5267 2141 5305 e
2161 5264 2422 5304 converso
2446 5249 2612 5317 prima
2637 5251 2884 5319 simplex,
2909 5253 3140 5305 secunda
3163 5252 3498 5322 hypothetica
3524 5255 3589 5305 ad

2024 5341 2457 5410 syllogismorum
2485 5341 2691 5403 modos,
2725 5342 2825 5396 nisi
2858 5342 3079 5396 forsitan
3106 5343 3170 5396 ad
3201 5344 3365 5410 ipsius
3387 5353 3589 5397 tantum

2022 5432 2224 5485 ordinis
2244 5431 2709 5486 commutationem
2729 5448 2743 5495 ;
2766 5447 2884 5487 cu-n
2915 5434 3074 5501 igitur
3098 5434 3456 5487 demonstrata
3483 5434 3595 5488 fue-

2022 5522 2090 5574 rit
2114 5535 2295 5574 earum
2325 5522 2744 5589 propositionum
2770 5538 2889 5590 qua:
2913 5537 2976 5577 ex
3003 5522 3332 5592 simplicibus
3358 5536 3590 5591 constat,

2023 5622 2156 5673 ratio
2176 5619 2619 5689 syllogismorum,
2645 5619 3005 5675 demonstrata
3027 5622 3237 5677 videtur
3258 5637 3378 5677 esse
3402 5639 3589 5677 earnm

2023 5735 2232 5789 quoque
2264 5722 2685 5790 propositionum
2715 5735 2834 5791 qua:
2864 5720 3221 5791 hypotheticis
3250 5725 3595 5779 committun-
