4112 6332
524 344 629 404 839

1733 342 1843 400 AN.
1887 342 2091 399 MANL.
2135 342 2284 399 SEV.
2326 342 2547 399 BUETH

3659 342 3763 395 8&0

522 470 644 525 tur;
672 468 726 514 et
750 471 871 513 cum
900 452 1254 525 quarumlibet
1283 466 1463 507 earum
1518 457 2085 525 propositionumquae
2118 461 2166 520 Α
2191 470 2341 511 εεεεε
2366 466 2448 512 εει
2478 457 2750 511 Socratem
2792 455 3011 521 sedere,
3059 455 3185 510 dum
3228 455 3400 511 sedet.
3428 430 3577 511 'Bazc
3618 457 3765 510 enim

522 570 591 610 ex
631 551 855 621 simplici
893 557 946 603 et
984 547 1322 617 hypotltetica
1365 553 1611 600 constant
1653 547 2083 616 syllogismorum

522 652 718 701 natura
750 649 1028 711 perspecta
1055 639 1160 704 sit,
1192 637 1352 692 etiam
1382 637 1629 691 conversi
1658 637 1862 692 ordinis
1891 653 2089 707 propo-

521 734 777 787 sitionum
802 740 985 784 natura
1012 728 1193 797 quales
1220 724 1375 780 faciat
1403 725 1739 796 syllogismos
1766 727 2087 780 ostenditur.

526 823 623 875 Est
652 821 813 876 etiam
844 821 943 872 alia
968 818 1176 882 Species
1206 818 1629 886 propositionum
1664 819 1716 870 in
1755 820 2093 872 connexione

528 914 850 981 positarum,
886 925 1005 979 qua:
1036 909 1207 961 media
1236 906 1630 975 quodammodo
1660 907 1730 961 sit
1755 922 1940 961 earum
1973 923 2097 975 pro-

530 1007 852 1075 positionum
881 1020 998 1075 qua:
1028 1020 1090 1058 ex
1120 1002 1481 1073 hypatbeticis
1509 1001 1945 1070 simplicibusque
1965 1001 2091 1069 jun-

527 1106 724 1161 guntur
745 1138 759 1158 ,
788 1104 841 1148 et
867 1109 1047 1149 earum
1076 1109 1195 1162 qua:
1223 1109 1285 1147 ex
1318 1093 1521 1146 duabus
1553 1092 1906 1161 ltypollteticis
1934 1108 2096 1159 copu-

530 1184 725 1238 lantur.
757 1182 885 1237 Nam
923 1182 966 1236 si
1006 1182 1070 1235 ad
1116 1196 1393 1235 numerum
1437 1180 1692 1249 respicias
1714 1180 2087 1248 terminorum,

529 1273 680 1340 quasi
710 1285 773 1325 ex
806 1271 971 1324 tribus
1005 1270 1244 1324 terminis
1274 1278 1553 1332 constant;
1588 1270 1709 1323 etsi
1743 1269 1807 1323 ad
1839 1270 2103 1324 conditio-

536 1359 689 1413 nales
719 1359 956 1426 animum
987 1357 1204 1423 releras,
1240 1359 1390 1427 quasi
1415 1374 1477 1412 ex
1500 1359 1704 1413 duabus
1732 1359 2105 1414 conditionali-

533 1452 635 1502 bus
664 1450 910 1502 videntur
936 1462 1056 1502 esse
1083 1447 1426 1513 compositae:
1476 1462 1594 1515 quae
1633 1444 1907 1501 medietas
1926 1448 2107 1502 evenit

533 1537 736 1592 idcirco
1030 1552 1164 1590 unus
1187 1539 1239 1589 in
1260 1537 1343 1590 his
1370 1538 1606 1591 terminis
1627 1538 1925 1590 communis
1947 1537 2105 1590 utris-

532 1644 642 1699 que
669 1630 1114 1683 conditionalibtts
1146 1629 1430 1683 invenitur.
1464 1628 1839 1696 Proponuntur
1867 1642 1996 1682 vero
2026 1628 2107 1682 Ιιτε

535 1717 620 1771 vel
650 1731 744 1785 per
771 1716 993 1776 primam
1027 1716 1267 1786 ﬁguram,
1299 1716 1383 1770 vel
1417 1730 1507 1781 per
1536 1714 1847 1781 secundam,
1885 1716 1967 1769 vel
2010 1729 2109 1784 per

2191 549 2436 603 eamdem
2476 550 2580 602 vim
2627 548 2831 603 obtinet
2872 547 2921 603 ei
2963 549 3055 617 qui
3098 549 3261 612 dicit.
3306 549 3556 604 Socrates
3592 549 3768 602 sedet.

2190 636 2310 691 Alia
2334 651 2463 692 vero
2491 636 2825 691 necessitatis
2851 638 3165 705 signiﬁcatio
3191 646 3273 693 est
3293 680 3307 701 ,
3335 654 3453 691 cum
3481 638 3583 691 hoe
3609 638 3775 691 modo

2192 728 2538 797 proponimus
2559 768 2573 792 ,
2609 729 2875 781 hominem
2909 743 3131 782 necesse
3159 738 3241 782 est
3280 743 3374 781 cor
3403 727 3604 781 habere
3644 728 3775 780 dum

2193 828 2276 872 est
2299 825 2457 885 atque
2486 816 2613 870 vivit
2636 832 2650 868 :
2679 815 2780 870 hoc
2807 815 2949 869 enim
2979 815 3277 884 signiﬁcare
3316 815 3528 869 videtur
3550 814 3662 868 hiPC
3689 815 3776 866 di-

2197 909 2323 977 ctio,
2355 925 2459 962 non
2486 907 2732 989 quoniam
2762 908 2943 962 tandiu
2972 922 3190 962 necesse
3217 908 3287 961 sit
3314 907 3511 960 habere
3538 910 3778 974 quatttliu

2202 1001 2366 1056 habet
2387 1042 2400 1065 ,
2426 1001 2520 1055 sed
2550 988 2798 1069 quoniam
2826 1016 2945 1054 eum
2974 1014 3194 1056 necesse
3235 1009 3319 1053 est
3358 999 3536 1052 tandiu
3578 999 3779 1052 habere

2592 1068 2777 1079 -Ἢ-μηλ

2205 1092 2442 1162 quandiu
2475 1090 2634 1145 fuerit
2663 1091 2750 1145 ille
2778 1092 2866 1160 qui
2899 1090 3078 1144 habet.
3123 1091 3237 1143 Alia
3280 1105 3407 1143 vero
3440 1090 3780 1141 necessitatis

2201 1182 2516 1256 signiﬁcatio
2544 1192 2625 1237 est
2652 1180 2966 1236 universalis
3002 1188 3057 1235 et
3098 1181 3310 1249 prapria
3334 1218 3352 1244 ,
3399 1194 3504 1249 quo
3531 1179 3781 1231 absolute

2202 1273 2456 1342 praedicat
2500 1274 2910 1338 necessitatem,
2965 1281 3024 1324 ut
3064 1286 3183 1323 cum
3232 1270 3458 1323 dicimus
3485 1310 3497 1331 ,
3554 1282 3780 1321 necesse

2210 1370 2296 1418 est
2327 1362 2492 1421 Deum
2519 1376 2640 1416 esse
2669 1360 3026 1415 immortalem
3048 1400 3063 1422 ,
3096 1359 3240 1413 nulla
3272 1357 3580 1412 conditione
3601 1357 3785 1411 deter-

2210 1454 2519 1508 minationis
2562 1452 2828 1521 opposita.
2876 1446 3136 1506 Possibi’e
3180 1461 3356 1506 autem
3404 1450 3546 1504 idem
3602 1450 3777 1503 tribus

2208 1544 2403 1600 dicitur
2433 1545 2604 1597 modis
2633 1562 2644 1595 :
2676 1553 2765 1597 aut
2792 1543 2931 1598 enim
2963 1543 3100 1613 quod
3131 1552 3213 1596 est
3257 1542 3506 1610 possibile
3547 1556 3669 1595 esse
3698 1541 3781 1594 di-

2210 1638 2370 1699 citur,
2398 1645 2455 1690 ut
2486 1635 2741 1704 possibile
2770 1644 2853 1689 est
2879 1636 2949 1691 So
2985 1645 3152 1689 ratem
3186 1634 3395 1697 sedere,
3430 1634 3557 1687 dum
3588 1634 3734 1687 sedet
3763 1650 3781 1697 ;

2211 1737 2303 1782 aut
2333 1728 2474 1797 quod
2508 1728 2654 1782 omni
2685 1736 2926 1793 tempore
2968 1726 3278 1792 contingere
3320 1734 3526 1793 potest,
3560 1725 3686 1777 dum
3717 1741 3782 1778 ea

540 1806 777 1859 tertiam.
812 1806 914 1860 Per
943 1806 1166 1874 primam
1200 1804 1302 1860 hoe
1331 1805 1489 1858 modo
1524 1823 1536 1856 :
1569 1807 1611 1858 si
1644 1813 1725 1858 est
1752 1821 1818 1868 a,
1849 1813 1930 1859 est
1956 1804 1984 1856 b
2006 1846 2021 1870 ,
2055 1813 2107 1859 et
2137 1806 2184 1865 Β
2210 1833 2297 1874 res
2327 1826 2603 1887 permanet
2646 1818 2728 1870 cui
2771 1816 2967 1886 aliquid
2991 1817 3295 1886 conﬁngere
3328 1831 3486 1885 ρηεεε
3530 1818 3786 1883 ρτυροηί-

538 1893 584 1948 si
611 1903 691 1948 cst
711 1894 770 1961 b,
797 1902 879 1949 est
899 1910 953 1960 c,
982 1894 1138 1962 igitur
1160 1893 1260 1948 bitt
1290 1894 1526 1963 utrisque
1553 1900 1881 1957 numeratur,
1907 1900 1962 1947 et
1982 1901 2106 1946 sunt

537 1982 752 2052 quidem
802 1992 911 2036 tres
954 1982 1162 2037 termini
1204 1982 1254 2036 hi
1280 2025 1294 2045 ,
1338 1998 1367 2033 a
1406 1992 1525 2044 est,
1558 1982 1584 2033 ὁ
1616 1989 1733 2047 εει,
1769 1997 1793 2032 c
1821 1988 1937 2046 est,
1985 1978 2107 2033 duae

534 2085 667 2125 vero
691 2070 1079 2125 conditionales
1113 2071 1213 2124 hoc
1242 2071 1399 2124 modo
1429 2088 1440 2121 :
1470 2070 1513 2123 si
1545 2078 1627 2123 est
1652 2087 1680 2120 η
1699 2115 1716 2135 ,
1746 2079 1827 2123 εει
1855 2070 1884 2120 b
1904 2109 1919 2134 ,
1952 2069 1997 2122 si
2025 2077 2110 2123 est

539 2158 570 2212 ὸ
588 2198 603 2223 ,
626 2166 708 2213 εει
728 2175 777 2224 c,
803 2174 1031 2226 namque
1056 2160 1084 2212 b
1107 2161 1344 2227 utrisque
1365 2159 1663 2213 communis
1684 2169 1784 2222 est;
1810 2168 1968 2228 atque
1987 2158 2109 2213 ideo

538 2247 681 2302 inter
700 2261 791 2300 eas
817 2249 1206 2315 propositiones
1227 2262 1344 2316 qua:
1367 2263 1430 2301 ex
1456 2248 1623 2301 tribus
1645 2248 1886 2302 terminis
1904 2288 1919 2313 ,
1942 2257 1996 2302 ει
2019 2264 2110 2304 eas

539 2352 657 2402 quae
694 2350 758 2389 ex
779 2346 1005 2405 quatuor
1020 2348 1433 2405 componuntur,
1449 2338 1635 2392 media:
1663 2348 1785 2392 sunt
1806 2337 2109 2407 hujusmodi

542 2412 950 2496 prepositiones.
996 2428 1098 2483 Per
1125 2429 1412 2483 secundam
1442 2444 1571 2484 vero
1602 2429 1822 2497 ﬁguram
1856 2429 2112 2499 proponi-

542 2529 626 2574 tur
652 2518 750 2573 ltoc
780 2518 975 2573 modo:
1009 2520 1051 2571 si
1084 2528 1166 2572 est
1194 2536 1225 2570 α
1247 2556 1263 2582 ,
1293 2526 1377 2572 εει
1405 2518 1468 2583 b,
1499 2519 1544 2573 si
1576 2534 1680 2573 non
1713 2529 1800 2573 est
1824 2535 1854 2572 a
1879 2560 1893 2584 ,
1936 2528 2020 2583 est
2058 2535 2105 2571 c.

541 2614 644 2668 Per
673 2614 880 2667 tertiam
907 2626 1034 2666 vero
1065 2610 1281 2680 ﬁguram
1313 2610 1388 2664 sic
1414 2628 1426 2662 :
1459 2611 1503 2665 si
1535 2620 1617 2664 est
1645 2611 1672 2664 ὁ
1692 2652 1706 2674 ,
1737 2620 1820 2665 εει
1848 2627 1878 2664 a
1898 2649 1913 2673 ,
1945 2611 1992 2665 si
2022 2618 2106 2665 est

539 2720 570 2757 ε
591 2744 606 2768 ,
631 2719 738 2757 non
767 2712 849 2757 est
877 2718 927 2755 α.
963 2702 1036 2754 Ac
1064 2701 1130 2755 de
1159 2700 1411 2754 connexis
1440 2700 1653 2768 quidem
1688 2701 1786 2755 ista
1820 2700 2107 2763 sufﬁciant.

547 2795 890 2865 Disjnnctivae
921 2806 1050 2846 vero
1078 2790 1470 2861 propositiones
1494 2806 1704 2859 semper
1727 2805 1791 2844 ex
1831 2789 2113 2844 contrariis

542 2893 819 2948 constant,
856 2891 912 2937 ut
941 2884 1041 2936 Itoc
1067 2900 1080 2936 :
1113 2891 1201 2934 aut
1230 2890 1312 2935 est
1339 2898 1370 2933 a
1391 2920 1406 2945 ,
1437 2890 1525 2934 aut
1556 2882 1583 2933 b
1609 2888 1725 2945 est,
1759 2880 1927 2933 altero
1966 2880 2109 2932 enim

546 2976 722 3047 posito
749 2975 975 3028 alterum
1009 2971 1232 3035 tollitur,
1262 2981 1317 3024 et
1354 2972 1672 3037 interempto
1701 2970 1869 3024 altero
1896 2969 2113 3039 ponitur

545 3064 796 3118 alterum.
827 3061 958 3115 Nam
988 3062 1032 3114 si
1062 3069 1143 3113 est
1171 3077 1200 3111 a
1221 3099 1236 3124 ,
1269 3074 1371 3112 non
1404 3068 1485 3113 est
1516 3060 1561 3111 b.
1608 3059 1659 3114 Si
1691 3073 1793 3112 non
1822 3067 1903 3112 est
1930 3075 1961 3111 a
1982 3100 1997 3125 ,
2032 3066 2115 3113 est

2207 1918 2314 1978 tur,
2348 1918 2404 1962 ut
2433 1908 2681 1978 possibile
2711 1918 2792 1963 est
2821 1908 3095 1964 Socratem
3138 1910 3315 1978 legere
3334 1951 3348 1975 ,
3377 1908 3607 1977 quandiu
3637 1908 3783 1961 enim

2207 1999 2452 2057 Socrates
2481 2006 2601 2062 est,
2634 2008 2805 2065 p0test
2832 1998 3006 2068 legere
3035 2014 3048 2062 ;
3084 1998 3208 2052 item
3243 1999 3492 2067 possibile
3518 2009 3599 2053 est
3633 1996 3780 2067 quod

2208 2089 2451 2143 absolute
2477 2088 2622 2142 omni
2651 2098 2890 2157 tempore
2918 2090 3233 2157 contingere
3263 2098 3472 2157 potest,
3518 2100 3577 2141 ut
3624 2103 3783 2142 avem

2208 2179 2410 2234 volure.
2437 2180 2513 2233 Ex
2539 2180 2622 2232 his
2646 2179 2805 2249 igitur
2830 2188 3049 2249 apparet
3074 2179 3204 2233 alias
3239 2180 3629 2248 propositiones
3660 2194 3789 2235 esse

2208 2267 2386 2323 inesse
2429 2269 2819 2338 significantes,
2873 2267 3005 2323 alias
3054 2270 3417 2339 necessarias,
3471 2270 3603 2324 alias
3648 2286 3786 2325 con-

2211 2361 2472 2429 tingentes
2521 2370 2678 2431 atque
2723 2359 3038 2430 possibiles,
3087 2375 3308 2430 quarum
3359 2362 3787 2415 necessariarum

2210 2450 2734 2519 contingentiumque
2762 2464 2882 2505 cum
2913 2451 2981 2504 sit
3027 2451 3163 2503 trina
3205 2449 3682 2520 partitio,singulae
3719 2467 3791 2505 ex

2211 2540 2397 2595 iisdem
2447 2540 2822 2609 partitionibus
2863 2541 2927 2594 ad
2971 2555 3062 2595 eas
3107 2556 3223 2609 qua:
3259 2540 3433 2595 inesse
3473 2541 3783 2609 signiﬁcant

2213 2629 2534 2685 referuntur.
2582 2630 2803 2684 Restant
2847 2629 3005 2699 igitur
3045 2630 3163 2684 dua:
3206 2629 3523 2684 necessaria:
3563 2638 3615 2684 et
3659 2629 3785 2684 duas

2213 2725 2579 2789 contingentes
2596 2764 2610 2788 ,
2639 2735 2758 2791 quae
2783 2737 2903 2775 cutn
2930 2736 2989 2776 ea
3013 2735 3131 2791 qua:
3157 2722 3334 2775 inesse
3361 2720 3626 2791 signiﬁcat
3651 2736 3789 2775 enu-

2215 2821 2455 2877 meratze,
2507 2810 2957 2880 quinquelomnes
2996 2811 3415 2880 propositionum
3456 2810 3656 2866 faciunt
3685 2810 3792 2865 dif-

2217 2903 2494 2957 ferentias.
2539 2901 2788 2955 Omnium
2820 2914 2948 2956 vero
2979 2901 3163 2955 harum
3207 2903 3623 2970 propositionum
3670 2903 3792 2957 alia:

2215 3003 2339 3045 sunt
2377 2991 2743 3056 al’ﬁrmativm,
2790 2991 2906 3045 alia:
2945 2991 3221 3060 negativae.
3258 2992 3581 3046 Afﬁrmativa
3610 2994 3791 3049 inesse

2217 3082 2521 3153 signiﬁcans
2548 3092 2629 3137 est
2653 3097 2773 3150 quae
2798 3083 2959 3149 dicit,
2984 3083 3230 3138 Socrates
3260 3093 3359 3139 est.
3392 3082 3636 3152 Negativa
3666 3097 3792 3153 qua:

545 3159 595 3211 θα
630 3157 827 3211 εοδεηλ
862 3155 1019 3244 πιοδ9
1048 3153 1205 3244 Ψίῖηθ
1236 3152 1448 3244 δί’ίείῖμθ
1467 3193 1480 3215 ο
1524 3167 1625 3244 ηοξι
1668 3151 1766 3205 "il
1806 3168 1837 3203 α
1858 3192 1871 3215 ν
1913 3151 1956 3204 εί
2002 3165 2105 3205 "0“
2134 3151 2177 3212 (ἶ
2215 3151 2495 3244 proponit,
2521 3173 2771 3228 Socrates
2794 3188 2896 3226 non
2929 3181 3028 3226 est.
3059 3151 3485 3228 NeceSsariarum
3512 3187 3637 3226 vero
3665 3151 3791 3240 pro-

544 3255 628 3303 est
653 3247 680 3298 ὁ
702 3286 718 3309 ,
748 3246 851 3300 erit
877 3262 925 3299 a.
954 3242 1509 3314 llisligiturcxpeditis,
1546 3242 1607 3296 ad
1640 3255 1905 3298 connexas
1932 3250 2113 3297 rever-

547 3346 745 3401 tamur,
778 3335 829 3388 in
875 3334 978 3388 illis
1023 3333 1163 3387 cttint
1209 3332 1290 3385 vel
1332 3332 1620 3401 propositio
1661 3332 2110 3400 propositionem,

547 3428 631 3483 vel
656 3426 889 3481 conditio
934 3424 1337 3488 conditionem,
1386 3424 1468 3478 vel
1518 3423 1808 3493 prepositio
1854 3422 2117 3477 conditio~

545 3534 667 3575 nem
690 3560 704 3581 ,
730 3519 811 3573 vel
838 3516 1071 3572 conditio
1099 3517 1511 3585 pr0positionem
1540 3515 1799 3585 sequitur.
1826 3514 2114 3569 Dicendum

544 3618 630 3665 est
659 3610 818 3678 igitur
843 3623 961 3676 qua}
1002 3606 1392 3674 propositiones
1435 3619 1655 3673 quarum
1699 3603 2116 3673 propositionum

544 3709 933 3769 consequentes
953 3712 1073 3752 esse
1091 3696 1387 3761 videantur,
1408 3712 1523 3765 quo:
1549 3695 1938 3749 contrarietatis
1959 3692 2120 3748 modo

546 3806 705 3861 quam
738 3788 1045 3857 longissime
1074 3802 1099 3838 τι
1129 3801 1188 3840 se
1216 3785 1479 3847 dtﬁ‘erant,
1512 3800 1629 3853 quae
1658 3800 1785 3839 vero
1818 3783 2111 3853 appositio-

549 3880 634 3933 nis
662 3876 1086 3932 contradictlone
1115 3875 1455 3929 dissentiant.
1485 3874 1820 3942 Simplicium
1854 3888 2080 3944 namque
2100 3915 2116 3941 ,

551 3967 605 4021 id
647 3975 729 4020 est
778 3964 1233 4034 pr.rdicativarum
1289 3967 1731 4033 propositionum,
1762 3966 1880 4019 alia:
1930 3974 2122 4033 praeter

552 4056 768 4111 modum
803 4064 1186 4123 proponuntur,
1219 4054 1337 4106 alia:
1377 4068 1495 4106 cum
1537 4054 1725 4118 modo;
1773 4066 1969 4123 prmter
2007 4070 2122 4109 mo-

554 4149 679 4202 dum
732 4156 853 4201 snnt
906 4159 1233 4214 quaecunque
1281 4158 1465 4212 purum
1511 4130 1630 4225 esse
1683 4144 1981 4214 signiﬁcant
2024 4144 2123 4201 ltoc

553 4237 750 4299 modo,
782 4236 893 4289 dies
931 4246 1047 4297 est,
1087 4234 1332 4288 Socrates
1375 4233 1721 4302 philoSOpltus
1760 4243 1871 4300 est,
1913 4244 1968 4290 et
2005 4251 2122 4303 qua:

552 4326 797 4380 similiter
828 4331 1211 4392 proponuntur.
1232 4322 1360 4388 Qua:
1387 4338 1513 4375 vero
1539 4338 1658 4376 cum
1693 4324 1848 4377 modo
1875 4332 2019 4390 sunt,
2049 4324 2121 4378 ita

554 4422 968 4485 praponuntur:
1014 4411 1260 4466 Socrates
1306 4425 1431 4465 vere
1478 4411 1826 4480 philosophus
1876 4421 1979 4467 est.
2028 4412 2068 4466 ll
2095 4428 2125 4467 ε

2217 3264 2539 3333 positionum
2581 3262 3016 3317 afﬁrmativarum
3049 3264 3166 3318 dum
3198 3265 3441 3318 videntur
3468 3280 3590 3318 esse
3626 3278 3796 3333 nega-

2218 3355 2426 3419 tiones,
2477 3368 2582 3407 una
2634 3354 2921 3419 contraria,
2976 3354 3144 3408 altera
3193 3370 3320 3409 vero
3368 3359 3626 3424 apposta.
3658 3355 3792 3423 Ejus

2218 3459 2467 3511 namque,
2497 3459 2614 3513 qua:
2644 3445 2771 3499 dicit
2801 3459 3019 3506 necesse
3048 3459 3167 3500 esse
3196 3462 3250 3511 α,
3276 3445 3515 3515 quolibet
3537 3444 3696 3498 modo
3722 3460 3793 3499 ex

2221 3536 2456 3605 utrisque
2485 3537 2571 3603 qui
2597 3535 2755 3601 dicit,
2783 3546 2904 3589 sunt
2924 3577 2940 3600 ,
2983 3544 3072 3588 aut
3110 3551 3171 3590 ea
3203 3545 3285 3589 est
3314 3538 3522 3604 negatio
3551 3550 3672 3603 quze
3701 3534 3792 3589 di-

2219 3625 2326 3691 cit,
2360 3638 2579 3679 necesse
2607 3632 2693 3677 est
2718 3639 2820 3677 non
2852 3639 2971 3679 esse
2998 3641 3060 3691 a,
3102 3635 3191 3678 aut
3220 3640 3281 3679 ea
3322 3640 3438 3694 qua:
3476 3624 3638 3691 dicit,
3682 3639 3792 3679 non

2222 3728 2442 3769 necesse
2484 3724 2560 3768 est
2604 3728 2724 3769 esse
2767 3730 2818 3767 τι.
2862 3714 3098 3780 Quarum
3140 3716 3349 3783 quidem
3375 3731 3438 3770 ea
3474 3730 3593 3785 quae
3636 3716 3789 3780 dicit,

2222 3820 2446 3860 necesse
2473 3814 2555 3859 est
2584 3821 2687 3859 tzon
2719 3821 2836 3861 esse
2865 3823 2932 3873 α,
2961 3809 3223 3861 contraria
3262 3820 3339 3861 est
3370 3808 3417 3863 ei
3460 3823 3580 3877 qua:
3617 3808 3748 3862 dicit
3771 3848 3793 3874 ,

2224 3909 2444 3949 necesse
2472 3905 2553 3949 est
2582 3909 2702 3949 esse
2732 3912 2783 3948 a.
2819 3895 3066 3967 Utrmque
3091 3900 3231 3952 enim
3263 3898 3410 3953 falsa:
3440 3910 3686 3967 poterunt
3714 3901 3796 3955 in-

2224 3983 2430 4048 veniri,
2470 3982 2632 4036 veluti
2671 3998 2791 4037 cum
2833 3984 3093 4050 dicimus,
3137 4002 3355 4042 necesse
3398 3997 3479 4043 est
3514 3988 3793 4043 Socratem

2224 4070 2433 4140 legere,
2479 4084 2699 4126 necesse
2738 4081 2818 4126 est
2861 4073 3135 4129 Socratem
3182 4090 3286 4129 non
3327 4076 3530 4145 legere,
3570 4085 3796 4145 utraque

2225 4162 2494 4215 mentitur.
2513 4160 2642 4214 Nam
2670 4169 2725 4216 et
2749 4176 2868 4215 cum
2898 4162 3045 4232 legit,
3074 4179 3176 4217 non
3206 4180 3268 4218 ex
3298 4165 3614 4219 noeessitate
3634 4160 3788 4235 legit,

2235 4258 2290 4303 et
2327 4263 2446 4303 cum
2504 4264 2608 4302 non
2653 4250 2799 4318 legit,
2834 4250 2977 4304 nulla
3020 4266 3086 4305 ne
3129 4252 3266 4322 legat
3307 4254 3624 4309 necessitate
3667 4270 3796 4309 con-

2225 4338 2521 4407 stringitur,
2555 4338 2646 4393 sed
2686 4346 2767 4392 est
2805 4336 3085 4408 uirumque
3125 4342 3399 4409 possibile.
3448 4347 3514 4396 At
3553 4358 3680 4397 vero
3729 4359 3795 4398 ea

2226 4445 2343 4498 quae
2372 4428 2521 4494 dicit,
2571 4444 2675 4481 non
2704 4442 2921 4483 necesse
2948 4444 3066 4483 esse
3091 4447 3142 4494 α,
3188 4431 3427 4499 apposita
3467 4440 3547 4485 est
3585 4434 3633 4487 ei
3673 4449 3798 4503 qua:

555 4506 697 4560 enim
744 4519 869 4557 vere
913 4502 1102 4591 modus
1144 4512 1224 4555 est
1270 4503 1677 4591 prepositionis:
1725 4503 1817 4557 sed
1864 4504 2124 4558 maximas
2154 4504 2204 4562 D
2229 4519 2492 4588 proponit,
2514 4532 2732 4573 necesse
2787 4528 2869 4572 est
2898 4534 3015 4573 esse
3038 4536 3097 4583 a;
3128 4536 3228 4573 una
3259 4522 3398 4576 enim
3429 4537 3641 4591 semper
3672 4502 3796 4577 vera

557 4594 988 4665 syllogismorum
1054 4590 1255 4645 faciunt
1297 4590 1623 4645 diﬁ‘et'etttias
1679 4592 1761 4645 Iw
1806 4595 2125 4662 propositio-

555 4701 651 4740 nes
694 4700 814 4740 cum
857 4685 1013 4739 modo
1054 4684 1379 4761 enuttti-ttm,
1425 4680 1617 4754 quibus
1658 4688 1993 4742 necessitatis
2034 4698 2126 4743 aut

554 4775 922 4846 possibilitatis
951 4791 1142 4831 nomen
1173 4777 1477 4845 adjungitur
1501 4794 1514 4830 :
1541 4780 1872 4832 necessitatis
1896 4779 1995 4834 hoc
2017 4796 2126 4834 mo-

554 4870 658 4935 do,
689 4881 808 4921 cum
840 4866 1065 4920 dicimus
1096 4869 1268 4933 ignem
1300 4880 1518 4921 necesse
1545 4879 1625 4922 est
1654 4868 1865 4934 calere;
1899 4871 2124 4938 possibio

553 4962 740 5025 litatis,
772 4970 827 5014 ttt
855 4976 973 5014 cum
994 4961 1061 5013 ita
1082 4961 1458 5029 proponimus,
1484 4961 1736 5029 poSsibile
1761 4972 1843 5016 est
1870 4978 1897 5014 a
1926 4964 2124 5018 Grmcis

553 5051 793 5120 superazi
827 5050 1104 5117 Trojstnos.
1135 5050 1249 5115 Quo
1289 5050 1347 5103 ﬁt
1387 5060 1442 5105 ttt
1484 5052 1655 5105 omnis
1700 5054 1992 5123 propositio
2032 5065 2124 5109 aut

555 5141 733 5196 inesse
762 5141 1015 5210 signiﬁcet
1034 5184 1049 5209 ,
1078 5150 1167 5194 aut
1200 5142 1373 5197 inesse
1400 5148 1725 5211 necessario,
1753 5157 1843 5199 aut
1867 5161 1986 5200 eum
2015 5162 2121 5201 non

553 5233 623 5285 sit
652 5234 848 5301 aliquid
870 5274 884 5296 ,
918 5242 1094 5288 tamen
1124 5238 1361 5289 enuntiet
1404 5253 1561 5305 posse
1598 5241 1947 5308 contingere;
1987 5257 2122 5309 qua—

554 5341 670 5378 rum
703 5326 918 5394 quidem
947 5342 1007 5380 et
1049 5341 1167 5395 qua:
1213 5327 1387 5383 inesse
1429 5331 1689 5399 signiﬁcat
1729 5332 1953 5399 simplex
2002 5342 2119 5399 est,

559 5431 736 5485 neque
768 5418 819 5469 in
852 5416 985 5470 u'las
1018 5427 1193 5485 partes
1225 5418 1355 5472 alias
1398 5420 1586 5474 deduci
1633 5430 1826 5487 potest.
1878 5422 1950 5475 Ea
1996 5437 2125 5476 vero

555 5526 674 5578 qua:
711 5525 775 5563 ex
820 5510 1138 5564 necessitate
1176 5509 1374 5579 aliquid
1417 5511 1591 5565 inesse
1632 5511 1908 5580 designat.
1959 5514 2126 5567 tribus

553 5601 748 5655 dicitur
780 5600 983 5654 modis:
1018 5617 1121 5655 uno
1153 5601 1364 5670 quidem
1394 5617 1502 5669 quo
1526 5603 1572 5655 ei
1604 5602 1790 5656 similis
1821 5612 1903 5657 est
1928 5618 2124 5673 propo-

554 5690 730 5755 sitioni
764 5706 878 5760 qua!
910 5688 1083 5744 inesse
1115 5689 1372 5759 signiﬁcat
1398 5734 1410 5757 ,
1452 5701 1507 5744 ut
1550 5707 1666 5744 cum
1716 5692 1940 5748 dicimus
1962 5737 1975 5760 ,
2029 5712 2123 5752 ne-

2227 4617 2310 4662 est
2329 4649 2343 4673 ,
2367 4623 2578 4677 semper
2612 4608 2736 4661 falsa
2775 4609 2941 4663 altera
2971 4611 3251 4678 reperitur.
3280 4611 3334 4663 In
3359 4613 3800 4682 contingentibus

2228 4715 2357 4753 vero
2386 4710 2544 4770 atque
2580 4701 2918 4769 possibilibus
2947 4703 3131 4757 eadem
3164 4703 3301 4757 ratio
3342 4713 3424 4758 est
3458 4722 3469 4755 :
3504 4704 3628 4757 ltuic
3652 4705 3797 4759 enim

2227 4809 2342 4861 quae
2371 4792 2535 4858 dicit,
2568 4793 2823 4863 contingit
2851 4809 2971 4849 esse
3000 4813 3061 4860 α,
3095 4807 3205 4849 tum
3241 4811 3303 4850 ea
3339 4795 3547 4850 videtur
3587 4796 3799 4863 objecta

2224 4897 2342 4951 qua:
2371 4882 2520 4949 dicit,
2566 4884 2822 4953 contingit
2849 4899 2950 4937 non
2982 4899 3102 4940 esse
3127 4902 3181 4953 a,
3212 4895 3320 4939 tum
3368 4901 3428 4940 ea
3458 4900 3577 4955 quae
3608 4900 3813 4955 propo~i

2229 4975 2302 5027 nit
2324 5017 2338 5040 ,
2375 4988 2477 5027 noo
2508 4975 2761 5041 contingit
2786 4989 2907 5028 esse
2937 4992 2988 5027 a.
3022 4975 3197 5043 Atque
3227 4991 3287 5030 ea
3317 4975 3529 5045 quidem
3561 4988 3682 5045 qua!
3711 4975 3802 5030 di-

2226 5066 2330 5129 cit,
2363 5066 2617 5133 cetitingit
2648 5079 2751 5117 non
2780 5079 2899 5118 esse
2936 5082 2987 5130 a,
3017 5065 3331 5134 contingens
3372 5064 3605 5135 negatio,
3658 5079 3801 5117 nun-

2227 5164 2472 5221 cupatur,
2525 5168 2755 5222 veraque
2794 5168 2915 5208 esse
2964 5165 3137 5223 potest
3173 5171 3291 5211 cum
3340 5171 3400 5209 ea
3443 5155 3802 5209 alﬁrmatione

2228 5258 2348 5312 qua:
2391 5243 2553 5310 dicit,
2597 5243 2853 5312 contingit
2894 5259 3015 5299 esse
3050 5262 3117 5308 a,
3162 5247 3321 5302 veluti
3365 5262 3489 5301 cum
3535 5245 3798 5308 dicimus,

2228 5334 2485 5403 contingit
2514 5333 2702 5388 sedere
2730 5334 3038 5402 Socratem,
3070 5339 3329 5406 contingit
3354 5354 3460 5391 non
3489 5337 3680 5392 sedere
3703 5336 3802 5391 So-

2230 5435 2454 5479 cratem.
2486 5425 2552 5478 Et
2581 5426 2661 5478 Ita:
2688 5426 2898 5494 quidem
2929 5444 3032 5481 non
3060 5427 3308 5483 dicuntur
3336 5445 3456 5483 esse
3482 5428 3800 5487 contraria.

2230 5516 2478 5591 quoniam
2509 5517 2664 5570 simul
2695 5532 2835 5572 verte
2867 5532 2986 5573 esse
3017 5529 3256 5586 possunt.
3288 5522 3355 5574 At
3384 5535 3513 5574 vero
3542 5518 3803 5587 oppositae

2230 5617 2355 5663 sunt
2380 5602 2587 5678 quoties
2622 5610 2791 5678 ipsum
2821 5612 3135 5681 contingens
3167 5621 3409 5683 negatur,
3442 5621 3498 5666 ut
3534 5613 3576 5666 si
3609 5609 3802 5663 adver-

2229 5711 2320 5752 sus
2348 5712 2463 5752 eam
2492 5712 2609 5767 quae
2638 5698 2797 5766 dicit,
2830 5701 3084 5772 contingit
3120 5716 3241 5758 esse
3306 5719 3360 5768 a,
3400 5718 3461 5757 ea
3503 5708 3803 5771 Opponatur
