4112 6332
3116 256 3145 265 ,-

276 318 375 374 ΒΗ
1370 304 1458 360 DE
1496 299 1908 360 δγιιοῦιδδί(

2017 297 2467 360 YPOTIIETICO.
2764 328 2767 337 ν
3465 305 3572 366 8.ιὲ

276 446 398 504 qua:
427 429 590 495 dicit,
623 442 730 483 non
763 425 1027 496 contingit
1056 437 1178 479 esse
1206 440 1268 487 a;
1301 421 1352 477 id
1383 420 1528 475 cnim
1570 419 1669 473 ista
1700 415 1869 487 signi-
1902 414 1960 477 Α
1981 411 2167 470 decem
2191 416 2520 472 alfirmativa:
2542 434 2605 472 ac
2622 421 2885 490 negativa:
2907 424 3299 494 propositiones
3322 425 3571 480 (minibus

279 526 405 582 ficat
450 520 673 581 omnino
723 535 830 574 non
873 533 1031 588 posse
1074 516 1408 584 contingere.
1453 512 1585 581 Qua:
1633 526 1755 567 cum
1802 508 1875 564 ita

277 620 388 675 sint
408 662 423 684 ,
454 628 684 686 cumque
716 613 895 669 inesse
924 609 1288 681 signiﬁcantes
1317 605 1714 678 propositiones
1742 611 1879 674 pt'aa-
1905 596 1924 612 '

279 718 363 765 ter
393 710 562 765 ullum
591 708 841 762 dicuntur
888 702 1103 759 modum
1124 742 1140 768 ,
1176 700 1260 755 his
1289 700 1354 754 ad
1387 714 1530 764 esse,
1570 696 1760 769 juncto
1786 695 1881 749 ad-

280 800 472 855 verbio
500 798 782 867 negativo,
816 793 1027 863 negatio
1060 791 1216 861 plena
1251 787 1547 860 perficitur.
1582 786 1716 854 Qua:
1746 799 1881 840 vero

281 908 405 947 cum
437 889 597 946 modo
626 894 999 959 proponuntur
1025 884 1069 939 si
1102 882 1422 938 necessaria:
1452 881 1563 937 sint
1585 892 1638 936 et
1665 879 1732 935 ad
1760 893 1884 934 esse

284 981 501 1052 negatio
528 979 805 1050 jungatur,
835 988 893 1030 ut
924 989 988 1029 ea
1027 988 1145 1042 quae
1184 972 1354 1037 dicit,
1399 985 1623 1027 necesse
1661 979 1745 1025 est
1775 984 1883 1023 non

287 1088 443 1137 esse,
480 1072 537 1127 fit
571 1069 877 1126 necessaria
910 1069 1141 1135 negatio.
1187 1062 1244 1119 Si
1276 1078 1403 1117 vero
1436 1062 1536 1133 ipsi
1570 1060 1884 1117 necessario

287 1164 509 1237 negatio
549 1170 911 1236 praeponatur,
958 1159 1015 1213 lit
1057 1156 1348 1213 necessarii
1393 1155 1608 1226 negatio
1650 1150 1885 1208 affirma-

291 1260 427 1316 tioni
458 1257 808 1313 vehementer
835 1251 1081 1323 oppesita
1105 1292 1119 1318 ,
1155 1258 1213 1305 ut
1241 1266 1302 1305 ea
1331 1265 1452 1321 qua:
1486 1249 1617 1305 dicit
1646 1264 1752 1304 non
1793 1261 1888 1302 ne-

289 1367 444 1409 cesse
472 1365 613 1406 esse.
644 1348 774 1402 Item
803 1346 856 1401 in
884 1343 1321 1414 contingentibus
1349 1341 1394 1396 si
1426 1340 1494 1396 ad
1520 1356 1642 1396 esse
1670 1340 1888 1412 negatio

294 1449 664 1514 praeponatur,
698 1437 759 1491 fit
785 1435 1107 1505 contingens
1138 1433 1375 1503 negatio,
1410 1441 1465 1487 ut
1495 1446 1557 1488 ea
1589 1446 1709 1503 qua:
1738 1432 1888 1498 dicit,

293 1531 556 1600 contingit
576 1545 683 1585 non
706 1542 829 1584 esse
850 1543 903 1582 a.
934 1527 993 1583 Si
1023 1540 1159 1581 vero
1191 1523 1295 1595 ipsi
1321 1523 1648 1595 contingenti
1680 1523 1892 1595 negatio

292 1628 566 1698 jungatur,
591 1623 650 1678 fit
668 1618 1032 1692 contiugentis
1065 1618 1278 1688 negatio
1298 1615 1633 1688 contingenti
1656 1616 1742 1670 affi
1753 1631 1893 1670 rma-

295 1724 427 1778 tioni
457 1722 804 1776 vehementer
823 1713 1069 1786 opposita
1087 1752 1104 1780 ,
1138 1720 1195 1767 ut
1223 1726 1289 1767 ea
1311 1728 1430 1782 qua:
1450 1711 1602 1778 dicit,
1628 1727 1733 1767 non
1757 1726 1892 1765 con-

1985 509 2171 564 decem
2202 509 2535 566 affirmativis
2577 515 2945 585 negativisque
2992 520 3447 589 propositionibus
3479 536 3573 582 ap.

1986 600 2351 670 plicabuntur.
2407 602 2589 673 Itaque
2622 608 2924 677 complexa:
2962 621 3176 666 ccutmn
3222 626 3409 667 tmncs
3449 612 3571 667 effi-

1984 694 2133 749 ciunt
2156 696 2583 765 propositiones,
2613 699 2694 753 hx
2725 716 2843 767 qum
2869 716 3125 758 connexur
3151 721 3213 758 ex
3239 705 3575 775 simplicibus

1986 787 2406 857 conjunguntur.
2434 788 2740 846 Secundum
2789 792 2931 849 hunc
2968 810 3095 850 vero
3142 799 3356 850 modum
3402 807 3580 867 potest

1987 883 2417 948 propositionum
2449 896 2709 937 numerus
2733 883 2961 939 inveniri
2986 887 3147 941 etiam
3181 888 3235 942 in
3270 888 3347 943 his
3384 904 3578 959 propo-

1988 971 2273 1028 sitionibus
2302 987 2422 1044 quae
2451 988 2516 1029 ex
2537 976 2834 1044 rategorica
2866 986 2920 1031 et
2953 977 3293 1049 hypothetica
3316 982 3578 1050 copulan-

1992 1074 2097 1129 tur,
2127 1063 2208 1118 vel
2236 1079 2354 1135 qua:
2396 1080 2462 1119 ex
2507 1063 2715 1120 duabus
2755 1066 3210 1124 conditionalibus
3244 1072 3396 1125 fittut.
3446 1071 3579 1127 Nam

1989 1173 2110 1228 qua:
2137 1174 2202 1213 cx
2231 1157 2578 1213 conditionali
2608 1168 2664 1215 et
2686 1161 2987 1231 categorica
3031 1175 3300 1229 constant,
3335 1164 3419 1220 vel
3460 1182 3582 1238 qua:

1990 1265 2022 1306 e
2066 1250 2281 1305 diverso
2329 1266 2397 1306 ex
2427 1252 2961 1335 tribus-categoricis
3000 1254 3197 1324 juncta:
3243 1266 3407 1323 sunt,
3437 1258 3584 1328 quod

1992 1341 2039 1397 si
2083 1343 2309 1397 duarum
2341 1344 2481 1399 inter
2510 1358 2570 1400 se
2601 1344 3066 1414 przedicativarum
3107 1346 3464 1404 affirmatione
3498 1351 3585 1405 vel

1994 1440 2279 1510 negatione
2324 1438 2628 1507 complexio
2674 1440 2757 1495 vel
2804 1454 2961 1505 esse,
3015 1440 3097 1495 vel
3149 1443 3453 1497 necessario
3497 1444 3584 1498 vel

1995 1532 2371 1604 contingenter
2420 1548 2577 1597 esse,
2631 1536 2868 1603 quinque
2910 1534 3100 1588 modos
3150 1545 3364 1590 centum
3417 1538 3588 1593 efficis

1997 1626 2424 1695 complexiones,
2453 1627 2704 1705 quoniam
2736 1626 2893 1682 tertia
2936 1628 3229 1698 propositio
3259 1630 3584 1686 affirmativa

1999 1717 2104 1772 erit
2136 1716 2213 1772 vel
2247 1702 2709 1788 negativiigewthsi
2742 1719 3060 1773 al‘firutativa
3102 1720 3340 1789 quinque
3387 1721 3584 1788 modis,

298 1814 456 1887 tingit
482 1826 626 1870 esse.
656 1810 764 1867 Sed
788 1807 1045 1887 quoniam
1074 1808 1251 1862 omnis
1284 1804 1583 1876 propositio
1603 1846 1619 1872 ,
1649 1814 1740 1860 aut
1771 1804 1889 1859 uni-

2012 1809 2081 1865 vel
2116 1811 2292 1866 inesse
2327 1811 2657 1881 significans,
2692 1812 2773 1866 vel
2809 1810 3114 1867 necessario
3150 1813 3329 1868 inesse
3354 1814 3586 1884 duplici-

840 1876 1015 1893 ...ρκ’-ἣ

297 1907 545 1973 versalis,
565 1914 657 1961 aut
671 1888 1033 1975 partﬁﬁaris,
1048 1908 1140 1954 aut
1155 1897 1455 1965 indeﬁnito,
1471 1907 1563 1953 aut
1584 1896 1891 1967 singularis,

298 2001 620 2075 proponitur
646 1995 970 2054 universalis
994 1993 1098 2049 hoc
1124 1990 1283 2048 modo
1305 2009 1319 2048 :
1345 1991 1533 2048 Omnis
1559 1992 1720 2046 homo
1745 1991 1895 2060 legit,

301 2091 644 2164 particularis
673 2090 786 2145 sic:
821 2086 1050 2153 Quidam
1082 2084 1242 2140 homo
1275 2082 1434 2154 legit,
1463 2082 1748 2154 singularis
1779 2085 1894 2140 sic:

304 2185 559 2243 Socrates
588 2181 739 2253 legit,
759 2178 1035 2235 indefinita
1058 2176 1136 2232 sic
1160 2192 1172 2228 :
1199 2175 1373 2230 Homo
1396 2175 1545 2246 legit,
1571 2190 1793 2231 necesse
1815 2185 1900 2231 est

300 2277 536 2342 ut,sicut
556 2274 609 2330 in
624 2271 1060 2344 Categoricorum
1085 2267 1532 2340 Syllogismorum
1556 2267 1899 2322 institutione

303 2376 661 2426 monstratum
685 2376 791 2431 est,
815 2364 920 2420 illa:
942 2362 1044 2417 sibi
1073 2359 1307 2416 maxime
1330 2360 1611 2415 videantur
1632 2362 1901 2429 oppositae

302 2471 640 2535 quacunque
662 2456 746 2512 vel
767 2453 1076 2509 universale
1100 2452 1371 2507 affirmant
1390 2494 1405 2518 ,
1432 2453 1476 2507 si
1508 2452 1902 2521 particulariter

303 2557 621 2628 denegatur,
653 2550 737 2606 vel
760 2548 1064 2605 universale
1094 2547 1386 2617 denegant,
1417 2548 1462 2602 si
1493 2547 1902 2616 particulariter

304 2650 624 2713 afﬁrmatur,
653 2654 711 2703 et
730 2661 851 2717 qua:
882 2644 1188 2714 singulares
1218 2650 1383 2706 sunt,
1411 2640 1457 2695 si
1490 2639 1575 2694 illa
1599 2637 1811 2710 quidem
1847 2638 1903 2694 in

306 2742 664 2800 affirmatione
690 2738 864 2810 posita
889 2778 906 2803 ,
940 2737 1030 2792 illa
1056 2752 1185 2792 vero
1213 2735 1265 2789 in
1294 2733 1601 2805 negatione.
1629 2732 1760 2801 Qua:
1780 2746 1902 2787 cum

308 2841 383 2895 ita
398 2837 527 2905 sint,
549 2835 598 2891 si
624 2834 742 2888 hazc
769 2831 958 2888 eadem
983 2829 1124 2886 ratio
1151 2828 1218 2884 ad
1240 2830 1618 2898 contingentes
1640 2835 1693 2880 et
1716 2839 1906 2882 neces-

307 2930 482 2987 sarias
516 2925 810 2991 referatur,
851 2923 993 2980 idem
1036 2923 1089 2978 in
1141 2920 1465 2977 necessariis
1501 2926 1560 2975 et
1585 2918 1907 2989 contingen-

307 3024 454 3080 tibus
483 3020 773 3086 invenitur,
801 3024 861 3072 ut
887 3016 936 3073 si
964 3016 1086 3087 quis
1110 3015 1278 3083 dicat,
1311 3028 1527 3071 omnem
1553 3030 1586 3068 α
1616 3012 1905 3068 terminum

309 3129 432 3174 esse
457 3128 679 3171 necesse
707 3122 814 3179 est,
845 3112 1089 3184 aliusque
1118 3119 1279 3182 negat
1308 3110 1515 3178 dicens,
1556 3124 1660 3163 non
1684 3122 1908 3163 necesse

2000 1915 2109 1971 ter,
2140 1905 2223 1961 vel
2253 1906 2629 1974 euntittgeuter
2672 1905 2850 1962 inesse
2884 1906 3190 1976 dupliciter.
3233 1907 3471 1976 Itemque
3510 1918 3591 1964 to-

2000 1996 2164 2053 tidem
2193 1996 2474 2067 negabitur
2504 1997 2673 2051 modis
2700 1998 2862 2054 simul
2912 2014 3017 2053 non
3048 1998 3280 2070 amplius
3310 2016 3467 2071 quam
3498 2000 3592 2057 de-

1999 2088 2111 2143 cies
2153 2097 2503 2160 proponetur.
2538 2089 2673 2157 Quo'
2706 2092 2763 2145 fit
2807 2100 2865 2146 ut
2915 2091 3075 2146 tertia
3125 2096 3421 2161 propositio
3469 2109 3593 2149 cum

2002 2180 2209 2237 duabus
2239 2182 2606 2250 superioribus
2625 2222 2640 2245 ,
2670 2192 2886 2245 ceptum
2913 2184 3054 2239 inter
3078 2198 3138 2240 se
3162 2185 3337 2240 modis
3374 2186 3596 2256 copula-

2003 2273 2075 2328 tis
2127 2284 2286 2343 atque
2341 2274 2665 2345 complosis,
2699 2275 2884 2344 juncta
2936 2286 3095 2346 atque
3124 2278 3415 2334 commissa
3447 2278 3597 2336 mille

2003 2380 2193 2421 omnes
2220 2366 2376 2420 faciat
2403 2367 2821 2434 complexiones.
2856 2368 3082 2423 Centum
3111 2385 3342 2441 namque
3369 2369 3597 2426 duarum

2007 2457 2431 2528 propositionum
2463 2459 2609 2514 modi
2640 2474 2764 2516 cum
2786 2461 2972 2517 decem
2997 2462 3169 2517 modis
3198 2463 3368 2517 tertia:
3398 2479 3597 2533 propo-

2004 2549 2216 2605 sitionis
2236 2549 2543 2620 complicati
2566 2550 2713 2607 mille
2742 2552 3046 2622 perficiunt.
3085 2554 3271 2610 Decies
3296 2555 3441 2610 enim
3470 2571 3600 2613 ceu-
3628 2556 3643 2573 ‘

2008 2652 2121 2698 tum
2162 2644 2308 2700 mille
2338 2653 2485 2699 sunt.
2534 2644 2742 2700 Rursus
2773 2647 3029 2716 quoniam
3080 2662 3147 2701 ex
3178 2646 3387 2702 duabus
3428 2648 3604 2719 hypo-

2010 2737 2221 2793 theticis
2242 2737 2428 2808 juncta
2474 2720 3129 2809 conditionalisx'quatuor
3157 2741 3476 2810 categoricis
3505 2757 3601 2798 co-

2010 2832 2258 2901 pulatur,
2290 2843 2344 2884 et
2374 2832 2494 2886 dua:
2533 2834 2675 2886 inter
2704 2847 2766 2888 se
2796 2832 2984 2902 prima:
3023 2835 3345 2905 categoricis:
3382 2844 3603 2892 centum

2009 2922 2476 2991 complexionibus
2506 2923 2904 2993 jungebantur,
2934 2939 3157 2983 necesse
3185 2934 3271 2982 est
3315 2938 3373 2981 ttt
3417 2938 3602 2997 poste-

2013 3016 2183 3069 riorcs
2223 3031 2438 3085 quoque
2471 3016 2592 3070 dum
2640 3026 2856 3071 centum
2895 3019 3361 3087 complexionibus
3399 3035 3606 3078 conne-

2013 3114 2259 3172 ctantur;
2289 3107 2431 3178 quod
2477 3108 2523 3162 si
2553 3120 2767 3164 centum
2798 3110 3141 3179 superiorum
3174 3113 3605 3183 propositionum

311 3216 400 3264 est
423 3220 639 3261 omnem
670 3222 705 3258 a
744 3182 1035 3259 terminum
1067 3216 1213 3267 esse,
1248 3202 1373 3256 fecit
1418 3199 1717 3271 appositam
1747 3214 1906 3269 nega-
1930 3182 1980 3246 (ἶ
2013 3201 2436 3270 categoiiearum
2491 3201 2668 3266 modi,
2720 3211 2936 3257 centum
2971 3182 3331 3271 posteriorum
3380 3214 3606 3275 catego-

311 3297 537 3353 tiouem.
571 3294 638 3350 Et
665 3294 713 3350 si
735 3293 885 3349 dicat
929 3293 1146 3364 aliquis,
1174 3291 1443 3363 contingit
1489 3305 1705 3345 omnem
1738 3307 1770 3342 a
1802 3299 1909 3345 ter-

311 3388 518 3444 minum
564 3401 726 3454 esse,
776 3385 936 3457 idque
988 3384 1180 3455 aliquis
1236 3374 1439 3456 neget,
1494 3398 1599 3437 non
1646 3382 1912 3451 contingit

310 3495 534 3536 omnem
563 3496 595 3533 a
622 3479 916 3534 terminum
952 3491 1074 3533 esse
1095 3517 1111 3543 ,
1157 3476 1287 3531 fecit
1334 3475 1636 3546 oppositam
1671 3474 1911 3544 negatio«

314 3590 475 3641 nem;
505 3573 556 3629 in
582 3573 826 3644 utrisque
862 3571 1005 3628 enim
1038 3569 1253 3640 negatio
1298 3577 1353 3623 et
1381 3565 1597 3620 modum
1628 3576 1910 3628 removet,

312 3679 373 3725 et
394 3666 842 3745 significationem
887 3659 1308 3718 universalitatis
1357 3657 1676 3727 exstinguit.
1735 3661 1913 3725 Atque

314 3766 422 3818 hoc
463 3759 679 3832 quidem
720 3758 774 3815 in
821 3756 1159 3827 simplicibus
1204 3762 1258 3810 et
1304 3752 1621 3822 categoricis
1671 3749 1918 3820 proposi-

318 3856 555 3913 tionibus
583 3853 803 3912 evenire
826 3866 1049 3909 necesse
1075 3858 1179 3912 est,
1210 3847 1279 3904 de
1308 3861 1535 3918 quarum
1569 3852 1756 3900 uatum
1790 3843 1916 3899 dili-

316 3950 535 4021 gentius
564 3945 830 4017 persecuti
859 3958 1044 3999 sumus
1072 3942 1126 3997 in
1156 3940 1240 3995 his
1281 3938 1641 3994 voluminibus
1668 3980 1682 4004 ,
1710 3952 1829 4006 qua:
1860 3936 1915 3992 in

317 4041 575 4099 secunda:
595 4038 851 4095 editionis
881 4032 1221 4105 expositione
1261 4034 1381 4106 Περὶ
1421 4030 1684 4109 ἑρμηνείας
1725 4027 1918 4084 inscri-

322 4134 555 4206 psimus.
584 4131 642 4188 Si
662 4131 783 4203 quis
811 4129 972 4199 igitur
1000 4124 1430 4198 propositionum
1460 4124 1700 4179 omnium
1732 4121 1921 4178 condi-
1970 4126 1971 4129 ‘

324 4228 604 4285 tionalium
627 4238 909 4281 numerum
932 4220 1189 4291 inquirat,
1210 4233 1332 4289 qua:
1358 4208 1485 4272 erat
1502 4231 1567 4271 ex
1598 4212 1919 4281 categoricis

324 4322 524 4395 poterit
550 4319 831 4383 invenire;
876 4331 939 4372 ac
968 4316 1201 4385 primum
1229 4312 1282 4366 in
1323 4310 1584 4366 connexis
1611 4322 1680 4365 ex
1710 4307 1920 4364 duabus

325 4413 661 4485 simplicibus
718 4408 1071 4481 inquirendus
1119 4415 1204 4462 est
1254 4404 1358 4460 hoc
1406 4405 1593 4459 modo.
1622 4401 1755 4460 Nam
1764 4416 1921 4478 ﬁgo-

327 4510 473 4578 ngam
514 4504 812 4578 propositio
838 4502 1072 4572 simplex
1120 4496 1465 4571 hypothetica
1504 4509 1568 4552 ex
1601 4494 1921 4564 categoricis

2018 3294 2251 3348 ricinum
2274 3293 2445 3347 modis
2467 3294 2884 3363 compliceutur,
2911 3298 3042 3352 fient
3064 3296 3251 3353 decem
3275 3298 3442 3354 millia
3460 3315 3609 3358 com-

2018 3386 2323 3455 plexiones.
2358 3386 2412 3441 lu
2454 3386 2561 3440 illis
2588 3398 2768 3444 autem
2800 3388 3265 3459 propositionibus
3293 3407 3415 3462 qua:
3437 3394 3611 3450 tribus

2018 3480 2296 3533 variantur
2331 3479 2535 3548 figuris,
2570 3480 2835 3549 siquidem
2883 3480 3093 3535 medius
3123 3483 3384 3540 terminus
3413 3486 3610 3542 simili-

2020 3580 2102 3622 ter
2130 3578 2185 3622 et
2216 3569 2268 3621 in
2303 3570 2472 3636 prima
2504 3577 2559 3621 et
2589 3570 2642 3622 in
2672 3567 2911 3623 secunda
2959 3568 3307 3639 hypotbetica
3336 3588 3609 3644 propona-

2021 3672 2128 3728 tur,
2164 3661 2317 3717 mille
2339 3671 2496 3716 erunt
2525 3661 2954 3731 complexiones,
2980 3662 3047 3718 ad
3078 3678 3265 3719 earum
3295 3666 3608 3725 similitudi-

2020 3772 2142 3812 nem
2187 3771 2307 3826 quae
2340 3770 2408 3811 ex
2445 3755 2615 3811 tribus
2655 3756 2976 3826 categoricis
3021 3767 3447 3826 connectuntur;
3483 3771 3612 3818 tunc

2019 3847 2166 3903 enim
2198 3861 2334 3902 unus
2359 3856 2521 3917 atque
2543 3845 2684 3903 idem
2709 3847 2975 3903 terminus
3002 3848 3055 3903 in
3085 3849 3330 3922 utrisque
3360 3860 3471 3909 tres
3514 3868 3612 3910 ne-

2018 3956 2126 4013 que
2168 3939 2399 4011 amplius
2443 3940 2603 3997 faciet
2629 3940 3056 3999 enunziationes.
3084 3943 3351 4001 Similiter
3396 3962 3528 4003 vero
3555 3948 3611 4005 in

2020 4034 2261 4104 utrisque
2288 4035 2607 4105 proponitur
2633 4033 2734 4091 hoc
2757 4034 2919 4092 modo
2945 4052 2959 4090 :
2992 4035 3041 4092 si
3069 4044 3156 4092 est
3182 4052 3238 4104 a,
3256 4047 3341 4094 est
3368 4039 3420 4106 ὁ,
3451 4042 3497 4095 si
3529 4052 3619 4099 est

2021 4129 2072 4195 b,
2104 4139 2187 4185 est
2218 4145 2267 4197 c,
2301 4128 2386 4184 hic
2412 4130 2556 4185 enim
2580 4129 2609 4183 ὁ
2640 4130 2934 4196 terminus,
2965 4138 3019 4186 et
3045 4130 3112 4185 ad
3138 4148 3173 4185 α
3198 4133 3482 4188 terminmn
3512 4177 3527 4200 ,
3559 4144 3618 4192 et

2021 4220 2088 4276 ad
2111 4237 2138 4273 c
2162 4220 2368 4290 positus
2389 4235 2504 4287 est,
2537 4221 2716 4277 inesse
2742 4220 3073 4291 significans.
3108 4221 3252 4277 Idem
3278 4224 3330 4277 in
3364 4241 3619 4282 necessa-

2022 4311 2120 4367 riis
2143 4321 2199 4365 et
2223 4312 2661 4381 contingentibus
2692 4310 3122 4381 intelligendum.
3143 4315 3213 4368 At
3240 4314 3285 4369 si
3314 4316 3385 4370 ita
3420 4333 3619 4387 propo-

2022 4414 2182 4461 natur
2206 4422 2218 4458 :
2244 4406 2288 4459 si
2313 4414 2392 4460 est
2415 4421 2469 4472 α,
2500 4413 2584 4459 est
2605 4403 2656 4470 ὁ,
2682 4414 2737 4460 et
2763 4405 2807 4459 si
2839 4418 3063 4460 necesse
3081 4414 3311 4462 estesse
3334 4407 3384 4475 ὁ,
3411 4419 3495 4464 est
3528 4411 3617 4467 vel

2025 4515 2133 4555 non
2179 4506 2264 4554 est
2291 4515 2351 4564 c,
2379 4498 2500 4553 iluze
2544 4497 2946 4568 pmpositioues
2985 4497 3419 4566 conditionales,
3451 4502 3500 4557 id
3535 4514 3622 4560 cst

326 4566 536 4656 timus
556 4566 800 4668 jungitur
821 4635 838 4662 ,
868 4566 972 4649 una
1000 4566 1308 4649 earumvvel
1338 4589 1523 4645 inesse
1553 4588 1919 4659 significabit,
1947 4566 2004 4639 Ῑ)
2028 4602 2256 4666 quatuor
2284 4566 2644 4663 praedicativa:
2673 4592 2830 4647 fiunt.
2861 4590 2982 4658 Quo
3011 4592 3070 4646 fit
3109 4602 3167 4649 ut
3197 4594 3492 4650 secundum
3524 4612 3622 4653 eas

246 4734 253 4739 .
332 4691 422 4746 vel
442 4688 754 4760 contingere
787 4700 912 4742 esse
937 4682 1276 4753 simpliciter,
1307 4681 1389 4737 vel
1414 4695 1644 4738 necesse
1670 4694 1794 4735 esse
1823 4678 1923 4734 du-

328 4782 571 4854 pliciter;
600 4777 742 4848 quod
769 4777 816 4833 si
845 4784 973 4831 sunt
994 4774 1351 4840 affirmativa‘,
1372 4772 1662 4843 quinquies
1685 4770 1923 4825 affirma-

332 4873 441 4928 tiva
479 4868 853 4928 enuntiatione
898 4872 1284 4936 preponentur.
1314 4864 1420 4921 Sed
1453 4865 1710 4934 quoniam
1740 4864 1920 4918 omnis

329 4963 621 5021 affirmatio
650 4962 813 5018 habet
840 4960 1141 5030 oppositam
1164 4958 1533 5028 negationem,
1566 4973 1752 5013 rursus
1771 4958 1927 5028 quin-

330 5059 487 5129 quies
528 5053 779 5126 negativa
813 5050 1114 5107 enuntiatio
1144 5050 1345 5120 poterit
1368 5049 1725 5120 pronuntiari.
1756 5051 1928 5105 Erunt

334 5151 497 5223 igitur
523 5152 577 5206 in
630 5148 803 5220 prima
834 5144 1229 5218 propositione,
1261 5160 1381 5215 quae
1410 5160 1514 5200 una
1557 5159 1680 5215 pars
1710 5153 1792 5200 est
1830 5145 1927 5217 hy-

337 5244 621 5316 pothetica:
649 5238 1050 5312 propositionis,
1084 5238 1137 5293 in
1159 5239 1446 5308 negatione
1483 5244 1539 5292 et
1567 5235 1927 5293 affirmatione

334 5337 640 5394 constituta:
671 5332 952 5389 modorum
986 5330 1383 5400 propositiones
1411 5327 1623 5383 decem.
1677 5328 1924 5384 Secunda

334 5433 500 5489 etiam
525 5428 844 5500 propositio,
872 5440 991 5495 qua:
1022 5439 1147 5495 pars
1176 5432 1258 5479 est
1285 5424 1671 5495 hypotheticze,
1699 5422 1923 5479 totidem

336 5520 786 5581 affirmationibus
811 5526 868 5573 et
886 5515 1265 5588 negationibus
1289 5515 1512 5585 proponi
1542 5523 1746 5586 potest;
1772 5523 1930 5571 erunt

340 5618 501 5688 igitur
527 5616 645 5685 ejus
672 5625 885 5684 quoque
933 5608 1332 5665 enuntiationes
1376 5608 1589 5663 decem.
1646 5607 1753 5664 Sed
1805 5623 1928 5664 cum

342 5711 510 5784 prima
540 5706 836 5779 propositio
862 5702 1115 5760 secundae
1160 5700 1518 5772 propositioni
1545 5701 1774 5771 quadam
1803 5717 1932 5757 cou-

342 5802 619 5876 sequentia
635 5799 956 5889 _copuletur,
987 5803 1047 5850 ut
1075 5811 1180 5850 una
1212 5795 1555 5866 hypothetica
1585 5796 1706 5859 fiat,
1741 5810 1931 5851 omnes

782 5911 1055 5976 Panos.
1088 5905 1309 5974 ιχιν.

2029 4704 2150 4759 qute
2178 4704 2243 4743 ex
2278 4684 2636 4756 priedicativis
2685 4692 2920 4755 quatuor
2965 4694 3396 4755 connectuntur,
3427 4688 3620 4748 decem

2035 4780 2197 4836 millia
2223 4779 2418 4835 faciant
2448 4777 2871 4846 complexiones,
2904 4784 3066 4847 atque
3095 4777 3150 4833 hi
3177 4779 3388 4836 numeri
3426 4792 3533 4836 tam
3563 4783 3623 4839 in

2036 4877 2206 4945 prima
2237 4890 2397 4945 quam
2431 4873 2486 4929 iu
2513 4872 2751 4930 secunda
2797 4873 2878 4928 vel
2920 4873 3075 4929 tertia
3105 4873 3275 4945 figura
3304 4883 3430 4932 sunt
3454 4877 3624 4948 inspi-

2035 4965 2232 5023 ciendi.
2286 4965 2354 5020 Et
2380 4980 2480 5019 nos
2515 4963 2732 5034 quidem
2762 4974 2996 5034 quantus
3042 4979 3166 5021 esse
3193 4964 3622 5036 propositionum

2032 5074 2292 5115 numerus
2323 5067 2529 5127 posset,
2555 5057 2926 5125 ascripsimus,
2958 5071 3229 5128 nunquam
3260 5067 3438 5113 tamen
3460 5059 3625 5117 dissi-

2032 5152 2232 5207 militer
2264 5151 2527 5205 terminus
2554 5148 2764 5205 medius
2791 5148 3138 5216 enuntiatur;
3171 5165 3405 5222 namque
3434 5160 3493 5208 ut
3533 5155 3630 5210 fiat

2032 5252 2396 5299 extremorum
2427 5241 2724 5307 conclusio,
2759 5242 2970 5298 medius
3000 5241 3263 5297 terminus
3315 5244 3624 5311 intercedit,

2030 5337 2186 5401 cujus
2209 5331 2563 5387 communitas
2582 5342 2823 5387 extrema
2845 5331 3144 5402 conjungit.
3167 5332 3320 5400 Quod
3344 5335 3388 5388 si
3411 5335 3630 5391 medius

2035 5424 2263 5479 diversis
2295 5423 2469 5478 modis
2497 5423 2551 5477 in
2584 5431 2809 5494 utraque
2836 5420 3207 5493 propositione
3233 5421 3448 5480 dicatur
3473 5466 3489 5491 ,
3525 5442 3629 5482 nec

2039 5525 2432 5572 connectuntur
2477 5526 2719 5571 extrema
2746 5556 2763 5580 ,
2814 5524 2978 5585 atque
3008 5514 3131 5571 ideo
3172 5529 3242 5571 ne
3277 5517 3632 5589 syllogismus

2038 5609 2254 5682 quidem
2303 5609 2421 5666 fieri
2472 5608 2610 5664 ullus
2657 5616 2867 5678 potest,
2906 5623 3026 5665 cum
3062 5611 3365 5680 praesertim
3414 5629 3483 5669 ne
3524 5630 3630 5671 una

2039 5703 2256 5776 quidem
2289 5702 2584 5773 propositio
2621 5701 2726 5756 dici
2759 5700 2929 5771 possit
2955 5701 3009 5756 in
3052 5717 3158 5772 qua
3187 5704 3402 5761 medius
3440 5708 3628 5762 termi-

2044 5813 2146 5854 nus
2173 5796 2508 5853 dissimilitcr
2534 5797 2867 5852 enuntiatur.
2911 5795 3094 5868 Longe
3134 5808 3315 5857 autem
3346 5801 3632 5873 multiplex

3074 5901 3156 5965 27
