4112 6332
584 330 690 387 845

1804 327 1917 384 ΑΝ.
1958 326 2163 384 MANL.
2204 325 2357 383 SEV.
2395 324 2617 381 BOETll

3746 332 3851 388 ειι

583 460 837 501 numerus
886 443 1303 516 propositionum
1358 428 1645 508 existeret,
1674 442 1716 497 si
1750 441 1927 497 inesse
1959 441 2163 512 signiﬁ-
2191 442 2245 504 Α
2270 440 2424 495 nibus
2441 439 2622 494 talium
2654 448 2831 509 partes
2851 440 3286 511 syllogismorum
3313 444 3653 516 appellentur
3675 456 3854 506 osten-

582 546 766 592 cantes
813 542 867 590 et
914 534 1247 590 necessarias
1289 542 1344 588 et
1384 534 1759 603 contingentes
1809 533 2161 588 afﬁrmativas

583 629 957 702 negativasque
989 626 1381 697 propositiones
1416 641 1509 693 per
1541 626 1875 680 universales
1903 634 1958 680 et
1988 625 2157 693 parti-

581 722 810 784 culares,
854 721 940 775 vel
971 719 1266 788 oppositas,
1294 719 1377 773 vel
1410 718 1753 773 subalternas
1786 719 2157 783 variaremus;

578 814 672 867 sed
703 814 755 867 id
803 828 907 867 non
962 813 1253 876 convenit,‘
1297 811 1419 883 quia
1450 812 1891 866 conditionalium
1944 811 2160 866 termini

582 905 1004 975 propositionum
1060 904 1266 959 infinito
1315 903 1542 958 maxime
1590 906 1933 958 enuntiantur
1973 903 2151 957 modo.

579 1001 751 1068 Atque
795 998 915 1054 ideo
961 1011 1350 1065 supervacuum
1395 996 1631 1066 judicavi
1680 997 2157 1051 determinatarum

578 1090 871 1146 secundum
902 1099 1254 1160 quantitatem
1284 1088 1708 1158 propositionum
1740 1103 1983 1158 qu:erere
2006 1088 2157 1141 mul-

580 1186 857 1240 titodinetn
886 1225 900 1249 ,
946 1199 1065 1239 cum
1114 1184 1469 1238 determinate
1508 1180 1897 1236 conditionales
1928 1180 2158 1249 pr0poni

578 1292 683 1331 non
711 1277 946 1340 soleant;
981 1275 1091 1329 fere
1136 1286 1311 1329 auten
1363 1273 1718 1344 ltypotlietic.e
1760 1271 2160 1342 propositiones

578 1382 677 1420 nec
727 1381 819 1435 per
870 1364 1242 1420 necessitatem
1290 1364 1503 1433 quidem
1552 1364 1633 1415 vel
1695 1378 1789 1431 per
1838 1362 2158 1430 contingens

578 1458 952 1522 enuntiantnr,
985 1457 1077 1512 sed
1112 1456 1217 1511 illa:
1243 1457 1470 1509 maxime
1496 1456 1544 1508 in
1592 1469 1746 1508 usnni
1778 1453 2158 1508 collocutionis

575 1551 865 1616 ducuntur,
891 1565 1007 1619 que
1031 1548 1205 1603 inesse
1236 1547 1558 1618 signiﬁcant.
1582 1546 1783 1601 Omnes
1814 1561 1938 1599 vero
1971 1559 2157 1600 neces-

575 1642 773 1696 sariam
802 1641 1242 1709 consequentiam
1277 1651 1459 1694 tenere
1492 1640 1715 1705 volunt,
1749 1646 1801 1693 et
1828 1652 1946 1708 qua:
1978 1636 2158 1691 inesse

574 1734 909 1805 significant,
957 1743 1011 1788 et
1038 1734 1230 1802 quibus
1275 1733 1565 1787 necessitas
1599 1730 1832 1795 additur,
1878 1738 1933 1784 et
1962 1728 2157 1799 quibus

2268 533 2423 597 dero.
2456 533 2891 611 Qiioniam‘enim
2932 535 3107 590 omnis
3138 537 3478 608 syllogismus
3533 556 3599 595 ex
3653 558 3855 613 prepo-

2265 624 2549 680 sitionibus
2593 625 2827 690 texitur,
2876 626 3043 695 prima
3090 629 3172 682 vel
3218 630 3531 700 propositio,
3573 635 3659 688 vel
3707 649 3854 689 sum.

2264 727 2413 786 ptum
2472 726 2726 783 vocatur;
2781 719 3013 773 secunda
3044 735 3169 775 vero
3190 720 3383 777 dicitur
3406 726 3736 795 assumptio;
3784 744 3849 782 ex

2265 808 2349 864 bis
2416 823 2535 880 quae
2601 808 2868 877 infertur,
2937 813 3211 868 coaclusio
3279 827 3641 887 nuncupatur.
3713 818 3849 874 Cum

2264 900 2410 955 enim
2449 900 2521 954 ita
2561 899 2821 966 dicimus,
2854 900 2902 957 si
2952 903 3111 957 homo
3139 912 3241 971 est,
3298 905 3496 962 animal
3548 919 3654 976 est,
3687 910 3853 965 homo

2263 1002 2441 1047 autem
2465 1001 2581 1061 est,
2618 992 2816 1049 animal
2858 993 3019 1064 igitur
3045 1004 3146 1062 est,
3180 1011 3243 1051 ea
3273 997 3489 1065 quidem
3541 1002 3843 1056 enuntiatio

2252 1098 2362 1165 per
2404 1097 2561 1153 quam
2592 1083 2841 1151 dicimus,
2871 1084 2917 1139 si
2950 1085 3112 1140 homo
3156 1097 3263 1154 est,
3297 1091 3497 1145 animal
3542 1105 3669 1158 εει,
3720 1108 3849 1165 pro—

2264 1174 2457 1246 positio
2512 1176 2595 1231 vel
2640 1184 2911 1247 sumptum
2965 1187 3207 1247 vocatur,
3245 1195 3307 1235 ea
3337 1197 3465 1235 vero
3516 1199 3673 1252 quam
3725 1185 3848 1241 huic

2264 1265 2629 1336 adiunximus,
2660 1274 2745 1323 est
2770 1277 2948 1323 autem
2975 1269 3158 1335 homo,
3180 1273 3473 1343 assumptio
3496 1272 3717 1341 dicitur,
3742 1284 3848 1330 ter-

2264 1358 2334 1413 tia
2367 1358 2644 1413 conclusio
2674 1358 2999 1427 nominatur,
3040 1376 3137 1431 per
3166 1377 3326 1432 quam
3358 1364 3689 1419 ostendimus
3728 1383 3847 1425 esse

2264 1450 2463 1503 animal
2491 1450 2580 1521 qui
2613 1449 2978 1506 fueritltomo.
3029 1452 3136 1508 Sed
3184 1455 3436 1525 quoniam
3484 1473 3627 1529 saepe
3668 1462 3847 1517 evenit

2264 1550 2322 1595 ut
2344 1543 2724 1613 propositionis
2756 1544 3049 1599 enuntiata:
3074 1530 3457 1617 consequentia
3508 1564 3613 1605 non
3652 1552 3723 1605 sit
3750 1568 3846 1608 ve-

2263 1632 2528 1699 risimilis,
2579 1635 2929 1704 propositioni
2972 1650 3117 1706 saepe
3160 1638 3467 1709 adjungitur
3507 1642 3844 1716 approbatio,

2265 1738 2361 1792 per
2394 1741 2552 1795 quam
2583 1727 2635 1782 id
2660 1728 2914 1798 quod-est
2945 1731 3277 1801 propositum
3302 1749 3491 1801 yerum
3522 1750 3643 1791 esse
3687 1752 3847 1793 mon-

576 1828 883 1899 praadieatio
941 1826 1306 1895 possibilitatis
1354 1834 1588 1894 aptatur,
1644 1823 1840 1877 etenim
1892 1822 2155 1876 terminus
2185 1828 2233 1890 Β
2262 1828 2485 1873 Stretur.
2520 1820 2831 1892 Assumptio
2852 1840 3064 1894 quoque
3085 1841 3229 1896 saepe
3250 1798 3340 1882 ad.
3344 1826 3501 1883 ﬁdem
3528 1845 3621 1899 per
3648 1845 3709 1886 se
3737 1848 3844 1888 non

575 1920 893 1989 applicatur.
943 1919 1239 1973 Necessitas
1268 1934 1397 1971 vero
1428 1915 1785 1987 ltypotlietica:
1834 1915 2157 1985 propositio-

572 2013 657 2066 nis
685 2021 739 2067 et
786 2010 923 2065 ratio
975 2026 1157 2065 earum
1211 2009 1635 2080 propositionum
1681 2023 1744 2062 ex
1795 2007 1987 2077 quibus
2025 2006 2153 2076 jun-

568 2110 765 2174 guntur
795 2102 934 2155 inter
960 2116 1019 2157 se
1039 2102 1432 2167 connexiones,
1473 2101 1908 2169 consequentiam
1937 2100 2150 2169 quaerit,

571 2205 627 2248 ut
656 2208 774 2247 cum
808 2192 958 2247 dico:
979 2192 1035 2248 Si
1068 2192 1317 2249 Socrates
1340 2193 1492 2246 sedet
1516 2200 1569 2245 et
1592 2192 1737 2255 vivit,
1772 2206 1942 2261 neque
1966 2192 2155 2247 sedere

567 2301 711 2350 eum,
745 2301 915 2355 neque
936 2286 1115 2341 vivere
1143 2299 1362 2339 necesse
1384 2296 1499 2348 est;
1534 2283 1626 2337 sed
1657 2283 1702 2337 si
1735 2284 1904 2349 sedet,
1932 2297 2154 2338 necesse

542 2384 651 2433 ἐει
690 2377 890 2433 vivere.
924 2376 1055 2431 ltem
1088 2394 1210 2430 cum
1240 2376 1495 2440 dicimus,
1530 2375 1610 2429 sol
1659 2385 1931 2440 movetur,
1965 2390 2152 2429 neCes-

565 2469 711 2522 sario
739 2469 884 2523 venit
916 2470 981 2521 ad
1012 2482 1299 2534 occasum,
1328 2466 1655 2520 tantumdem
1690 2468 1953 2536 signiﬁcat
1985 2482 2155 2536 quan-

488 2538 503 2555 ’
566 2569 701 2626 tum,
735 2561 780 2615 si
828 2560 908 2615 sol
954 2568 1217 2624 movetur,
1258 2560 1404 2613 venit
1432 2558 1498 2612 ad
1545 2572 1812 2612 occasmn.
1851 2558 2152 2612 Necessitas

565 2655 709 2709 enim
759 2654 1141 2725 propositionis
1189 2654 1242 2707 in
1284 2655 1685 2723 consequentia:
1718 2652 2150 2706 immutabilitate

564 2747 831 2802 consistit.
862 2743 995 2801 item
1028 2761 1150 2801 cum
1178 2744 1406 2800 dicimus
1426 2786 1439 2808 ,
1483 2745 1528 2798 si
1561 2744 1817 2813 possibile
1844 2752 1927 2797 est
1948 2743 2052 2813 legi
2088 2743 2152 2797 li-

486 2868 489 2871 ν
563 2838 743 2903 brum,
796 2839 1050 2906 possibile
1077 2846 1161 2892 est
1196 2838 1259 2891 ad
1311 2837 1527 2891 tertiutn
1578 2852 1790 2889 versum
1844 2837 2147 2905 pervenire,

536 2944 752 2985 'rursus
803 2931 1099 2985 necessitas
1141 2927 1540 2997 consequentia:
1570 2936 1783 2981 servata
1811 2936 1922 2991 est;
1954 2942 2074 2981 nam
2107 2926 2152 2981 si

564 3021 821 3089 possibile
844 3031 926 3077 est
950 3021 1049 3090 legi
1071 3021 1289 3086 librum,
1314 3035 1539 3075 necesse
1561 3019 1709 3073 estid
1731 3019 1983 3088 possibile
2006 3034 2148 3082 esse,

562 3118 624 3164 ut
655 3112 721 3165 ad
762 3114 978 3167 tertium
1011 3127 1223 3166 versum
1257 3112 1622 3181 perveniatur.
1668 3111 2021 3179 Opponuntur
2058 3128 2151 3165 au-

2262 1911 2476 1965 videtur
2502 1912 2714 1978 idonea,
2741 1913 2863 1971 liuic
2892 1932 3106 1986 quoque
3125 1919 3375 1987 juvamen
3401 1920 3732 1991 probationis
3753 1922 3847 1979 ad-

2240 2003 2521 2072 ‘jungitur,
2576 2012 2635 2060 ut
2690 2021 2819 2061 vera
2866 2023 2985 2063 esse
3028 2008 3291 2064 videatur.
3324 2010 3438 2079 Quo
3491 2013 3550 2067 fit
3598 2023 3654 2067 ut
3702 2030 3847 2085 smpe

2260 2097 2495 2168 quinque
2533 2110 2731 2169 partes,
2764 2115 2907 2172 saepe
2933 2112 3183 2172 quatuor,
3216 2098 3486 2160 interdum
3532 2116 3640 2161 tres
3671 2106 3843 2178 hypo-

2264 2191 2489 2246 tlieticos
2512 2192 2855 2263 syllogismos
2879 2194 3077 2249 habere
3119 2199 3414 2268 contingat.
3445 2198 3576 2254 Nam
3608 2201 3845 2271 quinque

2260 2284 2526 2337 constabit
2554 2285 2796 2353 partibus
2827 2287 2873 2339 si
2916 2297 2970 2341 et
2996 2289 3296 2357 propositio
3318 2296 3371 2343 et
3398 2296 3692 2359 assumptio
3720 2308 3844 2361 pro-

2259 2375 2565 2432 bationibus
2593 2376 2936 2447 indigebunt;
2968 2381 3110 2449 quod
3148 2382 3193 2434 si
3229 2382 3341 2436 sive
3371 2385 3662 2453 propositio
3682 2427 3697 2449 ,
3728 2386 3843 2441 sive

2259 2471 2556 2540 assumptio
2576 2473 2891 2541 probatione
2908 2473 3184 2544 indigebit,
3200 2475 3336 2545 quad
3346 2477 3619 2546 ripartitus
3636 2490 3719 2532 est
3734 2479 3844 2549 syl-

2260 2563 2547 2633 logismus,
2574 2565 2714 2635 quod
2743 2566 2788 2621 si
2819 2577 3006 2622 neutra
3034 2578 3117 2623 est
3146 2571 3509 2639 approbando,
3542 2572 3843 2642 tripartitus

2258 2672 2380 2713 esse
2436 2659 2777 2730 relinquitur.
2840 2660 2897 2714 in
2956 2660 3054 2715 liae
3104 2677 3229 2716 vero
3273 2666 3538 2719 sententia
3570 2665 3733 2720 etiam
3765 2666 3836 2723 Μ.

2258 2750 2463 2807 Tullius
2493 2767 2613 2808 esse
2643 2752 3086 2824 deprehenditur.
3130 2757 3182 2809 ln
3216 2756 3513 2813 Rhetoricis
3544 2758 3687 2814 enim
3731 2760 3841 2832 syl-

2258 2841 2514 2914 logismos
2542 2845 2803 2915 quosdam
2858 2847 3320 2917 quinquepartitos
3349 2846 3487 2918 esse,
3518 2852 3841 2924 quadripar-

2260 2935 2384 2990 titos
2414 2935 2549 2990 alios
2601 2936 2904 2993 conﬁrmat.
2948 2937 3154 3007 Quibus
3200 2956 3327 2995 vero
3373 2944 3553 2997 talium
3586 2945 3841 3017 syllogis-

2260 3043 2469 3083 morum
2495 3045 2601 3084 non
2631 3032 2805 3099 placet
2834 3041 3013 3101 partes
3056 3033 3192 3089 ultra
3224 3034 3515 3093 ternarium
3549 3056 3839 3097 numerum

2257 3120 2559 3190 propagari,
2609 3120 2661 3176 lii
2693 3124 3115 3193 pr0positionum
3166 3128 3507 3197 probationes
3553 3141 3716 3201 atque
3752 3148 3842 3190 as-

500 3268 501 3275 ,
534 3214 671 3263 ’tem
732 3202 1093 3275 bypotlieticis
1151 3202 1605 3272 propositionibus
1671 3204 1771 3256 illae
1848 3205 1977 3258 solae
2031 3218 2150 3273 qua:
2174 3206 2221 3270 C
2256 3214 2619 3282 sumptionum
2647 3231 2756 3270 non
2786 3226 2971 3285 putant
3000 3216 3055 3273 in
3096 3220 3389 3291 syllogismi
3425 3225 3660 3293 partibus
3716 3242 3842 3283 esse

532 3314 750 3356 ‘earum
800 3296 1152 3351 substantiam
1184 3295 1469 3365 perimunt.
1505 3295 1817 3349 Substantia
1871 3310 1997 3349 vero
2029 3312 2151 3365 pro-

565 3392 888 3461 positionum
918 3388 1381 3459 hypotheticarum
1410 3386 1465 3441 in
1497 3401 1562 3441 eo
1589 3396 1691 3453 est,
1725 3398 1781 3441 ut
1814 3402 1997 3443 earum
2022 3403 2149 3442 con-

562 3483 858 3553 sequentia:
886 3483 1178 3537 necessitas
1202 3480 1375 3535 valeat
1410 3494 1741 3549 permanere.
1778 3480 1835 3535 Si
1865 3481 1984 3551 quis
2016 3495 2148 3551 ergo

530 3592 535 3595 '
560 3583 711 3631 recte
749 3573 1092 3630 conditionali
1122 3570 1473 3642 pr0positioni
1503 3570 1838 3641 repugnabit,
1879 3572 1929 3625 id
1952 3572 2150 3627 efﬁciet

562 3674 623 3720 ut
663 3678 848 3721 earum
895 3664 1135 3719 destruat
1182 3664 1621 3733 consequentiam
1649 3705 1663 3729 ,
1696 3664 1863 3718 veluti
1904 3679 2026 3718 cum
2076 3664 2149 3719 ita

561 3755 812 3825 dicimus,
842 3756 885 3809 si
907 3765 991 3811 est
1011 3772 1059 3820 a,
1091 3763 1174 3809 est
1200 3758 1249 3823 b,
1275 3770 1382 3809 non
1408 3754 1460 3808 in
1484 3768 1544 3809 ea
1568 3754 1889 3823 repugnabit
1914 3754 1959 3806 si
1990 3769 2178 3819 mon-,

561 3855 717 3910 stret,
744 3857 836 3900 aut
866 3858 970 3899 non
996 3859 1114 3899 esse
1137 3862 1189 3911 a,
1218 3854 1311 3899 aut
1334 3856 1438 3899 n0n
1472 3860 1590 3900 esse:
1619 3846 1667 3910 b,
1699 3846 1793 3899 sed
1824 3844 1996 3914 posito
2023 3846 2145 3915 qui-

562 3937 687 3992 dem
715 3953 777 4003 a,
810 3936 1045 3992 ostendit
1076 3951 1185 3991 non
1236 3938 1416 3991 statim
1470 3938 1726 4006 consequi
1766 3952 1888 3991 esse
1938 3939 1988 4001 b,
2047 3937 2145 3993 sed

563 4043 723 4099 posse
746 4043 866 4083 esse
894 4046 946 4096 α,
980 4029 1190 4084 etiamsi
1218 4029 1246 4082 b
1279 4029 1538 4084 terminus
1570 4043 1674 4083 non
1701 4028 1765 4082 sit
1794 4044 1809 4095 ;
1843 4031 1937 4084 sed
1964 4031 2007 4083 si
2053 4046 2147 4084 ne-

560 4124 706 4194 gatio
730 4123 801 4177 sit
828 4166 839 4186 ,
869 4122 1243 4178 conditionalis
1271 4122 1463 4177 eodem
1504 4121 1809 4177 deSIruetur
1841 4121 2001 4177 modo
2027 4164 2042 4189 ,
2085 4132 2145 4177 ut

523 4243 531 4249 -
560 4229 684 4270 cum
711 4216 957 4279 dicimus,
990 4217 1034 4271 si
1060 4228 1140 4272 est
1169 4233 1219 4281 α,
1245 4216 1273 4270 ὁ
1295 4230 1399 4271 non
1428 4224 1535 4272 est.
1576 4215 1690 4271 Non
1740 4216 2137 4295 ostendendum

561 4321 665 4377 est,
698 4319 790 4365 aut
812 4325 919 4363 non
945 4324 1140 4375 essea,
1176 4319 1269 4365 aut
1298 4310 1325 4363 b
1354 4322 1475 4365 esse
1500 4327 1513 4375 ;
1549 4309 1644 4363 sed
1672 4324 1791 4364 cum
1819 4310 1959 4376 sita,
1988 4324 2143 4377 posse

560 4416 682 4458 esse
712 4402 740 4455 b
777 4402 1082 4457 terminum.
1116 4404 1255 4457 Sunt
1296 4412 1471 4458 autem
1506 4403 1865 4474 hypotlteticai
1900 4402 2143 4473 proposi-

561 4496 755 4559 tiones,
788 4494 903 4549 aliae
930 4494 1143 4564 quidem
1174 4492 1504 4549 afﬁrniativa:
1526 4535 1539 4560 ,
1577 4495 1699 4550 alia;
1732 4495 2018 4566 negativae;
2045 4494 2141 4549 sed

2262 3307 2561 3374 ponendas.
2598 3309 2778 3379 Neque
2809 3311 2953 3365 enim
2982 3313 3407 3383 propositionem
3453 3331 3595 3385 esse,
3627 3318 3694 3371 de
3735 3334 3840 3387 qua

2256 3397 2603 3467 syllogismus
2635 3410 2810 3469 potest
2839 3402 3095 3472 existere,
3142 3406 3226 3459 cui
3261 3422 3365 3461 non
3403 3408 3562 3463 Sentit
3602 3409 3838 3465 auditor.

2255 3489 2406 3554 Quod
2443 3490 2488 3543 si
2540 3507 2635 3561 per
2667 3507 2726 3547 se
2750 3491 2911 3548 dubia
2936 3506 3018 3549 est
3063 3513 3124 3549 ea
3150 3498 3390 3566 probatio
3429 3516 3548 3569 qua:
3594 3502 3844 3572 proposi-

2255 3582 2385 3634 tioni
2418 3580 2594 3638 dubiae
2619 3582 2953 3655 adjungitur,
2999 3586 3201 3641 faciens
3233 3589 3391 3645 fidem
3431 3591 3606 3647 eidem
3634 3594 3718 3647 cui
3743 3594 3842 3648 ad-

2246 3676 2490 3745 jungitur
2516 3677 2893 3748 propositioni,
2924 3677 3051 3733 facit
3078 3690 3135 3734 ut
3168 3682 3236 3736 sit
3274 3682 3474 3739 idonea
3499 3685 3839 3757 syllogismo,

2252 3781 2314 3821 ac
2344 3781 2440 3836 per
2492 3767 2594 3823 hoc
2647 3777 2773 3825 tunc
2805 3771 2989 3840 incipit
3031 3788 3151 3827 es~e
3182 3764 3836 3848 syllogismipﬁpositio,

2249 3874 2369 3912 cum
2403 3859 2522 3915 talis
2546 3876 2643 3930 per
2670 3863 3038 3933 probationem
3072 3862 3337 3937 redditur,
3366 3878 3421 3922 ut
3452 3884 3519 3923 ex
3541 3885 3602 3924 ea
3634 3872 3839 3941 aliquid

2250 3951 2425 4022 colligi
2459 3953 2628 4021 possit
2657 3969 2670 4017 ;
2703 3961 2831 4008 tunc
2862 3969 2989 4010 vero
3014 3956 3213 4027 aliquid
3246 3974 3310 4013 ex
3339 3974 3399 4015 ea
3430 3961 3605 4032 colligi
3640 3972 3838 4031 potest,

2162 4100 2169 4108 ,
2212 4114 2217 4117 ν
2251 4060 2374 4098 cum
2406 4045 2741 4115 probationis
2770 4047 2970 4102 auxilio
2993 4049 3189 4117 poterit
3218 4052 3285 4106 ab
3320 4052 3563 4109 auditore
3584 4054 3831 4112 concedi.

2250 4134 2511 4200 Quocirca
2537 4137 2835 4193 membrum
2874 4139 3166 4209 quoddam,
3198 4150 3253 4197 et
3282 4144 3432 4213 quasi
3461 4144 3837 4205 fulcimentum

2247 4225 2426 4282 dubia:
2453 4228 2842 4297 propositionis
2893 4230 2979 4285 vel
3017 4232 3402 4303 assumptionis
3443 4236 3687 4305 probatio
3711 4254 3838 4299 esse

2248 4315 2482 4380 videtur,
2506 4332 2612 4373 non
2643 4332 2765 4387 pars
2789 4319 2949 4374 etiam
2996 4321 3323 4393 syllogismi;
3355 4325 3450 4380 sed
3501 4337 3683 4384 nostra
3710 4346 3837 4387 sen-

2246 4412 2410 4465 tentia
2467 4409 2551 4467 bis
2607 4413 2783 4482 potius
2840 4412 3051 4469 accedit
3089 4415 3176 4483 qui
3218 4416 3389 4473 tribus
3424 4421 3663 4490 partibus
3706 4438 3832 4480 eum

2244 4514 2493 4561 constare
2520 4507 2886 4575 pronuntiant.
2912 4507 3122 4583 Etenim
3153 4509 3408 4579 quaelibet
3434 4514 3679 4582 probatio
3704 4532 3829 4586 quas

558 4587 628 4641 de
679 4586 759 4640 his
791 4601 930 4642 nunc
967 4586 1157 4657 loquor
1197 4601 1315 4656 quze
1348 4587 1400 4640 in
1431 4587 1816 4656 consequentia
1866 4588 2054 4657 posita:
2087 4587 2140 4642 in

2250 4600 2328 4653 vel
2361 4599 2663 4669 probationi
2692 4601 2775 4655 vel
2822 4601 3177 4670 assumptioni
3222 4605 3523 4673 copulatur,
3568 4608 3825 4676 proposi—

557 4680 892 4734 connexione
941 4693 1059 4733 esse
1108 4678 1359 4732 dicuntur
1391 4696 1403 4730 :
1434 4678 1749 4733 afﬁrmativa
1796 4680 2010 4748 quidem
2031 4719 2047 4745 ,
2078 4687 2140 4733 ut

558 4785 680 4826 cum
701 4770 955 4837 dicimus,
981 4771 1026 4825 si
1057 4780 1139 4826 est
1168 4788 1219 4837 a,
1248 4780 1334 4825 est
1359 4774 1405 4839 ὁ,
1438 4772 1482 4826 si
1516 4788 1545 4823 a
1579 4786 1684 4825 non
1715 4781 1816 4837 est,
1842 4786 1948 4825 non
1979 4782 2061 4825 est
2082 4772 2136 4837 b;

557 4865 821 4935 negativa,
851 4865 898 4919 si
927 4874 1010 4920 est
1039 4881 1102 4931 a,
1139 4879 1244 4919 non
1276 4877 1358 4919 εει
1387 4867 1453 4933 b;
1486 4868 1531 4919 si
1568 4880 1671 4919 non
1716 4873 1798 4919 est
1827 4882 1890 4931 a,
1924 4879 2030 4918 non
2053 4874 2137 4920 est

555 4955 607 5009 ι.
635 4956 715 5009 Ad
745 4963 1160 5026 consequentem
1191 4956 1335 5009 enim
1366 4956 1785 5025 pr0positionem
1834 4958 2131 5027 respicien-

552 5046 682 5102 dum
720 5058 822 5111 est,
853 5057 913 5101 ut
936 5059 1004 5101 an
1024 5046 1346 5103 aflirniativa
1378 5062 1443 5101 an
1471 5048 1711 5117 negativa
1742 5050 1812 5103 sit
1839 5050 2137 5119 propositio

550 5140 838 5208 judieetur.
866 5139 1016 5193 'ldetn
1047 5139 1113 5193 de
1139 5140 1449 5209 compositis
1503 5141 1952 5209 propositionibus
2000 5157 2131 5196 con-

551 5235 896 5289 ditiouaﬁbus
929 5233 1148 5304 intelflg‘i
1167 5236 1452 5300 oportebit.
1492 5235 1566 5289 De
1598 5235 1678 5288 bis
1716 5247 1891 5290 autem
1928 5248 2131 5305 propo-

551 5327 838 5381 sitionibus
865 5336 983 5396 qum
1004 5328 1068 5381 in
1099 5326 1458 5397 disjductione
1489 5337 1613 5381 sunt
1658 5329 1867 5397 positae,
1895 5343 2016 5382 cum
2048 5329 2117 5383 de

552 5431 735 5470 earum
754 5417 1078 5487 syllogismis
1094 5426 1411 5484 tractavero,
1438 5421 1774 5474 commodius
1800 5430 1961 5490 atque
1989 5423 2120 5476 ube-

550 5508 664 5561 rius
710 5509 905 5563 dicam.
953 5508 1337 5580 Hypotlteticos
1383 5511 1741 5581 syllogismos,
1775 5528 1907 5583 quos
1935 5513 2127 5571 Latine

550 5599 939 5657 conditionales
988 5616 1269 5670 vocamus,
1303 5605 1390 5659 alii
1436 5606 1705 5676 quinque,
1760 5608 1847 5663 alii
1879 5619 2128 5679 quatuor,

553 5694 643 5749 alii
695 5694 866 5749 tribus
907 5708 1154 5753 constare
1206 5699 1444 5768 partibus
1496 5700 1857 5768 arbitrantur,
1891 5718 2120 5773 quorum

553 5799 677 5841 mox
704 5790 1125 5846 controversiam
1151 5789 1475 5859 dijudicabo,
1493 5793 1535 5846 si
1564 5793 1712 5861 prius
1732 5794 1924 5866 quibus
1950 5797 2127 5853 nomi-

2245 4693 2404 4746 tionis
2462 4707 2582 4749 esse
2609 4692 2692 4748 vel
2724 4694 3109 4763 assumptionis
3141 4695 3385 4765 probatio
3431 4698 3650 4753 dicitur.
3693 4698 3831 4756 Cum

2222 4780 2403 4853 igitur
2427 4798 2535 4839 non
2565 4784 2631 4840 ad
2655 4785 3047 4857 syllogismum,
3076 4788 3168 4841 sed
3199 4786 3263 4842 ad
3296 4789 3712 4857 propositionem
3744 4791 3830 4846 vel

2243 4875 2663 4945 assumptionem
2718 4878 3017 4947 referatur,
3079 4877 3232 4947 cujus
3277 4888 3359 4932 est
3415 4878 3681 4947 probatio,
3718 4895 3826 4936 non

2240 4977 2454 5037 oportet
2481 4983 2601 5025 eam
2652 4969 2949 5042 syllogismi
2980 4973 3197 5042 proprie
3233 4981 3436 5039 partem
3467 4970 3660 5027 videri.
3691 4970 3827 5029 Nam

2247 5063 2374 5117 illud
2400 5063 2543 5133 quod
2570 5063 2728 5134 objici
2759 5073 2957 5134 potest,
2994 5064 3172 5119 nullus
3193 5064 3404 5135 ignorat
3434 5065 3560 5136 quin
3588 5046 3825 5136 partium

2216 5156 2424 5225 partes
2457 5156 2617 5211 etiam
2649 5157 2811 5211 totius
2836 5168 2956 5211 esse
2986 5164 3164 5226 partes
3207 5157 3471 5212 dicantur.
3520 5159 3625 5214 Sed
3658 5158 3827 5228 pluri-

2244 5264 2387 5303 mum
2412 5247 2577 5303 refert
2601 5259 2778 5303 utrum
2805 5251 2933 5319 ipsae
2961 5251 3070 5304 sint
3113 5249 3361 5319 primitus
3409 5261 3588 5322 partes
3635 5252 3822 5316 torius,

2241 5358 2305 5395 an
2338 5343 2389 5396 in
2437 5341 3063 5412 secundarumpartium
3112 5344 3480 5413 postremitate
3531 5354 3819 5414 ponantur.

2237 5432 2498 5503 Amplius,
2521 5434 2565 5488 si
2598 5431 2667 5487 sit
2698 5449 2791 5502 per
2819 5448 2880 5489 se
2911 5446 3035 5490 nota
3063 5432 3357 5504 probabilis
3388 5436 3701 5505 prepositio,
3735 5442 3826 5489 to-'-

2237 5534 2320 5580 tus
2348 5526 2689 5597 syllogismus
2720 5527 3032 5595 probatione
3062 5542 3167 5583 non
3192 5529 3415 5600 indiget.
3457 5529 3608 5597 Quod
3639 5530 3684 5584 si
3716 5544 3822 5599 per

2234 5630 2292 5669 se
2318 5617 2695 5686 propositionis
2722 5617 2861 5672 nulla
2887 5617 3020 5673 ﬁdes
3048 5628 3148 5683 est,
3182 5635 3407 5677 necesse
3434 5629 3519 5675 est
3535 5629 3670 5676 utea
3692 5634 3826 5692 pro-

2235 5709 2429 5777 positio
2468 5710 2699 5779 quodam
2741 5711 2884 5765 velut
2931 5711 3239 5769 testimonio
3295 5714 3624 5783 probationis
3676 5715 3825 5772 indi-

2233 5812 2374 5871 geat.
2408 5802 2521 5859 Non
2544 5803 2715 5874 igitur
2740 5805 3081 5877 syllogismus
3120 5810 3436 5881 probatione
3481 5811 3536 5867 in
3566 5826 3632 5868 eo
3670 5813 3823 5883 quod
