4056 6330
236 349 389 407 845.

1326 307 1416 400 ὗε
1453 338 1880 401 st'LLootsuo
1914 332 2419 395 uveoruenco.

3406 322 3513 393 8‘96

237 467 586 541 syllogismus
613 473 699 523 est
728 464 1008 536 indigebit,
1029 464 1124 521 sed
1153 464 1471 535 propositio,
1500 464 1544 518 si
1568 462 1674 517 ﬁde
1704 474 1831 530 pro-
1855 458 1907 519 Α
1934 451 2001 511 ρκ’
2031 456 2342 511 conditione
2368 454 2749 526 propOsitidtiis
2792 433 2992 520 evenit,
3038 452 3099 509 id
3140 454 3287 509 enim
3330 452 3515 511 fuerat

241 564 353 630 pria
391 558 556 616 fuerit
608 559 886 614 destituta.
944 557 1088 612 idem
1143 557 1305 612 etiam
1353 556 1421 611 de
1459 554 1825 622 assumptione

241 656 347 709 elici
379 662 577 724 potest.
620 652 795 719 Quare
818 650 1171 705 manifestum
1211 658 1296 704 est
1348 663 1533 703 eorum
1556 659 1675 705 esse
1697 660 1825 699 seu-

242 750 460 803 tentiam
492 743 928 815 praeponendam,
961 756 1078 812 quae
1109 741 1299 795 asserit
1334 739 1697 811 syllogismum
1725 735 1827 791 tri-

241 844 339 895 lms
363 839 603 910 partibus
648 844 853 891 tantum
879 836 1050 905 jungi.
1096 833 1370 888 'Prreterea
1397 831 1443 887 si
1474 846 1592 901 qua:
1633 841 1827 900 propoo

239 934 365 987 sitio
394 929 731 1002 probationis
756 927 1016 996 indigeat,
1054 934 1113 980 ut
1148 939 1275 979 eam
1314 934 1439 978 vera
1483 922 1615 976 fides
1640 934 1831 990 sequa-

244 1032 350 1090 tur,
383 1023 569 1093 aliquo
598 1019 1057 1076 demonstrabitur
1082 1017 1421 1088 syllogismo.
1448 1014 1711 1082 Quocirca
1739 1011 1831 1083 qui

244 1116 359 1171 ﬁeri
390 1122 569 1184 potest
596 1122 655 1167 ut
683 1119 829 1167 recte
851 1110 1195 1182 syllogismus
1224 1122 1353 1179 pars
1383 1105 1680 1177 syllogismi
1701 1104 1831 1159 sim-

242 1207 401 1277 plicis
429 1219 549 1260 esse
575 1203 823 1258 dicatur?
854 1202 1025 1271 ipsam
1052 1200 1194 1255 enim
1230 1199 1598 1269 probationem
1629 1211 1831 1266 propo-

243 1298 454 1353 sitionis
479 1296 847 1369 syllogismum
878 1294 963 1350 vel
993 1308 1056 1349 ev
1107 1292 1419 1364 syllogismo
1458 1304 1578 1344 esse
1609 1300 1833 1344 necesse

243 1396 345 1445 est.
374 1390 468 1445 liis
495 1390 565 1443 ita
595 1385 990 1452 determinatis,
1016 1383 1084 1440 de
1124 1384 1207 1438 his
1232 1382 1473 1451 protinus
1503 1380 1837 1452 syllogismis

246 1496 471 1552 quorum
497 1480 895 1550 propositiones
939 1476 991 1531 iu
1044 1476 1381 1531 connexidne
1410 1473 1599 1543 posita:
1625 1471 1835 1527 duobus

244 1572 494 1628 terminis
534 1577 805 1635 constant,
835 1566 1213 1637 explicandum
1242 1564 1476 1620 videtur.
1524 1562 1722 1618 Horum
1749 1574 1839 1615 au-

247 1672 354 1719 tem
386 1662 580 1731 duplex
632 1658 804 1715 forma
835 1667 941 1723 est,
986 1666 1218 1727 quatuor
1248 1654 1392 1710 enim
1424 1662 1548 1708 sunt
1580 1667 1673 1721 per
1701 1666 1839 1720 pra:-

247 1754 490 1811 cedentis
512 1750 892 1823 prapositionis
916 1749 1360 1814 afﬁrmationem,
1394 1747 1485 1818 qui
1524 1754 1650 1801 sunt
1679 1745 1839 1815 primi

1933 548 2290 616 pr0positum,
2319 557 2374 601 ut
2402 548 2447 601 si
2468 561 2581 601 non
2615 556 2759 602 esset
2782 558 2818 599 λα
2850 545 3079 611 εεερι’ὁ;
3108 544 3248 615 quod
3288 546 3342 599 si
3389 554 3521 601 cou-

1932 650 2108 695 vertas
2136 649 2190 694 et
2221 653 2402 693 sumas
2423 653 2544 694 esse
2570 638 2621 704 ὑ,
2644 639 2705 693 id
2737 645 2818 692 est
2845 632 2986 708 quod
3013 638 3378 708 consequitur,
3410 642 3518 694 non

1935 744 2155 784 necesse
2184 729 2288 784 erit
2314 743 2434 784 esse
2463 729 2546 782 vel
2584 744 2688 783 non
2714 728 2909 783 esseid
2938 729 3078 798 quod
3113 728 3387 799 praecedit.
3415 731 3523 787 Sed

1935 823 2093 891 hujus
2126 823 2432 893 exemplum
2462 836 2566 877 nun
2591 832 2781 893 potest
2809 822 3036 878 inveniri
3077 828 3143 878 εδ
3185 823 3327 894 quod
3370 824 3417 880 ει
3442 822 3525 880 ili

1936 923 2293 985 proponatur,
2325 923 2382 969 ut
2408 929 2663 969 cumnon
2692 915 2764 970 sit
2800 931 2853 982 a,
2884 916 2957 970 sit
2979 915 3034 982 ὑ,
3087 915 3219 970 nihil
3264 928 3383 971 esse
3408 930 3528 972 tne-

1934 1009 2082 1063 dium
2111 1008 2360 1063 videatur
2389 1025 2420 1061 a
2441 1018 2603 1077 atque
2626 1008 2813 1064 b.'Sed
2842 1010 2899 1062 in
2922 1008 3013 1063 ‘his
3051 1008 3098 1063 si
3143 1009 3370 1065 alterum
3406 1012 3525 1064 'uoh

1934 1101 2120 1167 fuerit,
2152 1102 2329 1157 statim
2360 1116 2584 1157 necesse
2612 1102 2691 1157 est
2718 1102 2840 1157 esse
2867 1101 3198 1167 alterum,’et
3227 1103 3269 1156 si
3290 1101 3528 1157 alterum

1936 1192 2120 1257 fuerit,
2152 1192 2331 1246 statim
2366 1206 2588 1247 necesse
2617 1196 2701 1247 est
2728 1192 3093 1246 aiternnr‘nou
3122 1196 3275 1253 esse;
3318 1193 3530 1247 videtur

1936 1296 2068 1351 ergo
2091 1282 2489 1352 quodammodo
2506 1299 2581 1337 ex
2604 1282 2968 1352 consequenti
2999 1283 3174 1353 p‘os‘iro
3206 1283 3259 1337 in
3303 1283 3384 1337 his

1936 1377 2301 1450 syllogismos.
2332 1377 2436 1434 Sed
2477 1388 2733 1448 quantum
2790 1379 2855 1431 ait
2901 1378 2978 1432 rei
3026 1380 3272 1433 naturam
3307 1380 3376 1434 ita
3422 1389 3528 1447 est,
3622 1398 3629 1403 δ

1941 1480 2196 1538 quantum
2227 1485 2355 1524 vero
2393 1469 2456 1523 ad
2490 1470 2872 1539 prorositionis
2916 1469 3088 1539 ipsius
3116 1472 3358 1539 pertinet
3398 1484 3529 1525 cou-

1939 1546 2229 1624 ditioncm,
2264 1562 2485 1616 minimc
2512 1563 2879 1631 consequitur.
2907 1562 3059 1630 Quod
3104 1562 3315 1631 quidem
3346 1564 3408 1617 ex
3440 1563 3531 1619 tris

1934 1660 2090 1720 «patet
2114 1665 2235 1721 qua:
2254 1653 2505 1721 superius
2525 1652 2665 1707 dicta
2696 1662 2851 1718 sunt;
2883 1640 2939 1707 in
2988 1651 3384 1719 utrisqueenim
3435 1668 3531 1709 eu-

1936 1744 2253 1812 perioribus
2284 1744 2479 1808 modis,
2506 1745 2855 1816 consequenti
2880 1745 3065 1814 posito
3090 1744 3221 1799 nihil
3251 1759 3314 1799 ex
3342 1759 3536 1802 noceo-

250 1843 579 1915 hypothetici
605 1853 765 1913 atque
794 1840 1040 1911 perfecti,
1064 1848 1448 1911 quatuor‘vero
1478 1852 1575 1909 per
1600 1852 1840 1902 «reuen-
1860 1834 1922 1902 ω
1940 1835 2105 1891 sitate
2126 1836 2407 1891 collectum
2426 1846 2535 1903 est,
2562 1836 2646 1890 hic
2678 1848 2805 1891 vero
2829 1837 3017 1891 tertius
3040 1837 3249 1903 modus,
3278 1842 3533 1905 quantum

250 1938 320 1991 tis
342 1936 716 2006 negationem,
758 1934 848 2004 qui
893 1947 1016 1988 eum
1043 1930 1503 1988 demonsuatione
1541 1928 1837 1999 indigeant,

254 2041 364 2083 non
392 2026 641 2081 videntur
668 2032 791 2080 esse
843 2024 1088 2093 perfecti.
1136 2022 1339 2077 Prioris
1380 2024 1511 2076 vero
1556 2020 1842 2091 negatione

251 2126 311 2175 et
328 2115 602 2189 sequentis
630 2116 897 2185 positione
924 2115 1104 2170 nullus
1132 2113 1356 2169 omnino
1385 2112 1732 2184 syllogismus
1760 2110 1841 2166 ef-

252 2212 451 2268 ﬁcitur.
480 2210 733 2266 Omnium
764 2209 927 2281 igitur
952 2209 1134 2263 talium
1158 2206 1583 2277 propositionum
1611 2203 1844 2273 primum

254 2319 512 2361 numerus
537 2303 866 2375 “plicetur,
916 2310 970 2356 ut
996 2301 1087 2371 qui
1114 2300 1342 2356 fiant-ex
1378 2299 1471 2353 ‘hi's
1523 2296 1842 2369 syllogismi,

254 2394 427 2450 facilis
471 2395 780 2465 acquiratur
820 2392 1048 2464 agnitio.
1092 2392 1236 2448 Sunt
1290 2398 1470 2445 autem
1502 2387 1846 2461 quatuorzsi

252 2495 342 2543 est
374 2482 1233 2553 a,estb;siesta,nonestb;
1264 2483 1308 2538 si
1341 2488 1448 2537 non
1475 2491 1633 2549 esto,
1664 2490 1749 2537 est
1782 2483 1846 2547 b;

253 2578 436 2637 sinon
464 2588 549 2635 est
570 2596 623 2650 a,
659 2586 881 2635 nonest
906 2578 954 2631 b.
1008 2577 1086 2633 Ac
1111 2576 1179 2632 de
1212 2576 1479 2647 prioribus
1502 2576 1714 2647 quidem
1739 2570 1848 2645 syl-

254 2672 497 2742 iogismis
545 2681 709 2743 atque
749 2670 1002 2741 perfectis
1046 2670 1222 2741 primo
1270 2670 1389 2725 loco
1428 2670 1713 2726 dicendum
1742 2677 1845 2725 est.

254 2763 465 2818 {lorum
492 2763 635 2819 enim
670 2764 881 2834 primus
908 2763 1102 2817 modus
1130 2769 1213 2816 est
1244 2762 1330 2817 hic
1368 2776 1396 2815 a
1430 2762 1600 2831 prima
1629 2763 1851 2819 veniens

252 2854 651 2923 propositione,
674 2854 719 2909 si
745 2861 829 2909 est
854 2870 908 2918 a,
936 2861 1019 2907 est
1043 2852 1091 2905 ὁ.
1118 2852 1275 2922 Atqui
1301 2861 1385 2907 est
1414 2868 1468 2917 ιι,
1493 2862 1573 2907 εει
1604 2852 1764 2923 igitur
1788 2852 1850 2920 ῦς

1940 1929 2012 1982 ad
2042 1928 2473 1998 complexionem
2528 1929 2956 2000 propositionum
2990 1929 3239 1998 pertinet,
3275 1930 3325 1984 in
3355 1945 3461 2001 quo
3488 1931 3537 1988 εἰ

1946 2021 2000 2076 id
2032 2021 2286 2091 ponendo
2308 2021 2456 2091 quod
2478 2021 3139 2092 sequebaturassumitur,
3172 2022 3386 2077 nullum
3421 2016 3540 2079 eili-

1946 2115 2019 2169 cit
2048 2113 2440 2186 syllogismum.
2462 2116 2736 2183 Quantum
2766 2128 2899 2172 vero
2946 2116 3013 2171 ad
3051 2124 3232 2171 rerum
3262 2124 3537 2184 naturam,

1944 2204 2002 2258 in
2025 2204 2218 2275 quibus
2242 2205 2377 2260 solis
2406 2204 2491 2259 ha:
2524 2204 2930 2276 propositiones
2964 2208 3239 2263 enuntiari
3292 2217 3537 2275 possunt.

1942 2297 2167 2353 videtur
2187 2312 2309 2354 esse
2336 2300 2641 2355 necessaria
2669 2301 3052 2369 consequentia
3083 2300 3188 2355 hoc
3218 2303 3398 2367 modo,
3423 2301 3542 2359 otii

1946 2391 2063 2447 dies
2088 2406 2195 2447 non
2224 2400 2332 2457 est,
2356 2406 2471 2447 nox
2496 2394 2588 2459 sit,
2612 2395 2656 2447 si
2680 2408 2792 2448 nox
2824 2394 2918 2457 sit,
2966 2395 3081 2449 dies
3110 2408 3217 2450 non
3248 2395 3329 2450 sit
3352 2411 3417 2451 es
3447 2404 3543 2451 ne-

1948 2485 2201 2542 cessitate
2224 2487 2598 2556 consequitur,
2630 2487 2946 2557 similesque
2972 2496 3097 2542 sunt
3146 2487 3200 2542 hi
3242 2487 3543 2559 syllogismi

1944 2577 2036 2632 his
2065 2578 2155 2647 qui
2208 2578 2262 2631 in
2306 2576 2677 2651 disiunctione
2722 2590 2848 2633 sunt
2891 2580 3191 2644 constituti,
3239 2580 3308 2634 de
3348 2581 3546 2651 quibus

1950 2673 2115 2741 paulo
2140 2672 2412 2740 posterius
2439 2672 2899 2735 commemorabo,
2947 2674 3281 2742 quorumque
3322 2673 3391 2727 ad
3425 2674 3543 2729 illos

1940 2771 2010 2817 et
2044 2761 2375 2817 dideremias
2403 2770 2456 2817 et
2478 2760 2864 2816 similitudines
2882 2762 3041 2819 dabo.
3090 2762 3322 2830 Quartus
3352 2763 3545 2819 modus

1952 2866 2125 2911 estex
2161 2865 2351 2924 quarta
2378 2853 2763 2925 propositione,
2792 2869 2914 2908 cum
2955 2854 3029 2910 ita
3060 2856 3406 2925 proponitur,
3436 2856 3547 2911 sit:

252 2960 382 3002 cum
409 2948 555 3003 enim
588 2947 758 3016 prima
790 2944 1089 3017 propositio
1110 2954 1312 3001 tantum
1341 2946 1703 3003 conditionem
1727 2962 1853 3017 pro-
1940 2963 2062 3002 non
2089 2955 2195 3012 est,
2223 2949 2251 3000 ὸ
2279 2962 2386 3002 non
2418 2956 2521 3014 est,
2554 2947 2700 3016 atqui
2726 2961 2835 3001 non
2866 2957 2948 3002 est
2968 2965 3023 3011 α,
3060 2960 3168 3001 non
3200 2956 3284 3002 est
3309 2948 3468 3018 igitur
3488 2948 3541 3002 ὑ.

250 3044 450 3110 ponat,
479 3040 604 3095 utsi
631 3040 703 3095 sit
732 3056 783 3105 a,
813 3054 1036 3096 necesse
1077 3039 1148 3095 sit
1184 3040 1444 3111 consequi
1486 3042 1772 3097 essentiam
1821 3041 1851 3095 ὁ
1950 3040 2163 3093 itur-sus
2194 3039 2338 3094 enim
2388 3038 2442 3093 id
2489 3052 2703 3109 quoque
2754 3039 3013 3109 consequi
3062 3052 3130 3094 es
3180 3038 3548 3109 propositione

252 3132 575 3198 terminum,
619 3132 673 3187 id
727 3132 1024 3203 assumptio
1072 3134 1214 3205 quod
1246 3135 1508 3205 pnecedit
1534 3137 1761 3191 assumit
1790 3150 1854 3191 ac
1958 3139 2307 3196 monstratur,
2350 3146 2470 3201 quae
2515 3132 2794 3199 proposuit
2840 3146 2945 3185 non
2982 3129 3115 3187 fore
3132 3131 3190 3198 ὑ,
3238 3131 3289 3186 si
3331 3146 3366 3186 α
3398 3133 3549 3202 prior

261 3223 433 3293 ponit,
484 3223 720 3295 dicitque
756 3242 767 3277 :
802 3225 962 3295 Atqui
1013 3235 1096 3281 est
1146 3241 1199 3293 a,
1230 3227 1578 3298 consequitur
1599 3227 1759 3299 igitur
1788 3212 1918 3283 utC
1952 3224 2216 3279 terminus
2239 3238 2345 3279 non
2382 3224 2593 3282 fuisset.
2624 3226 2688 3279 At
2712 3226 2755 3280 si
2792 3225 2843 3280 id
2867 3226 3009 3295 quod
3026 3228 3280 3297 sequitur
3308 3240 3549 3282 assuma-

260 3316 335 3371 sit
359 3319 411 3384 b,
444 3316 497 3372 id
526 3318 670 3373 enim
712 3333 779 3374 ex
809 3319 1192 3388 consequentia
1241 3321 1427 3391 primae
1466 3321 1850 3390 propositionis

1960 3332 2099 3384 mus,
2128 3316 2272 3370 nulla
2303 3317 2511 3371 videtur
2532 3317 2650 3371 ileri
2683 3331 2841 3385 posse
2854 3320 3183 3385 necessitas,
3212 3318 3377 3375 veluti
3408 3322 3450 3375 si
3475 3320 3549 3377 ita

262 3410 515 3466 effectum
547 3419 649 3468 est.
680 3415 750 3467 At
769 3414 815 3468 si
849 3413 900 3467 id
926 3413 1066 3483 quod
1097 3415 1342 3483 sequitur
1388 3416 1715 3471 assmncndo
1757 3431 1853 3485 po-
1956 3408 2221 3473 dicamus,
2248 3422 2353 3462 non
2381 3419 2461 3462 est
2486 3416 2664 3461 autem
2690 3408 2741 3477 ὁ,
2774 3412 2877 3461 ηοη
2912 3422 3132 3465 necesse
3165 3411 3269 3465 erit
3313 3425 3435 3466 esse
3465 3411 3551 3465 vel

266 3515 480 3568 namus,
528 3503 705 3557 nullus
762 3502 998 3558 efﬁcitur
1044 3503 1406 3575 syllogismus.
1457 3508 1569 3575 Age
1594 3507 1736 3559 enim
1785 3505 1855 3561 sit
1959 3515 2064 3554 non
2084 3514 2209 3555 esse
2231 3516 2285 3555 a.
2310 3486 2425 3569 Age
2450 3501 2595 3554 enim
2626 3508 2977 3569 proponatur,
3006 3500 3053 3555 si
3077 3502 3272 3555 animal
3294 3517 3411 3557 ~non
3441 3512 3547 3570 est,

266 3594 573 3664 huiusmodi
600 3596 1006 3666 consequentia,
1042 3606 1098 3649 ut
1126 3596 1172 3649 si
1196 3595 1265 3650 sit
1285 3612 1335 3663 ιι,
1360 3596 1430 3650 sit
1447 3596 1496 3663 b,
1527 3606 1855 3652 assumatur-

265 3701 373 3756 que
398 3687 542 3755 quod
570 3687 813 3756 sequitur
836 3687 938 3741 hoc
975 3686 1175 3741 modo:
1204 3696 1261 3741 at
1300 3694 1383 3742 est
1429 3687 1480 3753 ὑ,
1511 3703 1617 3742 non
1664 3702 1856 3743 conse-

264 3779 454 3849 quitur
488 3787 545 3833 ut
573 3779 642 3833 sit
664 3779 749 3834 vel
775 3794 879 3832 non
911 3779 983 3833 sit
1013 3795 1065 3832 a.
1093 3778 1147 3834 Id
1176 3794 1305 3833 vero
1322 3779 1518 3834 clarius
1550 3780 1638 3835 fiet
1668 3795 1852 3835 exem-

268 3872 391 3941 plo:
419 3871 488 3927 sit
534 3873 675 3927 enim
726 3874 1045 3943 propositio,
1086 3874 1133 3929 si
1164 3872 1325 3928 homo
1355 3884 1435 3929 est
1463 3916 1477 3941 ,
1519 3875 1717 3930 animal
1747 3884 1851 3944 est,

269 3971 678 4034 assumaturque
716 3979 837 4020 esse
882 3966 1105 4033 animai,
1154 3966 1365 4022 scilicet
1402 3969 1543 4037 quod
1589 3969 1853 4040 sequitur,

271 4069 378 4107 non
425 4068 647 4111 necesse
694 4057 796 4112 erit
850 4058 1120 4113 hominem
1178 4059 1265 4113 vel
1306 4075 1425 4115 esse
1458 4061 1540 4116 vel
1575 4078 1680 4117 non
1712 4078 1853 4128 esse,

277 4154 452 4214 potest
482 4148 624 4201 enim
652 4162 771 4203 cum
802 4149 869 4204 sit
898 4148 1032 4205 alias
1061 4150 1163 4206 hoc
1191 4151 1273 4207 vel
1301 4166 1421 4207 esse
1463 4153 1549 4209 vel
1581 4170 1687 4209 non
1714 4170 1853 4212 esse.

275 4236 558 4292 Secundus
586 4253 715 4293 vero
745 4240 935 4295 modus
959 4249 1043 4295 est
1070 4256 1258 4296 eorum
1282 4242 1333 4296 in
1349 4243 1542 4313 quibus
1566 4245 1713 4314 prior
1735 4262 1860 4316 pro-

277 4330 561 4400 pOsitionis
590 4346 712 4401 pars
744 4334 797 4387 in
844 4334 1212 4403 assumptione
1260 4336 1538 4405 repetitur,
1584 4338 1673 4407 qui
1714 4340 1862 4396 venit

274 4437 339 4478 ex
368 4424 603 4479 secunda
632 4426 993 4494 propositione
1023 4430 1268 4498 superius
1299 4428 1526 4499 digesm,
1553 4431 1652 4487 hoc
1675 4433 1858 4501 modo,

277 4516 322 4570 si
351 4526 434 4571 est
467 4533 519 4583 ιι,
553 4533 659 4572 non
686 4526 771 4573 est
794 4522 863 4583 0;
895 4520 1040 4589 atqui
1071 4529 1153 4574 est
1182 4537 1233 4586 a,
1260 4536 1365 4575 non
1395 4532 1477 4576 est
1504 4522 1664 4592 igitur
1708 4522 1776 4591 b;
1807 4524 1861 4579 id

1962 3608 2070 3649 non
2097 3608 2218 3648 esse
2246 3595 2541 3660 hominem,
2568 3602 3008 3663 assunmturque,
3040 3604 3094 3648 at
3121 3608 3226 3650 non
3254 3604 3338 3650 est
3356 3596 3549 3663 homo,

1962 3701 2070 3740 non
2102 3700 2325 3741 necesse
2353 3694 2438 3741 est
2466 3694 2525 3740 ut
2548 3686 2634 3742 vel
2664 3686 2755 3753 sit,
2782 3686 2869 3741 vel
2920 3699 3025 3740 non
3086 3685 3156 3741 sit
3198 3687 3415 3742 animal.
3450 3688 3554 3744 De-

1963 3788 2319 3833 tnonstratum
2345 3779 2505 3849 igitur
2528 3787 2610 3833 est
2633 3778 2685 3833 in
2718 3778 3025 3848 huiusmodi
3044 3778 3383 3851 syllogismis
3408 3781 3454 3835 si
3496 3780 3553 3837 it!

1962 3870 2107 3940 quod
2136 3871 2392 3940 praecedit
2434 3870 2685 3941 ponendo
2736 3872 3047 3940 assumitur,
3084 3870 3349 3940 perfectos
3384 3879 3555 3942 atque

1964 3978 2029 4018 ex
2064 3963 2194 4033 ipsis
2243 3964 2701 4033 propositionibus
2743 3964 3072 4034 probabiles,
3112 3974 3170 4021 et
3220 3965 3556 4022 necessarios

1964 4058 2078 4113 fieri
2104 4057 2477 4129 syllogismos;
2506 4057 2553 4113 si
2586 4071 2719 4113 vero
2748 4057 2800 4112 id
2829 4059 2972 4128 quod
3016 4058 3262 4128 sequitur
3303 4058 3555 4129 ponendo

1962 4160 2290 4218 as~umatur,
2325 4151 2526 4206 nullam
2558 4151 2677 4205 fieri
2708 4149 3081 4205 necessitatem
3115 4160 3308 4219 praeter
3338 4150 3393 4203 in
3447 4158 3557 4203 ter-

1966 4245 2044 4298 tio
2071 4244 2255 4309 modo,
2280 4243 2371 4312 qui
2401 4256 2524 4296 cum
2552 4241 2621 4295 sit
2656 4241 2847 4295 similis
2877 4239 2960 4294 his
2989 4240 3316 4310 syllogismis
3342 4240 3430 4311 qui
3459 4252 3559 4312 per

1967 4334 2385 4404 disiunctionem
2414 4331 2711 4402 propositis
2732 4330 3375 4395 enuntiationibus'ﬂunt,
3405 4332 3557 4389 vide-

1946 4436 2055 4481 atur
2083 4427 2136 4479 in
2176 4425 2337 4481 rebus
2360 4424 2430 4479 de
2474 4424 2670 4495 quibus
2721 4423 2948 4493 proponi
2980 4432 3154 4492 potest
3192 4430 3414 4479 servare
3460 4436 3557 4481 ne-

1968 4520 2298 4585 cessitatem,
2329 4532 2451 4574 cum
2476 4518 2529 4571 in
2559 4516 2941 4586 complexione
2967 4530 3074 4570 non
3090 4525 3295 4581 servet,
3321 4516 3458 4586 quod
3487 4520 3557 4573 ex

278 4606 420 4661 enim
454 4610 790 4678 propositum
813 4608 1009 4673 fuerat,
1040 4612 1085 4666 si
1115 4619 1262 4667 esset
1288 4628 1338 4678 α,
1361 4628 1465 4667 nun
1488 4627 1608 4669 esse
1631 4613 1680 4670 b.
1704 4616 1865 4671 Sum-
1892 4598 1944 4661 Ι)
1969 4616 2178 4669 caeteris
2209 4613 2378 4668 tribus
2410 4610 2583 4666 modis
2605 4611 2847 4680 arguitur
2873 4610 3072 4679 primo,
3118 4610 3357 4665 secundo
3396 4616 3558 4680 atqtte

176 4749 185 4756 .
279 4708 373 4767 pto
402 4699 563 4769 igitur
614 4699 976 4769 praecedente,
1020 4703 1399 4773 consequentis
1444 4712 1530 4759 est
1571 4703 1708 4761 facta
1733 4720 1864 4761 con-

279 4789 485 4853 clusio;
524 4791 667 4861 quod
698 4793 742 4846 si
792 4806 1133 4863 consequens
1185 4809 1399 4861 sumas,
1436 4796 1611 4852 nullus
1654 4796 1865 4854 videtur

282 4883 396 4939 fieri
437 4884 807 4955 syllogismus,
836 4887 957 4957 quia
989 4902 1089 4942 nec
1121 4889 1468 4959 consequitur
1496 4890 1599 4947 ulla
1631 4894 1866 4947 necessi-

284 4985 367 5029 tas
390 4974 492 5030 hoc
520 4975 701 5045 modo,
729 4978 772 5031 si
802 4966 971 5048 θεῖά,
1002 4993 1111 5033 non
1138 4988 1222 5033 est
1266 4981 1331 5044 b;
1376 4981 1519 5049 atqui
1547 4997 1652 5036 non
1683 4993 1765 5037 est
1812 4984 1863 5051 b,

284 5082 391 5121 non
424 5082 647 5159 necesse
674 5077 759 5123 est
786 5083 907 5125 esse
935 5086 987 5135 α,
1024 5070 1107 5125 vel
1141 5085 1245 5124 non
1276 5085 1418 5129 esse.
1464 5074 1574 5142 Age
1618 5075 1761 5129 enim
1794 5075 1866 5129 ita

282 5160 352 5214 sit
400 5161 717 5228 propositio,
773 5161 817 5216 si
848 5171 929 5217 est
976 5162 1208 5232 nigrum,
1242 5177 1347 5217 non
1396 5174 1477 5217 est
1504 5164 1703 5230 album,
1731 5175 1786 5221 et
1814 5165 1869 5222 id

288 5249 428 5316 quod
460 5253 702 5320 sequitur
731 5263 1055 5321 assumatur,
1092 5254 1238 5324 atqui
1268 5270 1373 5309 non
1404 5263 1488 5310 est
1511 5256 1715 5324 album,
1763 5273 1870 5313 non

286 5358 510 5399 necesse
537 5345 642 5400 erit
667 5359 787 5400 esse
813 5346 1023 5416 nigrum
1053 5346 1138 5401 vel
1170 5361 1275 5401 non
1301 5362 1442 5411 esse,
1462 5334 1586 5427 quia
1607 5364 1727 5403 cum
1762 5365 1870 5405 non

286 5440 356 5492 sit
381 5437 584 5504 album,
609 5437 808 5508 poterit
832 5437 1045 5508 aliquod
1075 5452 1194 5493 esse
1221 5416 1715 5495 mediuntﬁiertius
1744 5458 1872 5500 vero

286 5530 479 5586 modus
503 5540 586 5586 est
618 5531 805 5586 talium
829 5531 1262 5602 syllogismorum
1300 5533 1389 5602 qui
1440 5534 1587 5590 venit
1617 5549 1679 5589 ex
1717 5537 1874 5594 tertia

288 5623 692 5693 propositione,
752 5638 987 5694 quorum
1039 5625 1091 5678 in
1148 5624 1517 5693 assumptione
1556 5628 1768 5695 ponitur
1823 5630 1875 5686 id

289 5714 431 5785 quod
464 5715 724 5787 praecedit
755 5716 856 5770 hoc
895 5715 1075 5780 modo,
1109 5716 1155 5770 si
1183 5730 1287 5769 non
1318 5726 1401 5770 e-t
1427 5734 1477 5780 a,
1508 5727 1590 5773 est
1617 5719 1685 5785 b;
1732 5721 1878 5791 atqui

293 5821 401 5863 non
432 5816 514 5863 est
543 5826 593 5872 α,
624 5818 705 5863 εει
732 5809 892 5878 igitur
922 5807 984 5873 b;
1016 5807 1173 5879 igitur
1214 5809 1326 5864 haec
1368 5811 1641 5867 conclusio
1696 5829 1880 5871 rursus

1970 4715 2186 4775 quarto,
2218 4706 2271 4759 in
2302 4704 2501 4774 quibus
2523 4711 2735 4773 sumpta
2766 4709 3026 4771 sequente
3053 4702 3312 4770 ponendae
3359 4706 3558 4771 propo-

1971 4796 2187 4852 sitionis
2213 4804 2382 4865 parte,
2415 4793 2547 4849 nihil
2575 4808 2639 4849 ex
2681 4795 3002 4849 necessitate
3038 4793 3339 4849 coniicitur.
3384 4776 3459 4848 Ae
3488 4794 3560 4851 de

1974 4889 2059 4944 his
2088 4889 2303 4961 quidem
2327 4887 2673 4959 syllogismis,
2717 4886 2805 4956 qui
2828 4885 3039 4941 duobus
3066 4887 3307 4941 terminis
3325 4886 3553 4955 jungun-

1975 4992 2083 5049 tur,
2110 4997 2333 5051 quorum
2369 4982 2539 5051 prima
2575 4994 2697 5050 pars
2726 4979 3106 5049 propositionis
3136 4981 3383 5048 pcneudo
3406 4992 3559 5031 assu-

1980 5074 2162 5137 mitur,
2189 5082 2442 5143 quautum
2466 5072 2531 5126 ad
2559 5072 2908 5127 institutionis
2931 5071 3161 5141 pertinet
3182 5067 3419 5136 modum,
3448 5073 3563 5125 sui.

1983 5168 2224 5221 ﬁcienter
2249 5167 2636 5234 expressimus.
2686 5162 2839 5219 Nunc
2885 5176 3015 5219 vero
3057 5162 3340 5217 dicendum
3368 5171 3452 5215 est
3493 5160 3565 5216 tie

1985 5260 2067 5314 his
2096 5262 2321 5328 quorum
2354 5271 2689 5327 consequens
2716 5252 3100 5327 propositionis
3127 5256 3196 5307 ita
3225 5254 3472 5320 sumitur,
3506 5262 3567 5310 ut

1984 5354 2293 5425 perimatur.
2329 5352 2403 5406 Ex
2432 5351 2516 5407 his
2541 5364 2753 5420 quoque
2780 5359 3011 5421 quatuor
3054 5347 3187 5405 liunt
3220 5346 3388 5413 modi,
3439 5360 3564 5406 cum

1988 5451 2135 5518 prior
2166 5446 2545 5518 propositionis
2579 5459 2702 5516 pars
2731 5445 2783 5500 in
2834 5444 3200 5514 assumptione
3244 5460 3350 5499 non
3395 5446 3565 5516 possit

1982 5542 2251 5608 interimi,
2279 5548 2339 5594 ut
2368 5538 2473 5594 ulla
2515 5536 2811 5610 syllogismi
2862 5536 3156 5591 necessitas
3183 5534 3566 5608 consequatur.

1984 5633 2082 5688 Est
2140 5633 2301 5705 igitur
2354 5633 2558 5700 primus
2601 5629 2793 5684 modus
2848 5628 3033 5683 talium
3066 5629 3495 5700 syllogismorum
3532 5648 3564 5687 a

1986 5724 2155 5793 prima
2205 5721 2566 5792 propositione
2618 5720 2841 5774 veniens
2880 5718 2957 5775 sic
2978 5760 2992 5781 ,
3025 5716 3071 5773 si
3115 5730 3198 5775 cst
3224 5736 3285 5786 a,
3316 5728 3398 5776 est
3428 5720 3479 5790 ὸ,
3513 5730 3568 5778 at

1990 5830 2093 5869 non
2126 5823 2207 5869 est
2235 5813 2279 5878 b,
2316 5828 2419 5866 non
2450 5811 2790 5878 estigitura;
2821 5808 2911 5865 hic
2946 5809 3102 5882 igitur
3124 5810 3451 5879 btermlnus,
3478 5811 3570 5883 qui
