4112 6332
554 308 655 367 ειν

1726 326 1732 337 ·
1770 305 1881 363 ΔΝ.
1922 305 2128 365 MANL.
2167 305 2319 364 SEV.
2348 308 2583 377 BOETII

3716 317 3817 373 848

550 430 608 487 in
636 428 804 501 prima
829 422 1188 498 propositione
1208 434 1545 494 consequens
1584 422 1779 490 fuerat,
1822 424 1877 480 in
1927 440 2133 479 assum-
2158 431 2211 493 Α
2237 440 2360 481 cum
2393 440 2498 481 non
2528 425 2599 481 sit
2618 425 2669 494 ὁ,
2702 440 2809 482 non
2839 427 2909 484 sit
2935 444 2988 485 a.
3020 428 3379 503 Consequitur
3400 432 3582 504 igitur,
3612 440 3674 488 ut
3693 448 3817 488 cum

552 524 736 594 ptione
761 529 843 576 est
862 520 1235 591 interemptus,
1264 524 1323 571 ut
1346 534 1377 570 a
1397 518 1665 574 terminus
1695 520 1782 587 qui
1810 517 2130 588 propositio-

550 616 637 671 nis
668 613 833 683 prima
866 625 988 679 pars
1014 611 1182 664 fuerat
1223 608 1585 676 interimetur,
1624 625 1794 682 eaque
1839 610 2131 665 necessitas

550 705 644 761 tali
672 704 876 756 ratione
898 700 1223 771 probabitur,
1258 701 1604 769 propositum
1647 716 1875 771 namque
1898 709 1999 765 e5t,
2030 701 2074 755 si
2100 717 2131 753 η

547 801 873 875 sit,b_esse;
927 806 982 853 et
1008 797 1302 866 assumptio
1353 796 1492 852 facta
1558 807 1643 854 est
1697 808 1753 852 ut
1796 811 2132 867 consequens

550 910 674 965 pars
704 891 1082 963 propositionis
1106 889 1524 956 interimeretur,
1556 891 1608 945 id
1646 900 1729 946 est
1762 905 1872 945 non
1915 906 2034 945 esse
2079 890 2129 946 b.

550 987 680 1043 Dico
704 970 1190 1064 giga’tmnsequitur
1211 999 1315 1036 non
1344 998 1465 1038 esse
1492 1001 1524 1036 a
1545 1029 1558 1048 ,
1593 1000 1713 1038 nam
1745 982 1792 1037 si
1821 991 1994 1053 potest
2011 996 2133 1038 esse

548 1094 602 1140 a,
635 1066 889 1147 cumnon
916 1076 1059 1141 sit-b,
1098 1074 1291 1128 frustra
1334 1074 1439 1129 erit
1492 1075 1662 1144 prima
1691 1075 1987 1145 propositio
2011 1088 2132 1145 qua:

538 1169 646 1234 ait,
671 1168 713 1222 si
741 1167 881 1232 asit,
916 1168 943 1220 b
974 1165 1303 1235 esse-Atqui
1346 1179 1410 1220 ea
1456 1166 1760 1235 prepositio
1809 1166 1970 1231 valet,
2010 1180 2133 1220 cum

540 1260 712 1329 igitur
730 1261 799 1314 sit
819 1276 872 1325 a,
903 1267 984 1314 est
1009 1258 1060 1312 b.
1087 1257 1237 1324 Quod
1265 1258 1311 1312 si
1345 1270 1466 1311 cum
1493 1273 1598 1313 non
1626 1259 1696 1312 sit
1728 1258 1778 1324 b,
1803 1257 1874 1311 sit
1906 1275 1957 1323 a,
1992 1258 2131 1329 quod

552 1355 754 1411 scilicet
780 1369 845 1409 ex
874 1353 1238 1420 assumptione
1284 1352 1620 1421 proponitur,
1679 1350 1817 1405 idem
1852 1351 1881 1404 Ι)
1923 1351 2028 1405 erit
2080 1358 2134 1405 et

540 1424 661 1502 ‘non
686 1447 787 1501 erit
814 1464 824 1498 :
852 1460 955 1499 non
984 1446 1107 1511 erit,
1138 1444 1263 1514 quia
1290 1444 1318 1496 b
1345 1458 1451 1498 non
1494 1458 1615 1498 esse
1644 1445 1889 1511 proponit
1928 1458 2134 1499 assum-

537 1540 697 1609 .ptio;
722 1539 826 1593 erit
844 1546 1045 1601 autem,
1070 1537 1193 1606 quia
1216 1538 1261 1590 si
1290 1546 1372 1591 est
1402 1553 1454 1602 a,
1492 1537 1594 1591 erit
1630 1536 1678 1601 b,
1714 1535 1852 1605 quod
1883 1536 1996 1590 fieri
2027 1552 2147 1593 non.

552 1640 760 1702 potest;
784 1646 889 1684 non
914 1618 1071 1699 igitur
1099 1629 1143 1683 si
1175 1628 1202 1682 b
1226 1643 1330 1684 non
1361 1628 1541 1692 fuerit,
1568 1629 1676 1692 erit
1703 1645 1752 1681 α.
1776 1629 1873 1684 Hic
1895 1638 1979 1683 est
2005 1644 2134 1700 ergo

552 1725 757 1793 primus
788 1722 979 1777 modus
1008 1721 1191 1777 talium
1219 1722 1689 1793 syllogismorum,
1735 1724 1821 1788 qui
1873 1736 1941 1777 ex
1967 1721 2135 1778 inter-

2232 532 2339 573 non
2366 520 2436 572 sit
2462 518 2513 584 b,
2541 519 2612 572 sit
2639 535 2671 572 a
2691 534 2709 572 :
2730 519 2869 588 quod
2899 518 2944 575 si
2968 520 3115 589 prior
3138 536 3259 591 pars
3289 524 3671 593 propositionis
3699 539 3817 592 qna:

2232 612 2541 679 prmcedens
2559 620 2641 665 est
2667 610 2961 678 auferatur,
2998 613 3178 668 nullus
3198 624 3283 669 est
3304 616 3672 687 syllogismus,
3710 615 3815 670 hoc

2232 702 2425 758 modo:
2452 719 2574 760 cum
2617 705 2757 758 enim
2782 704 3044 769 dicemus,
3077 706 3121 760 si
3152 723 3185 760 a
3216 722 3319 762 non
3362 716 3467 771 est,
3509 722 3631 763 esse
3677 707 3729 773 ὁ,
3769 708 3815 761 si

2233 806 2572 849 assumamus
2612 794 2801 864 :atqui
2830 803 2913 849 est
2957 812 3013 862 a,
3056 796 3187 851 nihil
3228 798 3412 853 evenit
3453 800 3815 853 necessarium

2235 894 2292 940 ut
2321 886 2400 940 vel
2433 887 2501 940 sit
2542 887 2592 953 b,
2624 886 2709 941 vel
2746 902 2851 942 non
2872 887 2943 941 sit
2976 889 3269 944 secundum
3294 890 3461 959 ipsius
3489 890 3820 959 complexio-

2232 975 2315 1030 nis
2342 984 2606 1032 naturam.
2637 977 2769 1032 Nam
2794 977 2881 1033 hic
2907 993 3143 1048 quoque,
3178 987 3236 1033 ut
3266 979 3318 1033 in
3355 978 3438 1032 his
3468 980 3520 1032 in
3550 978 3743 1048 quibus
3763 976 3818 1034 in

2232 1065 2597 1135 assumptione
2638 1066 2908 1123 secundus
2967 1069 3228 1123 terminus
3258 1069 3579 1137 ponebatur,
3627 1069 3817 1124 dicen-

2232 1155 2360 1212 dum
2377 1165 2481 1225 est,
2504 1159 2796 1214 secundum
2824 1159 2992 1229 ipsius
3016 1160 3234 1230 quidem
3253 1160 3643 1229 cornplexionis
3663 1154 3820 1215 natu-

2232 1264 2369 1317 ram,
2398 1252 2598 1306 nullum
2633 1252 2751 1307 fieri
2791 1252 3196 1324 syllogismum;
3229 1254 3521 1309 secundum
3553 1256 3819 1310 terminos

2234 1356 2367 1398 vero
2414 1344 2466 1396 in
2515 1342 2706 1411 quibus
2754 1342 2885 1399 solis
2933 1345 3039 1399 diei
3089 1354 3283 1413 potest,
3334 1360 3555 1401 necesse
3583 1355 3667 1401 est
3707 1346 3817 1401 sia

2234 1433 2423 1507 fuerit,
2448 1434 2477 1487 ὁ
2502 1449 2607 1489 non
2647 1449 2769 1490 esse
2790 1475 2806 1500 ,
2836 1436 2888 1489 in
2922 1438 3211 1492 contrariis
3253 1438 3398 1493 enim
3443 1447 3647 1492 tantum
3676 1447 3734 1494 et
3762 1438 3817 1494 in

2236 1524 2320 1580 his
2347 1524 2689 1592 itnmediatis,
2731 1527 2783 1581 id
2813 1536 2899 1583 est
2923 1528 3154 1583 medium
3187 1544 3291 1585 non
3324 1529 3665 1593 habentibus,
3705 1531 3821 1586 haec

2234 1617 2346 1673 sola
2398 1619 2692 1689 propositio
2738 1635 2865 1676 vere
2915 1623 3110 1691 poterit
3164 1623 3462 1691 przedicari,
3505 1625 3653 1679 velut
3696 1620 3835 1680 cum

2237 1707 2492 1776 dicimus,
2546 1711 2593 1765 si
2644 1710 2760 1767 dies
2812 1727 2921 1767 non
2963 1722 3069 1778 est,
3123 1728 3230 1768 nox
3260 1724 3363 1779 est,
3391 1715 3505 1769 sive
3526 1729 3631 1770 non
3662 1714 3822 1770 fuerit

553 1825 733 1883 empta
759 1824 913 1885 parte
935 1813 1282 1883 consequenti
1314 1813 1697 1884 propositionis
1727 1814 1876 1878 fittnt,
1904 1814 1995 1883 qui
2028 1828 2133 1869 non

2240 1799 2372 1866 dies,
2411 1816 2516 1855 nox
2570 1801 2695 1867 erit,
2748 1802 2863 1858 sive
2912 1818 3018 1859 non
3068 1802 3231 1859 fuerit
3260 1820 3388 1872 nox,
3411 1804 3530 1860 dies
3553 1805 3676 1869 erit,
3708 1806 3823 1862 sive

534 1908 923 1983 ⁸ειιιιιτρειεΐεειί
968 1922 1140 1978 neque
1170 1923 1242 1962 ex
1282 1921 1342 1963 se
1371 1907 1593 1976 cogniti,
1638 1907 1733 1962 sed
1785 1906 2022 1976 indigent
2048 1907 2133 1966 vel

534 1982 846 2075 .eiusquatn
878 2006 1126 2073 superius
1156 2006 1435 2075 proposui,
1470 2006 1554 2061 vel
1587 2006 1808 2060 alterius
1854 2005 2135 2075 cujuslibet

536 2097 901 2175 .probationis,
927 2105 984 2150 ut
1013 2098 1124 2152 veri
1155 2111 1277 2151 esse
1296 2105 1680 2152 monstrentur.
1707 2096 1859 2163 Quod
1886 2098 1929 2152 si
1961 2096 2136 2166 prima

539 2188 1120 2267 ε[ρει-ε]βιοιιῡείιίοπιίιτ»
1141 2189 1498 2256 interimatur,
1518 2206 1625 2244 non
1644 2192 1750 2245 erit
1770 2190 2133 2261 syllogismus;

534 2297 653 2352 ,age
698 2283 839 2337 enim
893 2283 965 2335 ita
1016 2280 1283 2348 dicamus,
1314 2280 1360 2335 si
1388 2292 1471 2337 est
1498 2298 1566 2347 α,
1598 2292 1681 2336 εει
1722 2283 1786 2347 b;
1833 2282 1979 2349 atqui
2028 2296 2136 2335 non

551 2387 636 2433 est
664 2393 718 2441 a,
741 2392 848 2432 non
871 2377 1111 2446 sequitur
1140 2384 1198 2431 ut
1223 2378 1293 2431 sit
1314 2377 1396 2432 vel
1421 2393 1526 2431 non
1565 2378 1636 2431 sit
1658 2377 1722 2441 b;
1755 2385 1811 2431 ut
1840 2377 2000 2431 etiam
2043 2376 2137 2432 de-

552 2479 881 2526 monstratur
904 2470 1175 2538 exemplo.
1227 2469 1310 2524 Sit
1359 2469 1504 2525 enim
1553 2468 1871 2539 propositio,
1908 2470 1953 2523 si
1980 2468 2139 2523 homo

552 2570 657 2630 est,
686 2562 884 2616 animal
908 2572 1023 2627 est;
1053 2561 1147 2617 sed
1170 2561 1331 2617 homo
1361 2578 1469 2617 non
1500 2572 1605 2626 εει,
1634 2576 1997 2641 ιιοιισιιεεεεεε
2037 2563 2139 2617 erit

534 2654 640 2717 vel
672 2668 793 2710 esse
816 2654 1037 2721 animal,
1063 2655 1147 2709 vel
1174 2670 1279 2710 non
1311 2670 1453 2711 esse.
1499 2655 1782 2711 Secundus
1812 2655 2003 2711 modus
2043 2667 2141 2725 per

552 2749 1038 2806 contradictionem
1072 2750 1476 2818 assumptionis,
1509 2750 1652 2819 quia
1680 2748 1914 2805 secunda
1947 2763 2143 2819 propo-

552 2841 751 2897 sitione
784 2841 1083 2906 descendit,
1109 2842 1201 2896 ille
1225 2850 1309 2896 est
1336 2856 1456 2897 cum
1482 2840 1555 2895 ita
1583 2841 1954 2911 proponimus,
1984 2841 2029 2895 si
2057 2848 2143 2895 est

553 2950 607 2999 a,
625 2949 731 2989 non
752 2942 834 2988 est
852 2936 879 2987 b
894 2948 914 3001 ;
927 2933 1077 3004 atqui
1099 2933 1129 2986 ὁ
1151 2942 1258 2998 εει,
1282 2931 1441 3001 igitur
1458 2950 1491 2985 a
1508 2948 1612 2987 non
1628 2941 1727 2987 est.
1750 2932 1845 2986 llic
1862 2933 2002 2985 enim
2023 2946 2143 2984 rur-

556 3039 651 3081 sus
671 3024 905 3082 secunda
932 3039 1055 3094 pars
1086 3024 1473 3095 propositionis
1502 3018 1846 3095 intei'empta,
1873 3039 1993 3077 nam
2017 3038 2139 3078 cunt

553 3116 790 3173 secunda
829 3129 952 3185 pars
1001 3115 1385 3185 propositionis
1412 3115 1441 3168 b
1470 3132 1575 3169 non
1602 3130 1722 3170 esse
1768 3115 1993 3180 diceret,
2025 3115 2067 3167 si
2109 3129 2141 3166 a

2238 1890 2353 1946 dies
2382 1892 2563 1958 fuerit,
2599 1909 2703 1949 nox
2744 1908 2853 1949 non
2892 1897 3016 1964 erit,
3050 1896 3163 1959 sive
3196 1912 3301 1951 nox
3327 1896 3507 1967 fuerit,
3558 1899 3675 1953 dies
3713 1915 3820 1955 non

2236 1987 2359 2040 erit.
2403 1984 2637 2054 Quartus
2682 1986 2874 2044 modus
2898 1997 2981 2044 est
3025 1989 3216 2044 horum
3266 1990 3699 2061 syIIOgism'orum
3754 2006 3819 2046 ex

2237 2087 2422 2148 quarta
2446 2079 2836 2150 {propositione
2873 2080 3226 2148 descendens,
3278 2081 3432 2152 cujus
3480 2082 3595 2139 haec
3648 2085 3820 2152 prima

2238 2170 2531 2240 propositio
2562 2179 2668 2238 est,
2700 2173 2747 2227 si
2774 2187 2880 2227 non
2906 2182 2990 2227 est
3016 2189 3069 2239 a,
3104 2186 3208 2228 non
3238 2180 3323 2228 est
3372 2173 3422 2239 b,
3454 2182 3537 2227 est
3563 2184 3742 2228 autem
3766 2172 3818 2240 ό,

2232 2263 2342 2335 gerit
2365 2262 2524 2334 igitur
2552 2280 2586 2317 a
2610 2281 2630 2329 ,-
2662 2264 2748 2319 hic
2774 2280 2993 2335 quoque
3023 2266 3263 2321 secunda
3290 2268 3411 2335 pars
3443 2265 3824 2335 propositionis

2237 2365 2510 2425 assumpta
2542 2365 2647 2423 est,
2696 2365 2751 2411 et
2796 2357 3051 2425 quoniam
3101 2357 3290 2413 eadem
3336 2357 3619 2426 negatione
3649 2357 3825 2413 fuerat

2238 2448 2435 2517 posita,
2460 2446 2820 2502 affirmatione
2855 2455 2940 2502 est
2986 2446 3343 2517 interempta;
3374 2446 3658 2503 affirmatio
3677 2449 3823 2504 enim

2239 2537 2346 2593 vim
2396 2539 2695 2608 negationis
2735 2540 3017 2595 interimit.
3069 2538 3169 2595 ilic
3206 2555 3419 2611 quoque
3444 2540 3632 2596 eodem
3661 2542 3824 2597 modo

2240 2629 2537 2699 syllogismi
2562 2632 2859 2686 necessitas
2880 2631 3208 2697 continetur,
3243 2631 3365 2686 nani
3397 2631 3442 2686 si
3473 2641 3673 2702 ροειιο,
3702 2648 3823 2686 ευιιι

2240 2736 2347 2776 non
2375 2723 2446 2776 sit
2486 2738 2539 2788 a,
2599 2737 2703 2777 non
2744 2738 2865 2779 esse
2907 2724 2962 2793 b,
3019 2732 3261 2779 sumatur
3289 2707 3411 2780 esse
3457 2727 3507 2792 b,
3539 2725 3661 2780 dico
3698 2725 3825 2801 quia

2241 2830 2583 2887 consequens
2604 2824 2689 2872 est
2716 2817 2878 2871 etiam
2908 2834 2939 2870 a
2968 2832 3110 2872 esse.
3142 2817 3275 2873 Nam
3299 2819 3342 2873 si
3374 2826 3573 2889 potest,
3601 2830 3725 2873 cum
3755 2818 3828 2872 sit

2243 2908 2294 2972 b,
2325 2923 2432 2962 non
2463 2921 2584 2961 esse
2604 2924 2655 2973 a,
2688 2907 2888 2963 frustra
2906 2919 2989 2964 est
3016 2909 3184 2978 prima
3201 2909 3668 2980 propositionum,
3700 2925 3826 2964 cum

2243 3014 2277 3051 a
2304 3013 2408 3052 non
2436 2999 2527 3065 sit,
2551 2998 2579 3052 b
2608 3014 2714 3054 non
2739 3013 2860 3055 esse
2886 3001 3225 3070 pronuntiat;
3248 3004 3336 3057 fiet
3364 3002 3522 3071 igitur
3552 3018 3739 3069 rursus
3768 3011 3828 3058 ut

2245 3090 2385 3146 idem
2415 3092 2443 3145 b
2475 3092 2542 3147 sit
2568 3107 2633 3146 ac
2661 3108 2766 3147 non
2795 3094 2887 3149 sit.
2932 3094 3007 3149 Ex
3047 3096 3414 3165 assumptione
3446 3112 3677 3167 namque
3719 3097 3829 3153 erit

554 3204 747 3261 fuisset
776 3207 1095 3274 assumptio,
1127 3205 1155 3258 b
1183 3219 1304 3260 esse
1344 3207 1671 3274 pronuntiat.
1715 3205 2015 3261 Alfirmatio
2044 3220 2138 3261 au-

2246 3187 2297 3256 b,
2330 3190 2401 3243 ita
2440 3189 2581 3244 enim
2625 3188 2842 3257 dicitur,
2876 3191 3021 3258 atqui
3055 3191 3083 3244 b
3110 3198 3212 3245 est.
3246 3190 3303 3247 Si
3353 3206 3479 3246 vero
3525 3192 3623 3246 hoc
3653 3191 3829 3261 posito

557 3306 666 3352 tem
682 3297 895 3366 perimit
910 3297 1267 3367 negationem,
1286 3312 1444 3367 quam
1465 3312 1559 3366 per
1576 3313 1752 3352 assum
1760 3298 1996 3366 ptionem
2014 3312 2146 3352 con-

555 3392 822 3458 sequitur,
852 3396 960 3443 uta
1000 3404 1106 3445 non
1149 3389 1221 3445 sit
1251 3389 1351 3444 hoc
1397 3390 1574 3445 modo.
1616 3391 1695 3446 Sit
1723 3390 1866 3468 enim
1897 3392 2142 3461 proposi-

556 3481 658 3547 tio,‘
685 3482 730 3536 si
759 3499 790 3536 a
816 3492 922 3547 est,
954 3484 982 3537 b
1007 3498 1115 3538 non
1141 3492 1246 3550 est,
1279 3492 1335 3539 et
1378 3484 1449 3538 sit
1492 3485 1541 3540 ὁ.
1596 3485 1725 3541 Dico
1755 3487 1875 3568 quia
1909 3502 2017 3541 non
2043 3489 2146 3543 erit

556 3589 610 3639 a,
640 3588 766 3628 nam
792 3573 837 3628 si
877 3574 983 3629 erit
1010 3592 1060 3641 a,
1088 3590 1208 3629 cum
1238 3576 1309 3629 sit
1332 3575 1383 3641 ι,
1412 3576 1549 3632 idem
1582 3577 1611 3631 b
1664 3577 1764 3632 erit
1785 3586 1840 3633 et
1862 3572 1969 3632 non
1999 3580 2143 3640 erit:

554 3680 663 3723 non
702 3666 805 3722 erit
830 3668 1045 3737 quidem
1074 3683 1139 3722 ex
1165 3668 1339 3739 prima
1365 3671 1734 3740 propositione
1761 3688 1881 3740 qua:
1915 3672 2067 3743 dicit,
2097 3674 2146 3729 si

554 3769 639 3815 est
664 3775 717 3823 a,
750 3773 855 3813 non
881 3770 964 3814 est
985 3760 1045 3825 b;
1077 3760 1180 3815 erit
1206 3771 1383 3818 autem
1414 3778 1511 3832 per
1555 3767 2007 3834 assumptionem,
2038 3783 2145 3837 qua

556 3851 788 3907 dicimus
817 3864 940 3906 esse
971 3852 1019 3904 b.
1048 3852 1119 3905 At
1141 3853 1187 3906 si
1242 3856 1551 3922 praecedens
1595 3872 1717 3926 pars
1763 3860 2146 3928 propositionis

555 3940 852 4009 auferatur,
884 3955 990 3996 non
1026 3940 1118 3995 fiet
1146 3942 1254 3997 ulla
1283 3945 1601 4000 necessitas.
1633 3950 1743 4017 Age
1768 3948 1911 4002 enim
1945 3950 1998 4003 in
2050 3951 2147 4004 ltu-

551 4035 786 4107 jusmodi
815 4034 1213 4105 propositione,
1267 4037 1311 4090 si
1353 4053 1387 4090 a
1413 4047 1517 4103 est,
1552 4040 1580 4092 b
1606 4054 1713 4094 non
1744 4049 1846 4107 est,
1895 4040 1971 4095 ita
2000 4043 2149 4097 dica-

556 4141 712 4182 mus:
735 4125 881 4197 atqui
905 4142 1011 4181 non
1037 4134 1123 4181 est
1149 4142 1205 4191 a,
1240 4143 1345 4182 non
1373 4132 1721 4199 consequitur
1749 4140 1808 4187 nt
1829 4131 1899 4186 sit
1924 4134 2004 4186 vel
2037 4147 2144 4187 non

553 4218 628 4275 sit
649 4221 697 4274 b.
718 4218 775 4273 ld
795 4233 922 4274 vero
947 4219 1039 4273 tali
1060 4219 1301 4287 arguitur
1325 4222 1598 4289 exemplo.
1630 4222 1879 4277 Dicamus
1899 4226 2066 4289 enim,
2098 4225 2144 4279 si

559 4312 768 4381 nigrum
799 4319 904 4375 est,
931 4310 1109 4364 album
1137 4324 1245 4364 non
1272 4320 1358 4365 est
1376 4352 1389 4375 ,
1418 4326 1865 4380 assumamusquc
1888 4329 1997 4369 non
2024 4328 2146 4370 esse

559 4404 792 4474 nigrum,
823 4417 930 4457 non
962 4402 1143 4457 statim
1184 4404 1536 4472 consequitur
1592 4414 1647 4459 nt
1703 4406 1787 4460 vel
1843 4406 2019 4461 album
2051 4407 2141 4474 sit,

556 4494 642 4549 vel
671 4509 774 4549 non
793 4493 882 4559 sit,
907 4500 1082 4563 potest
1105 4495 1249 4548 enim
1277 4508 1398 4548 esse
1418 4494 1634 4563 aliquod
1662 4494 1979 4549 mediorum.
2013 4496 2144 4551 Ter-

557 4585 667 4641 tius
693 4584 881 4640 modns
922 4585 1011 4639 ille
1036 4593 1120 4640 εει
1148 4599 1214 4639 ex
1262 4584 1419 4639 tertia
1450 4586 1817 4654 propositione
1858 4587 2140 4653 deductus,

553 4692 675 4733 cum
706 4678 777 4733 ita
805 4676 1180 4748 proponimus,
1230 4677 1277 4731 si
1314 4694 1349 4730 a
1401 4692 1507 4732 non
1560 4689 1669 4747 est,
1701 4680 1730 4732 b
1760 4688 1864 4744 est,
1898 4681 1926 4734 b
1960 4689 2141 4737 autem

555 4786 662 4828 non
692 4778 795 4837 est,
821 4786 855 4823 a
883 4769 1044 4840 igitur
1080 4779 1183 4825 est.
1231 4768 1328 4825 llic
1362 4784 1578 4840 quoque
1626 4785 1965 4840 consequens
2017 4786 2141 4842 pars

556 4862 939 4933 propositionis
966 4870 1240 4932 assumpta
1269 4872 1351 4917 est
1373 4906 1387 4930 ,
1418 4870 1473 4916 et
1513 4877 1634 4917 cum
1684 4864 1734 4916 in
1778 4863 2143 4932 propositione

554 4954 937 5020 affirmaretur,
969 4952 1023 5007 in
1056 4953 1425 5021 assumptione
1457 4960 1649 5021 negata
1679 4963 1783 5016 est,
1809 4961 1865 5007 et
1911 4954 1997 5009 est
2026 4963 2143 5008 rata

554 5044 968 5116 consequentia,
1000 5051 1055 5098 et
1082 5040 1366 5113 perficiens
1397 5042 1771 5114 syllogismum
1805 5043 1906 5098 hoc
1937 5042 2096 5097 modo
2122 5060 2136 5096 :

555 5150 681 5193 nam
708 5136 754 5191 si
783 5149 968 5189 verum
999 5141 1101 5201 est,
1150 5146 1272 5186 cum
1313 5145 1420 5185 non
1441 5130 1513 5186 sit
1548 5148 1601 5196 ιι,
1633 5146 1753 5186 εεεε
1781 5130 1832 5195 b,
1870 5131 1991 5186 dico
2016 5132 2140 5202 quia

552 5228 603 5285 si
624 5229 653 5283 b
675 5242 781 5284 non
811 5228 903 5293 sit,
940 5232 1025 5280 est
1065 5241 1097 5278 a
1124 5239 1144 5279 :
1174 5238 1296 5278 nam
1324 5223 1369 5277 si
1423 5224 1637 5293 poterit,
1666 5237 1788 5277 cum
1834 5222 1862 5275 b
1892 5237 1998 5277 non
2045 5222 2137 5291 sit,

554 5340 663 5381 non
694 5339 815 5380 esse
842 5339 895 5391 a,
922 5321 1117 5376 frustra
1148 5330 1231 5375 est
1262 5318 1433 5388 prima
1464 5316 1773 5389 propositio,
1817 5332 1938 5388 quae
1984 5315 2136 5382 dicit,

553 5430 677 5471 cum
706 5428 812 5469 non
845 5413 993 5477 sita,
1034 5424 1156 5465 esse
1205 5409 1256 5474 ὁ,
1299 5408 1507 5477 eritque
1536 5409 1565 5461 b
1590 5422 1653 5463 ac
1706 5410 1823 5463 non
1857 5407 1964 5464 erit
1990 5427 2005 5461 :
2029 5422 2137 5463 non

554 5507 661 5563 erit
685 5505 900 5577 quidem
947 5518 1014 5557 ex
1044 5516 1110 5557 ea
1147 5503 1516 5570 assumptione
1563 5515 1683 5570 qua:
1739 5501 1993 5569 proponit
2026 5515 2136 5555 non

555 5613 675 5653 esse
705 5599 768 5661 b;
799 5594 902 5650 erit
922 5602 1125 5660 autem,
1152 5591 1298 5663 quia,
1342 5591 1386 5647 si
1417 5608 1451 5644 a
1502 5590 1763 5645 terminus
1808 5605 1928 5646 esse
1977 5606 2138 5661 nega-

556 5689 718 5750 bitur,
749 5687 920 5753 posito
944 5699 1051 5738 non
1081 5698 1201 5738 esse
1231 5682 1259 5735 b
1285 5682 1534 5747 termino,
1565 5696 1687 5735 cum
1721 5694 1825 5734 nun
1853 5684 1923 5735 sit
1949 5698 1997 5745 α,
2033 5682 2138 5736 erit

561 5779 610 5839 tt,
639 5773 777 5845 quod
806 5784 889 5830 est
939 5769 1288 5843 impossibile.
1345 5764 1459 5828 Non
1503 5770 1661 5841 igitur
1704 5772 1880 5839 potest
1929 5761 2041 5827 fieri
2084 5774 2141 5828 ιιι

2251 3282 2418 3351 possit
2445 3296 2551 3337 non
2582 3297 2702 3336 esse
2727 3300 2782 3348 η,
2812 3297 2997 3338 rursus
3024 3283 3052 3337 ft
3074 3298 3180 3338 non
3202 3284 3328 3347 erit,
3357 3285 3479 3354 quia
3511 3285 3676 3354 prima
3709 3299 3829 3352 pro.
3914 3304 3923 3309 ’

2252 3371 2566 3451 ροειιίοῆίιὶι,
2599 3374 2643 3427 si
2668 3388 2774 3429 non
2799 3375 2947 3439 sita,
2989 3389 3093 3429 non
3122 3386 3202 3430 est
3231 3375 3279 3443 ὁ,
3323 3375 3465 3444 quod
3510 3384 3591 3430 est
3632 3378 3829 3445 impos-

2248 3465 2434 3531 sibile;
2471 3465 2615 3536 quod
2649 3467 2695 3521 si
2745 3481 2807 3522 ea
2844 3468 3021 3536 portio
3054 3468 3432 3537 pr0positionis
3479 3483 3597 3538 qua:
3628 3483 3831 3538 prtere-

2248 3556 2383 3613 dens
2404 3566 2487 3612 est
2532 3557 2825 3623 auferatur,
2881 3558 3014 3612 nihil
3067 3559 3245 3614 evenit
3281 3560 3663 3615 necessarium.
3718 3561 3830 3629 Age

2249 3647 2480 3703 enimita
2510 3648 2769 3713 dicamus,
2801 3648 2846 3702 si
2884 3665 2988 3703 non
3022 3659 3105 3704 est
3131 3667 3181 3715 a,
3211 3665 3316 3705 non
3353 3660 3437 3706 est
3475 3652 3537 3718 ὁ,
3583 3666 3826 3706 assuma-

2248 3754 2497 3808 musque,
2528 3742 2671 3809 atqui
2702 3749 2785 3794 est
2832 3755 2885 3805 a,
2931 3755 3038 3794 non
3080 3742 3427 3812 consequitur
3453 3751 3509 3797 ut
3542 3745 3570 3797 b
3595 3744 3678 3798 vel
3710 3756 3830 3800 csso

2249 3830 2331 3884 vel
2354 3845 2457 3884 non
2485 3844 2603 3884 esse
2631 3831 2937 3886 necessario
2957 3832 3329 3899 concludatur,
3360 3844 3417 3888 ut
3446 3836 3498 3889 in
3530 3835 3630 3889 hoc
3660 3836 3826 3905 syllo-

2224 3925 2449 3992 gismo:
2483 3925 2529 3978 si
2558 3940 2664 3981 non
2690 3934 2775 3981 est
2801 3926 3022 3991 animal,
3057 3942 3163 3980 non
3191 3936 3275 3982 est
3328 3928 3520 3992 homo,
3571 3929 3717 3998 atqui
3748 3936 3827 3985 est

2247 4016 2471 4083 animal,
2505 4032 2611 4072 non
2644 4032 2864 4073 necesse
2896 4028 2980 4073 est
3006 4019 3089 4073 vel
3121 4033 3243 4075 esse
3275 4020 3542 4076 hominem
3590 4025 3669 4077 vel
3721 4014 3837 4077 non'

2248 4123 2390 4165 esse.
2427 4109 2491 4163 lli
2520 4110 2679 4180 igitur
2701 4120 2928 4180 quatuor
2957 4111 3249 4182 syllogismi
3292 4112 3589 4181 irnperfeCti
3641 4114 3830 4168 dicun-

2249 4211 2353 4268 tur,
2388 4200 2588 4274 idcirco
2616 4201 2870 4279 quoniam
2897 4217 2992 4272 per
3028 4216 3089 4257 se
3120 4218 3228 4256 non
3261 4202 3456 4258 habent
3478 4214 3719 4272 apertam
3750 4214 3829 4258 at-

2247 4308 2352 4362 que
2385 4276 3164 4364 perSpicuatifconsequentiae
3220 4298 3593 4352 necessitatem
3613 4338 3629 4365 ,
3659 4314 3829 4368 eaque

2249 4388 2353 4442 illis
2376 4403 2440 4442 ex
2468 4388 2782 4458 probatione
2810 4389 3117 4444 conficitur.
3162 4390 3231 4447 Ut
3259 4391 3417 4461 igitur
3446 4393 3682 4448 breviter
3701 4409 3826 4447 con-

2247 4480 2567 4534 cludendum
2600 4483 2691 4548 sit,
2726 4481 2778 4534 in
2809 4481 3168 4553 hypotheticis
3197 4483 3533 4553 simplicibus
3580 4484 3827 4557 syllogis-

2170 4566 2352 4627 Dmis
2399 4588 2667 4628 connean
2745 4572 3061 4629 habentibus
3137 4576 3565 4645 propositiones,
3610 4592 3828 4647 quoquo

2251 4668 2411 4722 modo
2442 4667 2616 4732 factis,
2646 4667 2690 4722 si
2717 4667 2931 4738 quidem
2977 4669 3145 4738 prima
3185 4685 3308 4738 pars
3336 4670 3717 4740 propositionis
3742 4685 3829 4726 as-

2251 4761 2505 4825 sumitur,
2546 4761 2589 4814 si
2620 4776 2682 4815 ea
2718 4771 2966 4829 ponatur,
2998 4763 3126 4816 fient
3155 4773 3382 4831 quatuor
3409 4763 3701 4834 syllogismi
3735 4781 3831 4831 per

2249 4868 2310 4909 se
2335 4852 2625 4922 notiatque
2661 4853 2914 4919 perfecti;
2956 4854 2999 4907 si
3052 4868 3181 4908 vero
3206 4853 3259 4907 id
3295 4856 3435 4923 quod
3487 4857 3831 4924 consequitur

2250 4953 2575 5007 assumatur,
2626 4944 2752 4998 nulli
2807 4954 2891 4998 est
2935 4945 3228 5017 syllogismi
3264 4948 3582 5013 necessitas,
3632 4950 3731 5002 nisi
3774 4950 3827 5003 in

2253 5037 2409 5092 tertio
2468 5039 2853 5104 tantummodo,
2887 5041 2976 5108 qui
3022 5056 3127 5094 non
3175 5050 3398 5112 propter
3442 5042 3832 5108 complexionis

2250 5138 2517 5191 naturam,
2569 5131 2663 5184 sed
2710 5138 2925 5199 propter
2973 5130 3323 5186 terminorum
3372 5133 3828 5199 contrarietatem,

2249 5220 2302 5274 in
2334 5220 2526 5291 quibus
2554 5222 2681 5277 solis
2717 5221 2824 5277 dici
2853 5230 3049 5292 potest,
3083 5223 3293 5278 videtur
3323 5225 3688 5280 conclusionis
3732 5242 3830 5282 no-

2247 5314 2548 5368 ccssitatrm
2573 5321 2777 5369 tenere.
2810 5313 2990 5383 Itaque
3020 5315 3065 5368 si
3097 5316 3224 5384 quid
3270 5317 3323 5371 in
3371 5319 3736 5388 assumptione
3763 5336 3831 5377 ex

2251 5404 2330 5459 his
2358 5422 2476 5476 qua:
2502 5409 2556 5475 in
2592 5406 2961 5476 propositione
3014 5418 3137 5463 sunt
3167 5411 3511 5478 pronuntiata
3544 5421 3827 5477 ponantur,

2248 5508 2476 5564 quatuor
2532 5498 2616 5553 vel
2662 5499 2899 5569 quinque
2955 5499 3068 5554 fieri
3118 5514 3336 5556 necesse
3365 5510 3449 5556 est
3490 5503 3832 5573 syllogismos

2251 5593 2547 5660 perfectos:
2579 5601 2829 5661 quatuor,
2860 5593 2950 5648 ubi
3005 5594 3173 5662 prima
3231 5610 3354 5663 pars
3410 5599 3828 5666 propositionis,

2246 5684 2480 5753 quinque
2510 5698 2662 5749 vero,
2714 5684 2805 5739 ubi
2858 5685 3091 5740 secunda
3127 5700 3249 5753 pars
3306 5690 3685 5758 propositionis
3737 5706 3828 5759 po.

2249 5777 2422 5831 nendo
2445 5775 2762 5843 assumitur,
2803 5775 2851 5831 si
2882 5792 2988 5833 non
3019 5776 3082 5830 ad
3129 5778 3513 5845 complexionis
3566 5792 3827 5851 naturam,
