4056 6330
293 323 396 378 859

1384 323 1471 380 DE
1510 321 1942 382 SYLLOGISMO
1981 319 2477 382 HYPOTHETICO.

3450 327 3554 384 850

287 445 384 501 sed
414 444 478 498 ad
506 443 762 499 terminos
795 443 1137 513 aspiciamus.
1197 441 1250 498 Si
1280 443 1406 514 quid
1437 459 1566 498 vero
1596 459 1660 499 ex
1695 444 1776 498 his
1816 442 1868 497 in
1901 445 1951 504 Α
1973 444 2264 498 animatum
2294 446 2363 498 sit
2393 445 2606 499 animal.
2644 444 2772 500 ltem
2798 444 3084 500 secundam
3108 446 3551 516 propositionem,

289 538 655 606 assumptione
683 552 802 605 qua:
835 537 998 603 prima
1035 536 1329 606 propositio
1361 537 1622 601 enuntiat,
1660 535 1868 590 aufera-

289 643 396 693 tur,
429 631 469 684 εἰ
505 647 621 694 quae
651 639 733 682 est
764 644 1099 697 consequens
1134 645 1253 697 pars
1302 630 1679 700 propositionis
1719 629 1869 683 aule~

287 733 458 786 ratur,
494 704 621 774 lie-nt
665 721 960 788 imperfecti
991 730 1043 775 et
1073 721 1382 790 probatione
1411 722 1709 790 indigentes
1736 738 1867 792 qua-

286 820 406 864 tuor
437 812 733 883 syllogismi
767 828 782 877 ;
815 811 858 866 si
891 827 1017 866 vero
1048 814 1193 881 prior
1218 815 1596 882 propositionis
1628 830 1752 884 pars
1773 830 1866 868 au-

287 904 507 969 feratur,
560 905 698 957 nulla
753 905 856 958 erit
913 904 1204 958 necessitas
1260 905 1580 976 syllogismi,
1619 907 1669 959 in
1705 907 1865 961 tertio

285 1003 492 1049 tantum
519 995 677 1049 modo
709 995 796 1048 ubi
827 1011 930 1049 non
964 996 1088 1050 facit
1131 998 1499 1050 necessitatem
1539 998 1859 1067 complexio,

285 1087 379 1140 sed
417 1087 764 1141 tertninoruin
800 1097 1006 1141 natura.
1065 1087 1321 1154 Quocirca
1354 1089 1439 1142 hic
1484 1106 1695 1159 quoque
1735 1105 1866 1159 qua-

285 1188 407 1234 tuor
432 1180 511 1234 vel
537 1179 772 1249 quinque
802 1191 926 1234 sunt
977 1180 1300 1250 syllogismi:
1352 1193 1576 1250 quatuor
1626 1184 1859 1250 quidem,

283 1274 327 1325 si
389 1267 623 1327 secunda
676 1287 798 1340 pars
853 1274 1230 1341 prepositionis
1290 1275 1449 1328 fuerit
1503 1276 1860 1346 interempta;

283 1365 500 1430 quintus
533 1379 684 1431 vero,
715 1366 760 1418 si
791 1380 911 1419 eum
942 1381 1047 1419 non
1090 1366 1476 1436 complexionis
1508 1379 1726 1432 natura,
1769 1367 1863 1422 sed

283 1456 639 1510 terminorum
673 1456 971 1526 proprietas
1001 1458 1268 1511 tnetiatur.
1295 1459 1551 1523 Quocirca
1572 1459 1614 1512 si
1643 1475 1710 1512 ex
1732 1459 1864 1513 duo-

281 1544 381 1598 bus
406 1548 650 1601 terminis
682 1548 977 1616 propositio
1013 1549 1181 1617 prima
1209 1559 1438 1616 constat,
1464 1561 1586 1604 octo
1624 1562 1750 1607 sunt
1778 1554 1861 1609 vel

279 1638 488 1703 decem,
518 1655 617 1695 nec
666 1641 892 1710 amplius
944 1640 1263 1710 syllogismi.
1314 1645 1389 1697 Ac
1431 1642 1498 1697 de
1539 1645 1619 1698 bis
1645 1645 1859 1714 quidem

281 1734 737 1790 conditionalibus
789 1736 1133 1807 syllogismis,
1183 1752 1411 1806 quorum
1465 1739 1859 1807 propositiones

1970 551 2092 606 quae
2128 538 2222 601 ait,
2265 540 2307 589 si
2357 548 2437 592 est
2481 555 2512 590 α
2555 552 2674 592 cum
2706 538 2770 592 sit
2805 539 2863 605 b,
2911 555 3014 592 non
3047 548 3124 592 est
3157 555 3204 603 c,
3246 537 3555 607 hujusmodi

1970 643 2090 682 esse
2141 630 2426 695 oportebit,
2477 641 2532 684 ut
2561 632 2587 684 b
2632 631 2847 700 quidem
2895 642 3087 702 prmter
3125 649 3157 683 a
3198 646 3319 685 esse
3363 630 3551 701 possit,

1969 720 2064 775 sed
2096 735 2215 774 cum
2244 721 2401 774 fuerit
2441 738 2496 787 a,
2527 738 2747 777 necesse
2776 722 2846 777 sit
2874 738 2994 777 esse
3022 723 3179 777 etiam
3212 725 3261 776 ὁ.
3312 722 3380 775 At
3422 736 3554 776 vero

1969 830 1994 866 c
2020 813 2125 868 tale
2165 814 2235 866 sit
2283 822 2337 865 ut
2378 813 2537 866 simul
2570 814 2782 882 quidem
2825 830 2945 869 cum
2977 832 3008 868 α
3045 831 3166 870 εεεε
3214 829 3318 868 non
3364 815 3553 882 possit,

1968 919 2088 958 cum
2120 905 2148 957 b
2175 918 2303 958 vero
2341 918 2462 957 esse
2491 905 2690 973 possit,
2734 915 2788 958 et
2819 922 2924 961 non
2956 922 3095 972 esse,
3130 906 3221 960 sed
3268 915 3394 960 tunc
3439 916 3554 960 tan-

1970 1005 2079 1049 tum
2125 1010 2243 1049 cum
2287 995 2312 1046 θ
2355 1009 2475 1049 εεεε
2527 1010 2632 1049 non
2685 997 2874 1065 possit,
2921 997 3134 1066 quando
3178 997 3208 1050 ὁ
3240 997 3495 1051 terminus
3521 1016 3555 1050 a

1969 1090 2254 1144 terminum
2297 1087 2555 1156 sequitur,
2607 1096 2664 1140 ut
2712 1089 2781 1142 sit
2828 1105 2859 1141 α
2909 1089 3091 1153 homo,
3124 1089 3152 1141 b
3181 1089 3494 1151 animalum,
3526 1103 3555 1140 ε

1968 1179 2299 1236 insensibile.
2326 1179 2561 1248 Namque
2589 1179 2878 1232 animatum
2908 1189 3104 1246 prmter
3131 1179 3398 1233 hominem
3428 1193 3554 1233 esse

1970 1281 2180 1338 petest;
2215 1285 2266 1324 at
2297 1272 2342 1325 si
2375 1275 2534 1326 homo
2567 1274 2658 1338 sit,
2691 1281 2748 1325 ιιι
2776 1271 2844 1325 sit
2871 1272 3161 1325 animatum
3195 1284 3412 1325 necesse
3443 1278 3548 1338 est,

1967 1363 2281 1420 insensibile
2312 1381 2438 1419 vero
2470 1374 2644 1434 potest
2683 1379 2807 1420 esse
2851 1363 3142 1418 animatum
3182 1374 3235 1417 et
3272 1378 3378 1418 non
3406 1377 3548 1419 esse.

1966 1455 2073 1512 Sed
2127 1465 2254 1511 tunc
2303 1456 2613 1512 insensibile
2643 1468 2698 1511 et
2723 1457 3012 1510 animatum
3060 1471 3164 1511 non
3200 1455 3548 1519 conveniunt,

1966 1562 2086 1602 cum
2118 1547 2319 1602 idcirco
2350 1558 2432 1602 est
2483 1549 2798 1613 animatum,
2838 1548 2960 1627 quia
3002 1547 3161 1602 homo
3207 1561 3329 1601 esse
3358 1545 3551 1616 praedi-

1966 1651 2084 1694 ctus
2109 1649 2210 1695 est.
2243 1641 2422 1696 Tertia
2456 1655 2584 1695 vero
2617 1625 2908 1711 propositio
2936 1657 2969 1693 a
3004 1639 3220 1707 quidem
3262 1640 3552 1694 terminum

1965 1733 2125 1787 debet
2153 1733 2382 1799 habere,
2414 1735 2500 1803 qui
2535 1715 2802 1804 nunquam
2841 1732 2998 1787 simul
3030 1747 3148 1787 esse
3177 1731 3345 1801 possit
3369 1745 3491 1785 cum
3514 1729 3548 1784 ι

279 1841 538 1882 connexus
562 1838 711 1893 sunt,
739 1839 791 1882 et
825 1845 889 1882 ex
914 1829 1118 1883 duabus
1143 1829 1493 1898 praedicativis
1531 1834 1862 1902 simplicibus
1893 1830 1941 1891 Β
1973 1829 2222 1890 termino.
2273 1843 2302 1878 ε
2326 1840 2456 1880 νεΓο
2484 1827 2768 1880 terminum
2803 1825 2958 1877 lalel“
3004 1839 3125 1880 esse
3171 1821 3456 1892 οΡοτιεῦῘιι
3490 1830 3552 1877 ιιι

278 1930 566 1985 constant,
616 1917 944 1974 sufﬁcienter
1000 1921 1306 1991 expeditum
1360 1933 1465 1989 est,
1501 1939 1641 1979 nunc
1665 1925 1732 1981 de
1776 1926 1859 1982 bis

279 2010 608 2081 syllogismis
633 2010 920 2066 dicendum
949 2021 1052 2078 est,
1092 2013 1183 2083 qui
1209 2029 1274 2068 ex
1305 2014 1644 2083 praedicativa
1679 2027 1732 2072 et
1767 2019 1864 2090 by-

279 2104 574 2178 pothetica,
597 2105 678 2158 vel
697 2120 763 2160 ex
789 2105 1133 2176 liypotltetica
1175 2109 1618 2179 prtedicativaquc
1655 2126 1859 2168 conne-

277 2206 513 2251 ctuntur.
552 2197 753 2252 Horum
791 2208 968 2254 autem
993 2200 1149 2255 facile
1189 2202 1591 2270 complexiones
1621 2206 1858 2261 omnium

278 2290 712 2361 syllogismorum
757 2293 1108 2361 apparebunt,
1156 2294 1200 2347 si
1231 2295 1378 2361 prius
1400 2311 1583 2350 earum
1608 2313 1860 2355 numerus

276 2395 597 2453 exponetur.
622 2384 756 2439 Sunt
787 2387 947 2455 igitur
976 2387 1183 2456 priores
1212 2387 1424 2456 quidem
1461 2406 1578 2459 quae
1621 2407 1685 2446 ex
1719 2407 1858 2462 prae—

279 2474 508 2530 dicativa
537 2486 697 2548 atque
729 2478 1068 2548 ltypothetica
1099 2489 1490 2536 connectuntur
1520 2481 1637 2539 hae:

279 2587 340 2645 Si
368 2591 437 2642 sit
463 2606 515 2655 a,
547 2605 667 2645 cum
693 2591 763 2646 sit
794 2597 842 2657 ὁ,
869 2603 950 2646 εει
982 2608 1030 2646 c.

275 2683 332 2738 Si
356 2684 424 2737 sit
451 2701 504 2749 α,
530 2700 652 2740 cum
702 2687 773 2740 sit
797 2687 848 2751 b,
882 2701 988 2741 non
1017 2698 1098 2742 est
1120 2703 1165 2740 c.

281 2774 337 2829 Si
368 2774 437 2827 sit
463 2793 515 2842 a,
540 2792 659 2831 cum
684 2792 790 2838 non
815 2778 883 2830 sit
913 2778 962 2843 b,
987 2788 1068 2832 est
1085 2795 1132 2834 ε.

275 2864 332 2918 Si
362 2866 502 2932 sita,
527 2883 648 2922 cum
681 2885 785 2921 non
817 2870 886 2923 sit
912 2869 962 2935 ὁ,
990 2885 1096 2923 non
1122 2880 1202 2925 est
1230 2886 1275 2922 ε.

274 2953 334 3009 Si
366 2972 470 3011 non
499 2958 568 3014 sit
590 2977 643 3025 a,
669 2976 789 3014 cum
824 2962 893 3014 sit
919 2962 968 3026 b,
990 2971 1072 3016 εει
1095 2979 1141 3017 c.

266 3046 326 3104 ’ἑί
364 3062 470 3101 non
499 3049 567 3101 sit
591 3065 645 3115 a,
670 3031 799 3104 cum.
819 3027 892 3105 sit
914 3051 963 3115 b,
991 3067 1094 3105 non
1122 3061 1206 3106 est
1231 3069 1276 3104 c.

274 3135 334 3194 Si
361 3153 468 3192 non
499 3140 569 3194 sit
595 3158 648 3206 α,
681 3157 800 3195 cunt
823 3158 928 3196 nott
952 3143 1023 3196 sit
1049 3145 1097 3208 ὸ,
1131 3152 1212 3198 εει
1234 3160 1280 3196 c.

276 3229 334 3286 Si
363 3246 468 3286 non
497 3233 643 3299 sita,
677 3248 796 3288 cum
829 3250 934 3290 nou
958 3237 1026 3290 sit
1055 3236 1104 3302 b,
1136 3252 1241 3290 non
1271 3246 1353 3291 est
1379 3253 1427 3290 c.

277 3347 355 3398 Ac
383 3345 612 3414 primum
641 3362 762 3415 qua:
785 3348 852 3401 sit
881 3364 1063 3402 carum
1095 3358 1302 3414 natura,
1354 3347 1562 3402 videtur
1598 3363 1718 3403 esse
1751 3359 1855 3404 tra-

277 3435 550 3490 ctandum.
575 3436 760 3506 Neque
790 3441 932 3493 enim
972 3455 1185 3508 quoquo
1228 3439 1386 3493 modo
1427 3441 1662 3494 conditio
1695 3457 1857 3507 pona-

280 3535 389 3594 tur,
424 3529 800 3583 conditionalis
830 3531 1130 3599 pr0positio
1161 3533 1270 3596 iiet,
1303 3531 1396 3584 sed
1445 3533 1489 3585 si
1538 3532 1624 3585 illa
1670 3547 1859 3587 conse-

181 3689 194 3692 _
278 3621 491 3686 quentia
525 3630 745 3688 pr0pter
773 3623 997 3690 positam
1026 3622 1206 3676 evenit
1235 3623 1628 3687 conditionem;
1661 3639 1779 3676 nam
1812 3625 1857 3677 si

282 3711 405 3779 quis
432 3711 504 3764 ita
539 3713 700 3782 dicat,
735 3715 779 3767 si
814 3715 974 3768 homo
995 3725 1097 3779 est,
1133 3730 1252 3769 cum
1300 3716 1368 3768 sit
1397 3717 1613 3778 animal,
1655 3717 1856 3770 anima-

287 3811 396 3856 lum
428 3811 546 3869 est,
573 3819 678 3858 non
707 3805 916 3858 videtur
957 3805 1132 3860 facere
1177 3807 1416 3874 apposita
1463 3807 1696 3860 conditio
1725 3822 1856 3861 cou-

284 3896 576 3964 sequeutiae
607 3898 1016 3963 necessitatem;
1051 3913 1170 3951 nam
1195 3900 1403 3952 etiamsi
1434 3915 1540 3953 non
1581 3900 1648 3952 sit
1676 3899 1858 3962 homo,

284 3987 635 4045 nihilominus
667 4001 866 4055 tamen,
912 4006 1034 4044 cum
1077 3992 1146 4044 sit
1174 3991 1389 4055 animal,
1419 3993 1708 4045 animatum
1739 4003 1857 4046 est:

283 4092 336 4134 at
362 4082 404 4134 si
437 4083 508 4136 ita
557 4094 806 4152 ponatur,
850 4084 896 4151 si
953 4086 1021 4138 sit
1053 4085 1237 4149 homo,
1295 4101 1414 4139 cum
1449 4088 1516 4140 sit
1545 4089 1859 4153 animatum,

283 4182 367 4226 est
404 4173 624 4241 animal,
675 4175 892 4230 videtur
935 4178 1332 4244 consequentiae
1392 4177 1528 4229 ratio
1585 4179 1632 4230 in
1680 4178 1865 4233 condi-

281 4265 427 4321 tione
476 4268 790 4322 consistere.
817 4268 1001 4338 Neque
1033 4269 1173 4322 enim
1206 4283 1425 4322 necesse
1465 4279 1567 4334 est,
1599 4284 1718 4324 cum
1751 4271 1866 4325 aui-

285 4370 488 4412 matum
515 4360 604 4426 sit,
657 4360 851 4414 animal
897 4376 1038 4426 esse,
1079 4360 1180 4414 nisi
1215 4362 1373 4414 homo
1403 4360 1487 4414 vel
1531 4361 1727 4430 aliquid
1761 4361 1866 4417 tale

283 4447 482 4513 fuerit,
543 4451 685 4518 quod
762 4452 1052 4504 animatum
1115 4465 1234 4505 esse
1307 4451 1662 4520 proponitur;
1740 4461 1866 4506 tunc

284 4541 428 4594 enim
488 4541 629 4609 qttod
690 4542 980 4596 animatum
1053 4551 1175 4607 εει,
1233 4542 1427 4596 animal
1479 4557 1598 4597 esse
1646 4557 1865 4598 necesse

283 4644 386 4702 est,
421 4637 580 4691 homo
612 4653 838 4706 namque
865 4640 947 4691 vel
974 4636 1249 4707 quodlibet
1277 4637 1418 4690 aliud
1451 4637 1553 4690 tale
1576 4637 1866 4691 animatum

237 4738 254 4748 ‘
283 4739 385 4785 εει.
430 4730 532 4786 Ρει·
569 4731 810 4800 singulas
858 4732 1014 4798 igitur
1065 4730 1457 4800 propositiones
1484 4730 1714 4784 eundum
1760 4737 1863 4797 est,

281 4835 339 4882 et
362 4828 648 4897 spectanda
678 4837 760 4884 est
781 4841 964 4882 earum
991 4827 1315 4896 singularum
1343 4834 1526 4879 natura
1553 4823 1651 4879 hoc
1673 4823 1862 4878 modo:

281 4918 461 4976 Prima
493 4923 788 4991 propositio
818 4936 912 4989 per
945 4935 1100 4988 quam
1128 4919 1452 4983 enuntiatur,
1496 4917 1541 4970 si
1569 4926 1651 4971 est
1683 4934 1714 4970 a
1741 4930 1862 4970 cum

283 5013 354 5066 sit
380 5015 430 5077 b,
480 5023 562 5067 cst
610 5029 658 5076 c,
710 5012 830 5066 talis
878 5027 998 5067 esse
1039 5011 1231 5075 debet,
1276 5019 1334 5064 ut
1387 5012 1414 5063 b
1444 5009 1658 5080 quidem
1696 5007 1866 5078 possit

286 5117 409 5157 esse
439 5104 596 5157 etiam
626 5114 820 5173 praeter
855 5120 917 5168 a,
949 5104 991 5156 si
1026 5112 1203 5156 tamen
1243 5120 1272 5153 a
1318 5101 1494 5167 fuerit,
1530 5101 1558 5154 b
1605 5117 1710 5155 non
1745 5114 1867 5155 esse

284 5210 393 5249 non
417 5192 603 5264 possit'.
634 5197 837 5251 Rursus
864 5196 1000 5250 idem
1029 5195 1056 5247 ὁ
1085 5196 1339 5250 terminus
1366 5195 1531 5264 possit
1558 5209 1677 5249 esse
1705 5195 1866 5248 etiam

281 5301 405 5340 cum
439 5303 545 5341 non
576 5300 655 5342 est
685 5306 729 5352 c,
762 5303 860 5342 nec
889 5288 958 5341 sit
987 5302 1208 5341 necesse
1239 5296 1293 5340 ut
1321 5287 1348 5338 ὁ
1381 5287 1553 5356 posito
1593 5288 1664 5339 sit
1705 5285 1866 5339 etiam

283 5394 330 5442 c,
364 5381 457 5432 sed
492 5389 615 5434 tunc
649 5391 849 5434 tantum
883 5394 1101 5434 necesse
1131 5379 1200 5433 sit
1230 5394 1350 5434 esse
1379 5395 1428 5444 c,
1459 5378 1670 5446 quando
1699 5377 1726 5429 b
1756 5385 1867 5431 ter-

283 5471 462 5524 minus
489 5488 518 5522 a
550 5474 834 5524 terminum
877 5472 1133 5540 sequitur,
1164 5481 1218 5523 ut
1249 5471 1294 5522 si
1326 5471 1392 5523 sit
1423 5488 1454 5522 a
1486 5468 1666 5536 hoino,
1702 5469 1729 5520 b
1758 5470 1871 5522 aui-

284 5571 510 5625 matum,
543 5578 570 5613 c
601 5562 794 5615 animal
827 5580 837 5614 :
873 5562 1164 5614 animatum
1201 5562 1344 5614 enini
1389 5569 1442 5614 et
1471 5569 1663 5628 przeler
1693 5560 1868 5613 homi-

286 5666 410 5706 nem
443 5664 492 5706 et
523 5662 716 5721 praeter
747 5655 941 5707 animal
972 5668 1094 5708 esse
1124 5660 1317 5721 potest.
1349 5652 1404 5706 Si
1429 5667 1557 5705 vero
1586 5651 1656 5704 sit
1685 5652 1866 5716 homo,

287 5745 582 5797 animatum
615 5759 735 5799 esse
762 5759 982 5799 necesse
1013 5752 1116 5808 est,
1147 5753 1202 5798 et
1230 5757 1350 5798 cum
1376 5742 1666 5797 animatum
1700 5739 1868 5794 homi.

285 5836 371 5891 nis
425 5838 722 5894 essentiam
777 5845 1156 5910 consequatur,
1201 5835 1548 5905 consequitur
1592 5841 1650 5888 ut
1696 5831 1872 5903 ipsum

1967 1922 2135 1990 possit
2163 1936 2282 1976 esse
2310 1921 2526 1989 quidem
2558 1931 2610 1976 et
2651 1937 2755 1975 non
2785 1935 2925 1984 esse,
2963 1921 3008 1972 si
3057 1933 3161 1973 non
3189 1917 3348 1972 fuerit
3371 1916 3420 1981 ὁ,
3450 1915 3548 1971 sed

1967 2026 2090 2070 tunc
2111 2025 2315 2071 tantum
2349 2031 2571 2071 necesse
2601 2018 2669 2071 sit
2693 2031 2814 2072 esse
2845 2033 2870 2068 c
2903 2015 3208 2078 terminum,
3239 2015 3282 2068 si
3314 2015 3340 2066 ὁ
3371 2014 3550 2068 termi-

1965 2123 2066 2163 nus
2097 2126 2200 2162 non
2232 2110 2320 2176 sit,
2360 2111 2403 2164 si
2436 2110 2636 2164 idcirco
2674 2127 2777 2164 non
2807 2119 2890 2165 est
2935 2110 2985 2177 b,
3016 2111 3268 2183 quoniam
3299 2127 3330 2162 ιι
3359 2107 3547 2163 termi-

1964 2215 2063 2254 nus
2090 2216 2209 2256 esse
2241 2203 2527 2271 praedictus
2555 2212 2659 2267 est,
2693 2216 2750 2257 ut
2777 2204 2822 2256 si
2853 2203 2922 2257 sit
2951 2219 2983 2255 a
3011 2188 3190 2267 homo,
3221 2204 3249 2255 ὁ
3277 2201 3546 2256 inanima—

1965 2304 2098 2361 tum,
2133 2312 2158 2346 c
2188 2295 2460 2350 sensibile.
2491 2295 2619 2349 Nam
2648 2296 2692 2350 si
2722 2305 2807 2350 est
2831 2296 3012 2361 homo,
3043 2311 3146 2349 non
3177 2305 3255 2349 est
3287 2295 3548 2349 inaniina-

1964 2395 2098 2451 tum,
2132 2387 2389 2442 sensibile
2416 2402 2543 2442 vero
2575 2403 2696 2443 esse
2740 2397 2915 2457 potest
2959 2388 3115 2442 simul
3165 2394 3219 2441 et
3248 2402 3352 2440 non
3401 2401 3543 2452 esse,

1962 2491 2086 2530 cum
2135 2478 2487 2531 inanimatam
2519 2495 2626 2532 non
2667 2478 2758 2536 sit.
2813 2477 3046 2534 Possunt
3074 2478 3215 2531 enim
3246 2491 3366 2531 esse
3396 2492 3544 2545 qua:-

1960 2567 2082 2621 dam
2114 2584 2230 2636 qute
2255 2583 2352 2623 nec
2385 2569 2672 2622 inanimata
2718 2577 2862 2634 sunt,
2904 2583 3005 2623 nec
3035 2567 3334 2633 sensibilia,
3365 2575 3424 2622 ut
3448 2582 3542 2624 ar-

1960 2658 2139 2714 bores.
2169 2659 2309 2712 ldem
2344 2668 2521 2714 tamen
2553 2660 2806 2713 Sensibile
2855 2673 3075 2713 necesse
3122 2666 3207 2713 est
3247 2671 3388 2723 esse,
3417 2671 3543 2711 cum

1960 2766 2068 2806 non
2097 2753 2169 2806 sit
2197 2751 2543 2806 inanimatam
2562 2792 2578 2817 ,
2607 2751 2650 2804 si
2683 2751 2881 2804 idcirco
2921 2749 3270 2803 inanimatam
3304 2763 3408 2802 non
3435 2757 3542 2813 est,

1959 2843 2275 2922 quiabomo
2304 2857 2424 2898 esse
2448 2843 2732 2910 prredictus
2761 2850 2860 2896 est.
2894 2841 3099 2896 Rursus
3127 2848 3315 2910 quarta
3348 2852 3543 2908 propo-

1958 2919 2272 3001 sitio—hujus
2299 2948 2419 2988 esse
2453 2933 2612 2988 debet
2642 2932 3014 3002 proprietatis,
3044 2941 3104 2986 ut
3133 2930 3161 2984 ὁ
3187 2931 3402 3001 quidem
3434 2939 3546 2984 ter-

1959 3025 2138 3080 minus
2185 3025 2330 3079 nullo
2360 3025 2520 3078 modo
2561 3037 2680 3078 esse
2708 3023 2905 3092 possit,
2948 3023 2992 3076 si
3021 3023 3178 3078 fuerit
3199 3037 3252 3086 a,
3281 3029 3337 3074 at
3363 3035 3488 3074 vero
3515 3035 3544 3073 ο

1960 3117 2132 3186 possit
2153 3129 2272 3170 esse
2298 3123 2351 3170 et
2373 3129 2481 3169 non
2507 3113 2710 3182 esse,si
2745 3128 2850 3168 non
2877 3111 3032 3167 fuerit
3052 3113 3100 3166 b.
3133 3111 3240 3167 Sed
3271 3122 3394 3166 tunc
3421 3119 3546 3166 tan-

1882 3204 1931 3270 C
1966 3220 2076 3264 tum
2115 3225 2142 3261 c
2180 3223 2300 3264 cum
2340 3223 2447 3262 non
2488 3205 2646 3261 fuerit
2682 3207 2732 3269 b,
2765 3221 2872 3260 non
2912 3221 3034 3262 esse
3063 3220 3280 3262 necesse
3309 3205 3398 3270 sit,
3426 3206 3468 3259 si
3514 3205 3544 3258 ὸ

1968 3301 2231 3355 terminus
2263 3314 2369 3354 non
2404 3299 2494 3366 sit,
2528 3297 2650 3368 quia
2683 3316 2713 3352 a
2741 3299 3002 3354 terminus
3032 3299 3176 3368 prius
3205 3313 3325 3354 esse
3351 3313 3546 3368 propo-

1961 3395 2099 3448 situs
2127 3404 2230 3459 est,
2259 3404 2317 3448 ut
2355 3393 2400 3446 si
2428 3393 2499 3446 sit
2524 3409 2554 3444 a
2583 3391 2766 3458 homo,
2797 3391 2826 3443 b
2856 3391 3229 3459 inanimatam,
3260 3407 3286 3444 c
3316 3391 3545 3446 insensi-

1965 3484 2104 3548 bile;
2139 3484 2489 3537 inanimatum
2521 3483 2662 3537 enim
2695 3496 2798 3535 non
2829 3484 2932 3534 erit
2961 3481 3007 3534 si
3037 3479 3197 3535 fuerit
3230 3480 3420 3545 homo;
3454 3481 3541 3536 in-

1965 3577 2217 3632 sensibile
2266 3590 2395 3630 vero
2440 3584 2613 3644 potest
2656 3588 2778 3628 esse
2819 3582 2875 3628 et
2919 3587 3022 3626 non
3075 3586 3228 3636 esse,
3259 3573 3305 3627 si
3336 3587 3442 3625 non
3472 3573 3547 3626 sit

1965 3669 2338 3722 inanimatum.
2389 3667 2536 3722 Tunc
2575 3675 2778 3720 tantum
2819 3663 3129 3718 insensibile
3157 3678 3263 3717 non
3294 3675 3413 3718 esse
3443 3676 3570 3734 [ιε-⁸

1965 3777 2115 3817 cesse
2144 3771 2246 3825 est,
2273 3777 2392 3816 cum
2424 3761 2777 3814 inanimatum
2810 3773 2915 3813 non
2949 3759 3042 3825 sit,
3073 3772 3193 3812 cum
3225 3755 3424 3812 idcirco
3456 3756 3546 3810 iu-

1962 3854 2252 3907 auimatum
2299 3868 2405 3907 non
2449 3862 2550 3917 est,
2582 3851 2714 3928 qtda,
2747 3853 2907 3906 homo
2940 3865 3059 3906 esse
3106 3849 3386 3919 praedictus
3439 3841 3569 3926 εειοξ

1963 3945 2155 4011 Quinta
2211 3961 2420 4014 quoque
2479 3945 2770 4014 prepositio
2831 3943 2961 3998 tales
3026 3943 3224 3997 habere
3281 3941 3546 3997 terminos

1965 4038 2142 4101 debet,
2170 4047 2225 4090 ut
2251 4055 2282 4090 α
2309 4037 2524 4107 quidem
2556 4037 2600 4091 si
2626 4053 2729 4092 non
2763 4038 2852 4102 sit,
2883 4050 3104 4092 necesse
3133 4037 3203 4090 sit
3229 4050 3351 4091 esse
3371 4034 3422 4101 ὁ,
3446 4035 3495 4091 si
3515 4034 3547 4088 ό

1965 4136 2222 4188 terminus
2254 4136 2341 4194 sit,
2372 4133 2541 4202 possit
2569 4144 2622 4187 et
2651 4147 2772 4187 esse
2794 4140 2849 4186 ει
2874 4147 2978 4184 non
3005 4145 3127 4186 esse
3155 4147 3201 4184 ε.
3242 4129 3395 4184 Τιιιιε
3423 4107 3569 4200 ιλιι-ξ

1967 4236 2075 4278 ιιιιιι
2104 4242 2130 4277 c
2158 4239 2277 4279 esse
2305 4239 2524 4278 necesse
2553 4225 2643 4289 sit,
2673 4239 2792 4278 cum
2824 4221 2986 4277 fuerit
3010 4223 3058 4288 b,
3087 4237 3206 4276 cum
3239 4222 3436 4277 idcirco
3461 4229 3550 4277 est

1968 4317 2018 4382 ὸ,
2045 4317 2169 4393 quia
2210 4334 2241 4369 α
2273 4317 2534 4370 terminus
2559 4330 2678 4370 esse
2707 4325 2928 4384 negatus
2956 4325 3061 4381 est,
3090 4324 3148 4368 ut
3185 4315 3232 4369 si
3259 4316 3328 4370 sit
3359 4332 3391 4368 a
3421 4311 3570 4386 quio'

1966 4393 2088 4462 dein
2117 4409 2430 4470 animatum,
2460 4408 2486 4459 b
2518 4422 2648 4461 vero
2677 4407 3006 4474 insensibile,
3035 4423 3063 4460 c
3091 4407 3330 4462 invitale.
3382 4407 3550 4478 Igitur

1970 4500 2016 4554 si
2050 4514 2152 4553 non
2191 4500 2260 4553 sit
2302 4500 2629 4562 animatum,
2672 4499 2848 4553 statim
2880 4501 3225 4567 consequitur
3271 4509 3330 4554 ut
3367 4501 3437 4554 sit
3466 4500 3552 4556 in-

1895 4579 1946 4639 D
1971 4591 2249 4656 sensibile,
2293 4592 2512 4645 invitale
2548 4600 2722 4644 autem
2754 4599 2926 4659 potest
2963 4606 3103 4657 esse,
3134 4592 3177 4645 si
3213 4592 3281 4645 sit
3318 4591 3550 4647 insensi-

1974 4684 2103 4746 bile,
2132 4693 2187 4736 ut
2210 4680 2360 4752 lapis,
2390 4692 2566 4752 potest
2594 4698 2719 4737 vero
2749 4698 2852 4736 non
2878 4697 2997 4738 esse
3027 4683 3265 4748 invitale,
3295 4684 3340 4737 si
3372 4687 3442 4738 sit
3465 4685 3552 4739 in-

1972 4773 2245 4836 sensibile,
2281 4784 2335 4827 ut
2370 4783 2493 4826 sunt
2537 4775 2774 4826 arbores.
2807 4773 2908 4827 Sed
2951 4782 3073 4828 tunc
3116 4783 3341 4840 tantum,
3377 4775 3553 4844 posito

1972 4865 2293 4931 insensibili,
2334 4866 2680 4933 consequitur
2706 4875 2763 4918 ut
2795 4865 3012 4921 iuvitale
3049 4881 3168 4922 esse
3207 4881 3426 4921 necesse
3454 4864 3550 4930 sit,

1973 4972 2092 5012 cum
2124 4957 2323 5011 idcirco
2350 4966 2432 5011 est
2473 4957 2799 5024 insensibile,
2833 4959 2951 5025 quia
2982 4974 3087 5012 non
3119 4968 3198 5012 est
3233 4957 3547 5028 animatum.

1974 5050 2280 5115 Sextavero
2304 5049 2594 5118 propositio
2617 5049 2747 5102 tales
2768 5048 2964 5103 habere
2985 5049 3242 5103 terminos
3257 5045 3550 5112 desiderat,

1974 5150 2033 5195 ut
2063 5142 2090 5193 b
2119 5141 2329 5210 quidem
2359 5156 2476 5195 esse
2506 5155 2724 5195 necesse
2753 5142 2840 5206 sit,
2869 5141 2915 5194 si
2941 5157 3044 5195 non
3072 5142 3230 5194 fuerit
3259 5158 3309 5204 a,
3341 5147 3397 5193 at
3422 5153 3553 5195 vero

1975 5250 2002 5287 c
2034 5235 2292 5288 terminus
2339 5233 2383 5290 si
2435 5235 2504 5287 sit
2547 5235 2596 5297 b,
2637 5236 2719 5288 vel
2749 5250 2868 5289 esse
2917 5236 2997 5288 vel
3043 5249 3146 5288 non
3178 5248 3298 5288 esse
3350 5234 3552 5300 possit;

1977 5335 2102 5380 tunc
2141 5337 2313 5380 tamen
2347 5343 2372 5378 c
2398 5340 2500 5379 non
2524 5341 2643 5380 ε-ςεε
2671 5342 2888 5381 necesse
2910 5329 2998 5392 sit,
3026 5341 3144 5379 cum
3172 5325 3243 5378 sit
3265 5325 3315 5386 b,
3340 5325 3556 5394 quando

1980 5417 2183 5471 ideirco
2207 5427 2288 5472 est
2304 5420 2353 5481 ὁ,
2369 5418 2488 5485 quia
2511 5435 2540 5469 η
2565 5418 2820 5472 terminus
2845 5433 2949 5472 non
2976 5431 3093 5471 esse
3123 5417 3425 5486 propositus
3446 5426 3555 5482 est,

1979 5522 2140 5575 veluti
2188 5522 2232 5574 si
2285 5521 2352 5574 sit
2398 5539 2429 5574 a
2471 5523 2794 5588 animatum,
2847 5523 2874 5573 b
2921 5521 3250 5584 insensibile,
3300 5537 3326 5573 c
3372 5521 3552 5574 vitale.

1982 5625 2110 5679 Nam
2142 5639 2359 5678 necesse
2383 5633 2463 5677 est
2489 5639 2609 5678 esse
2656 5622 2983 5687 insensibile,
3015 5623 3058 5676 si
3089 5637 3196 5677 non
3228 5623 3386 5676 fuerit
3435 5623 3554 5674 ani-

1982 5736 2207 5791 matum,
2238 5741 2357 5780 cum
2388 5739 2516 5778 vero
2544 5726 2610 5776 sit
2641 5724 2969 5790 insensibile,
3002 5721 3114 5779 ﬁeri
3137 5724 3349 5794 quidem
3382 5731 3556 5791 potest

1981 5835 2039 5883 ut
2062 5843 2164 5884 non
2193 5829 2355 5895 vivat,
2378 5802 2543 5882 veluti
2575 5825 2730 5897 lapis,
2762 5825 2877 5883 tieri
2903 5837 3079 5891 autem
3109 5834 3285 5900 potest
3314 5835 3371 5881 ut
3390 5826 3556 5892 vivat,
