4112 6332
502 300 602 357 851

1753 300 1864 356 AN.
1906 300 2110 356 MANL.
2153 298 2302 355 SEV.
2344 300 2569 356 ΒΟΕΤΙΙ

3672 297 3780 353 852

503 411 675 468 veluti»
712 412 905 476 arbor;
956 420 1081 466 tunc
1130 421 1304 465 tamen
1345 423 1569 465 necesse
1611 419 1694 463 est
1745 424 1849 465 non
1881 410 2083 476 vivere,
2118 410 2170 470 Α
2197 411 2494 482 syllogismi
2528 410 2683 480 ﬁunt,
2724 410 2775 467 si
2802 426 2908 467 non
2935 386 3018 467 est
3039 427 3070 465 a
3100 425 3222 467 cum
3252 411 3323 466 sit
3348 410 3398 474 lt,
3431 419 3514 465 est
3535 426 3601 473 ες
3632 410 3780 479 atqui

504 519 630 559 eum
670 503 741 559 sit
780 502 1116 568 insensibile,
1145 502 1359 573 quando
1404 500 1603 557 idcirco
1629 512 1710 557 est
1754 503 2083 566 insensibile,

500 595 630 667 quia
672 596 961 649 animatum
1007 608 1113 648 non
1143 608 1265 650 esse
1299 594 1628 663 propositum
1660 602 1763 648 est.
1817 594 2088 664 Septimus

506 672 700 742 modus
751 686 942 741 talibus
988 685 1235 741 terminis
1276 684 1436 741 debet
1485 698 1608 740 esse
1635 693 1938 751 contextus,
1968 693 2030 739 ut
2059 684 2088 737 b

506 775 721 847 quidem
754 777 873 831 sine
900 794 934 830 ο
958 791 1089 832 εεεε
1125 792 1229 830 non
1276 776 1466 847 possit,
1499 792 1526 829 ε
1552 785 1730 831 autem
1774 776 1819 829 si
1863 790 1969 830 non
1998 775 2087 841 sit,

509 870 539 924 ιι
569 883 695 924 esse
729 880 782 923 et
811 883 917 924 non
957 882 1077 924 esse
1107 868 1302 938 possit;
1353 877 1481 922 tunc
1510 876 1683 921 tamen
1716 879 1937 921 necesse
1963 866 2036 920 sit
2064 882 2093 917 ε

506 961 793 1015 terminum
821 974 973 1027 esse,
1006 960 1051 1014 si
1082 975 1185 1014 non
1217 959 1287 1014 sit
1316 959 1363 1026 b,
1395 973 1521 1013 cum
1549 959 1749 1014 idcirco
1779 958 1807 1011 ὁ
1839 973 1943 1012 non
1973 972 2095 1012 esse

504 1052 737 1122 positum
769 1053 859 1116 sit,
887 1052 1138 1121 quoniam
1161 1069 1193 1105 a
1217 1052 1387 1106 fuerat
1415 1050 1752 1121 denegatum.
1785 1048 1866 1105 Sit
1897 1049 2038 1103 enim
2062 1066 2096 1102 α

507 1145 725 1213 quidem
757 1136 1072 1209 animatum,
1105 1144 1133 1197 lt
1163 1157 1293 1199 vero
1322 1143 1599 1209 sensibile,
1633 1159 1660 1196 c
1689 1142 1941 1207 invitale;
1972 1157 2096 1196 sen-

510 1236 671 1292 sibile
710 1237 874 1308 igitur
912 1252 1035 1292 esse
1071 1252 1183 1292 non
1223 1246 1399 1307 potest
1430 1236 1531 1291 nisi
1574 1233 1732 1289 fuerit
1778 1235 2092 1288 animatum.

510 1330 573 1384 Si»
615 1330 779 1399 igitur
818 1346 924 1385 non
985 1331 1055 1386 sit
1101 1332 1416 1396 animatum,
1450 1343 1555 1384 non
1596 1331 1699 1384 erit
1747 1330 2018 1395 sensibile,
2048 1330 2101 1384 si

512 1439 642 1479 vero
673 1440 776 1479 non
808 1426 878 1480 sit
906 1424 1182 1489 sensibiie,
1217 1434 1389 1495 potest
1428 1438 1548 1478 esse
1586 1423 1823 1487 invitale,
1862 1422 2007 1477 velut
2042 1424 2101 1477 in-

515 1516 809 1583 lapidibus;
840 1516 980 1571 idem
1014 1526 1195 1585 potet
1219 1531 1323 1571 non
1347 1529 1487 1580 esse,
1516 1515 1666 1569 velut
1698 1516 1747 1568 in
1782 1513 2093 1578 arboribus;

416 1610 421 1617 “
517 1618 647 1662 tunc
699 1616 887 1662 tamen
931 1608 1173 1663 sensibili
1220 1608 1481 1677 denegato
1515 1606 1731 1660 invitale
1773 1619 1991 1661 necesse
2018 1614 2105 1660 est

518 1712 670 1767 esse,
709 1716 830 1757 cum
864 1703 1064 1758 idcirco
1103 1718 1206 1757 non
1243 1702 1310 1755 sit
1338 1701 1609 1766 sensibile,
1660 1700 1778 1767 qui»
1811 1700 2105 1754 animatum

2193 512 2300 558 non
2333 513 2417 560 est
2449 522 2500 571 a,
2534 519 2654 559 cum
2693 504 2854 575 igitur
2882 506 2948 559 sit
2982 504 3032 569 ὑ,
3059 514 3142 561 εει
3172 520 3231 570 c;
3260 503 3340 560 vel
3372 503 3445 558 ita
3480 520 3493 558 :
3524 502 3669 573 atqui
3698 512 3785 557 est

2194 606 2247 663 α,
2278 612 2399 651 cum
2431 596 2590 666 igitur
2620 595 2687 652 sit
2720 597 2770 660 b,
2796 611 2899 649 non
2931 604 3012 651 εει
3040 595 3209 660 c;vel
3240 595 3312 650 ita
3343 611 3357 647 :
3388 595 3536 664 atqui
3564 608 3687 648 eum
3709 593 3787 647 sit

2197 688 2247 752 b,
2278 703 2382 743 non
2428 698 2509 744 est
2536 705 2584 753 c,
2620 700 2699 743 est
2730 688 2891 757 igitur
2916 705 2982 755 a;
3011 689 3096 745 vel
3140 690 3217 742 sic
3246 706 3258 741 :
3300 689 3445 757 atqui
3473 703 3590 742 cum
3632 687 3701 740 sit
3732 687 3783 752 b,

2196 788 2281 836 est
2306 797 2353 845 ε,
2386 796 2488 835 non
2519 789 2602 836 est
2632 780 2794 852 igitur
2822 798 2872 834 α.
2903 781 3054 849 Quod
3088 780 3284 835 idcirco
3304 779 3485 835 evenit
3515 787 3574 833 ut
3599 778 3789 848 hujus-

2200 871 2347 926 modi
2380 872 2678 941 propositio
2719 880 2947 942 quatuor
2984 870 3203 941 colligat
3246 872 3616 942 syllogismos,
3662 872 3829 946 quia.

2202 963 2252 1016 iu
2288 963 2368 1017 liis
2399 971 2602 1017 tantum
2648 964 2694 1018 si
2724 978 2831 1017 non
2863 963 2934 1017 sit
2964 963 3185 1032 aliquid,
3216 978 3337 1017 esse
3381 962 3523 1017 aliud
3558 962 3788 1031 pr0poni

2203 1062 2398 1122 potest,
2425 1054 2475 1107 iu
2525 1055 2721 1124 quibus
2766 1056 3037 1108 contraria
3073 1053 3448 1109 medietatibus
3471 1062 3696 1118 carent;
3732 1058 3785 1107 in

2204 1145 2287 1200 bis
2326 1146 2471 1201 enim
2497 1147 2577 1201 vel
2611 1146 2935 1215 interempto
2967 1146 3137 1201 altero
3164 1147 3393 1201 alterum
3436 1134 3672 1214 ponitur,
3705 1145 3789 1199 vel

2206 1239 2379 1306 posito
2400 1238 2587 1307 altero,
2606 1237 2830 1292 alterum
2846 1253 3068 1293 necesse
3088 1246 3171 1293 est
3188 1238 3499 1308 perimatur.
3521 1236 3595 1292 Ex
3611 1247 3786 1302 sexta,

2207 1329 2254 1383 si
2298 1342 2404 1382 non
2434 1329 2504 1381 sit
2546 1346 2596 1393 a,
2630 1344 2752 1384 cum
2774 1329 2843 1383 sit
2869 1329 2920 1397 b,
2950 1343 3057 1384 non
3089 1340 3170 1384 est
3199 1346 3257 1393 c;
3288 1328 3435 1399 atqui
3474 1343 3578 1383 non
3624 1341 3707 1383 est
3733 1346 3787 1390 a.

2206 1435 2328 1475 eum
2361 1421 2535 1491 igitur
2549 1422 2619 1477 sit
2650 1423 2699 1487 b,
2735 1438 2838 1478 non
2866 1433 2946 1479 est
2967 1439 3025 1490 c;
3054 1423 3137 1477 vel
3166 1423 3238 1477 ita
3272 1442 3283 1476 :
3317 1423 3463 1494 atqui
3492 1437 3613 1478 cum
3643 1422 3710 1477 sit
3736 1423 3787 1487 ὁ,

2208 1522 2292 1569 est
2316 1529 2363 1581 ε,
2393 1515 2552 1584 igitur
2577 1526 2657 1570 est
2684 1533 2737 1571 α.
2771 1516 2845 1570 Ex
2870 1516 3118 1585 septima,
3144 1517 3189 1571 si
3219 1530 3323 1572 non
3350 1524 3432 1571 est
3452 1533 3505 1582 a,
3535 1530 3656 1572 cum
3684 1530 3790 1569 non

2209 1606 2277 1671 sit
2303 1606 2353 1665 b.
2385 1615 2465 1659 est
2490 1622 2551 1671 c;
2583 1607 2878 1676 atqui'uon
2911 1616 2995 1662 est
3020 1622 3085 1673 a,
3131 1621 3249 1662 cum
3298 1606 3459 1676 igitur
3506 1622 3612 1661 non
3643 1607 3715 1662 sit
3737 1606 3788 1668 ὁ,

2211 1705 2294 1751 est
2326 1712 2383 1760 c;
2415 1698 2497 1751 vel
2531 1698 2601 1751 ita
2630 1713 2644 1749 :
2676 1698 2823 1767 atqui
2850 1708 2931 1752 est
2959 1714 3012 1763 α,
3042 1711 3164 1752 cum
3194 1697 3355 1767 igitur
3380 1710 3487 1752 non
3511 1704 3582 1752 sit
3602 1695 3652 1761 ὁ,
3684 1710 3791 1751 non

521 1806 635 1847 non
658 1808 778 1848 esse
808 1795 1039 1859 positum
1064 1804 1166 1849 est.
1196 1794 1392 1848 Octava
1424 1786 1718 1863 propositio
1749 1792 1830 1845 his
1861 1790 2103 1845 terminis
2131 1782 2183 1849 Β
2208 1798 2290 1842 εει
2316 1805 2379 1852 c;
2425 1789 2507 1842 vel
2564 1789 2631 1843 ita
2661 1806 2676 1841 :
2702 1790 2844 1859 atqui
2893 1802 3013 1843 cum
3061 1803 3168 1843 non
3209 1788 3279 1843 sit
3307 1788 3358 1855 ὸ,
3392 1802 3501 1843 non
3525 1797 3607 1844 est
3634 1804 3683 1854 c,
3710 1799 3792 1843 est

519 1886 882 1942 remouenda
930 1895 1032 1949 est,
1078 1894 1135 1940 ut
1172 1886 1201 1939 ὸ
1233 1887 1497 1940 terminus
1532 1899 1650 1939 esse
1689 1899 1792 1936 non
1830 1883 2021 1952 possit,
2053 1882 2105 1935 si

519 1991 626 2033 non
659 1978 822 2034 fuerit
844 1998 897 2045 a,
930 1996 1052 2035 eum
1083 1994 1211 2034 vero
1243 1994 1346 2033 non
1378 1980 1447 2033 sit
1474 1979 1525 2045 ὸ,
1560 1978 1820 2032 terminus
1848 1993 1874 2029 c
1904 1987 1958 2031 et
1998 1991 2105 2030 non

520 2084 644 2124 esse
667 2081 723 2125 et
752 2085 875 2126 esse
894 2071 1082 2141 possit.
1128 2071 1235 2127 Sed
1277 2081 1404 2125 tune
1436 2084 1656 2125 necesse
1682 2069 1753 2125 sit
1770 2085 1797 2122 ο
1821 2070 2104 2123 terminum

524 2175 632 2214 non
664 2176 806 2226 esse,
838 2178 959 2217 eum
1003 2178 1108 2217 non
1141 2163 1299 2217 fuerit
1333 2161 1383 2226 ιι,
1419 2176 1540 2215 cum
1580 2160 1781 2215 idcirco
1812 2174 1916 2213 non
1957 2160 2027 2213 sit
2053 2159 2103 2221 ὁ.

524 2252 708 2333 quina
738 2254 1001 2309 terminus
1031 2254 1179 2325 prius
1218 2266 1339 2308 esse
1368 2260 1589 2322 negatus
1628 2260 1733 2315 est,
1782 2260 1840 2305 ut
1883 2252 1927 2305 si
1978 2251 2045 2305 sit
2076 2268 2113 2304 α

521 2347 739 2415 quidem
770 2348 1095 2413 animatum,
1131 2347 1158 2400 ὁ
1184 2360 1321 2402 vero
1341 2344 1619 2407 sensibile,
1658 2360 1684 2396 c
1706 2342 1887 2409 vitale,
1933 2345 2109 2398 sensi-

525 2441 645 2497 bilo‘
676 2442 837 2511 igitur
877 2456 1000 2497 esse
1046 2455 1159 2496 non
1201 2449 1381 2510 potest
1426 2439 1527 2493 nisi
1579 2438 1739 2493 luerit
1780 2436 2107 2503 animatum;

520 2534 679 2597 idem
707 2543 895 2589 tamen:
915 2533 1175 2589 sensibile
1212 2533 1259 2587 si
1291 2547 1393 2585 non
1424 2531 1513 2595 sit,
1545 2539 1601 2586 et
1624 2544 1745 2585 esse
1774 2538 1827 2584 et
1855 2544 1961 2583 non
1990 2538 2114 2583 esse

525 2624 1093 2695 tinnientem-non
1136 2637 1279 2690 esse,
1329 2633 1387 2677 ut
1435 2622 1657 2693 lapides,
1690 2634 1808 2676 esse
1851 2620 2027 2686 vitale,
2054 2626 2119 2675 ut

424 2782 427 2783 ν
526 2718 778 2783 arbores;
832 2726 969 2773 tune;
1008 2729 1186 2772 tamen
1237 2730 1463 2771 necesse
1518 2724 1605 2771 est
1628 2715 1796 2770 vitale
1834 2728 2110 2780 non.esse,

525 2809 715 2863 sitnon
754 2808 1139 2876 sitisensibite',
1177 2822 1299 2864 cum
1329 2807 1531 2863 idcirco
1568 2806 1825 2861 sensibile
1870 2820 1974 2862 non
2006 2814 2112 2869 est,

524 2900 652 2971 quin
680 2901 1141 2970 priustanimutom
1162 2914 1285 2956 esse
1310 2911 1561 2972 negatum
1593 2909 1696 2955 est.
1732 2899 1812 2953 Ex
1842 2899 1924 2953 Itis
1952 2899 2118 2969 igitur

520 2980 735 3048 constat
761 3009 790 3046 c
817 2995 1123 3056 terminum,
1154 3007 1373 3063 quoquo
1398 2992 1557 3047 modo
1587 2991 1745 3047 fuerit
1774 2994 1822 3057 b,
1855 2990 1908 3045 in
1933 2991 2119 3045 condi-

528 3084 816 3140 tionaiibus
857 3085 1333 3153 propositionibus,
1381 3098 1497 3154 qute
1526 3083 1581 3138 in
1614 3091 1721 3138 tota
1750 3084 2121 3138 enuntiatione

2213 1881 2373 1948 igitur
2395 1895 2458 1943 a;
2488 1879 2575 1934 vei
2606 1883 2672 1933 ita
2707 1898 2718 1930 :
2748 1880 2894 1949 atqui
2935 1894 3057 1935 eum
3088 1894 3195 1935 non
3218 1881 3286 1935 sit
3318 1879 3369 1941 ὁ.
3399 1892 3480 1936 est
3499 1896 3547 1949 ε,
3577 1892 3685 1936 non
3712 1888 3793 1935 est

2212 1970 2373 2038 igitur
2393 1986 2443 2024 a.
2473 1970 2531 2025 in
2553 1973 2652 2025 liae
2674 1984 2886 2040 quoque
2910 1971 3281 2042 complexione
3304 1982 3523 2042 propter
3544 1971 3791 2027 eamdem

2212 2079 2426 2117 causam
2453 2074 2684 2134 quatuor
2710 2064 3055 2120 collectiones
3086 2062 3240 2120 ﬁunt.
3275 2064 3349 2119 Ex
3378 2073 3584 2129 octava,
3614 2063 3661 2119 si
3687 2078 3795 2117 non

2214 2169 2295 2211 est
2320 2175 2371 2219 a,
2406 2172 2527 2211 eum
2568 2173 2673 2212 non
2709 2159 2779 2212 sit
2811 2157 2862 2224 θ,
2895 2172 2999 2212 non
3049 2166 3131 2213 est
3162 2173 3229 2222 σῖ
3276 2157 3421 2227 atqui
3470 2172 3577 2212 non
3621 2165 3706 2212 est
3738 2172 3790 2220 α,

2214 2264 2333 2304 cum
2380 2247 2543 2319 igitur
2572 2264 2677 2305 non
2720 2250 3002 2315 uitb,.nou
3036 2258 3119 2305 est
3145 2265 3203 2315 c;
3231 2249 3317 2304 vel
3345 2248 3415 2302 ita
3449 2263 3465 2304 :
3497 2247 3641 2317 atqui
3672 2260 3799 2301 cunt

2217 2361 2324 2399 non
2353 2346 2422 2399 sit
2452 2346 2502 2408 b,
2537 2355 2619 2400 est
2643 2361 2688 2411 ε,
2722 2334 2806 2399 est
2847 2345 3008 2414 igitur
3036 2359 3087 2397 α.
3140 2341 3193 2397 in
3223 2342 3306 2396 bis
3336 2352 3562 2413 quatuor
3588 2354 3799 2409 quoque

2217 2437 2697 2506 propositionibus,
2721 2436 3001 2505 siquidem
3031 2452 3061 2488 a
3088 2450 3193 2489 non
3224 2444 3306 2489 est
3325 2448 3443 2488 esse
3470 2443 3793 2497 assumatur,

2218 2546 2246 2581 ε
2277 2529 2537 2583 terminus
2565 2530 2649 2583 vel
2671 2543 2791 2583 esse
2814 2527 2897 2582 vel
2925 2542 3030 2582 non
3060 2542 3181 2583 esse
3204 2525 3559 2582 concluditur.
3591 2524 3649 2580 Si
3670 2538 3802 2578 vero

2220 2636 2248 2673 c
2277 2635 2398 2674 eum
2424 2628 2507 2673 est
2535 2635 2639 2674 non
2661 2634 2802 2685 esse,
2821 2620 2906 2673 vel
2933 2634 3053 2674 cum
3083 2635 3195 2674 non
3215 2628 3299 2675 est
3322 2626 3797 2682 esseassumatur,

2220 2728 2254 2763 a
2276 2713 2536 2767 terminus
2564 2727 2777 2781 semper
2801 2726 2921 2766 esse
2945 2711 3301 2775 concluditur,
3333 2710 3437 2765 nisi
3459 2711 3521 2765 in
3537 2710 3722 2780 quinto
3745 2718 3801 2765 ot

2220 2802 2451 2872 septimo
2481 2811 2683 2857 tantum
2712 2803 2903 2866 modis,
2939 2802 3025 2857 ubi
3057 2818 3176 2858 eum
3211 2819 3239 2855 c
3266 2816 3389 2858 esse
3417 2814 3736 2865 assumatur,
3766 2816 3803 2854 α

2221 2911 2329 2950 non
2358 2910 2480 2951 esse
2515 2904 2863 2950 monstratur.
2914 2894 3167 2953 Omnium
3201 2909 3339 2950 vero;
3370 2894 3673 2951 comi-unis
3719 2902 3805 2947 est

2221 2991 2379 3054 ratio,
2415 2999 2607 3058 praeter
2647 2989 2888 3056 quintum
2919 3000 2982 3041 ac
3014 2987 3307 3055 septimum
3348 2985 3585 3048 modum,
3614 2996 3671 3038 ut
3697 2986 3741 3038 si
3769 3001 3803 3037 a

2223 3081 2483 3135 terminus
2512 3081 2583 3134 ita
2612 3090 2915 3135 assumatur
2934 3124 2948 3148 ,
2981 3080 3259 3149 quomodo
3279 3081 3334 3133 in
3365 3078 3535 3148 prima
3558 3077 3805 3133 enuntia-

527 3183 663 3246 post
686 3176 1053 3243 prtrdicativas
1080 3176 1347 3241 locantur,
1379 3189 1540 3246 posse
1586 3184 1691 3230 tam
1735 3176 1853 3231 loco
1882 3174 2121 3229 sillrma-
2148 3169 2203 3237 εἳ
2226 3173 2370 3227 tione
2400 3174 2703 3241 propositus
2730 3184 2814 3228 est
2837 3213 2855 3234 .
2881 3171 3119 3227 conditio
3147 3185 3266 3241 qua
3295 3171 3556 3240 sequitur,
3590 3170 3645 3223 in
3671 3185 3802 3223 eon-

529 3266 694 3321 tionis
736 3280 898 3337 quam
926 3268 1225 3335 negationis
1269 3267 1508 3331 assumi,
1558 3281 1628 3322 ex
1658 3266 1854 3336 quibus
1901 3280 2116 3319 assunt-

534 3357 809 3426 ptionibus
850 3358 987 3414 liunt-
1022 3359 1427 3428 complexiones
1452 3358 1614 3412 varice
1659 3358 2115 3428 syllogismorum.

529 3450 635 3506 His
676 3451 840 3522 igitur
888 3453 959 3507 ita
1005 3452 1288 3523 expeditis,
1318 3452 1388 3507 de
1431 3452 1679 3506 omnibus
1729 3452 1781 3506 in
1833 3465 2119 3507 commune

531 3542 951 3614 praecipiendum
972 3544 1207 3609 videtur;
1234 3558 1355 3598 nam
1374 3559 1494 3599 cum
1522 3543 1632 3598 sint
1654 3551 1775 3599 octo
1795 3543 2117 3612 propositio-

531 3647 643 3689 nes
674 3648 793 3704 quae
838 3649 913 3690 ex
939 3634 1278 3705 praedicativa
1320 3636 1768 3707 hypotlteticaque
1808 3644 2116 3702 nectuntur,

530 3740 652 3795 quin
676 3728 929 3796 superius
964 3728 1215 3793 ascripta:
1236 3737 1393 3793 sunt,
1433 3742 1616 3781 earum
1648 3735 1878 3797 quatuor
1916 3727 1990 3781 ita
2040 3727 2119 3781 fa-

531 3818 683 3871 ciunt
701 3818 1163 3885 consequentiam,
1187 3819 1230 3871 si
1253 3835 1287 3871 α
1308 3819 1577 3873 terminus
1600 3819 1703 3883 sit;
1737 3827 1966 3888 quatuor
1990 3834 2121 3875 vero

533 3906 611 3962 ita
645 3907 1009 3964 conditionem
1057 3919 1383 3977 proponunt,
1436 3921 1495 3965 ut
1536 3927 1567 3963 a
1604 3912 1865 3965 terminus
1893 3927 1995 3965 non
2028 3914 2119 3967 sit.

536 3996 705 4053 Bituw
726 4013 861 4055 vero
900 4014 966 4055 ex
1002 4000 1089 4054 bis
1131 4001 1425 4070 syllogismi
1467 4001 1568 4056 hoc
1612 4002 1793 4056 modo.
1836 4005 1910 4056 Ex
1950 4003 2121 4072 prima

534 4092 919 4161 propositione,
947 4093 997 4147 si
1022 4101 1104 4147 est
1126 4108 1179 4155 θ,
1224 4106 1347 4147 cum
1376 4093 1445 4146 sit
1471 4093 1521 4159 ὸ,
1550 4103 1631 4147 εει
1663 4110 1722 4158 c;
1773 4094 1918 4164 atqui
1952 4104 2033 4149 est
2062 4113 2114 4165 α,

540 4194 671 4237 sunt
704 4184 864 4254 igitur
904 4185 974 4240 sit
1002 4186 1052 4249 b,
1100 4194 1259 4249 esto,
1312 4186 1397 4239 vel
1443 4186 1521 4240 sie
1552 4186 1743 4256 :‘atqui
1794 4204 1913 4242 cum
1969 4190 2038 4243 sit
2066 4190 2118 4256 b,

534 4284 754 4329 nomen
780 4291 827 4339 ε,
860 4290 963 4330 non
992 4287 1084 4331 εει·
1104 4276 1264 4344 igitur
1290 4294 1340 4331 a.
1396 4276 1561 4333 Posse
1598 4288 1780 4334 autem
1812 4280 2123 4350 Itujusmodi

534 4379 658 4421 esse
684 4368 1105 4434 assumptionum
1132 4383 1197 4422 ex
1224 4370 1471 4438 superius
1501 4370 1766 4440 descripta
1798 4374 2120 4442 propositio-

536 4472 663 4511 num
690 4468 881 4513 natura
915 4459 1272 4529 cognoscitur.
1322 4462 1399 4515 Ex
1443 4463 1679 4518 secunda
1721 4466 2114 4534 propositione,

2223 3265 2465 3322 clusione
2507 3264 2767 3320 ﬁrmetur.
2840 3265 2897 3320 Si
2947 3281 3076 3320 vero
3116 3263 3355 3320 conditio
3396 3280 3517 3335 qua:
3559 3264 3799 3333 sequitur

2223 3357 2495 3413 contrario
2524 3358 2681 3414 modo
2728 3368 2887 3428 atque
2917 3359 2972 3412 in
3008 3358 3377 3415 enuntiatione
3424 3356 3699 3428 proposita.
3718 3366 3805 3413 est

2223 3461 2547 3515 assumatur,
2597 3453 2897 3518 categorica
2942 3452 3258 3521 propositio,
3306 3467 3426 3520 quas
3468 3451 3637 3520 prima
3690 3459 3801 3517 est,

2225 3542 2579 3598 interimatur.
2639 3541 2693 3597 in
2736 3546 2965 3610 septimo
3002 3558 3133 3597 vero
3161 3542 3247 3598 vel
3268 3541 3455 3611 quinto
3486 3541 3645 3596 modo
3670 3556 3802 3610 qua-

2224 3649 2329 3703 que
2373 3635 2583 3690 ratione
2617 3644 2948 3703 assumptum
2989 3635 3238 3699 alterum,
3270 3634 3322 3689 in
3367 3634 3603 3697 utrisque
3642 3631 3802 3702 parti-

2225 3725 2326 3783 bus
2373 3726 2530 3789 iaciet
2575 3721 3000 3783 conclusionem.
3051 3727 3232 3797 itaque
3281 3727 3411 3781 ﬁunt
3456 3728 3689 3784 sedecim
3721 3727 3799 3783 vel

2228 3818 2409 3888 viginti
2435 3818 2610 3887 potius
2636 3819 2930 3887 syllogismi
2953 3836 2969 3874 :
2995 3828 3118 3881 octo
3135 3819 3369 3889 quidem,
3389 3819 3433 3873 si
3458 3836 3489 3875 a
3521 3819 3799 3882 terminus,

2229 3922 2288 3968 ut
2312 3922 2395 3969 est
2420 3912 2746 3983 propositus,
2796 3922 3128 3979 assumatur;
3161 3925 3283 3977 octo
3307 3929 3456 3979 vero,
3500 3914 3544 3969 si
3574 3931 3602 3966 c
3624 3914 3802 3968 termi-

2228 4022 2361 4071 nus,
2395 4020 2655 4061 converso
2687 4006 2844 4059 modo
2878 4015 3036 4077 atque
3066 4007 3118 4061 in
3150 4006 3514 4076 propositione
3544 4016 3625 4061 cst
3653 4006 3797 4073 posi-

2231 4108 2335 4162 tus,
2365 4107 2686 4153 assumatur.
2734 4098 2977 4165 Quatuor
3023 4115 3153 4155 vero
3185 4116 3249 4155 ex
3280 4101 3507 4169 septimo
3536 4111 3587 4155 et
3618 4100 3803 4170 quinto

2228 4191 2402 4251 modis
2433 4191 2713 4261 utrobique
2744 4190 3059 4247 facientibus
3085 4193 3502 4249 conclusionem.
3562 4193 3807 4263 Reliquis

2230 4298 2357 4337 vero
2387 4283 2849 4352 complexionibus
2879 4283 3020 4338 nulla
3051 4294 3133 4339 est
3162 4284 3546 4354 consequentia
3568 4283 3799 4340 necessi-

2229 4374 2371 4428 tatis.
2415 4373 2482 4427 Ut
2511 4383 2687 4428 autem
2718 4374 2928 4442 planior
2977 4373 3282 4431 intellectus
3307 4376 3480 4439 ﬁeret,
3508 4376 3650 4447 ipsas
3683 4390 3801 4445 pro.

2228 4464 2522 4532 positiones
2543 4480 2662 4519 cum
2691 4465 2801 4520 suis
2831 4465 3072 4520 terminis
3100 4467 3301 4536 positas
3330 4468 3602 4531 annotavi,
3636 4476 3697 4523 ιιι
3718 4480 3801 4523 son

534 4549 587 4603 si.
602 4557 689 4603 est
707 4565 742 4602 α
766 4563 888 4604 cum
916 4550 986 4603 sit
1007 4550 1057 4615 ὁ,
1091 4565 1199 4605 non
1227 4559 1309 4605 est
1330 4567 1357 4604 c
1374 4567 1393 4615 ;
1428 4553 1575 4621 atqui
1608 4563 1691 4607 est
1720 4570 1773 4619 a,
1807 4570 1930 4609 cum
1959 4556 2121 4625 igitur
2147 4548 2201 4612 D
2226 4556 2457 4609 cuntlum
2489 4556 2769 4623 praedictos
2800 4557 3227 4626 assumptionum
3252 4558 3443 4623 modos
3468 4573 3579 4615 non
3597 4558 3803 4615 ratione

533 4641 605 4695 sit
631 4640 679 4708 b,
713 4656 818 4696 non
847 4652 933 4697 est
953 4658 1025 4709 c;-
1060 4642 1287 4697 vetita:
1320 4645 1464 4715 atqui
1496 4660 1619 4700 cum
1649 4646 1718 4700 sit
1742 4647 1791 4713 b,
1816 4630 1895 4703 est
1926 4665 1972 4713 c,
2008 4665 2115 4705 non

532 4739 616 4785 est
640 4730 801 4800 igitur
822 4748 875 4785 a.
911 4733 986 4785 Ex
1015 4733 1194 4798 tertia,
1217 4732 1261 4786 si
1290 4742 1373 4789 est
1401 4750 1454 4799 α,
1478 4749 1601 4790 eum
1631 4751 1737 4791 non
1768 4737 1836 4793 sit
1864 4740 1915 4804 ι»,
1947 4750 2028 4794 εει
2058 4757 2121 4806 c;

533 4822 678 4891 atqui
708 4830 869 4888 eota,
899 4837 1018 4877 cum
1049 4824 1209 4893 igitur
1239 4839 1341 4880 non
1367 4826 1439 4880 sit
1462 4827 1512 4890 b,
1548 4842 1656 4883 non
1682 4838 1766 4883 est
1793 4846 1850 4893 c;
1878 4831 1958 4886 vel
2006 4832 2117 4890 ita:

531 4911 682 4979 atqui
709 4927 828 4967 cum
856 4927 965 4969 non
990 4914 1062 4969 sit
1087 4915 1139 4982 ὁ,
1168 4930 1276 4971 non
1300 4925 1387 4972 est
1407 4933 1454 4984 c,
1486 4932 1591 4973 non
1621 4928 1706 4975 est
1740 4920 1900 4990 igitur
1929 4942 1980 4976 a.
2036 4924 2118 4980 Ex

532 5020 743 5080 quarta,
772 5013 819 5066 si
848 5022 934 5067 est
955 5029 1008 5079 α,
1036 5026 1171 5069 cum
1191 5028 1297 5068 non
1329 5016 1402 5070 sit
1430 5015 1481 5080 ὸ,
1515 5031 1620 5071 non
1652 5029 1735 5073 est
1774 5035 1800 5071 c
1819 5036 1838 5084 ,-
1865 5022 2010 5091 atqui
2036 5034 2120 5079 εει

532 5125 585 5174 a,
633 5124 757 5165 curn
804 5110 971 5180 igitur
1010 5125 1117 5167 non
1144 5111 1211 5166 sit
1237 5112 1288 5176 b,
1312 5122 1393 5167 est
1422 5129 1480 5180 c;
1513 5115 1597 5170 vel
1647 5116 1718 5171 ita
1756 5136 1766 5171 :
1800 5121 1945 5189 atqui
1995 5136 2119 5178 cum

534 5210 641 5254 non
674 5199 743 5256 sit
765 5199 813 5265 ὁ,
838 5208 923 5256 est
944 5214 995 5265 ε,
1024 5216 1128 5255 non
1147 5211 1228 5256 est
1250 5201 1411 5273 igitur
1435 5219 1488 5259 α.
1517 5205 1573 5259 1η
1599 5206 1680 5260 his
1705 5206 1865 5277 igitur
1890 5221 2119 5281 quatuor

534 5291 1020 5361 propositionibus,
1050 5293 1102 5347 in
1128 5294 1323 5363 quibus
1348 5311 1381 5348 a
1409 5297 1671 5353 terminus
1713 5313 1833 5356 esse
1865 5309 2117 5373 prepoui-

533 5393 639 5451 tnr,
667 5386 715 5440 si
738 5398 1067 5459 assumptum
1109 5388 1268 5447 fuerit
1304 5391 1549 5449 eumdem
1590 5413 1620 5448 a
1649 5399 1935 5454 terminum
1970 5416 2109 5468 esse,

532 5477 838 5534 nterminus
865 5480 955 5537 vel
980 5495 1103 5537 esse
1129 5481 1217 5538 vel
1246 5496 1354 5538 non
1384 5496 1505 5539 esse
1546 5495 1895 5544 monstratur.
1969 5492 2113 5547 idem

532 5579 663 5625 vero
686 5568 787 5625 sic
818 5570 1076 5628 terminus
1103 5581 1426 5640 assumatur,
1456 5564 1717 5645 siquidem
1742 5592 1861 5633 cum
1893 5590 1975 5637 est
2004 5598 2111 5638 non

530 5671 673 5727 esse,
698 5659 783 5717 vel
809 5676 1061 5723 cuntnon
1074 5668 1169 5729 est
1186 5678 1308 5720 esse
1327 5675 1649 5735 assumatur,
1670 5684 1702 5721 a
1724 5671 1986 5726 terminus
2005 5688 2113 5729 non

530 5760 651 5835 esse
678 5752 1079 5823 monstrabitur.
1116 5755 1195 5810 Ex
1229 5757 1413 5828 quinta
1448 5760 1611 5817 etiam
1639 5764 2008 5835 propositione
2035 5765 2108 5824 ita

2222 4650 2396 4707 solum
2436 4648 2829 4704 demonstratio
2860 4650 3031 4715 fieret,
3072 4667 3255 4707 verum
3302 4652 3469 4709 etiam
3493 4667 3589 4722 per
3623 4667 3805 4707 even».
3836 4674 3841 4681 ·

2227 4742 2369 4817 plum
2401 4742 2739 4801 currentibus
2760 4742 3005 4799 doctrina
3030 4745 3221 4811 clarior
3251 4746 3601 4811 eluccsceret.

2225 4852 2283 4909 Si
2320 4863 2404 4910 est
2439 4870 2481 4908 ιι-
2508 4853 2686 4920 homo,
2725 4870 2848 4911 cum
2888 4856 2967 4911 sit.
2995 4857 3024 4910 ὁ
3060 4857 3375 4922 animatum,
3415 4869 3499 4913 est
3525 4874 3553 4910 ε
3581 4858 3792 4912 animai;

2228 4943 2285 5001 Si
2325 4953 2405 5000 est
2442 4962 2474 5000 α
2513 4944 2693 5011 homo,
2734 4960 2853 5002 cum
2892 4946 2962 5002 sit
2998 4948 3026 5001 ὁ
3063 4948 3378 5012 animatum,
3413 4963 3517 5003 non
3547 4960 3629 5005 est
3658 4967 3687 5003 c
3714 4950 3791 5003 in-

2296 5036 2570 5093 sensibile.

2225 5125 2285 5182 Si
2321 5137 2401 5181 est
2438 5144 2473 5189 α
2508 5127 2687 5194 homo,
2728 5142 2846 5185 cum
2886 5144 2993 5185 non
3023 5130 3138 5186 sitb
3169 5131 3484 5199 animatum,
3508 5129 3597 5187 “est
3626 5148 3653 5184 ε
3678 5147 3794 5186 seu-

2294 5219 2468 5276 sibilo.

2222 5310 2283 5366 Si
2318 5321 2401 5366 εει
2436 5330 2468 5366 a
2507 5312 2687 5382 homo,
2728 5329 2849 5371 eum
2891 5330 2993 5371 nou
3024 5316 3091 5373 sit
3120 5318 3149 5371 ὁ
3177 5317 3493 5388 animatum,
3528 5333 3632 5373 non
3666 5327 3741 5372 est
3764 5331 3793 5368 c

2295 5404 2623 5467 insensibile.

2216 5492 2277 5555 Si
2313 5509 2417 5549 non
2458 5505 2543 5555 est
2576 5514 2609 5551 α
2636 5497 2948 5566 animatum,
2983 5516 3102 5555 cum
3131 5500 3203 5555 sit
3234 5501 3261 5555 ὁ
3292 5500 3624 5567 insensibile,
3658 5511 3736 5557 est
3761 5515 3799 5555 ο·

2287 5586 2522 5645 invitato.

2215 5677 2271 5733 Si
2313 5695 2418 5733 non
2458 5690 2541 5735 est
2575 5697 2613 5734 at
2643 5683 2955 5751 animatum.
3004 5687 3222 5741 sumsit
3267 5688 3301 5741 b‘
3324 5686 3655 5760 insensibile,
3686 5700 3797 5749 non

2286 5778 2379 5829 est
2392 5786 2417 5827 c
2440 5770 2645 5831 vivens.
