4056 6330
273 299 380 355 8'55
1351 290 1440 346 DE
1481 286 1902 346 SYLLOGISMO
1941 285 2439 343 HYPOTHETICO.
3427 270 3547 336 884.

271 412 327 467 Si
369 425 477 465 non
512 416 595 465 est
634 424 665 460 α
700 405 1011 473 animatum,
1041 418 1159 460 cum
1190 418 1295 460 non
1318 404 1390 459 sit
1418 402 1737 469 bsensibile,
1763 410 1845 457 est
1871 403 1926 464 Α
1956 398 2175 454 Sextam
2220 414 2350 454 vero
2403 397 2821 468 propositionem
2874 393 2995 451 talia
3050 390 3248 451 debent
3289 395 3545 450 membra

341 522 367 557 c
396 502 635 559 invitale.
1954 490 2304 560 conjungere,
2346 502 2401 545 ut
2442 491 2485 544 si
2526 505 2630 545 non
2673 492 2743 544 sit
2773 506 2805 542 a
2850 489 3128 553 terminus,
3160 490 3186 541 ί»
3211 497 3370 557 atque
3396 502 3423 541 ε
3450 487 3547 541 vel-

271 598 327 655 Si
361 612 464 650 non
490 604 572 651 est
599 613 632 649 α
656 595 968 663 animatum,
999 607 1119 649 cum
1151 605 1258 648 non
1286 591 1355 646 sit
1381 590 1411 644 b
1436 588 1711 656 sensibile,
1743 601 1849 642 non
1952 598 2073 639 esse
2127 583 2208 637 vel
2256 598 2361 637 non
2408 598 2528 637 esse
2574 584 2809 653 possint;
2855 592 2983 637 tunc
3029 596 3155 636 vero
3202 582 3465 651 denegata
3502 595 3547 632 α.

340 699 422 743 εει
451 705 478 741 c
507 687 681 741 vitale.
1954 676 2206 740 termino,
2234 691 2262 727 ο
2291 690 2397 727 non
2430 689 2551 729 esse
2580 689 2802 730 necesse
2831 676 2921 737 sit,
2968 689 3089 729 cum
3129 674 3465 744 negationem
3505 689 3536 723 a

269 781 548 846 Expeditis
579 781 737 849 igitur
766 780 851 834 his
876 778 1199 851 syllogismis
1218 777 1307 848 qui
1340 792 1405 832 ex
1434 775 1628 831 talibus
1655 764 1849 845 propo-
1955 765 2191 832 termini,
2225 766 2253 819 ὁ
2282 756 2497 821 termini
2539 765 2828 821 afﬁrmatio
2853 765 3218 831 comitabitur,
3250 774 3306 819 ut
3333 765 3379 818 si
3410 765 3478 817 sit
3506 780 3549 817 (ις

273 871 558 927 sitionibus
583 872 734 935 tiunt,
765 886 885 941 qua:
903 871 1077 940 prima
1103 868 1465 938 pradicativ-a,
1495 867 1728 922 secunda
1754 867 1849 935 by.
1953 859 2190 924 invitale,
2216 860 2245 913 b
2267 858 2450 926 homo,
2474 875 2501 912 c
2522 874 2708 929 equus.
2738 858 2871 914 Nam
2894 859 3034 930 quod
3060 873 3163 913 non
3185 866 3269 913 est
3296 856 3551 920 invitale,-

270 963 542 1031 pometica
572 961 910 1031 copulantur,
954 976 1097 1015 nunc
1121 960 1187 1014 ad
1215 975 1314 1016 eos
1359 960 1638 1015 transitum
1670 960 1851 1035 'lacia-
1957 961 2137 1023 potest
2169 952 2253 1006 vel
2292 951 2454 1006 homo
2508 952 2590 1006 vel
2621 967 2791 1021 equus
2826 967 2946 1007 esse
2982 951 3067 1007 vel
3112 966 3217 1005 non
3257 964 3399 1014 esse,
3444 950 3551 1003 sed.

271 1067 414 1119 mus,
449 1050 540 1122 qui
583 1065 649 1106 ex
682 1053 853 1121 prima
878 1051 1249 1117 conditionali,
1278 1048 1511 1104 secunda
1545 1064 1674 1105 vero
1713 1064 1850 1119 prte—
1953 1057 2174 1097 necesse
2211 1053 2293 1097 est
2341 1058 2445 1096 non
2493 1057 2614 1096 esse
2654 1057 2853 1111 equum
2908 1042 3108 1097 invitati
3156 1040 3449 1111 denegato,
3494 1042 3539 1093 si

268 1145 504 1200 dicativa
588 1150 910 1209 nectuntur,
980 1158 1207 1213 quorum
1280 1143 1519 1197 omnium
1597 1156 1851 1196 numerus
1953 1135 2288 1204 negationem
2343 1133 2577 1188 invitatis
2626 1132 2857 1189 hominis
2906 1134 3100 1203 positio
3154 1133 3535 1200 subsequatur.

270 1240 549 1304 ponendus
594 1244 701 1294 est.
729 1243 791 1288 ut
831 1236 900 1292 de
927 1236 1122 1307 quibus
1149 1236 1429 1307 loquamur
1468 1236 1636 1291 lector
1687 1248 1852 1305 agno-
1952 1227 2209 1296 Septima:
2250 1226 2630 1297 propositionis
2671 1226 2770 1280 hos
2811 1240 2930 1280 esse
2962 1225 3220 1280 terminos
3246 1224 3537 1294 oportebit,

268 1349 388 1391 sca-
1374 1350 1379 1355 ·
1954 1332 2015 1374 ιιι
2053 1322 2097 1375 si
2143 1336 2248 1374 non
2277 1322 2345 1374 sit
2372 1336 2425 1385 a,
2458 1319 2674 1373 termini
2717 1320 2744 1371 b
2785 1327 2947 1388 atque
3001 1334 3026 1368 c
3070 1328 3124 1371 et
3180 1330 3299 1371 esse
3339 1326 3392 1369 et
3435 1330 3539 1367 non

1956 1427 2083 1468 esse
2111 1410 2350 1481 p05siut;
2404 1410 2497 1465 sed
2529 1420 2654 1465 tunc
2683 1423 2905 1464 necesse
2932 1408 3001 1462 sit
3026 1421 3147 1462 esse
3176 1423 3203 1459 ε
3232 1406 3543 1469 terminum,

1956 1508 2001 1560 si
2031 1504 2371 1573 negationem
2406 1520 2439 1557 a
2486 1500 2721 1569 termini,
2771 1501 2798 1554 b
2828 1500 3041 1556 termini
3097 1499 3303 1567 negatio
3354 1496 3543 1551 subse-

1862 1634 1865 1637 -
1956 1606 2170 1667 quatur,
2213 1606 2271 1650 ut
2305 1596 2348 1649 si
2379 1596 2447 1649 sit
2475 1611 2507 1647 ιι
2537 1594 2764 1662 animal,
2812 1593 2840 1647 b
2874 1592 3190 1654 animatum,
3231 1606 3257 1642 c
3300 1588 3540 1657 invitale,

1956 1689 2154 1743 animal
2191 1688 2404 1758 quidem
2436 1688 2481 1742 si
2508 1703 2612 1741 nou
2645 1689 2740 1754 sit,
2768 1686 3061 1740 animatum
3087 1692 3144 1738 et
3170 1682 3394 1737 invitale
3422 1696 3553 1736 esse:

1963 1789 2021 1836 et
2050 1797 2155 1835 non
2184 1796 2305 1836 esse
2332 1780 2524 1849 possit.
2553 1776 2704 1834 Tunc
2730 1793 2859 1834 vero
2889 1790 3114 1833 necesse
3143 1783 3247 1840 est,
3275 1774 3320 1829 si
3345 1771 3555 1828 animal

1961 1890 2066 1929 non
2094 1874 2185 1940 sit,
2206 1874 2421 1928 invitale
2456 1889 2601 1941 esse,
2628 1874 2863 1945 quando,
2890 1873 2935 1927 si
2963 1871 3158 1926 animal
3188 1884 3293 1926 non
3320 1870 3409 1933 sit,
3438 1882 3555 1923 non:

1959 1967 2064 2023 erit
2088 1968 2407 2022 animatum.
2432 1967 2631 2022 Octava
2675 1968 2973 2038 propositio
3000 1976 3082 2021 est
3116 1979 3260 2030 cum,
3295 1972 3485 2032 negato
3513 1977 3553 2016 ω

1961 2060 2213 2125 termino,
2232 2069 2457 2129 possunt
2479 2070 2533 2115 et
2553 2075 2671 2116 esse
2694 2070 2747 2116 et
2770 2074 2875 2115 non
2898 2074 3019 2115 esse
3034 2059 3061 2111 b
3081 2069 3240 2128 atque
3261 2073 3288 2111 c
3310 2053 3544 2110 termini.

1960 2153 2067 2213 Sed
2088 2162 2212 2208 tunc
2238 2169 2462 2209 necesse
2482 2163 2565 2208 est
2583 2154 2625 2209 si
2652 2171 2684 2207 a
2709 2153 2969 2208 terminus
2990 2152 3278 2215 abnuatur,
3298 2164 3405 2204 non
3428 2161 3555 2205 esse

1961 2260 1990 2297 ι
2011 2244 2324 2308 terminum,
2352 2258 2471 2298 cum
2498 2245 2835 2315 negationem
2858 2262 2889 2298 a
2919 2243 3129 2297 termini
3153 2243 3362 2312 negatio
3385 2242 3413 2293 b
3437 2250 3553 2293 tere

1960 2337 2091 2392 mini
2123 2338 2498 2407 subsequetur,
2525 2347 2581 2391 ut
2601 2338 2672 2393 sit
2692 2356 2722 2390 a
2743 2338 2991 2405 invitale,
3018 2337 3048 2391 ὁ
3072 2336 3289 2401 animal,
3318 2351 3343 2389 c
3365 2333 3549 2389 homo.

1959 2429 2017 2485 Si
2048 2429 2201 2498 igitur
2244 2445 2350 2484 non
2388 2430 2460 2484 sit
2489 2430 2728 2496 invitale,
2766 2439 2944 2499 potest
2972 2439 3025 2484 et
3053 2444 3172 2485 esse
3207 2439 3261 2484 et
3298 2443 3401 2482 non
3430 2441 3553 2483 esse

1960 2520 2158 2574 animal
2210 2529 2264 2575 et
2307 2521 2491 2575 homo.
2539 2519 2633 2575 His
2683 2519 2844 2588 igitur
2892 2521 2961 2574 ita
3008 2518 3297 2588 expeditis,
3327 2516 3454 2571 illud
3495 2515 3551 2571 in

1963 2626 2248 2667 commune
2287 2610 2571 2666 dicendum
2623 2618 2724 2677 εει,
2770 2609 2913 2677 quod
2964 2610 3271 2676 superiores
3320 2617 3551 2677 quatuor

1967 2703 2361 2774 propositiones
2402 2703 2472 2756 ita
2518 2700 2713 2755 faciunt
2762 2700 3156 2764 conditionem,
3188 2698 3232 2753 si
3280 2696 3438 2752 fuerit
3486 2712 3550 2762 a,

1968 2798 2298 2866 posteriores
2345 2811 2474 2851 vero
2519 2794 2562 2849 si
2602 2810 2707 2849 non
2758 2794 2937 2859 fuerit,
2967 2808 3031 2849 ex
3063 2792 3255 2862 quibus
3300 2788 3554 2845 omnibus

1966 2888 2265 2959 syllogismi
2298 2888 2387 2942 tali
2418 2887 2625 2942 ratione
2661 2894 2968 2941 nascuntur.
3001 2884 3078 2938 Ex
3110 2884 3275 2952 prima
3301 2879 3549 2950 proposi-

1967 2982 2133 3045 tione,
2166 2982 2209 3035 si
2238 2995 2358 3035 cum
2387 2980 2457 3034 sit
2480 2996 2532 3043 α.
2569 2988 2651 3034 εει
2679 2980 2729 3043 b,
2760 2987 2844 3032 est
2871 2994 2926 3042 c;
2957 2975 3102 3046 atqui
3145 2988 3266 3029 cum
3290 2972 3441 3035 sita,
3470 2978 3555 3033 est

1967 3077 2016 3142 ὁ,
2050 3087 2134 3131 ιει
2159 3076 2316 3145 igitur
2346 3090 2405 3140 c;
2436 3073 2517 3128 vel
2564 3074 2635 3128 ita
2666 3089 2679 3125 :
2714 3071 2861 3141 atqui
2889 3085 2995 3125 non
3038 3076 3122 3124 est
3148 3084 3197 3133 ο,
3228 3081 3349 3122 cum
3390 3064 3555 3133 igitur

1890 3182 1939 3248 ο
1968 3167 2038 3221 sit
2064 3183 2115 3232 a,
2147 3180 2250 3219 non
2281 3172 2362 3218 est
2400 3164 2447 3218 ὸ.
2480 3163 2647 3218 Posse
2674 3176 2801 3216 vero
2841 3160 2953 3217 ﬁeri
2983 3158 3115 3215 tales
3158 3155 3552 3217 conclusiones.

1970 3272 2037 3313 ex
2077 3255 2321 3323 superius
2363 3253 2750 3323 descriptarum
2793 3250 3214 3323 propositionum
3245 3259 3434 3305 natura
3463 3262 3555 3304 co-

851 3341 992 3424 ἴχνει
1018 3341 1188 3424 equus
1210 3341 1284 3424 ἐιι
1309 3341 1426 3376 uert
1460 3341 1659 3424 potest.
1723 3341 1867 3373 sum:
1969 3345 2277 3415 gnoscimus
2307 3352 2518 3414 poterat
2541 3342 2681 3400 enim
2709 3360 2742 3397 α
2764 3341 3027 3399 terminus
3052 3356 3198 3408 esse;
3224 3351 3278 3397 et
3306 3356 3413 3396 non
3438 3352 3559 3395 esse

282 3430 410 3469 vero
452 3428 673 3470 necesse
720 3423 807 3470 est
850 3414 905 3469 id
947 3413 1089 3485 quod
1137 3414 1428 3469 animatum
1460 3422 1562 3477 est,
1593 3427 1700 3467 non
1746 3424 1861 3466 esse

1969 3413 2093 3491 cum
2122 3434 2171 3489 b.
2202 3413 2330 3490 [teni
2361 3450 2429 3489 ex
2452 3434 2705 3497 secunda,
2738 3433 2781 3488 si
2806 3449 2927 3488 cum
2956 3434 3025 3487 sit
3053 3450 3106 3498 a,
3142 3441 3225 3488 est
3259 3433 3308 3500 ὁ,
3340 3448 3445 3487 non
3473 3437 3560 3491 εει

280 3521 499 3577 equum,
527 3508 571 3562 si
596 3506 647 3562 id
674 3506 1019 3578 ipsumquod
1043 3506 1339 3561 animatum
1366 3514 1471 3567 est.
1498 3505 1657 3560 homo
1684 3503 1864 3558 fuerit.
1971 3543 2000 3580 ε
2031 3543 2046 3592 ;
2078 3524 2226 3594 alqui
2251 3539 2373 3578 cum
2404 3523 2474 3579 δη
2499 3540 2553 3588 α’
2582 3532 2667 3579 θη
2694 3524 2744 3587 ὁ,
2778 3538 2884 3578 non
2923 3521 3180 3590 estigitur
3214 3539 3274 3586 εδ
3312 3521 3397 3577 νει
3443 3520 3556 3575 ita:

282 3600 465 3655 Tertia
494 3600 786 3670 propositio
812 3600 899 3654 bis
926 3601 1170 3655 terminis
1192 3599 1492 3669 copulatur,
1518 3606 1625 3652 uta
1648 3595 1865 3666 quidem
1972 3616 2122 3684 “qui
2165 3623 2248 3670 εει
2285 3629 2335 3680 ε.
2384 3627 2504 3668 cum
2540 3612 2710 3683 igitur
2735 3613 2799 3667 si.
2831 3629 2885 3679 α,
2934 3626 3038 3667 non
3070 3621 3152 3667 es;
3180 3610 3228 3664 ὁ,
3292 3609 3370 3665 Εχ
3404 3609 3559 3664 leui.

282 3707 407 3749 cum
428 3692 457 3745 ὑ
479 3701 533 3746 ει
559 3708 586 3746 c
628 3692 713 3747 vel
743 3706 863 3756 esse
890 3692 975 3748 vel
1006 3707 1113 3747 non
1163 3706 1284 3747 esse
1314 3691 1505 3761 possit,
1534 3697 1660 3743 tunc
1689 3698 1861 3743 tamen

1974 3720 2105 3760 vero
2137 3704 2419 3774 utrobique
2446 3704 2733 3774 assumptis
2764 3702 3005 3758 terminis
3027 3702 3374 3759 collectiones
3401 3701 3559 3767 ﬁunt,

285 3800 508 3845 necesse
537 3786 607 3853 sit
642 3784 802 3841 simul
839 3799 962 3841 esse
989 3799 1109 3839 cum
1148 3799 1209 3849 c,
1252 3783 1297 3841 si
1337 3781 1512 3853 posito
1545 3798 1577 3834 a
1616 3780 1861 3845 termino.

1975 3804 2030 3849 ut
2064 3796 2108 3850 si
2140 3810 2260 3850 cum
2292 3803 2373 3849 est
2411 3811 2463 3858 α,
2513 3810 2619 3851 non
2655 3803 2738 3849 est
2764 3795 2812 3859 ὁ,
2859 3804 3020 3861 rstc;
3062 3794 3205 3866 atqui
3248 3808 3368 3850 cum
3412 3795 3480 3849 sit
3502 3810 3556 3861 ο,

284 3882 313 3934 b
338 3877 599 3933 terminus
625 3877 917 3945 abnnatur,
948 3886 1008 3932 ut
1034 3876 1171 3933 sisit
1190 3894 1222 3931 a
1243 3876 1557 3940 animatum,
1587 3873 1616 3927 b
1645 3872 1861 3941 animal,

1975 3899 2083 3939 non
2111 3892 2195 3939 est
2224 3884 2273 3950 b,
2303 3893 2388 3939 est
2414 3884 2574 3955 igitur
2602 3901 2664 3949 c;
2709 3885 2792 3940 vel
2824 3885 2895 3941 ita
2926 3903 2938 3939 :
2967 3885 3110 3956 atqui
3153 3900 3273 3942 cum
3299 3885 3370 3941 sit
3392 3903 3446 3953 α,
3479 3892 3563 3943 εει

283 3987 311 4025 c
337 3971 672 4027 insensibile.
739 3970 872 4039 Nam
901 3970 1044 4040 quod
1076 3969 1369 4027 animatum
1399 3978 1502 4033 est,
1534 3967 1617 4022 vel
1648 3964 1861 4030 animal,

1975 3974 2028 4041 ὁ,
2059 3989 2163 4029 non
2204 3983 2289 4030 est
2326 3975 2485 4045 igitur
2516 3990 2580 4039 c;
2609 3975 2689 4031 vel
2721 3979 2792 4031 ita
2845 3995 2858 4029 :
2892 3976 3035 4045 atqui
3079 3990 3182 4031 non
3231 3985 3319 4034 est
3358 3994 3408 4044 c,
3434 3992 3557 4033 cum

285 4065 372 4120 vel
413 4079 522 4120 non
564 4064 783 4132 animal,
816 4064 902 4120 vel
934 4064 1264 4129 insensibile,
1295 4064 1379 4118 vel
1416 4078 1519 4117 non
1558 4061 1871 4117 insensible
1974 4065 2137 4134 igitur
2162 4065 2232 4121 sit
2257 4081 2309 4130 α,
2334 4076 2413 4119 εει
2440 4066 2502 4131 b;
2535 4066 2615 4121 vel
2647 4066 2757 4121 sic:
2792 4065 2937 4135 atqui
2964 4074 3048 4120 est
3072 4083 3119 4129 c,
3153 4080 3274 4120 cum
3306 4066 3465 4137 igitur
3491 4068 3562 4125 sit

288 4169 412 4212 esse
438 4164 649 4225 potest,
679 4155 775 4211 sed
806 4163 931 4211 tunc
964 4169 1184 4211 necesse
1210 4164 1294 4210 est
1326 4155 1375 4207 id
1402 4154 1544 4224 quod
1575 4154 1870 4215 animatum
1975 4175 2031 4222 α,
2065 4172 2168 4211 non
2201 4168 2285 4212 est
2314 4156 2364 4209 ὁ.
2407 4156 2536 4222 Quae
2568 4156 2765 4210 idcirco
2804 4154 2941 4210 facta
2972 4165 3053 4209 est
3081 4150 3559 4223 utrobique‘colle-

287 4259 375 4305 est
417 4263 538 4305 esse
586 4248 922 4315 insensibile,
954 4249 999 4303 si
1030 4248 1269 4302 animato.
1310 4248 1484 4316 posito
1531 4246 1725 4299 animal
1774 4246 1871 4299 ab-
1977 4247 2110 4325 ctio,
2138 4247 2386 4321 quoniam
2420 4246 2474 4299 in
2503 4245 2587 4299 his
2613 4246 2857 4300 terminis
2888 4246 2969 4299 ba:
2993 4246 3385 4314 propositiones
3413 4258 3562 4317 pote-

289 4353 504 4395 nuatur.
553 4340 767 4407 Quartae
807 4340 1190 4410 pr0positionis
1232 4338 1282 4391 lii
1330 4337 1542 4392 termini
1584 4346 1727 4402 sunt,
1760 4346 1875 4391 uta
1946 4346 2101 4423 .rant
2126 4339 2273 4404 poni,
2302 4336 2569 4406 inquibus
2597 4336 2900 4391 immediata
2929 4339 3193 4393 contraria
3221 4340 3561 4409 reperieban-

289 4430 503 4501 quidem
550 4445 672 4486 cum
724 4430 753 4484 b
784 4440 839 4486 et
876 4445 996 4486 cum
1040 4446 1067 4483 ο
1108 4444 1227 4485 εεεε
1270 4438 1326 4483 ει
1370 4444 1474 4483 non
1520 4442 1638 4481 esse
1685 4428 1872 4496 possit,
1979 4438 2085 4483 tur.
2119 4427 2177 4483 In
2208 4428 2311 4483 illis
2338 4429 2479 4484 enim
2512 4429 2734 4483 alterius
2764 4427 2959 4497 positio
2984 4429 3294 4484 alterutrum
3328 4432 3560 4501 perime-

293 4533 419 4577 tunc
447 4537 575 4577 vero
605 4523 674 4577 ab
722 4537 788 4577 eo
816 4537 841 4575 c
871 4521 1046 4576 modis
1086 4521 1333 4575 omnibus
1368 4528 1665 4589 separetur,
1704 4518 1750 4572 si
1781 4533 1874 4585 po-
1900 4561 1957 4622 Β
1981 4518 2096 4585 bat,
2143 4527 2199 4574 et
2244 4518 2466 4573 alterius
2510 4518 2850 4588 interemptio
2897 4520 3125 4589 ponebat
3176 4521 3423 4577 alterum.
3483 4522 3561 4583 Ex

292 4614 395 4673 sito
427 4630 462 4668 a
489 4616 740 4681 termino,
766 4614 795 4669 b
826 4615 1089 4670 terminus
1119 4612 1407 4677 abnuatur,
1438 4621 1495 4666 ut
1524 4613 1569 4667 si
1599 4629 1631 4664 a
1658 4610 1876 4681 quidem
1900 4610 1952 4622 "'
1986 4622 2197 4680 quarta,
2222 4610 2275 4665 si
2301 4626 2422 4666 cum
2450 4612 2517 4665 sit
2541 4629 2594 4676 α,
2620 4626 2728 4665 non
2752 4620 2831 4666 est
2860 4611 2910 4680 b,
2935 4626 3040 4667 non
3070 4623 3151 4669 est
3172 4630 3231 4679 ες
3271 4617 3414 4685 atqui
3441 4631 3562 4672 cum

290 4707 613 4775 animatum,
651 4707 679 4760 b
710 4706 927 4772 animal,
959 4722 985 4758 c
1013 4706 1195 4760 homo.
1254 4704 1386 4759 Nam
1416 4705 1558 4775 quod
1580 4702 1873 4763 animatum
1987 4704 2056 4758 sit
2082 4720 2135 4769 α,
2167 4718 2275 4758 non
2305 4714 2384 4758 est
2414 4705 2463 4769 b,
2492 4718 2599 4758 non
2629 4712 2715 4759 est
2763 4704 2922 4775 igitur
2946 4721 3013 4771 c;
3044 4707 3124 4762 vel
3157 4707 3227 4762 ita
3264 4726 3275 4761 :
3309 4712 3452 4780 atqui
3479 4720 3563 4766 est

291 4808 396 4864 est,
419 4807 475 4854 et
496 4797 695 4853 animal
745 4810 868 4869 esse
907 4806 958 4851 et
996 4811 1101 4851 non
1129 4810 1272 4861 esse,
1300 4801 1532 4866 itemque
1561 4795 1725 4852 homo
1753 4809 1875 4852 esse
1988 4813 2034 4858 c,
2059 4810 2178 4849 cum
2209 4794 2369 4867 igitur
2396 4795 2543 4861 sita,
2575 4805 2658 4850 est
2682 4796 2730 4850 b.
2783 4797 2863 4851 Ex
2894 4797 3099 4868 quinta,
3136 4799 3183 4854 si
3211 4815 3332 4857 cum
3364 4816 3465 4856 non
3492 4803 3564 4857 sit

292 4898 349 4944 et
375 4904 479 4943 non
511 4904 633 4945 esse
680 4897 876 4959 potest,
910 4897 1036 4944 tunc
1063 4897 1240 4945 tamen
1279 4902 1499 4945 necesse
1523 4896 1605 4943 est
1631 4897 1708 4954 ut,
1744 4902 1872 4945 cum
1985 4905 2039 4953 a,
2062 4901 2143 4944 est
2172 4889 2221 4954 ὸ,
2254 4899 2335 4944 εει
2364 4905 2390 4943 c
2416 4905 2434 4943 :
2464 4892 2609 4960 atqui
2638 4905 2758 4947 cum
2790 4906 2894 4947 non
2924 4895 3069 4959 sita,
3101 4905 3185 4951 est
3208 4897 3257 4962 b,
3296 4905 3378 4952 est
3405 4897 3565 4966 igitur

292 4982 364 5034 sit
392 4981 704 5047 animatum,
755 4994 859 5035 non
902 4978 973 5053 sit
1020 4980 1213 5046 homo,
1253 4994 1375 5043 cum
1418 4980 1593 5053 posito
1640 4980 1877 5041 animato
1985 4996 2045 5045 c;
2076 4980 2158 5035 vel
2182 4982 2295 5036 sic:
2328 4983 2475 5052 atqui
2505 4997 2608 5037 non
2638 4991 2723 5039 est
2746 5000 2794 5050 c,
2818 5000 2938 5040 cum
2970 4986 3127 5057 igitur
3148 5001 3251 5042 non
3278 4989 3343 5043 sit
3376 5005 3427 5054 a,
3457 5004 3565 5046 non

294 5085 417 5126 esse
442 5071 638 5126 animal
682 5070 1000 5143 denegetur.
1048 5070 1241 5138 Quinta
1282 5085 1409 5126 vero
1454 5071 1749 5140 propositio
1791 5071 1876 5127 liis
1989 5081 2073 5126 est
2102 5071 2152 5127 b.
2184 5073 2262 5126 Ex
2301 5083 2470 5139 sexta,
2500 5074 2544 5128 si
2587 5089 2708 5129 cum
2740 5090 2845 5130 non
2875 5076 3023 5143 sita,
3067 5088 3148 5133 est
3173 5077 3222 5146 ὁ,
3255 5093 3362 5133 non
3392 5088 3474 5134 est
3501 5095 3563 5144 c;

297 5162 539 5218 terminis
580 5164 938 5228 connectitur,
970 5170 1028 5217 ut
1064 5162 1109 5231 si
1149 5177 1253 5235 non
1287 5163 1437 5229 sita,
1467 5163 1639 5232 possit
1676 5172 1731 5218 et
1757 5177 1878 5221 esse
1986 5164 2134 5232 atqui
2166 5177 2288 5217 cum
2317 5179 2423 5218 non
2450 5164 2521 5218 sit
2548 5180 2601 5231 a,
2630 5173 2713 5220 est
2735 5166 2787 5233 b,
2815 5182 2919 5221 non
2950 5179 3031 5223 εει
3056 5168 3216 5237 igitur
3242 5184 3298 5233 c;
3330 5170 3414 5224 vel
3444 5170 3562 5225 sic:

295 5264 351 5310 et
383 5270 488 5308 non
515 5268 634 5310 esse
663 5255 691 5308 b
720 5265 879 5327 atque
910 5272 937 5308 c
963 5272 980 5320 ;
1027 5264 1157 5310 ιιιηε
1196 5267 1373 5310 tamen
1401 5269 1522 5310 cum
1568 5269 1675 5310 non
1714 5255 1787 5311 sit
1822 5271 1876 5325 a,
1988 5256 2139 5326 atqui
2168 5264 2253 5313 est
2279 5274 2324 5323 τ,
2355 5272 2475 5313 cum
2507 5257 2666 5329 igitur
2694 5276 2798 5315 non
2826 5262 2897 5315 sit
2923 5278 2977 5328 a,
3009 5277 3116 5317 non
3146 5273 3231 5319 est
3258 5267 3309 5319 ὸ.
3358 5264 3435 5320 Ει
3475 5279 3566 5321 se-

298 5347 586 5403 tcrminum
616 5362 642 5399 c
664 5361 786 5401 esse
831 5359 1054 5401 necesse
1094 5346 1184 5411 sit,
1211 5345 1258 5399 si
1298 5346 1474 5415 posito
1519 5360 1626 5400 non
1664 5360 1785 5401 esse
1822 5361 1880 5415 ιι,
1989 5347 2154 5419 ptima
2185 5348 2466 5419 utrobique
2494 5350 2755 5422 colligitur
2788 5352 2888 5407 hoc
2915 5353 3098 5423 modo,
3140 5356 3185 5411 si
3211 5369 3331 5411 cum
3357 5372 3463 5413 non
3495 5360 3569 5413 sit

296 5453 418 5493 esse
448 5437 477 5491 ὁ
506 5439 791 5494 terminum
820 5447 1201 5508 consequatur,
1231 5447 1289 5493 ut
1312 5438 1359 5492 si
1388 5437 1460 5492 sit
1487 5453 1519 5490 a
1546 5438 1761 5507 quidem
1798 5439 1909 5495 in-'
1988 5456 2042 5509 a,
2073 5455 2179 5496 non
2211 5451 2294 5497 est
2313 5441 2365 5508 b,
2410 5453 2493 5499 est
2517 5459 2587 5510 c;
2617 5443 2763 5515 atqui
2803 5459 2925 5499 cum
2950 5460 3054 5500 non
3086 5436 3230 5511 sit'a,
3274 5463 3379 5505 non
3400 5458 3485 5505 est
3513 5449 3564 5520 ὁ,

300 5530 485 5596 vitale,
529 5531 556 5583 ὁ
594 5530 777 5597 homo,
807 5545 833 5584 c
866 5528 1084 5584 animal.
1126 5527 1258 5583 Nam
1301 5528 1344 5583 si
1387 5544 1494 5584 non
1522 5529 1593 5584 sit
1639 5530 1874 5600 invitale,
1984 5542 2066 5587 est
2095 5533 2253 5604 igitur
2283 5550 2349 5600 c;
2377 5534 2460 5590 vel
2490 5536 2558 5589 ita
2588 5554 2599 5587 :
2637 5536 2782 5605 atqui
2813 5550 2934 5592 cum
2966 5551 3070 5592 non
3100 5539 3247 5607 sita,
3275 5551 3357 5596 εει
3379 5540 3427 5607 b,
3457 5556 3567 5598 non

298 5629 425 5677 tunc
462 5632 683 5691 possunt
715 5621 875 5675 bomo
902 5631 1061 5691 atque
1105 5622 1298 5675 animal
1327 5635 1449 5676 esse
1475 5623 1560 5677 vel
1600 5636 1707 5677 non
1735 5636 1878 5689 esse,
1986 5637 2066 5679 est
2097 5624 2254 5694 igitur
2285 5641 2344 5690 c;
2374 5627 2455 5679 vel
2482 5626 2549 5679 ita
2578 5644 2590 5677 :
2617 5627 2760 5695 atqui
2792 5642 2897 5681 non
2932 5639 3012 5684 est
3041 5647 3088 5693 ο.
3122 5646 3243 5687 cum
3273 5633 3438 5702 igitur
3457 5648 3566 5691 non

298 5724 353 5779 at
391 5723 518 5769 tunc
562 5728 781 5771 necesse
824 5727 943 5771 esse
974 5722 1056 5775 est
1094 5712 1288 5766 animal
1334 5721 1525 5783 negato
1573 5712 1803 5779 invitali,
1835 5715 1881 5771 si
1987 5717 2132 5779 sita,
2160 5725 2239 5770 est
2262 5716 2313 5779 b;
2342 5716 2425 5770 vel
2455 5716 2530 5770 sic
2557 5732 2569 5768 :
2595 5716 2737 5787 atqui
2766 5734 2791 5769 c
2816 5729 2919 5784 est,
2944 5736 3062 5775 cum
3095 5725 3253 5793 igi;ur
3283 5740 3386 5778 non
3414 5724 3484 5779 sit
3509 5741 3565 5792 ο,

298 5817 420 5873 cum
439 5804 657 5861 invitale
679 5802 1050 5879 denegabitur,
1068 5818 1188 5861 esse
1210 5802 1480 5862 hominem
1498 5804 1875 5879 subsequatur.
1988 5823 2095 5866 non
2124 5817 2207 5864 est
2232 5809 2286 5864 b.
2342 5808 2439 5863 Hic
2464 5823 2676 5885 quoque
2716 5820 2931 5883 propter
2969 5814 3211 5873 eamdem
3253 5829 3469 5875 causam
3510 5815 3569 5879 its

274 1463 334 1521 Si
364 1477 486 1519 cum
518 1461 667 1527 sita,
698 1468 778 1513 est
802 1464 852 1523 ο,
881 1466 964 1512 εει
992 1474 1041 1510 c.

274 1556 333 1613 Si
358 1571 480 1611 cum
514 1556 664 1619 sita,
688 1552 837 1615 estb,
871 1566 978 1605 non
1018 1559 1098 1603 εει
1128 1563 1174 1600 ε.

277 1651 335 1704 Si
365 1666 488 1705 cum
521 1649 593 1703 sit
614 1664 668 1712 α,
700 1661 805 1701 non
835 1652 921 1699 est
951 1645 999 1708 b,
1026 1649 1109 1696 est
1136 1658 1184 1694 c.

280 1741 341 1796 Si
372 1756 490 1796 cum
520 1740 663 1807 sita,
696 1754 801 1791 non
826 1744 911 1791 est
939 1736 988 1801 b,
1019 1749 1121 1788 non
1150 1740 1232 1788 est
1258 1749 1304 1784 c.

281 1835 339 1885 Si
369 1848 489 1887 cum
524 1845 627 1885 mm
657 1830 728 1883 sit
756 1845 810 1894 a,
836 1837 920 1884 est
958 1829 1009 1893 b,
1041 1833 1123 1880 est
1152 1840 1199 1877 ε.

284 1924 339 1979 Si
372 1938 492 1978 cum
535 1938 639 1976 non
672 1922 816 1985 sita,
848 1919 997 1985 estb,
1024 1932 1128 1971 non
1152 1924 1234 1970 est
1258 1929 1309 1968 c.

286 2020 343 2075 Si
376 2034 496 2073 cum
528 2034 630 2071 non
660 2016 799 2081 sita,
833 2029 939 2069 non
968 2021 1048 2067 est
1073 2012 1122 2078 ὁ,
1158 2018 1241 2065 εει
1270 2025 1321 2075 c,

290 2114 344 2167 Si
378 2128 497 2165 cum
523 2125 627 2165 non
653 2109 793 2174 sita,
827 2123 929 2162 non
963 2115 1045 2161 est
1074 2105 1123 2170 b,
1158 2118 1262 2158 non
1283 2108 1368 2157 est
1393 2117 1443 2155 c.

275 2212 454 2266 Prima
481 2213 640 2284 igitur
666 2212 960 2283 propositio
992 2212 1124 2268 tales
1147 2211 1348 2268 habere
1379 2209 1645 2267 terminos
1670 2208 1855 2274 debet,

275 2314 337 2359 ut
364 2321 396 2356 a
422 2305 632 2375 quidem
663 2306 830 2374 possit
858 2320 980 2360 esse
1007 2313 1201 2374 praeter
1233 2304 1260 2357 b
1291 2314 1345 2359 et
1373 2320 1435 2369 c;
1479 2303 1572 2358 sed
1601 2312 1726 2356 tunc
1752 2302 1798 2356 si
1825 2317 1867 2367 α,

276 2392 462 2460 fuerit,
494 2412 520 2447 ε
551 2409 670 2450 εεεο
695 2409 915 2451 necesse
944 2398 1034 2462 sit,
1062 2410 1183 2449 cum
1212 2410 1245 2448 a
1274 2394 1557 2449 terminum
1599 2393 1627 2446 b
1676 2393 1858 2447 termi-

276 2500 383 2540 nus
428 2487 803 2556 subsequatur,
854 2495 910 2541 ut
955 2486 1002 2540 si
1052 2487 1123 2541 sit
1160 2502 1193 2539 a
1220 2486 1433 2556 quidem
1483 2485 1797 2549 animatum,
1829 2484 1857 2538 ὁ

276 2576 460 2644 homo,
495 2595 520 2631 c
546 2577 769 2643 animal,
798 2579 1090 2632 animatutn
1127 2590 1359 2647 namque
1382 2588 1437 2632 et
1460 2578 1651 2646 praeter
1681 2577 1857 2630 homi-

277 2686 401 2725 uent
428 2679 482 2725 et
510 2681 703 2740 praeter
725 2670 924 2725 animal
950 2684 1071 2725 esse
1093 2679 1285 2739 p0test.
1314 2668 1465 2723 Tunc
1485 2684 1613 2724 vero
1638 2668 1689 2723 id
1717 2669 1858 2740 quod

256 2768 571 2823 'animatum
612 2778 719 2834 est,
763 2780 884 2822 esse
912 2766 1107 2821 animal
1151 2779 1372 2821 necesse
1394 2767 1514 2830 'est,
1546 2765 1590 2819 si
1633 2763 1686 2819 id
1717 2763 1860 2832 quod

276 2872 362 2918 est
385 2862 700 2927 animatum,
736 2860 895 2914 homo
924 2869 1027 2913 est.
1070 2857 1313 2913 Secunda
1343 2857 1640 2929 propositio
1667 2857 1862 2911 talibus

279 2952 524 3008 terminis
543 2951 876 3008 conterenda
904 2964 1010 3017 est,
1044 2959 1105 3005 ut
1130 2968 1163 3005 α
1189 2950 1406 3020 quidem
1431 2960 1626 3018 praeter
1647 2949 1676 3001 b
1701 2958 1862 3017 atque

276 3059 329 3109 c,
360 3052 415 3099 et
440 3058 560 3097 cum
590 3044 791 3100 eisdem
818 3058 937 3099 esse
964 3044 1163 3111 possit;
1189 3050 1315 3096 tunc
1344 3052 1521 3096 tamen
1549 3054 1769 3096 necesse
1792 3039 1865 3094 sit

278 3150 387 3191 nou
425 3148 549 3190 esse
588 3150 615 3188 ε
656 3149 778 3189 cum
808 3144 890 3190 est
918 3151 969 3200 a,
1000 3133 1046 3189 si
1074 3150 1104 3186 a
1134 3134 1309 3202 posito
1337 3133 1365 3185 ὁ
1395 3131 1772 3202 subsequatur,
1805 3139 1863 3185 ut

278 3231 324 3285 si
371 3245 403 3283 α
443 3231 514 3284 sit
557 3228 885 3297 animatum,
936 3229 965 3282 b
1017 3229 1198 3298 homo,
1247 3244 1274 3282 c
1314 3242 1504 3299 equus.
1555 3227 1863 3281 Animatum

280 3323 497 3391 quippe,
529 3328 589 3376 ut
612 3331 669 3379 et
694 3321 880 3391 homo,
908 3322 992 3377 vel
1018 3335 1188 3390 equus
1216 3322 1284 3376 sit
1309 3320 1426 3376 lieri
1460 3329 1659 3390 potest.
1714 3318 1867 3373 Tunc

2774 5946 2801 5953 κ
