4112 6332
319 333 418 406 357

1403 338 1489 394 DE
1532 338 1964 396 SYLLOGISMO
2005 336 2494 399 IIYPOTIIETICO.

3479 350 3582 408 858

257 533 260 536 Α
320 456 545 520 ferebat,
576 455 626 508 in
659 469 761 524 qua
793 456 1259 526 pronuntiabatur,
1289 459 1333 512 si
1359 471 1506 514 esset
1553 463 1602 526 ὁ,
1642 462 1898 531 consequi

2025 477 2111 514 ton
2135 472 2217 516 est
2245 464 2295 525 ὁ,
2343 479 2557 520 ηεεεεεε
2585 476 2666 521 εει
2695 481 2800 520 non
2827 481 2947 522 esse
2985 483 3012 520 c
3041 483 3057 531 ;
3088 466 3230 536 atqui
3266 480 3369 519 non
3416 475 3499 519 est
3526 481 3582 528 α,

322 566 384 602 ex
420 550 738 603 neevs~itate
770 559 823 602 ut
855 564 956 603 non
985 560 1127 604 esset
1156 549 1315 604 etiam
1371 568 1418 619 c,
1467 551 1511 606 si
1542 553 1698 622 igitur
1739 554 1807 607 sit
1847 572 1899 622 α,

325 661 429 697 non
460 644 560 698 erit
591 662 635 708 c,
669 645 806 712 quod
843 644 885 698 si
921 645 968 698 id
1000 646 1140 714 quod
1177 647 1470 715 propesitio
1499 648 1741 702 ultimum
1773 663 1903 703 con-

320 738 486 791 5tituit
513 747 672 806 ponat
699 739 1014 807 assumptio,
1048 738 1097 792 id
1134 748 1213 792 est
1249 755 1351 793 non
1387 754 1506 794 esse
1540 757 1587 807 ι’,
1623 741 1799 796 nullus
1821 751 1902 796 est

323 832 676 901 syllogismus.
713 829 845 884 Nam
877 833 920 884 si
967 831 1032 885 de
1061 831 1237 901 aliqua
1270 847 1327 887 re
1361 832 1429 886 ita
1475 843 1825 902 preponatur,
1859 834 1902 889 si

325 923 486 979 homo
533 925 621 990 sit,
655 932 734 977 est
756 922 972 988 animal,
1016 933 1069 978 et
1098 924 1139 976 si
1171 933 1252 977 est
1297 923 1517 990 animal,
1565 939 1670 978 non
1699 935 1780 978 est
1827 924 1903 978 la-

323 1019 429 1087 pis,
461 1029 514 1072 at
553 1033 658 1071 non
687 1027 771 1072 est
798 1017 952 1087 lapis,
986 1033 1090 1072 non
1135 1034 1357 1074 necesse
1387 1020 1491 1075 erit
1539 1030 1630 1074 aut
1659 1036 1780 1076 esse
1811 1029 1905 1075 aut

324 1125 430 1163 non
455 1124 575 1164 esse
601 1110 827 1175 animal;
861 1109 1050 1164 eodem
1084 1110 1243 1165 modo
1278 1125 1378 1167 nec
1403 1111 1696 1177 hominem,
1731 1122 1904 1182 potest

323 1204 466 1258 enim
500 1205 542 1258 si
574 1206 734 1276 lapsis
763 1223 868 1261 non
898 1207 965 1261 sit
1012 1222 1131 1262 esse
1166 1208 1385 1278 lignum,
1422 1209 1512 1264 vel
1543 1216 1760 1272 czetera,
1785 1224 1904 1278 qua:

323 1312 423 1350 nee
460 1298 704 1352 animalia
737 1309 884 1364 sunt,
934 1314 1034 1354 nec
1077 1300 1216 1354 inter
1259 1300 1504 1356 homines
1535 1310 1900 1356 numerantur.

323 1386 536 1442 Tertius
583 1405 710 1443 vero
741 1391 928 1444 modus
965 1401 1047 1444 εει
1080 1391 1266 1460 primas
1319 1390 1524 1460 figura),
1571 1407 1692 1445 cum
1739 1392 1787 1446 id
1821 1407 1906 1447 as-

323 1482 560 1550 sumptio
589 1481 884 1548 constituit,
933 1483 1074 1552 qttod
1125 1483 1419 1552 propositio
1451 1486 1617 1552 prima
1649 1484 1900 1552 ponebat,

319 1573 476 1640 Cujus
500 1589 561 1626 ex
591 1573 741 1627 tertia
774 1571 1139 1643 propositione
1184 1574 1503 1644 principium
1553 1583 1637 1629 est
1679 1590 1798 1630 eum
1833 1575 1904 1629 ita

320 1668 706 1736 proponimus:
741 1669 782 1720 si
825 1676 907 1723 εει
949 1686 1000 1736 a,
1051 1684 1155 1722 non
1199 1677 1281 1723 est
1329 1669 1378 1733 ὁ,
1411 1678 1466 1724 ει
1513 1672 1556 1723 si
1605 1685 1710 1723 non
1742 1679 1823 1724 est
1855 1670 1905 1735 b,

321 1775 457 1815 nece
486 1775 544 1814 se
573 1768 656 1814 est
681 1774 801 1815 esse
828 1778 872 1813 ε.
927 1761 1021 1816 llic
1046 1761 1189 1817 enim
1241 1775 1447 1825 rursus,
1493 1761 1537 1815 si
1578 1777 1618 1828 ¹ιι
1650 1763 1906 1816 terminus

2008 569 2111 609 non
2135 566 2216 610 est
2245 557 2404 625 igitur
2432 575 2495 623 c;
2525 560 2663 628 quod
2691 560 2735 612 si
2775 576 2805 614 ε
2831 572 3152 626 assumatur,
3194 559 3339 614 nulla
3365 558 3465 613 erit
3492 573 3578 614 ne-

2007 648 2247 703 cessitas.
2279 651 2388 717 Age
2417 652 2558 704 enim
2593 651 2661 705 ita
2705 667 3062 720 proponamus
3091 671 3102 704 :
3138 653 3182 706 si
3225 668 3328 705 non
3359 659 3441 704 est
3466 648 3584 703 ani-

2008 749 2229 806 matum,
2255 756 2358 795 non
2379 735 2459 796 esi
2480 741 2698 810 animal,
2723 753 2776 797 et
2797 743 2840 798 si
2872 760 2974 798 non
3019 754 3102 798 est
3123 744 3336 804 animal,
3368 756 3588 798 necesse

2007 843 2088 888 est
2127 849 2233 887 non
2280 848 2401 888 esse
2420 836 2704 901 sensibile;
2737 846 2790 890 at
2819 852 2922 890 non
2955 845 3037 892 est
3060 837 3334 901 sensibile,
3361 852 3465 890 non
3498 849 3592 889 ne-

2008 942 2158 980 cesse
2188 928 2289 981 erit
2320 942 2425 981 non
2451 942 2571 983 esse
2602 929 2914 993 animatum,
2948 941 3002 984 ut
3027 929 3270 994 arbores,
3290 928 3504 993 herbas,
3534 934 3592 981 et

2007 1019 2261 1090 quidquid
2293 1020 2436 1076 vitali
2460 1030 2660 1075 tantum
2691 1021 2886 1086 anima,
2920 1038 3024 1077 non
3053 1022 3213 1076 etiam
3237 1019 3473 1076 sensibili
3496 1034 3588 1073 ve-

2008 1123 2232 1182 getatur.
2269 1114 2320 1168 In
2352 1115 2520 1183 prima
2546 1115 2704 1181 igitur
2727 1116 2890 1184 ﬁgura
2918 1131 2982 1169 ex
3008 1116 3177 1170 tribus
3201 1114 3442 1170 terminis
3461 1113 3590 1166 fiant

2009 1203 2360 1272 hypotheticm
2371 1205 2640 1260 sexdecim
2658 1206 3075 1275 complexiones,
3101 1207 3167 1260 ita
3193 1217 3247 1260 ut
3270 1205 3318 1258 id
3339 1204 3480 1274 quod
3502 1218 3590 1272 po-

2009 1297 2167 1350 sitmn
2201 1308 2279 1350 est
2311 1297 2360 1350 in
2397 1297 2773 1366 pr0positione,
2820 1298 2870 1351 id
2914 1298 2965 1351 in
2991 1298 3352 1364 assumptione
3379 1311 3590 1366 quoque

2013 1399 2236 1460 ponatur
2261 1407 2274 1442 :
2304 1401 2446 1456 oeto,
2471 1390 2566 1444 sia
2591 1391 2845 1445 terminus
2870 1391 2920 1445 in
2943 1391 3304 1458 assumptione
3328 1398 3587 1458 ponatur;

2009 1491 2132 1535 octo
2152 1496 2300 1547 vero,
2327 1480 2372 1535 si
2402 1497 2447 1534 c.
2484 1480 2634 1546 Quod
2660 1482 2703 1536 si
2731 1499 2762 1534 α
2793 1481 3045 1536 terminus
3078 1479 3322 1549 ponendo
3349 1491 3591 1533 assuma-

2014 1585 2118 1636 tur,
2147 1587 2300 1628 erunt
2332 1584 2454 1628 octo
2478 1575 2776 1642 gnecessarii
2807 1574 3134 1646 syllogismi;
3172 1575 3218 1628 si
3252 1588 3378 1628 vero
3405 1589 3430 1625 c
3474 1580 3583 1626 ter-

2013 1670 2193 1722 minus
2227 1667 2472 1738 ponendo
2502 1679 2836 1737 assumatur,
2870 1669 3050 1722 nullus
3087 1666 3324 1722 efficitur
3350 1663 3593 1736 syllogis—

2014 1781 2152 1820 mus.
2186 1766 2387 1820 Eodem
2437 1781 2646 1836 quoque
2680 1765 2839 1821 modo
2881 1765 3311 1836 syll0gismorum
3361 1758 3597 1828 comple-

321 1866 661 1917 assumatur,
693 1855 761 1908 ita
790 1864 846 1908 nt
876 1855 926 1909 in
960 1856 1130 1925 prima
1157 1864 1238 1911 est
1269 1856 1637 1910 enuntiatione
1685 1858 1908 1924 positus,
1945 1851 1990 1910 Β
2018 1859 2341 1926 κίοιιιιιιηιμιε
2394 1857 2526 1911 ordo
2559 1857 2826 1911 constabit
2847 1897 2861 1919 ,
2922 1857 2967 1911 si
3010 1856 3059 1910 id
3106 1857 3158 1908 in
3207 1853 3596 1920 assumptione,

321 1947 396 2000 ita
437 1947 663 2014 dicetur,
713 1949 855 2018 atqui
897 1958 980 2003 est
1010 1948 1170 2019 igitur
1197 1966 1250 2014 a,
1282 1959 1364 2004 est
1392 1947 1550 2018 igitur
1589 1964 1634 2002 c.
1666 1948 1912 2004 l’robatio

319 2053 451 2094 vero
491 2040 678 2094 similis
708 2051 792 2095 est
835 2040 1228 2111 superioribus,
1285 2055 1406 2095 nam
1447 2040 1568 2110 quia
1615 2051 1694 2095 est
1722 2058 1773 2106 α,
1807 2057 1910 2096 non

318 2145 407 2189 est
444 2135 492 2199 b,
535 2143 587 2189 ct
634 2135 756 2209 quia
806 2149 911 2187 non
955 2144 1037 2190 est
1086 2135 1135 2202 b,
1189 2142 1270 2189 est
1299 2151 1345 2198 c,
1379 2115 1707 2203 quhiak‘igitur
1746 2144 1828 2188 est
1857 2150 1910 2200 a,

318 2236 406 2282 est
433 2245 478 2280 ε.
513 2227 663 2293 Quod
709 2228 751 2281 si
800 2243 826 2278 c
875 2227 1139 2282 terminus
1167 2209 1498 2292 assumaihr,
1542 2227 1671 2280 nihil
1724 2241 1910 2280 neces-

319 2319 520 2375 sarium
572 2319 680 2384 liet,
737 2329 792 2373 ut
839 2319 884 2374 si
929 2321 1001 2374 ita
1043 2333 1448 2388 proponamus:
1492 2319 1538 2372 si
1590 2319 1750 2373 homo
1791 2328 1912 2383 εει,

323 2424 432 2464 non
464 2421 546 2465 est
592 2409 924 2472 insensibile,
983 2410 1163 2464 sinon
1211 2419 1296 2464 est
1346 2409 1680 2473 insensibile,
1715 2411 1913 2464 animal

321 2520 427 2571 εει,
463 2519 542 2560 cst
573 2517 750 2560 autem
783 2505 1001 2572 animal,
1037 2521 1142 2559 non
1197 2514 1278 2559 est
1321 2518 1541 2559 necesse
1585 2519 1706 2558 esse
1748 2505 1918 2557 homi-

321 2619 469 2657 nem.
504 2601 737 2667 Quartus
765 2599 953 2654 modus
983 2609 1066 2653 εει
1094 2600 1182 2667 qui
1215 2615 1279 2654 ex
1313 2609 1501 2669 quarta
1548 2598 1916 2666 prepositione

325 2697 648 2765 principium
673 2696 833 2760 capit,
859 2695 947 2762 qni
982 2711 1046 2747 ex
1077 2693 1165 2746 tali
1197 2694 1565 2762 propositione
1597 2693 1860 2745 formatur
1896 2709 1908 2744 :

320 2790 368 2842 si
395 2798 475 2841 est
499 2805 551 2850 a,
585 2805 687 2841 non
721 2796 804 2840 est
827 2787 875 2851 b,
900 2797 952 2839 ει
981 2787 1023 2838 si
1062 2801 1165 2840 non
1193 2794 1274 2840 est
1311 2780 1498 2847 b,'non
1529 2793 1612 2839 est
1651 2784 1809 2838 etiam
1841 2800 1866 2836 c
1900 2799 1917 2844 ;

321 2881 411 2934 hic
441 2880 581 2933 enim
613 2880 654 2932 si
686 2898 718 2931 a
767 2887 871 2947 est,
922 2891 1147 2932 necesse
1176 2887 1260 2931 est
1292 2892 1394 2930 non
1426 2891 1547 2931 esse
1591 2892 1640 2928 c.
1690 2875 1919 2929 Demon-

319 2974 515 3027 stratio
543 2987 668 3026 vero
695 2971 881 3024 eadem
911 2980 992 3024 cst
1021 2984 1139 3039 quae
1163 2970 1213 3022 in
1246 2968 1512 3038 prioribus
1542 2969 1732 3023 modis.
1766 2967 1918 3035 Quod

320 3065 371 3118 si
404 3079 508 3118 non
535 3079 654 3118 esse
701 3079 727 3115 c
757 3072 1082 3127 assumatur,
1129 3062 1270 3114 nulla
1302 3061 1404 3115 erit
1447 3061 1738 3116 necessitas
1768 3075 1920 3116 com-

321 3156 594 3227 plexiOnis
642 3157 743 3210 hoc
787 3156 966 3210 modo.
1004 3160 1114 3224 Age
1154 3156 1297 3209 enim
1351 3165 1701 3224 proponatur,
1744 3156 1788 3208 si
1839 3164 1920 3210 est

2019 1949 2159 2021 quod
2178 1951 2230 2006 in
2251 1951 2617 2021 propositione
2643 1951 2873 2019 positum
2896 1949 3098 2017 fuerat,
3123 1948 3418 2003 auferatur.
3445 1945 3600 2000 Fient

2019 2045 2218 2114 quippe
2300 2043 2574 2099 sexdecim
2651 2043 3050 2112 complexiones
3094 2081 3109 2107 ,
3185 2041 3433 2110 quarum“
3477 2046 3601 2092 octo

2017 2136 2234 2208 quidem
2284 2135 2370 2190 ubi
2406 2135 2454 2190 id
2487 2135 2625 2205 quod
2679 2135 2918 2206 sequitur
2965 2134 3224 2198 aufertur,
3256 2134 3460 2202 integra
3507 2144 3602 2185 ne-

2019 2230 2270 2283 cessitate
2302 2227 2632 2296 perdurant,
2686 2236 2807 2280 octo
2857 2241 2984 2280 vero
3029 2225 3080 2279 in
3125 2223 3320 2294 quibus
3363 2221 3414 2276 id
3458 2219 3599 2290 quod

2021 2317 2279 2388 praecedit
2305 2316 2563 2380 aufertur,
2624 2316 3000 2370 necessitatem
3057 2315 3108 2370 in
3157 2313 3344 2369 eadem
3395 2311 3602 2367 ratione

2019 2421 2358 2467 conservant.
2402 2411 2601 2464 llorum
2646 2426 2774 2464 vero
2804 2410 3044 2464 omnium
3091 2407 3387 2463 Subdantur
3415 2420 3602 2461 exem-

2023 2505 2126 2574 pla.
2165 2506 2373 2559 l’rimus
2408 2505 2564 2574 igitur
2586 2503 2778 2557 modus
2808 2503 2896 2558 hic
2935 2512 3058 2559 est:
3101 2504 3144 2557 si
3175 2513 3253 2557 est
3274 2520 3325 2568 a,
3353 2511 3435 2557 est
3469 2501 3520 2566 b,
3549 2508 3603 2555 et

2022 2603 2065 2653 si
2097 2608 2176 2653 est
2210 2601 2259 2661 b,
2292 2600 2452 2654 etiam
2478 2616 2503 2651 ε
2533 2614 2653 2654 εεεε
2676 2589 2899 2654 ιιέεεεεε
2929 2607 3010 2653 εει
3042 2616 3052 2649 :
3085 2607 3138 2651 at
3169 2612 3274 2652 non
3316 2605 3398 2650 est
3427 2611 3474 2660 ε,
3500 2593 3604 2664 igi-

2022 2700 2106 2745 tur
2134 2707 2165 2742 a
2199 2705 2300 2744 non
2333 2699 2446 2754 cst;
2477 2689 2618 2759 quod
2650 2692 2694 2743 si
2744 2701 3120 2755 assumamus,
3179 2695 3235 2742 at
3286 2701 3395 2741 non
3423 2693 3507 2740 est
3545 2701 3599 2752 a,

2024 2786 2155 2839 nihil
2184 2785 2396 2839 eveniet
2424 2784 2810 2839 necessarium.
2846 2783 2929 2837 Sit
2956 2782 3101 2837 enim
3128 2779 3423 2850 propositio
3454 2778 3601 2832 haec:

2023 2877 2067 2932 si
2100 2877 2261 2930 homo
2289 2886 2394 2949 est,
2415 2876 2613 2930 animal
2643 2883 2746 2939 est,
2777 2883 2832 2930 et
2860 2874 2904 2929 si
2952 2872 3146 2928 animal
3176 2881 3279 2938 est,
3305 2872 3596 2925 animatum

2023 2984 2144 3025 esse
2176 2983 2398 3024 necesse
2427 2977 2510 3022 est
2539 2984 2552 3021 :
2579 2967 2724 3037 atqui
2757 2982 2860 3021 non
2915 2975 2998 3022 est
3047 2965 3228 3029 homo,
3286 2977 3393 3017 non
3443 2962 3602 3032 igitur

2024 3078 2246 3118 necesse
2297 3064 2401 3116 erit
2431 3074 2487 3116 ut
2516 3062 2558 3115 si
2593 3062 2675 3116 vel
2718 3075 2821 3114 non
2852 3061 2921 3113 sit
2962 3058 3274 3113 animatum.
3329 3051 3607 3110 Secundus

2027 3155 2216 3209 modus
2243 3162 2327 3208 est
2357 3169 2372 3207 :
2429 3154 2471 3206 si
2503 3163 2586 3207 est
2616 3171 2666 3218 (ι,
2695 3161 2778 3207 est
2824 3153 2871 3219 b,
2905 3159 2960 3205 et
3003 3149 3047 3203 si
3079 3158 3161 3203 est
3199 3149 3249 3212 ὁ,
3302 3161 3407 3202 non
3437 3158 3554 3199 esse
3582 3158 3607 3194 c

323 3253 506 3314 homo,
542 3265 648 3304 non
689 3260 769 3304 est
804 3248 1130 3313 irrationale,
1178 3259 1232 3303 et
1269 3249 1312 3301 si
1343 3248 1654 3302 irrationale
1683 3264 1787 3301 non
1809 3258 1914 3312 est,
1947 3229 1991 3290 (ἶ
2025 3264 2246 3304 ιιεεεεεε
2286 3258 2400 3312 εει;
2446 3247 2591 3316 atqui
2625 3256 2706 3301 est
2736 3262 2780 3310 c,
2817 3244 2979 3315 igitur
3003 3259 3037 3297 a
3075 3258 3182 3298 non
3213 3241 3345 3304 erit;
3391 3238 3530 3309 quod
3562 3235 3608 3290 si

321 3358 432 3397 non
483 3351 565 3396 εει
611 3339 1010 3395 inanimatum:
1063 3340 1207 3409 atqui
1260 3354 1364 3393 non
1417 3349 1500 3396 est
1546 3339 1914 3405 inanimatnm,

323 3451 433 3491 non
466 3449 686 3490 necesse
733 3444 974 3489 est'esse
1027 3434 1320 3488 hominem.
1360 3434 1589 3500 Quinttts
1616 3434 1806 3488 modus
1837 3444 1920 3488 est

321 3543 391 3582 ex
413 3528 595 3596 quinta
620 3527 986 3581 enuntiatione
1006 3524 1343 3579 descendens
1363 3564 1378 3590 ,
1412 3523 1568 3593 cujus
1600 3524 1770 3592 pritna
1797 3524 1919 3578 talis

322 3628 411 3674 est
438 3619 752 3688 propositio,
780 3619 826 3672 si
853 3633 964 3672 non
983 3627 1072 3671 est
1119 3635 1169 3682 α,
1202 3628 1282 3672 εει
1323 3618 1370 3679 b,
1408 3617 1453 3670 si
1485 3625 1566 3670 εει
1612 3617 1662 3679 b,
1713 3616 1871 3669 etiam
1896 3633 1921 3667 c

324 3725 551 3766 necesse
578 3721 661 3765 est
698 3725 818 3765 esse
847 3728 857 3762 :
906 3710 1050 3776 atqui
1101 3724 1207 3762 non
1256 3718 1340 3762 est
1369 3724 1421 3774 a,
1454 3723 1479 3759 c
1511 3707 1670 3777 igitur
1702 3720 1921 3760 necesse

324 3812 410 3857 est
438 3818 576 3857 esse.
605 3802 701 3857 Hic
722 3818 932 3871 quoque
964 3801 1110 3870 prius
1135 3800 1276 3854 dicta
1314 3799 1554 3854 conditio
1585 3798 1711 3852 facit
1732 3812 1919 3853 conse-

325 3897 603 3966 quentiam
635 3895 993 3959 necessitatis,
1023 3903 1072 3946 at
1102 3893 1147 3947 si
1178 3895 1227 3946 id
1261 3891 1400 3962 quod
1423 3902 1508 3946 est
1533 3907 1560 3944 c
1591 3898 1920 3955 assumatur,

330 3988 475 4043 nulla
509 3988 802 4042 necessitas
829 3986 1060 4042 eveniet.
1087 3985 1167 4040 Sit
1196 3984 1338 4039 enim
1370 3983 1665 4054 propositio
1697 4001 1709 4035 ε
1737 3981 1783 4037 si
1813 3997 1922 4035 non

326 4090 415 4135 est
441 4081 766 4144 irrationale,
794 4081 1053 4135 rationale
1085 4088 1188 4145 εει,
1217 4088 1267 4133 ει
1297 4078 1341 4132 si
1376 4077 1637 4132 rationale
1666 4085 1770 4141 est,
1803 4077 1923 4130 ani-

329 4173 438 4229 mal
471 4183 572 4238 est,
604 4183 660 4227 et
690 4173 734 4227 si
783 4187 1137 4235 assumamus,
1181 4170 1273 4226 sed
1320 4180 1402 4224 est
1449 4170 1665 4234 animal,
1698 4184 1803 4223 non
1833 4183 1927 4222 ne-

330 4282 485 4322 cesse
514 4267 616 4321 erit
648 4267 731 4321 vel
775 4282 916 4332 csse,
950 4267 1033 4320 vel
1064 4279 1167 4319 non
1199 4279 1320 4318 esse
1366 4263 1700 4317 irrationale.
1727 4261 1926 4316 Sextus

331 4361 525 4414 modus
565 4371 648 4416 est
706 4376 864 4431 quem
921 4370 1068 4413 sexta
1129 4357 1425 4427 propositio
1481 4356 1607 4410 facit
1661 4372 1673 4406 :
1719 4355 1761 4408 si
1818 4368 1926 4408 non

331 4464 418 4509 εει
445 4470 497 4521 a,
529 4465 610 4508 est
641 4454 690 4518 ὁ,
719 4463 774 4508 ει
816 4455 858 4507 si
892 4463 974 4507 est
1005 4453 1053 4517 b,
1097 4468 1203 4506 non
1245 4460 1327 4505 est
1357 4465 1405 4514 ε,
1441 4449 1587 4517 atqui
1619 4464 1722 4502 non
1754 4454 1835 4502 est
1872 4465 1924 4511 a,

333 4560 444 4599 non
471 4555 553 4599 est
598 4545 755 4614 igitur
786 4561 833 4596 c-.
879 4544 1082 4598 Similis
1129 4557 1260 4597 vero
1292 4540 1663 4611 superioribus
1693 4549 1774 4593 est
1825 4538 1920 4594 de.
1957 4583 2011 4643 D

335 4637 683 4699 monStratio;
743 4645 799 4691 at
839 4637 884 4692 si
932 4653 957 4689 c
999 4645 1322 4697 assumatur,
1371 4632 1560 4688 eodem
1610 4631 1768 4685 modo
1806 4631 1930 4684 nul—

335 4730 422 4785 lns
473 4740 557 4784 est
587 4730 965 4800 syllogismus,
1011 4743 1131 4782 nam
1183 4727 1228 4782 si
1267 4727 1335 4780 sit
1383 4725 1699 4795 propositio,
1729 4725 1772 4776 si
1817 4724 1930 4776 ani-

336 4831 539 4873 matum
599 4835 703 4872 non
735 4830 838 4884 est,
875 4818 1224 4873 inanimatum
1277 4826 1378 4881 est,
1424 4828 1474 4871 et
1504 4817 1549 4870 si
1583 4816 1928 4870 inanimatum

337 4919 440 4972 est,
472 4914 726 4968 sensibile
759 4929 863 4966 non
891 4921 1006 4976 est;
1042 4913 1085 4965 si
1131 4925 1490 4973 assumamus,
1524 4913 1670 4980 atqui
1717 4919 1929 4964 nonest

336 5003 612 5066 sensibile,
642 5019 747 5056 non
795 5018 1017 5057 necesse
1053 5003 1155 5056 erit
1183 5003 1263 5056 vel
1287 5017 1406 5056 esse
1438 5003 1517 5056 vel
1549 5019 1651 5055 non
1675 5017 1795 5056 esse
1811 5002 1931 5056 ani-

339 5103 563 5148 matum.
597 5095 867 5164 Septimus
899 5097 1087 5149 modus
1112 5106 1218 5161 est,
1257 5095 1344 5164 qui
1388 5110 1452 5148 es
1484 5095 1707 5162 septima
1740 5110 1932 5165 propo-

338 5185 535 5240 sitione
565 5197 667 5251 est,
722 5189 764 5240 si
797 5205 828 5240 a
881 5203 984 5241 non
1014 5197 1118 5250 est,
1149 5188 1176 5240 b
1211 5202 1314 5240 non
1343 5197 1444 5251 est,
1480 5197 1534 5240 et
1564 5188 1610 5240 si
1641 5188 1668 5238 b
1697 5203 1800 5240 non
1827 5198 1930 5257 est,

342 5292 563 5332 necesse
591 5288 672 5332 est
707 5293 827 5336 esse
853 5295 912 5343 c;
943 5281 1084 5349 atqui
1130 5294 1234 5333 non
1263 5289 1348 5332 est
1377 5297 1430 5347 α,
1466 5294 1688 5335 ιιεεεεεε
1711 5290 1796 5335 εει
1840 5282 1936 5350 ἰκίο

343 5375 431 5422 tur
459 5383 578 5422 esse
609 5386 668 5434 c;
701 5370 840 5438 quod
899 5371 942 5423 si
972 5387 998 5423 ε
1048 5380 1374 5433 assumatur,
1407 5371 1536 5424 nihil
1593 5372 1650 5425 ﬁt
1683 5388 1933 5429 necessa-

341 5460 478 5514 rium
498 5505 512 5526 ,
546 5477 666 5515 nam
693 5461 737 5517 si
771 5478 1156 5531 pr0p0nantus,
1182 5464 1224 5518 si
1254 5480 1354 5518 non
1378 5474 1460 5518 cst
1487 5468 1800 5530 animalum,
1829 5483 1932 5522 non

342 5563 424 5608 est
450 5554 667 5617 animal,
704 5565 758 5610 et
783 5556 827 5610 si
855 5558 1052 5610 animal
1086 5573 1191 5610 non
1215 5568 1319 5621 est,
1357 5557 1667 5612 insensibile
1694 5571 1810 5624 est;
1852 5575 1939 5615 as-

344 5660 753 5726 snmamusqqe,
786 5649 932 5719 atqui
964 5661 1046 5704 est
1089 5650 1417 5704 insensibile.
1469 5667 1572 5704 non
1605 5666 1827 5707 necesse
1855 5663 1938 5708 est

343 5739 425 5791 vel
454 5754 574 5795 esse
603 5742 682 5795 vel
715 5758 819 5794 non
853 5757 973 5797 esse
1006 5745 1322 5798 animatum.
1361 5747 1594 5799 Octavus
1641 5747 1828 5801 modus
1854 5757 1936 5803 est

350 5830 440 5914 qui
502 5833 572 5887 ita
605 5839 920 5906 proponitur
951 5853 962 5890 :
997 5836 1040 5889 si
1082 5851 1186 5893 non
1235 5844 1317 5894 est
1367 5855 1417 5905 (ι,
1452 5852 1557 5894 non
1602 5848 1685 5895 est
1726 5840 1774 5910 ὸ,
1809 5850 1859 5895 et
1891 5841 1935 5899 si

2022 3357 2358 3399 assumamus
2387 3342 2458 3395 ita
2497 3359 2507 3391 :
2542 3341 2687 3409 atqui
2722 3355 2824 3392 non
2867 3349 2947 3393 est
2971 3357 3021 3402 α,
3078 3353 3182 3393 non
3214 3348 3431 3391 necesse
3460 3333 3610 3387 eritc

2023 3449 2144 3490 esse
2167 3434 2250 3488 vel
2279 3449 2381 3485 non
2409 3446 2552 3497 esse,
2580 3445 2699 3484 nam
2725 3431 2769 3484 si
2797 3431 2864 3484 sit
2891 3430 3182 3498 propositio
3209 3429 3345 3489 talis,
3375 3428 3418 3480 si
3445 3426 3609 3480 homo

2024 3538 2128 3593 est,
2154 3527 2348 3580 animal
2394 3536 2498 3591 est,
2531 3526 2649 3578 etsi
2702 3524 2898 3577 animal
2956 3532 3060 3585 est,
3115 3523 3248 3590 lapis
3277 3536 3382 3574 non
3414 3529 3516 3583 est,
3563 3518 3608 3571 si

2027 3637 2382 3686 assumamus,
2413 3620 2563 3689 atqui
2597 3635 2703 3673 non
2736 3628 2817 3673 est
2876 3617 3058 3682 homo,
3093 3631 3198 3669 non
3241 3628 3459 3668 necesse
3509 3611 3610 3665 erit

2027 3715 2253 3784 lapidem
2287 3728 2405 3766 esse
2454 3712 2534 3764 vel
2567 3725 2671 3762 non
2725 3724 2866 3762 esse.
2917 3707 3129 3761 Tertius
3174 3704 3364 3758 modus
3394 3712 3520 3756 est:
3565 3703 3611 3755 si

2027 3818 2108 3860 est
2135 3825 2184 3867 u,
2222 3820 2323 3858 non
2369 3813 2451 3857 est
2481 3805 2526 3867 ὸ,
2555 3812 2610 3856 ει
2634 3803 2675 3855 si
2708 3816 2810 3855 non
2841 3809 2923 3855 est
2952 3802 3000 3865 b,
3034 3812 3256 3852 necesse
3284 3805 3365 3849 est
3392 3809 3512 3849 esse
3541 3810 3568 3845 ε
3593 3808 3610 3854 ;

2029 3899 2173 3968 atqui
2223 3915 2326 3952 non
2381 3906 2463 3952 εει
2505 3914 2565 3962 ε,
2628 3910 2849 3950 ιιεεεεεε
2905 3905 2985 3949 εει
3043 3893 3201 3963 igitur
3245 3905 3348 3944 non
3381 3903 3500 3944 esse
3535 3903 3612 3952 a;

2029 3991 2170 4061 quod
2200 3991 2242 4044 si
2274 4009 2302 4043 (ι
2334 3992 2614 4043 terminum
2642 3988 2790 4040 tollat
2812 3989 3128 4054 assumptio,
3155 3984 3284 4038 nihil
3308 3983 3488 4039 evenit
3516 3995 3614 4035 ne-

2030 4085 2342 4138 cessarium.
2377 4083 2488 4149 Age
2539 4081 2679 4133 enim
2711 4079 2782 4133 sit
2825 4077 3160 4149 propositio:
3215 4077 3259 4130 si
3303 4074 3464 4130 homo
3508 4083 3616 4142 est,

2031 4189 2136 4227 non
2188 4183 2270 4225 est
2303 4174 2645 4233 inanitnatus,
2686 4180 2738 4222 et
2765 4168 2806 4223 si
2837 4170 3158 4222 inanimatus
3214 4182 3318 4221 non
3349 4177 3454 4231 est,
3501 4166 3617 4220 ani-

2032 4275 2231 4320 matum
2260 4279 2377 4317 esse
2410 4277 2628 4316 necesse
2672 4272 2792 4324 est;
2850 4261 2992 4329 atqui
3027 4275 3130 4313 non
3163 4268 3246 4313 cst
3277 4258 3458 4323 homo,
3507 4273 3615 4312 non

2033 4373 2254 4413 necesse
2294 4367 2371 4410 εει
2419 4369 2539 4409 εεεε
2567 4355 2648 4408 vel
2712 4370 2817 4408 non
2863 4369 2981 4407 esse
3039 4355 3351 4406 animatum.
3387 4353 3619 4419 Quartus

2034 4446 2224 4503 tnodus
2251 4464 2261 4498 :
2297 4445 2341 4499 si
2373 4453 2456 4499 est
2483 4461 2536 4510 a,
2582 4459 2685 4498 non
2716 4452 2797 4500 est
2828 4443 2876 4507 b,
2911 4453 2964 4498 et
2991 4444 3034 4496 si
3066 4457 3172 4496 non
3203 4451 3283 4497 est
3307 4444 3356 4509 b,
3398 4457 3620 4499 necesse

2033 4553 2114 4598 est
2147 4556 2252 4594 non
2283 4555 2404 4594 esse
2426 4556 2484 4604 c;
2516 4549 2568 4592 at
2611 4547 2693 4593 est
2713 4554 2761 4604 ε,
2792 4538 2949 4608 igitur
2974 4555 3004 4591 a
3059 4552 3164 4590 non
3212 4539 3347 4602 erit;
3397 4537 3539 4607 quod
3574 4536 3620 4592 si

2037 4649 2372 4691 assumamus
2400 4649 2504 4687 non
2535 4647 2655 4688 esse
2685 4650 2736 4700 τι,
2765 4634 2905 4686 nulla
2945 4630 3334 4701 complexionis
3383 4629 3621 4686 necessi-

2040 4742 2121 4784 tas
2150 4732 2442 4793 invenitur,
2494 4744 2614 4783 nam
2664 4731 2706 4783 si
2741 4729 2808 4782 sit
2840 4729 3155 4798 propositio,
3210 4729 3253 4784 si
3302 4727 3463 4784 homo
3514 4735 3620 4795 est,

2040 4836 2146 4874 non
2166 4830 2248 4875 est
2273 4820 2604 4886 irrationale,
2625 4820 2668 4873 si
2694 4819 3000 4875 irrationale
3022 4837 3126 4875 non
3144 4830 3248 4886 est,
3274 4822 3622 4876 inanimatum

2041 4927 2163 4966 eum
2195 4927 2298 4966 non
2329 4927 2452 4966 esse
2476 4926 2697 4967 necesse
2727 4923 2843 4976 est;
2881 4915 3028 4982 atqui
3055 4929 3160 4969 non
3199 4925 3281 4970 est
3301 4914 3482 4978 homo,
3517 4929 3624 4966 non

2042 5022 2266 5061 necesse
2316 5016 2399 5061 cst
2445 5022 2565 5060 etttn
2613 5021 2731 5061 esse
2790 5007 2871 5060 vel
2922 5021 3025 5061 non
3083 5022 3204 5062 esse
3252 5007 3618 5060 inanitnatum.

2043 5101 2291 5165 Quintus,
2324 5100 2368 5152 si
2395 5117 2425 5151 (ι
2457 5114 2560 5152 non
2587 5107 2690 5163 est,
2723 5101 2750 5152 ὁ
2777 5108 2881 5164 εει,
2911 5108 2965 5154 ει
2989 5100 3033 5153 si
3065 5099 3092 5151 b
3123 5108 3226 5164 est,
3261 5098 3422 5152 etiam
3455 5115 3480 5148 ε
3504 5112 3625 5153 εεεε

2044 5205 2266 5245 ιιεεεεεε
2294 5200 2375 5244 εει
2409 5207 2422 5252 ;
2478 5191 2620 5258 atqui
2653 5206 2758 5244 non
2787 5200 2870 5246 est
2918 5209 2962 5251 ε,
3013 5192 3175 5260 igitur
3201 5209 3231 5243 a
3258 5206 3378 5247 esse
3405 5206 3625 5245 necesse

2045 5292 2156 5346 est;
2189 5283 2325 5351 quod
2361 5284 2405 5337 si
2434 5301 2464 5335 η
2499 5284 2754 5338 terminus
2784 5295 3106 5349 assumatur,
3142 5284 3315 5337 nullus
3349 5285 3438 5337 fiet
3464 5286 3626 5355 syllo-

2045 5379 2248 5447 gismus
2278 5394 2290 5430 :
2322 5381 2391 5431 sit
2435 5379 2576 5432 enim
2610 5380 2924 5448 propositio,
2955 5377 3000 5430 si
3035 5377 3340 5430 irrationale
3373 5393 3476 5431 non
3521 5387 3625 5440 est,

2050 5472 2307 5527 rationale
2337 5483 2439 5537 est,
2473 5483 2527 5527 et
2575 5473 2617 5526 si
2649 5473 2906 5526 rationale
2936 5482 3038 5539 est,
3072 5470 3266 5523 animal
3309 5479 3392 5525 est
3422 5489 3436 5537 ;
3481 5472 3628 5540 atqui

2048 5566 2359 5618 irrationale
2398 5576 2501 5630 εει,
2535 5580 2640 5618 non
2674 5578 2892 5618 necesse
2934 5563 3036 5616 erit
3066 5577 3186 5616 esse
3245 5563 3326 5617 vel
3376 5579 3478 5616 non
3511 5576 3630 5616 es.~e

2046 5656 2266 5711 animal.
2291 5658 2502 5720 Sextus,
2552 5657 2592 5710 si
2641 5672 2745 5708 non
2776 5666 2858 5709 est
2904 5673 2956 5721 a,
3003 5664 3085 5709 εει
3107 5657 3153 5719 b,
3184 5665 3236 5710 et
3277 5658 3318 5708 si
3347 5667 3428 5710 est
3455 5657 3515 5721 b,
3545 5671 3612 5710 ne

2045 5763 2199 5804 Cosse
2230 5760 2311 5803 cst
2340 5766 2366 5800 ι·
2397 5767 2498 5803 non
2540 5763 2694 5811 esse;
2743 5749 2886 5815 atqui
2920 5760 3000 5804 est
3025 5767 3070 5815 c,
3110 5751 3267 5818 igitur
3297 5768 3326 5802 (ι
3371 5764 3489 5803 esse
3541 5766 3624 5804 ne-

2045 5857 2195 5902 Cesse
2225 5853 2305 5900 est
2330 5861 2342 5910 ;
2363 5842 2502 5914 quod
2526 5842 2569 5897 si
2593 5860 2622 5894 α
2645 5843 2928 5898 terminum
2962 5859 3188 5912 sumam,
3221 5846 3362 5900 nulla
3391 5844 3633 5908 ltcccssi?
