  <div class='ocr_page' id='page_1' title='image "/cluster/home/n/w/nwhite01/storage/ocr_20150623/64/hvd.32044024222309/437.png"; bbox 0 0 4064 6336; ppageno 0'>
   <div class='ocr_carea' id='block_1_1' title="bbox 444 318 545 374">
    <p class='ocr_par' dir='ltr' id='par_1_1' title="bbox 444 318 545 374">
     <span class='ocr_line' id='line_1_1' title="bbox 444 318 545 374; baseline 0 -1"><span class='ocrx_word' id='word_1_1' title='bbox 444 318 545 374; x_wconf 65' lang='lat'><strong>839</strong></span> 
     </span>
    </p>
   </div>
   <div class='ocr_carea' id='block_1_2' title="bbox 1677 299 2490 367">
    <p class='ocr_par' dir='ltr' id='par_1_2' title="bbox 1677 299 2490 367">
     <span class='ocr_line' id='line_1_2' title="bbox 1677 299 2490 367; baseline -0.01 -2"><span class='ocrx_word' id='word_1_2' title='bbox 1677 308 1784 367; x_wconf 82' lang='grc' dir='ltr'><strong>ΑΝ.</strong></span> <span class='ocrx_word' id='word_1_3' title='bbox 1829 303 2037 364; x_wconf 77' lang='lat' dir='ltr'><strong>MANL.</strong></span> <span class='ocrx_word' id='word_1_4' title='bbox 2072 302 2225 361; x_wconf 60' lang='grc' dir='ltr'>εει.</span> <span class='ocrx_word' id='word_1_5' title='bbox 2268 299 2490 357; x_wconf 73' lang='grc' dir='ltr'><strong>ΒΟΕΤῘΙ</strong></span> 
     </span>
    </p>
   </div>
   <div class='ocr_carea' id='block_1_3' title="bbox 3603 293 3713 348">
    <p class='ocr_par' dir='ltr' id='par_1_3' title="bbox 3603 293 3713 348">
     <span class='ocr_line' id='line_1_3' title="bbox 3603 293 3713 348; baseline 0 0"><span class='ocrx_word' id='word_1_6' title='bbox 3603 293 3713 348; x_wconf 83' lang='grc'><strong>860</strong></span> 
     </span>
    </p>
   </div>
   <div class='ocr_carea' id='block_1_4' title="bbox 443 408 3719 501">
    <p class='ocr_par' dir='ltr' id='par_1_4' title="bbox 443 408 3719 501">
     <span class='ocr_line' id='line_1_4' title="bbox 443 408 3719 501; baseline -0.008 -11"><span class='ocrx_word' id='word_1_7' title='bbox 443 444 527 490; x_wconf 87' lang='lat' dir='ltr'><strong>tas</strong></span> <span class='ocrx_word' id='word_1_8' title='bbox 553 436 822 491; x_wconf 83' lang='lat' dir='ltr'><strong>invenitur</strong></span> <span class='ocrx_word' id='word_1_9' title='bbox 846 454 860 488; x_wconf 83' lang='lat'><strong>;</strong></span> <span class='ocrx_word' id='word_1_10' title='bbox 888 433 956 488; x_wconf 89' lang='lat' dir='ltr'><strong>sit</strong></span> <span class='ocrx_word' id='word_1_11' title='bbox 988 431 1131 488; x_wconf 83' lang='lat' dir='ltr'><strong>enim</strong></span> <span class='ocrx_word' id='word_1_12' title='bbox 1157 428 1455 501; x_wconf 72' lang='lat' dir='ltr'><strong>propositio</strong></span> <span class='ocrx_word' id='word_1_13' title='bbox 1479 426 1619 495; x_wconf 87' lang='lat' dir='ltr'><strong>talis,</strong></span> <span class='ocrx_word' id='word_1_14' title='bbox 1653 424 1695 479; x_wconf 88' lang='lat' dir='ltr'><strong>si</strong></span> <span class='ocrx_word' id='word_1_15' title='bbox 1728 424 2024 478; x_wconf 89' lang='lat' dir='ltr'><strong>animatum</strong></span> <span class='ocrx_word' id='word_1_16' title='bbox 2055 422 2110 483; x_wconf 74' lang='grc' dir='ltr'><strong>Α</strong></span> <span class='ocrx_word' id='word_1_17' title='bbox 2138 432 2293 473; x_wconf 86' lang='grc' dir='ltr'>εεεεε</span> <span class='ocrx_word' id='word_1_18' title='bbox 2330 425 2415 475; x_wconf 89' lang='grc' dir='ltr'><strong>εει</strong></span> <span class='ocrx_word' id='word_1_19' title='bbox 2443 414 2528 470; x_wconf 91' lang='lat' dir='ltr'><strong>vel</strong></span> <span class='ocrx_word' id='word_1_20' title='bbox 2551 427 2673 471; x_wconf 89' lang='lat' dir='ltr'><strong>esse</strong></span> <span class='ocrx_word' id='word_1_21' title='bbox 2702 413 3031 479; x_wconf 74' lang='lat' dir='ltr'><strong>irrationale,</strong></span> <span class='ocrx_word' id='word_1_22' title='bbox 3060 411 3144 468; x_wconf 88' lang='lat' dir='ltr'><strong>vel</strong></span> <span class='ocrx_word' id='word_1_23' title='bbox 3174 424 3277 466; x_wconf 91' lang='lat' dir='ltr'><strong>non</strong></span> <span class='ocrx_word' id='word_1_24' title='bbox 3309 423 3450 465; x_wconf 87' lang='lat' dir='ltr'><strong>esse.</strong></span> <span class='ocrx_word' id='word_1_25' title='bbox 3478 408 3719 465; x_wconf 77' lang='lat' dir='ltr'><strong>Octavus</strong></span> 
     </span>
    </p>
   </div>
   <div class='ocr_carea' id='block_1_5' title="bbox 444 522 2019 595">
    <p class='ocr_par' dir='ltr' id='par_1_5' title="bbox 444 522 2019 595">
     <span class='ocr_line' id='line_1_5' title="bbox 444 522 2019 595; baseline -0.008 -12"><span class='ocrx_word' id='word_1_26' title='bbox 444 544 551 583; x_wconf 87' lang='lat' dir='ltr'><strong>tton</strong></span> <span class='ocrx_word' id='word_1_27' title='bbox 580 532 670 595; x_wconf 94' lang='lat' dir='ltr'><strong>sit,</strong></span> <span class='ocrx_word' id='word_1_28' title='bbox 704 530 1047 584; x_wconf 73' lang='lat' dir='ltr'><strong>inanimatum</strong></span> <span class='ocrx_word' id='word_1_29' title='bbox 1078 534 1183 592; x_wconf 88' lang='lat' dir='ltr'><strong>est,</strong></span> <span class='ocrx_word' id='word_1_30' title='bbox 1224 532 1279 580; x_wconf 90' lang='lat' dir='ltr'><strong>et</strong></span> <span class='ocrx_word' id='word_1_31' title='bbox 1304 525 1349 579; x_wconf 89' lang='lat' dir='ltr'><strong>si</strong></span> <span class='ocrx_word' id='word_1_32' title='bbox 1381 522 1729 578; x_wconf 76' lang='lat' dir='ltr'><strong>inanimatam</strong></span> <span class='ocrx_word' id='word_1_33' title='bbox 1759 528 1860 583; x_wconf 82' lang='lat' dir='ltr'><strong>est,</strong></span> <span class='ocrx_word' id='word_1_34' title='bbox 1891 532 2019 571; x_wconf 88' lang='lat' dir='ltr'><strong>sen-</strong></span> 
     </span>
    </p>
   </div>
   <div class='ocr_carea' id='block_1_6' title="bbox 446 610 2020 689">
    <p class='ocr_par' dir='ltr' id='par_1_6' title="bbox 446 610 2020 689">
     <span class='ocr_line' id='line_1_6' title="bbox 446 610 2020 689; baseline -0.01 -11"><span class='ocrx_word' id='word_1_35' title='bbox 446 623 602 678; x_wconf 77' lang='lat' dir='ltr'><strong>sibile</strong></span> <span class='ocrx_word' id='word_1_36' title='bbox 646 636 751 676; x_wconf 90' lang='lat' dir='ltr'><strong>non</strong></span> <span class='ocrx_word' id='word_1_37' title='bbox 782 632 892 685; x_wconf 88' lang='lat' dir='ltr'><strong>est;</strong></span> <span class='ocrx_word' id='word_1_38' title='bbox 933 620 1078 689; x_wconf 88' lang='lat' dir='ltr'><strong>atqui</strong></span> <span class='ocrx_word' id='word_1_39' title='bbox 1130 617 1419 673; x_wconf 90' lang='lat' dir='ltr'><strong>animatum</strong></span> <span class='ocrx_word' id='word_1_40' title='bbox 1476 624 1577 684; x_wconf 91' lang='lat' dir='ltr'><strong>est,</strong></span> <span class='ocrx_word' id='word_1_41' title='bbox 1635 629 1738 667; x_wconf 91' lang='lat' dir='ltr'><strong>non</strong></span> <span class='ocrx_word' id='word_1_42' title='bbox 1781 610 1883 666; x_wconf 91' lang='lat' dir='ltr'><strong>erit</strong></span> <span class='ocrx_word' id='word_1_43' title='bbox 1924 624 2020 663; x_wconf 89' lang='lat' dir='ltr'><strong>ne-</strong></span> 
     </span>
    </p>
   </div>
   <div class='ocr_carea' id='block_1_7' title="bbox 447 701 2023 773">
    <p class='ocr_par' dir='ltr' id='par_1_7' title="bbox 447 701 2023 773">
     <span class='ocr_line' id='line_1_7' title="bbox 447 701 2023 773; baseline -0.01 -4"><span class='ocrx_word' id='word_1_44' title='bbox 447 728 602 769; x_wconf 81' lang='lat' dir='ltr'><strong>cesse</strong></span> <span class='ocrx_word' id='word_1_45' title='bbox 633 713 715 768; x_wconf 85' lang='lat' dir='ltr'><strong>vel</strong></span> <span class='ocrx_word' id='word_1_46' title='bbox 745 727 866 769; x_wconf 81' lang='lat' dir='ltr'><strong>esse</strong></span> <span class='ocrx_word' id='word_1_47' title='bbox 914 713 1001 766; x_wconf 89' lang='lat' dir='ltr'><strong>vel</strong></span> <span class='ocrx_word' id='word_1_48' title='bbox 1028 728 1132 766; x_wconf 86' lang='lat' dir='ltr'><strong>non</strong></span> <span class='ocrx_word' id='word_1_49' title='bbox 1164 725 1285 766; x_wconf 85' lang='lat' dir='ltr'><strong>esse</strong></span> <span class='ocrx_word' id='word_1_50' title='bbox 1329 709 1603 764; x_wconf 81' lang='lat' dir='ltr'><strong>sensibile.</strong></span> <span class='ocrx_word' id='word_1_51' title='bbox 1636 703 1926 773; x_wconf 88' lang='lat' dir='ltr'><strong>Septimus,</strong></span> <span class='ocrx_word' id='word_1_52' title='bbox 1975 701 2023 755; x_wconf 91' lang='lat' dir='ltr'><strong>si</strong></span> 
     </span>
    </p>
   </div>
   <div class='ocr_carea' id='block_1_8' title="bbox 450 800 2025 870">
    <p class='ocr_par' dir='ltr' id='par_1_8' title="bbox 450 800 2025 870">
     <span class='ocr_line' id='line_1_8' title="bbox 450 800 2025 870; baseline -0.01 -10"><span class='ocrx_word' id='word_1_53' title='bbox 450 820 555 860; x_wconf 86' lang='lat' dir='ltr'><strong>non</strong></span> <span class='ocrx_word' id='word_1_54' title='bbox 586 816 667 859; x_wconf 85' lang='lat' dir='ltr'><strong>est</strong></span> <span class='ocrx_word' id='word_1_55' title='bbox 690 822 741 870; x_wconf 81' lang='grc' dir='ltr'><strong>ιι,</strong></span> <span class='ocrx_word' id='word_1_56' title='bbox 768 820 871 859; x_wconf 92' lang='lat' dir='ltr'><strong>non</strong></span> <span class='ocrx_word' id='word_1_57' title='bbox 904 813 985 859; x_wconf 83' lang='lat' dir='ltr'><strong>est</strong></span> <span class='ocrx_word' id='word_1_58' title='bbox 1008 803 1055 866; x_wconf 77' lang='grc' dir='ltr'>ὁ,</span> <span class='ocrx_word' id='word_1_59' title='bbox 1083 813 1136 858; x_wconf 90' lang='grc' dir='ltr'><strong>ει</strong></span> <span class='ocrx_word' id='word_1_60' title='bbox 1160 804 1202 856; x_wconf 92' lang='lat' dir='ltr'><strong>si</strong></span> <span class='ocrx_word' id='word_1_61' title='bbox 1228 817 1334 856; x_wconf 90' lang='lat' dir='ltr'><strong>non</strong></span> <span class='ocrx_word' id='word_1_62' title='bbox 1357 810 1441 855; x_wconf 90' lang='lat' dir='ltr'><strong>est</strong></span> <span class='ocrx_word' id='word_1_63' title='bbox 1467 800 1514 864; x_wconf 86' lang='lat' dir='ltr'><strong>b,</strong></span> <span class='ocrx_word' id='word_1_64' title='bbox 1551 810 1772 854; x_wconf 84' lang='lat' dir='ltr'><strong>necesse</strong></span> <span class='ocrx_word' id='word_1_65' title='bbox 1796 802 1879 850; x_wconf 87' lang='lat' dir='ltr'><strong>est</strong></span> <span class='ocrx_word' id='word_1_66' title='bbox 1903 806 2025 847; x_wconf 88' lang='lat' dir='ltr'><strong>esse</strong></span> 
     </span>
    </p>
   </div>
   <div class='ocr_carea' id='block_1_9' title="bbox 450 886 2024 967">
    <p class='ocr_par' dir='ltr' id='par_1_9' title="bbox 450 886 2024 967">
     <span class='ocr_line' id='line_1_9' title="bbox 450 886 2024 967; baseline -0.009 -15"><span class='ocrx_word' id='word_1_67' title='bbox 450 914 507 963; x_wconf 87' lang='lat' dir='ltr'><strong>c;</strong></span> <span class='ocrx_word' id='word_1_68' title='bbox 529 898 679 967; x_wconf 85' lang='lat' dir='ltr'><strong>atqui</strong></span> <span class='ocrx_word' id='word_1_69' title='bbox 704 914 730 950; x_wconf 78' lang='grc' dir='ltr'><strong>ε</strong></span> <span class='ocrx_word' id='word_1_70' title='bbox 753 912 856 952; x_wconf 93' lang='lat' dir='ltr'><strong>non</strong></span> <span class='ocrx_word' id='word_1_71' title='bbox 883 906 986 964; x_wconf 89' lang='lat' dir='ltr'><strong>est,</strong></span> <span class='ocrx_word' id='word_1_72' title='bbox 1022 898 1179 966; x_wconf 84' lang='lat' dir='ltr'><strong>igitur</strong></span> <span class='ocrx_word' id='word_1_73' title='bbox 1210 913 1241 949; x_wconf 82' lang='grc' dir='ltr'><em>α</em></span> <span class='ocrx_word' id='word_1_74' title='bbox 1266 908 1385 949; x_wconf 86' lang='grc' dir='ltr'>εεεε</span> <span class='ocrx_word' id='word_1_75' title='bbox 1415 906 1633 948; x_wconf 85' lang='grc' dir='ltr'>ηεεεεεε</span> <span class='ocrx_word' id='word_1_76' title='bbox 1659 898 1776 951; x_wconf 69' lang='lat' dir='ltr'><strong>est;</strong></span> <span class='ocrx_word' id='word_1_77' title='bbox 1811 886 1951 957; x_wconf 88' lang='lat' dir='ltr'><strong>quod</strong></span> <span class='ocrx_word' id='word_1_78' title='bbox 1978 887 2024 939; x_wconf 90' lang='lat' dir='ltr'><strong>si</strong></span> 
     </span>
    </p>
   </div>
   <div class='ocr_carea' id='block_1_10' title="bbox 447 974 2029 1060">
    <p class='ocr_par' dir='ltr' id='par_1_10' title="bbox 447 974 2029 1060">
     <span class='ocr_line' id='line_1_10' title="bbox 447 974 2029 1060; baseline -0.009 -16"><span class='ocrx_word' id='word_1_79' title='bbox 447 1007 479 1044; x_wconf 87' lang='lat' dir='ltr'><strong>a</strong></span> <span class='ocrx_word' id='word_1_80' title='bbox 511 991 792 1044; x_wconf 70' lang='lat' dir='ltr'><strong>terminum</strong></span> <span class='ocrx_word' id='word_1_81' title='bbox 824 974 1231 1060; x_wconf 73' lang='lat' dir='ltr'><strong>Sumpserimus,</strong></span> <span class='ocrx_word' id='word_1_82' title='bbox 1288 986 1588 1055; x_wconf 83' lang='lat' dir='ltr'><strong>complexio</strong></span> <span class='ocrx_word' id='word_1_83' title='bbox 1638 981 1838 1036; x_wconf 83' lang='lat' dir='ltr'><strong>nullam</strong></span> <span class='ocrx_word' id='word_1_84' title='bbox 1872 977 2029 1031; x_wconf 81' lang='lat' dir='ltr'><strong>faciet</strong></span> 
     </span>
    </p>
   </div>
   <div class='ocr_carea' id='block_1_11' title="bbox 448 1072 2028 1152">
    <p class='ocr_par' dir='ltr' id='par_1_11' title="bbox 448 1072 2028 1152">
     <span class='ocr_line' id='line_1_11' title="bbox 448 1072 2028 1152; baseline -0.01 -14"><span class='ocrx_word' id='word_1_85' title='bbox 448 1084 752 1139; x_wconf 62' lang='lat' dir='ltr'><strong>cessitatem</strong></span> <span class='ocrx_word' id='word_1_86' title='bbox 786 1101 799 1139; x_wconf 86' lang='lat'><strong>:</strong></span> <span class='ocrx_word' id='word_1_87' title='bbox 834 1086 903 1138; x_wconf 92' lang='lat' dir='ltr'><strong>sit</strong></span> <span class='ocrx_word' id='word_1_88' title='bbox 926 1085 1067 1138; x_wconf 89' lang='lat' dir='ltr'><strong>enim</strong></span> <span class='ocrx_word' id='word_1_89' title='bbox 1122 1082 1413 1152; x_wconf 80' lang='lat' dir='ltr'><strong>propesitio</strong></span> <span class='ocrx_word' id='word_1_90' title='bbox 1441 1079 1577 1143; x_wconf 82' lang='lat' dir='ltr'><strong>talis,</strong></span> <span class='ocrx_word' id='word_1_91' title='bbox 1605 1077 1647 1131; x_wconf 88' lang='lat' dir='ltr'><strong>si</strong></span> <span class='ocrx_word' id='word_1_92' title='bbox 1698 1072 1890 1128; x_wconf 82' lang='lat' dir='ltr'><strong>animal</strong></span> <span class='ocrx_word' id='word_1_93' title='bbox 1921 1085 2028 1123; x_wconf 88' lang='lat' dir='ltr'><strong>non</strong></span> 
     </span>
    </p>
   </div>
   <div class='ocr_carea' id='block_1_12' title="bbox 448 1166 2028 1244">
    <p class='ocr_par' dir='ltr' id='par_1_12' title="bbox 448 1166 2028 1244">
     <span class='ocr_line' id='line_1_12' title="bbox 448 1166 2028 1244; baseline -0.009 -12"><span class='ocrx_word' id='word_1_94' title='bbox 448 1180 536 1243; x_wconf 86' lang='lat' dir='ltr'><strong>sit,</strong></span> <span class='ocrx_word' id='word_1_95' title='bbox 570 1195 673 1233; x_wconf 87' lang='lat' dir='ltr'><strong>non</strong></span> <span class='ocrx_word' id='word_1_96' title='bbox 701 1190 787 1234; x_wconf 85' lang='lat' dir='ltr'><strong>est</strong></span> <span class='ocrx_word' id='word_1_97' title='bbox 822 1179 1100 1244; x_wconf 78' lang='lat' dir='ltr'><strong>rationale,</strong></span> <span class='ocrx_word' id='word_1_98' title='bbox 1159 1176 1202 1231; x_wconf 83' lang='lat' dir='ltr'><strong>si</strong></span> <span class='ocrx_word' id='word_1_99' title='bbox 1232 1176 1489 1230; x_wconf 81' lang='lat' dir='ltr'><strong>ratimtale</strong></span> <span class='ocrx_word' id='word_1_100' title='bbox 1533 1187 1635 1225; x_wconf 89' lang='lat' dir='ltr'><strong>non</strong></span> <span class='ocrx_word' id='word_1_101' title='bbox 1666 1179 1766 1233; x_wconf 83' lang='lat' dir='ltr'><strong>cst,</strong></span> <span class='ocrx_word' id='word_1_102' title='bbox 1820 1166 2028 1221; x_wconf 87' lang='lat' dir='ltr'><strong>irratio-</strong></span> 
     </span>
    </p>
   </div>
   <div class='ocr_carea' id='block_1_13' title="bbox 453 1267 2028 1342">
    <p class='ocr_par' dir='ltr' id='par_1_13' title="bbox 453 1267 2028 1342">
     <span class='ocr_line' id='line_1_13' title="bbox 453 1267 2028 1342; baseline -0.008 -18"><span class='ocrx_word' id='word_1_103' title='bbox 453 1273 573 1326; x_wconf 84' lang='lat' dir='ltr'><strong>nale</strong></span> <span class='ocrx_word' id='word_1_104' title='bbox 607 1282 710 1342; x_wconf 86' lang='lat' dir='ltr'><strong>est,</strong></span> <span class='ocrx_word' id='word_1_105' title='bbox 734 1283 789 1328; x_wconf 90' lang='grc' dir='ltr'><strong>ει</strong></span> <span class='ocrx_word' id='word_1_106' title='bbox 812 1285 1178 1337; x_wconf 80' lang='lat' dir='ltr'><strong>assumamus,</strong></span> <span class='ocrx_word' id='word_1_107' title='bbox 1212 1269 1357 1340; x_wconf 82' lang='lat' dir='ltr'><strong>atqqi</strong></span> <span class='ocrx_word' id='word_1_108' title='bbox 1386 1267 1576 1321; x_wconf 83' lang='lat' dir='ltr'><strong>animal</strong></span> <span class='ocrx_word' id='word_1_109' title='bbox 1625 1274 1729 1326; x_wconf 85' lang='grc' dir='ltr'>εει,</span> <span class='ocrx_word' id='word_1_110' title='bbox 1781 1277 1885 1315; x_wconf 89' lang='lat' dir='ltr'><strong>non</strong></span> <span class='ocrx_word' id='word_1_111' title='bbox 1930 1273 2028 1313; x_wconf 90' lang='lat' dir='ltr'><strong>ne-</strong></span> 
     </span>
    </p>
   </div>
   <div class='ocr_carea' id='block_1_14' title="bbox 2134 504 3721 578">
    <p class='ocr_par' dir='ltr' id='par_1_14' title="bbox 2134 504 3721 578">
     <span class='ocr_line' id='line_1_14' title="bbox 2134 504 3721 578; baseline -0.004 -13"><span class='ocrx_word' id='word_1_112' title='bbox 2134 509 2326 565; x_wconf 88' lang='lat' dir='ltr'><strong>modus</strong></span> <span class='ocrx_word' id='word_1_113' title='bbox 2348 517 2434 564; x_wconf 91' lang='lat' dir='ltr'><strong>est</strong></span> <span class='ocrx_word' id='word_1_114' title='bbox 2461 510 2547 578; x_wconf 92' lang='lat' dir='ltr'><strong>qui</strong></span> <span class='ocrx_word' id='word_1_115' title='bbox 2582 507 2681 562; x_wconf 83' lang='lat' dir='ltr'><strong>hac</strong></span> <span class='ocrx_word' id='word_1_116' title='bbox 2701 507 3067 577; x_wconf 90' lang='lat' dir='ltr'><strong>pr0positione</strong></span> <span class='ocrx_word' id='word_1_117' title='bbox 3094 504 3375 568; x_wconf 79' lang='lat' dir='ltr'><strong>formatur,</strong></span> <span class='ocrx_word' id='word_1_118' title='bbox 3411 504 3454 557; x_wconf 88' lang='lat' dir='ltr'><strong>si</strong></span> <span class='ocrx_word' id='word_1_119' title='bbox 3497 519 3601 556; x_wconf 90' lang='lat' dir='ltr'><strong>non</strong></span> <span class='ocrx_word' id='word_1_120' title='bbox 3630 514 3721 558; x_wconf 83' lang='lat' dir='ltr'><strong>est</strong></span> 
     </span>
    </p>
   </div>
   <div class='ocr_carea' id='block_1_15' title="bbox 2130 598 3717 668">
    <p class='ocr_par' dir='ltr' id='par_1_15' title="bbox 2130 598 3717 668">
     <span class='ocr_line' id='line_1_15' title="bbox 2130 598 3717 668; baseline -0.004 -13"><span class='ocrx_word' id='word_1_121' title='bbox 2130 619 2183 668; x_wconf 87' lang='lat' dir='ltr'><strong>a,</strong></span> <span class='ocrx_word' id='word_1_122' title='bbox 2218 616 2320 655; x_wconf 88' lang='lat' dir='ltr'><strong>non</strong></span> <span class='ocrx_word' id='word_1_123' title='bbox 2345 610 2426 655; x_wconf 91' lang='lat' dir='ltr'><strong>est</strong></span> <span class='ocrx_word' id='word_1_124' title='bbox 2455 602 2503 665; x_wconf 88' lang='lat' dir='ltr'><strong>b,</strong></span> <span class='ocrx_word' id='word_1_125' title='bbox 2533 609 2585 654; x_wconf 88' lang='lat' dir='ltr'><strong>et</strong></span> <span class='ocrx_word' id='word_1_126' title='bbox 2609 600 2651 653; x_wconf 93' lang='lat' dir='ltr'><strong>si</strong></span> <span class='ocrx_word' id='word_1_127' title='bbox 2681 598 2709 652; x_wconf 91' lang='lat' dir='ltr'><strong>b</strong></span> <span class='ocrx_word' id='word_1_128' title='bbox 2737 614 2841 653; x_wconf 89' lang='lat' dir='ltr'><strong>non</strong></span> <span class='ocrx_word' id='word_1_129' title='bbox 2869 606 2971 662; x_wconf 90' lang='grc' dir='ltr'>εει,</span> <span class='ocrx_word' id='word_1_130' title='bbox 3004 614 3029 651; x_wconf 87' lang='lat' dir='ltr'><strong>c</strong></span> <span class='ocrx_word' id='word_1_131' title='bbox 3052 612 3157 652; x_wconf 92' lang='lat' dir='ltr'><strong>non</strong></span> <span class='ocrx_word' id='word_1_132' title='bbox 3195 611 3314 651; x_wconf 89' lang='lat' dir='ltr'><strong>esse</strong></span> <span class='ocrx_word' id='word_1_133' title='bbox 3353 609 3574 650; x_wconf 86' lang='lat' dir='ltr'><strong>necesse</strong></span> <span class='ocrx_word' id='word_1_134' title='bbox 3598 604 3717 659; x_wconf 86' lang='lat' dir='ltr'><strong>est;</strong></span> 
     </span>
    </p>
   </div>
   <div class='ocr_carea' id='block_1_16' title="bbox 2130 686 3717 761">
    <p class='ocr_par' dir='ltr' id='par_1_16' title="bbox 2130 686 3717 761">
     <span class='ocr_line' id='line_1_16' title="bbox 2130 686 3717 761; baseline -0.004 -15"><span class='ocrx_word' id='word_1_135' title='bbox 2130 692 2278 761; x_wconf 82' lang='lat' dir='ltr'><strong>atqui</strong></span> <span class='ocrx_word' id='word_1_136' title='bbox 2306 703 2386 746; x_wconf 87' lang='grc' dir='ltr'><strong>εει</strong></span> <span class='ocrx_word' id='word_1_137' title='bbox 2408 707 2456 756; x_wconf 80' lang='lat' dir='ltr'><strong>c,</strong></span> <span class='ocrx_word' id='word_1_138' title='bbox 2492 691 2649 761; x_wconf 79' lang='lat' dir='ltr'><strong>igitur</strong></span> <span class='ocrx_word' id='word_1_139' title='bbox 2678 708 2708 742; x_wconf 80' lang='grc' dir='ltr'><strong>ιι</strong></span> <span class='ocrx_word' id='word_1_140' title='bbox 2738 703 2859 745; x_wconf 89' lang='grc' dir='ltr'>εεεε</span> <span class='ocrx_word' id='word_1_141' title='bbox 2908 704 3127 744; x_wconf 82' lang='lat' dir='ltr'><strong>necesse</strong></span> <span class='ocrx_word' id='word_1_142' title='bbox 3157 698 3259 742; x_wconf 93' lang='lat' dir='ltr'><strong>est.</strong></span> <span class='ocrx_word' id='word_1_143' title='bbox 3288 686 3438 753; x_wconf 85' lang='lat' dir='ltr'><strong>Quod</strong></span> <span class='ocrx_word' id='word_1_144' title='bbox 3473 687 3568 741; x_wconf 88' lang='lat' dir='ltr'><strong>sia</strong></span> <span class='ocrx_word' id='word_1_145' title='bbox 3600 698 3717 740; x_wconf 88' lang='lat' dir='ltr'><strong>ter-</strong></span> 
     </span>
    </p>
   </div>
   <div class='ocr_carea' id='block_1_17' title="bbox 2132 787 3717 858">
    <p class='ocr_par' dir='ltr' id='par_1_17' title="bbox 2132 787 3717 858">
     <span class='ocr_line' id='line_1_17' title="bbox 2132 787 3717 858; baseline -0.006 -11"><span class='ocrx_word' id='word_1_146' title='bbox 2132 793 2333 847; x_wconf 88' lang='lat' dir='ltr'><strong>minum</strong></span> <span class='ocrx_word' id='word_1_147' title='bbox 2358 791 2670 858; x_wconf 84' lang='lat' dir='ltr'><strong>sumpseris,</strong></span> <span class='ocrx_word' id='word_1_148' title='bbox 2699 804 2803 843; x_wconf 92' lang='lat' dir='ltr'><strong>non</strong></span> <span class='ocrx_word' id='word_1_149' title='bbox 2839 789 2930 843; x_wconf 87' lang='lat' dir='ltr'><strong>flet</strong></span> <span class='ocrx_word' id='word_1_150' title='bbox 2951 789 3056 843; x_wconf 89' lang='lat' dir='ltr'><strong>ulla</strong></span> <span class='ocrx_word' id='word_1_151' title='bbox 3101 788 3395 843; x_wconf 80' lang='lat' dir='ltr'><strong>necessitas</strong></span> <span class='ocrx_word' id='word_1_152' title='bbox 3426 805 3438 839; x_wconf 86' lang='lat'><strong>:</strong></span> <span class='ocrx_word' id='word_1_153' title='bbox 3470 787 3539 840; x_wconf 90' lang='lat' dir='ltr'><strong>sit</strong></span> <span class='ocrx_word' id='word_1_154' title='bbox 3567 788 3717 840; x_wconf 86' lang='lat' dir='ltr'><strong>enim</strong></span> 
     </span>
    </p>
   </div>
   <div class='ocr_carea' id='block_1_18' title="bbox 2132 879 3719 957">
    <p class='ocr_par' dir='ltr' id='par_1_18' title="bbox 2132 879 3719 957">
     <span class='ocr_line' id='line_1_18' title="bbox 2132 879 3719 957; baseline -0.006 -16"><span class='ocrx_word' id='word_1_155' title='bbox 2132 885 2448 957; x_wconf 70' lang='lat' dir='ltr'><strong>propositio,</strong></span> <span class='ocrx_word' id='word_1_156' title='bbox 2474 887 2517 940; x_wconf 90' lang='lat' dir='ltr'><strong>si</strong></span> <span class='ocrx_word' id='word_1_157' title='bbox 2559 899 2664 939; x_wconf 86' lang='lat' dir='ltr'><strong>non</strong></span> <span class='ocrx_word' id='word_1_158' title='bbox 2695 893 2778 939; x_wconf 90' lang='lat' dir='ltr'><strong>est</strong></span> <span class='ocrx_word' id='word_1_159' title='bbox 2821 883 3043 949; x_wconf 88' lang='lat' dir='ltr'><strong>animal,</strong></span> <span class='ocrx_word' id='word_1_160' title='bbox 3076 897 3187 936; x_wconf 92' lang='lat' dir='ltr'><strong>non</strong></span> <span class='ocrx_word' id='word_1_161' title='bbox 3236 890 3319 935; x_wconf 91' lang='lat' dir='ltr'><strong>est</strong></span> <span class='ocrx_word' id='word_1_162' title='bbox 3347 879 3529 946; x_wconf 91' lang='lat' dir='ltr'><strong>homo,</strong></span> <span class='ocrx_word' id='word_1_163' title='bbox 3571 886 3627 933; x_wconf 91' lang='lat' dir='ltr'><strong>et</strong></span> <span class='ocrx_word' id='word_1_164' title='bbox 3669 879 3719 931; x_wconf 82' lang='lat' dir='ltr'><strong>si</strong></span> 
     </span>
    </p>
   </div>
   <div class='ocr_carea' id='block_1_19' title="bbox 2134 971 3719 1042">
    <p class='ocr_par' dir='ltr' id='par_1_19' title="bbox 2134 971 3719 1042">
     <span class='ocr_line' id='line_1_19' title="bbox 2134 971 3719 1042; baseline -0.008 -9"><span class='ocrx_word' id='word_1_165' title='bbox 2134 994 2239 1033; x_wconf 90' lang='lat' dir='ltr'><strong>non</strong></span> <span class='ocrx_word' id='word_1_166' title='bbox 2272 988 2353 1033; x_wconf 90' lang='lat' dir='ltr'><strong>est</strong></span> <span class='ocrx_word' id='word_1_167' title='bbox 2383 978 2565 1042; x_wconf 91' lang='lat' dir='ltr'><strong>homo,</strong></span> <span class='ocrx_word' id='word_1_168' title='bbox 2597 991 2819 1031; x_wconf 78' lang='lat' dir='ltr'><strong>necesse</strong></span> <span class='ocrx_word' id='word_1_169' title='bbox 2864 985 2947 1030; x_wconf 91' lang='lat' dir='ltr'><strong>est</strong></span> <span class='ocrx_word' id='word_1_170' title='bbox 3001 989 3106 1029; x_wconf 90' lang='lat' dir='ltr'><strong>non</strong></span> <span class='ocrx_word' id='word_1_171' title='bbox 3136 988 3255 1029; x_wconf 87' lang='lat' dir='ltr'><strong>esse</strong></span> <span class='ocrx_word' id='word_1_172' title='bbox 3302 972 3536 1036; x_wconf 86' lang='lat' dir='ltr'><strong>risihilc;</strong></span> <span class='ocrx_word' id='word_1_173' title='bbox 3569 971 3719 1036; x_wconf 80' lang='lat' dir='ltr'><strong>atqui</strong></span> 
     </span>
    </p>
   </div>
   <div class='ocr_carea' id='block_1_20' title="bbox 2133 1061 3727 1131">
    <p class='ocr_par' dir='ltr' id='par_1_20' title="bbox 2133 1061 3727 1131">
     <span class='ocr_line' id='line_1_20' title="bbox 2133 1061 3727 1131; baseline -0.011 -4"><span class='ocrx_word' id='word_1_174' title='bbox 2133 1080 2215 1127; x_wconf 89' lang='lat' dir='ltr'><strong>est</strong></span> <span class='ocrx_word' id='word_1_175' title='bbox 2245 1069 2460 1131; x_wconf 86' lang='lat' dir='ltr'><strong>animal,</strong></span> <span class='ocrx_word' id='word_1_176' title='bbox 2495 1083 2599 1122; x_wconf 83' lang='lat' dir='ltr'><strong>non</strong></span> <span class='ocrx_word' id='word_1_177' title='bbox 2632 1080 2853 1123; x_wconf 88' lang='lat' dir='ltr'><strong>necesse</strong></span> <span class='ocrx_word' id='word_1_178' title='bbox 2874 1065 2977 1122; x_wconf 91' lang='lat' dir='ltr'><strong>erit</strong></span> <span class='ocrx_word' id='word_1_179' title='bbox 2998 1080 3120 1120; x_wconf 85' lang='lat' dir='ltr'><strong>esse</strong></span> <span class='ocrx_word' id='word_1_180' title='bbox 3144 1064 3225 1118; x_wconf 79' lang='lat' dir='ltr'><strong>vel</strong></span> <span class='ocrx_word' id='word_1_181' title='bbox 3255 1078 3357 1117; x_wconf 87' lang='lat' dir='ltr'><strong>non</strong></span> <span class='ocrx_word' id='word_1_182' title='bbox 3389 1078 3509 1117; x_wconf 88' lang='lat' dir='ltr'><strong>esse</strong></span> <span class='ocrx_word' id='word_1_183' title='bbox 3540 1061 3727 1114; x_wconf 78' lang='lat' dir='ltr'><strong>risibi-</strong></span> 
     </span>
    </p>
   </div>
   <div class='ocr_carea' id='block_1_21' title="bbox 2136 1154 3718 1229">
    <p class='ocr_par' dir='ltr' id='par_1_21' title="bbox 2136 1154 3718 1229">
     <span class='ocr_line' id='line_1_21' title="bbox 2136 1154 3718 1229; baseline -0.008 -11"><span class='ocrx_word' id='word_1_184' title='bbox 2136 1163 2207 1218; x_wconf 73' lang='lat' dir='ltr'><strong>te.</strong></span> <span class='ocrx_word' id='word_1_185' title='bbox 2238 1164 2314 1217; x_wconf 81' lang='lat' dir='ltr'><strong>Ac</strong></span> <span class='ocrx_word' id='word_1_186' title='bbox 2340 1161 2407 1216; x_wconf 91' lang='lat' dir='ltr'><strong>de</strong></span> <span class='ocrx_word' id='word_1_187' title='bbox 2438 1162 2604 1229; x_wconf 92' lang='lat' dir='ltr'><strong>prima</strong></span> <span class='ocrx_word' id='word_1_188' title='bbox 2636 1159 2849 1229; x_wconf 89' lang='lat' dir='ltr'><strong>quidem</strong></span> <span class='ocrx_word' id='word_1_189' title='bbox 2905 1159 3067 1226; x_wconf 80' lang='lat' dir='ltr'><strong>figura</strong></span> <span class='ocrx_word' id='word_1_190' title='bbox 3097 1157 3227 1211; x_wconf 84' lang='lat' dir='ltr'><strong>satis</strong></span> <span class='ocrx_word' id='word_1_191' title='bbox 3266 1154 3465 1209; x_wconf 90' lang='lat' dir='ltr'><strong>dictum</strong></span> <span class='ocrx_word' id='word_1_192' title='bbox 3500 1164 3602 1221; x_wconf 91' lang='grc' dir='ltr'>εει,</span> <span class='ocrx_word' id='word_1_193' title='bbox 3633 1168 3718 1206; x_wconf 77' lang='grc' dir='ltr'>εε-</span> 
     </span>
    </p>
   </div>
   <div class='ocr_carea' id='block_1_22' title="bbox 2135 1248 3513 1324">
    <p class='ocr_par' dir='ltr' id='par_1_22' title="bbox 2135 1248 3513 1324">
     <span class='ocr_line' id='line_1_22' title="bbox 2135 1248 3513 1324; baseline -0.007 -16"><span class='ocrx_word' id='word_1_194' title='bbox 2135 1255 2316 1324; x_wconf 88' lang='lat' dir='ltr'><strong>quenti</strong></span> <span class='ocrx_word' id='word_1_195' title='bbox 2350 1269 2477 1308; x_wconf 89' lang='lat' dir='ltr'><strong>vero</strong></span> <span class='ocrx_word' id='word_1_196' title='bbox 2508 1252 2779 1306; x_wconf 79' lang='lat' dir='ltr'><strong>volumine</strong></span> <span class='ocrx_word' id='word_1_197' title='bbox 2804 1252 2871 1304; x_wconf 89' lang='lat' dir='ltr'><strong>de</strong></span> <span class='ocrx_word' id='word_1_198' title='bbox 2898 1249 3133 1305; x_wconf 86' lang='lat' dir='ltr'><strong>secunda</strong></span> <span class='ocrx_word' id='word_1_199' title='bbox 3178 1248 3513 1303; x_wconf 80' lang='lat' dir='ltr'><strong>traeiabitur.</strong></span> 
     </span>
    </p>
   </div>
   <div class='ocr_carea' id='block_1_23' title="bbox 453 1384 3703 1423">
    <p class='ocr_par' dir='ltr' id='par_1_23' title="bbox 453 1384 3703 1423">
     <span class='ocr_line' id='line_1_23' title="bbox 453 1384 3703 1423; baseline -0.002 -15"><span class='ocrx_word' id='word_1_200' title='bbox 453 1384 3703 1423; x_wconf 84' lang='lat'><strong>_________________________________.____._____.</strong></span> 
     </span>
    </p>
   </div>
   <div class='ocr_carea' id='block_1_24' title="bbox 1498 1499 2658 1611">
    <p class='ocr_par' dir='ltr' id='par_1_24' title="bbox 1498 1499 2658 1611">
     <span class='ocr_line' id='line_1_24' title="bbox 1498 1499 2658 1611; baseline -0.009 0"><span class='ocrx_word' id='word_1_201' title='bbox 1498 1507 1870 1611; x_wconf 79' lang='lat' dir='ltr'>LIBER</span> <span class='ocrx_word' id='word_1_202' title='bbox 1952 1499 2658 1603; x_wconf 83' lang='lat' dir='ltr'><strong>SECUNDUS.</strong></span> 
     </span>
    </p>
   </div>
   <div class='ocr_carea' id='block_1_25' title="bbox 1954 1669 2227 1684">
    <p class='ocr_par' dir='ltr' id='par_1_25' title="bbox 1954 1669 2227 1684">
     <span class='ocr_line' id='line_1_25' title="bbox 1954 1669 2227 1684; baseline -0.011 -3"><span class='ocrx_word' id='word_1_203' title='bbox 1954 1669 2227 1684; x_wconf 77' lang='lat'><strong>———</strong></span> 
     </span>
    </p>
   </div>
   <div class='ocr_carea' id='block_1_26' title="bbox 528 1745 3726 1831">
    <p class='ocr_par' dir='ltr' id='par_1_26' title="bbox 528 1745 3726 1831">
     <span class='ocr_line' id='line_1_26' title="bbox 528 1745 3726 1831; baseline -0.006 -12"><span class='ocrx_word' id='word_1_204' title='bbox 528 1762 977 1819; x_wconf 89' lang='lat' dir='ltr'><strong>Couditionalium</strong></span> <span class='ocrx_word' id='word_1_205' title='bbox 1009 1761 1453 1831; x_wconf 89' lang='lat' dir='ltr'><strong>propositionum,</strong></span> <span class='ocrx_word' id='word_1_206' title='bbox 1489 1774 1606 1828; x_wconf 71' lang='lat' dir='ltr'><strong>qurc</strong></span> <span class='ocrx_word' id='word_1_207' title='bbox 1638 1758 1808 1812; x_wconf 88' lang='lat' dir='ltr'><strong>tribus</strong></span> <span class='ocrx_word' id='word_1_208' title='bbox 1845 1757 2028 1809; x_wconf 65' lang='lat' dir='ltr'><strong>tormi-</strong></span> <span class='ocrx_word' id='word_1_209' title='bbox 2063 1755 2111 1814; x_wconf 82' lang='grc' dir='ltr'><strong>Β</strong></span> <span class='ocrx_word' id='word_1_210' title='bbox 2138 1750 2276 1804; x_wconf 89' lang='lat' dir='ltr'><strong>idem</strong></span> <span class='ocrx_word' id='word_1_211' title='bbox 2312 1749 2339 1801; x_wconf 78' lang='grc' dir='ltr'>ιν</span> <span class='ocrx_word' id='word_1_212' title='bbox 2363 1756 2769 1817; x_wconf 83' lang='lat' dir='ltr'><strong>esse&#39;ponatur,</strong></span> <span class='ocrx_word' id='word_1_213' title='bbox 2791 1746 2921 1813; x_wconf 89' lang='lat' dir='ltr'><strong>niltii</strong></span> <span class='ocrx_word' id='word_1_214' title='bbox 2952 1747 3132 1801; x_wconf 78' lang='lat' dir='ltr'><strong>evenit</strong></span> <span class='ocrx_word' id='word_1_215' title='bbox 3179 1745 3563 1801; x_wconf 86' lang='lat' dir='ltr'><strong>necessarium.</strong></span> <span class='ocrx_word' id='word_1_216' title='bbox 3607 1750 3726 1816; x_wconf 80' lang='lat' dir='ltr'><strong>Age</strong></span> 
     </span>
    </p>
   </div>
   <div class='ocr_carea' id='block_1_27' title="bbox 455 1847 2030 1924">
    <p class='ocr_par' dir='ltr' id='par_1_27' title="bbox 455 1847 2030 1924">
     <span class='ocr_line' id='line_1_27' title="bbox 455 1847 2030 1924; baseline -0.006 -14"><span class='ocrx_word' id='word_1_217' title='bbox 455 1856 538 1911; x_wconf 88' lang='lat' dir='ltr'><strong>nis</strong></span> <span class='ocrx_word' id='word_1_218' title='bbox 567 1865 835 1922; x_wconf 84' lang='lat' dir='ltr'><strong>constant,</strong></span> <span class='ocrx_word' id='word_1_219' title='bbox 866 1856 1101 1910; x_wconf 86' lang='lat' dir='ltr'><strong>secunda</strong></span> <span class='ocrx_word' id='word_1_220' title='bbox 1134 1854 1298 1924; x_wconf 82' lang='lat' dir='ltr'><strong>ﬁgura</strong></span> <span class='ocrx_word' id='word_1_221' title='bbox 1342 1862 1422 1907; x_wconf 86' lang='lat' dir='ltr'><strong>est</strong></span> <span class='ocrx_word' id='word_1_222' title='bbox 1448 1852 1659 1921; x_wconf 86' lang='lat' dir='ltr'><strong>quoties</strong></span> <span class='ocrx_word' id='word_1_223' title='bbox 1689 1865 1808 1905; x_wconf 86' lang='lat' dir='ltr'><strong>cum</strong></span> <span class='ocrx_word' id='word_1_224' title='bbox 1831 1847 2030 1917; x_wconf 84' lang='lat' dir='ltr'><strong>aliquid</strong></span> 
     </span>
    </p>
   </div>
   <div class='ocr_carea' id='block_1_28' title="bbox 455 1940 2032 2016">
    <p class='ocr_par' dir='ltr' id='par_1_28' title="bbox 455 1940 2032 2016">
     <span class='ocr_line' id='line_1_28' title="bbox 455 1940 2032 2016; baseline -0.007 -13"><span class='ocrx_word' id='word_1_225' title='bbox 455 1949 671 2016; x_wconf 89' lang='lat' dir='ltr'><strong>dicitur,</strong></span> <span class='ocrx_word' id='word_1_226' title='bbox 705 1948 787 2002; x_wconf 90' lang='lat' dir='ltr'><strong>vel</strong></span> <span class='ocrx_word' id='word_1_227' title='bbox 816 1962 937 2002; x_wconf 88' lang='lat' dir='ltr'><strong>esse</strong></span> <span class='ocrx_word' id='word_1_228' title='bbox 972 1946 1059 2001; x_wconf 84' lang='lat' dir='ltr'><strong>vel</strong></span> <span class='ocrx_word' id='word_1_229' title='bbox 1103 1961 1206 1999; x_wconf 92' lang='lat' dir='ltr'><strong>non</strong></span> <span class='ocrx_word' id='word_1_230' title='bbox 1238 1959 1360 2000; x_wconf 91' lang='lat' dir='ltr'><strong>esse</strong></span> <span class='ocrx_word' id='word_1_231' title='bbox 1417 1942 1762 2011; x_wconf 82' lang='lat' dir='ltr'><strong>consequitur</strong></span> <span class='ocrx_word' id='word_1_232' title='bbox 1784 1983 1799 2004; x_wconf 93' lang='lat'><strong>,</strong></span> <span class='ocrx_word' id='word_1_233' title='bbox 1845 1950 1901 1994; x_wconf 85' lang='grc' dir='ltr'><strong>ιιι</strong></span> <span class='ocrx_word' id='word_1_234' title='bbox 1928 1940 2032 1993; x_wconf 92' lang='lat' dir='ltr'><strong>duo</strong></span> 
     </span>
    </p>
   </div>
   <div class='ocr_carea' id='block_1_29' title="bbox 455 2032 2034 2112">
    <p class='ocr_par' dir='ltr' id='par_1_29' title="bbox 455 2032 2034 2112">
     <span class='ocr_line' id='line_1_29' title="bbox 455 2032 2034 2112; baseline -0.006 -18"><span class='ocrx_word' id='word_1_235' title='bbox 455 2039 698 2112; x_wconf 66' lang='lat' dir='ltr'><strong>quaedam</strong></span> <span class='ocrx_word' id='word_1_236' title='bbox 729 2039 810 2093; x_wconf 91' lang='lat' dir='ltr'><strong>vel</strong></span> <span class='ocrx_word' id='word_1_237' title='bbox 833 2054 953 2094; x_wconf 85' lang='lat' dir='ltr'><strong>esse</strong></span> <span class='ocrx_word' id='word_1_238' title='bbox 977 2038 1059 2092; x_wconf 89' lang='lat' dir='ltr'><strong>vel</strong></span> <span class='ocrx_word' id='word_1_239' title='bbox 1092 2052 1196 2091; x_wconf 92' lang='lat' dir='ltr'><strong>non</strong></span> <span class='ocrx_word' id='word_1_240' title='bbox 1245 2050 1366 2090; x_wconf 88' lang='lat' dir='ltr'><strong>esse</strong></span> <span class='ocrx_word' id='word_1_241' title='bbox 1422 2035 1687 2089; x_wconf 84' lang='lat' dir='ltr'><strong>dicantur.</strong></span> <span class='ocrx_word' id='word_1_242' title='bbox 1754 2032 2034 2086; x_wconf 84' lang='lat' dir='ltr'><strong>Variantur</strong></span> 
     </span>
    </p>
   </div>
   <div class='ocr_carea' id='block_1_30' title="bbox 458 2124 2036 2201">
    <p class='ocr_par' dir='ltr' id='par_1_30' title="bbox 458 2124 2036 2201">
     <span class='ocr_line' id='line_1_30' title="bbox 458 2124 2036 2201; baseline -0.006 -16"><span class='ocrx_word' id='word_1_243' title='bbox 458 2141 633 2187; x_wconf 89' lang='lat' dir='ltr'><strong>autem</strong></span> <span class='ocrx_word' id='word_1_244' title='bbox 681 2132 734 2185; x_wconf 90' lang='lat' dir='ltr'><strong>in</strong></span> <span class='ocrx_word' id='word_1_245' title='bbox 765 2131 897 2201; x_wconf 90' lang='lat' dir='ltr'><strong>ipsis</strong></span> <span class='ocrx_word' id='word_1_246' title='bbox 928 2128 1379 2200; x_wconf 86' lang='lat' dir='ltr'><strong>propositionibus</strong></span> <span class='ocrx_word' id='word_1_247' title='bbox 1410 2126 1496 2181; x_wconf 85' lang='lat' dir='ltr'><strong>vel</strong></span> <span class='ocrx_word' id='word_1_248' title='bbox 1528 2126 1688 2181; x_wconf 89' lang='lat' dir='ltr'><strong>etiam</strong></span> <span class='ocrx_word' id='word_1_249' title='bbox 1737 2125 1788 2178; x_wconf 91' lang='lat' dir='ltr'><strong>in</strong></span> <span class='ocrx_word' id='word_1_250' title='bbox 1821 2124 2036 2179; x_wconf 87' lang='lat' dir='ltr'><strong>conclu-</strong></span> 
     </span>
    </p>
   </div>
   <div class='ocr_carea' id='block_1_31' title="bbox 458 2212 2038 2291">
    <p class='ocr_par' dir='ltr' id='par_1_31' title="bbox 458 2212 2038 2291">
     <span class='ocr_line' id='line_1_31' title="bbox 458 2212 2038 2291; baseline -0.005 -13"><span class='ocrx_word' id='word_1_251' title='bbox 458 2224 701 2280; x_wconf 89' lang='lat' dir='ltr'><strong>sionibus</strong></span> <span class='ocrx_word' id='word_1_252' title='bbox 759 2212 1052 2280; x_wconf 78' lang='lat' dir='ltr'><strong>secundum</strong></span> <span class='ocrx_word' id='word_1_253' title='bbox 1119 2220 1504 2291; x_wconf 88' lang='lat' dir='ltr'><strong>assumptionis</strong></span> <span class='ocrx_word' id='word_1_254' title='bbox 1556 2218 1798 2275; x_wconf 86' lang='lat' dir='ltr'><strong>ordinent</strong></span> <span class='ocrx_word' id='word_1_255' title='bbox 1859 2218 2038 2272; x_wconf 90' lang='lat' dir='ltr'><strong>multis</strong></span> 
     </span>
    </p>
   </div>
   <div class='ocr_carea' id='block_1_32' title="bbox 461 2314 2039 2391">
    <p class='ocr_par' dir='ltr' id='par_1_32' title="bbox 461 2314 2039 2391">
     <span class='ocr_line' id='line_1_32' title="bbox 461 2314 2039 2391; baseline -0.008 -17"><span class='ocrx_word' id='word_1_256' title='bbox 461 2319 671 2387; x_wconf 89' lang='lat' dir='ltr'><strong>modis;</strong></span> <span class='ocrx_word' id='word_1_257' title='bbox 710 2320 853 2391; x_wconf 92' lang='lat' dir='ltr'><strong>quod</strong></span> <span class='ocrx_word' id='word_1_258' title='bbox 887 2327 944 2373; x_wconf 89' lang='lat' dir='ltr'><strong>ut</strong></span> <span class='ocrx_word' id='word_1_259' title='bbox 984 2316 1192 2372; x_wconf 91' lang='lat' dir='ltr'><strong>facilius</strong></span> <span class='ocrx_word' id='word_1_260' title='bbox 1218 2315 1542 2381; x_wconf 85' lang='lat' dir='ltr'><strong>innotescat,</strong></span> <span class='ocrx_word' id='word_1_261' title='bbox 1575 2314 1801 2383; x_wconf 90' lang='lat' dir='ltr'><strong>primum</strong></span> <span class='ocrx_word' id='word_1_262' title='bbox 1834 2319 2039 2364; x_wconf 69' lang='lat' dir='ltr'><strong>cuncta:</strong></span> 
     </span>
    </p>
   </div>
   <div class='ocr_carea' id='block_1_33' title="bbox 459 2400 2040 2480">
    <p class='ocr_par' dir='ltr' id='par_1_33' title="bbox 459 2400 2040 2480">
     <span class='ocr_line' id='line_1_33' title="bbox 459 2400 2040 2480; baseline -0.007 -15"><span class='ocrx_word' id='word_1_263' title='bbox 459 2411 853 2480; x_wconf 88' lang='lat' dir='ltr'><strong>prop0sitiones</strong></span> <span class='ocrx_word' id='word_1_264' title='bbox 901 2409 953 2465; x_wconf 91' lang='lat' dir='ltr'><strong>in</strong></span> <span class='ocrx_word' id='word_1_265' title='bbox 984 2408 1175 2463; x_wconf 91' lang='lat' dir='ltr'><strong>ordine</strong></span> <span class='ocrx_word' id='word_1_266' title='bbox 1199 2406 1535 2476; x_wconf 84' lang='lat' dir='ltr'><strong>digerantur,</strong></span> <span class='ocrx_word' id='word_1_267' title='bbox 1598 2404 1648 2458; x_wconf 87' lang='lat' dir='ltr'><strong>in</strong></span> <span class='ocrx_word' id='word_1_268' title='bbox 1690 2403 1882 2473; x_wconf 83' lang='lat' dir='ltr'><strong>quibus</strong></span> <span class='ocrx_word' id='word_1_269' title='bbox 1910 2400 2040 2455; x_wconf 87' lang='lat' dir='ltr'><strong>illud</strong></span> 
     </span>
    </p>
   </div>
   <div class='ocr_carea' id='block_1_34' title="bbox 458 2492 2043 2571">
    <p class='ocr_par' dir='ltr' id='par_1_34' title="bbox 458 2492 2043 2571">
     <span class='ocr_line' id='line_1_34' title="bbox 458 2492 2043 2571; baseline -0.006 -15"><span class='ocrx_word' id='word_1_270' title='bbox 458 2510 543 2557; x_wconf 86' lang='lat' dir='ltr'><strong>est</strong></span> <span class='ocrx_word' id='word_1_271' title='bbox 572 2500 989 2571; x_wconf 59' lang='lat' dir='ltr'><strong>praedicendum,</strong></span> <span class='ocrx_word' id='word_1_272' title='bbox 1024 2498 1162 2571; x_wconf 91' lang='lat' dir='ltr'><strong>quod</strong></span> <span class='ocrx_word' id='word_1_273' title='bbox 1189 2512 1330 2567; x_wconf 77' lang='lat' dir='ltr'><strong>srpe</strong></span> <span class='ocrx_word' id='word_1_274' title='bbox 1376 2495 1689 2567; x_wconf 66' lang='lat' dir='ltr'><strong>aaquimodaa</strong></span> <span class='ocrx_word' id='word_1_275' title='bbox 1723 2492 2043 2564; x_wconf 80' lang='lat' dir='ltr'><strong>prOpositio-</strong></span> 
     </span>
    </p>
   </div>
   <div class='ocr_carea' id='block_1_35' title="bbox 464 2585 2045 2663">
    <p class='ocr_par' dir='ltr' id='par_1_35' title="bbox 464 2585 2045 2663">
     <span class='ocr_line' id='line_1_35' title="bbox 464 2585 2045 2663; baseline -0.005 -16"><span class='ocrx_word' id='word_1_276' title='bbox 464 2607 560 2648; x_wconf 87' lang='lat' dir='ltr'><strong>nes</strong></span> <span class='ocrx_word' id='word_1_277' title='bbox 590 2602 879 2663; x_wconf 88' lang='lat' dir='ltr'><strong>ponuntur,</strong></span> <span class='ocrx_word' id='word_1_278' title='bbox 900 2607 1047 2660; x_wconf 60' lang='lat' dir='ltr'><strong>saepe</strong></span> <span class='ocrx_word' id='word_1_279' title='bbox 1073 2606 1203 2646; x_wconf 89' lang='lat' dir='ltr'><strong>vero</strong></span> <span class='ocrx_word' id='word_1_280' title='bbox 1232 2606 1357 2645; x_wconf 91' lang='lat' dir='ltr'><strong>non.</strong></span> <span class='ocrx_word' id='word_1_281' title='bbox 1390 2591 1468 2644; x_wconf 86' lang='lat' dir='ltr'><strong>Ac</strong></span> <span class='ocrx_word' id='word_1_282' title='bbox 1493 2589 1559 2642; x_wconf 90' lang='lat' dir='ltr'><strong>de</strong></span> <span class='ocrx_word' id='word_1_283' title='bbox 1583 2587 1899 2657; x_wconf 82' lang='lat' dir='ltr'><strong>:cquimodis</strong></span> <span class='ocrx_word' id='word_1_284' title='bbox 1926 2585 2045 2655; x_wconf 87' lang='lat' dir='ltr'><strong>qui-</strong></span> 
     </span>
    </p>
   </div>
   <div class='ocr_carea' id='block_1_36' title="bbox 461 2679 2045 2754">
    <p class='ocr_par' dir='ltr' id='par_1_36' title="bbox 461 2679 2045 2754">
     <span class='ocr_line' id='line_1_36' title="bbox 461 2679 2045 2754; baseline -0.009 -14"><span class='ocrx_word' id='word_1_285' title='bbox 461 2684 583 2740; x_wconf 85' lang='lat' dir='ltr'><strong>dem</strong></span> <span class='ocrx_word' id='word_1_286' title='bbox 617 2683 792 2739; x_wconf 91' lang='lat' dir='ltr'><strong>nullus</strong></span> <span class='ocrx_word' id='word_1_287' title='bbox 818 2692 900 2739; x_wconf 82' lang='lat' dir='ltr'><strong>est</strong></span> <span class='ocrx_word' id='word_1_288' title='bbox 924 2682 1298 2754; x_wconf 82' lang='lat' dir='ltr'><strong>syllogismus;</strong></span> <span class='ocrx_word' id='word_1_289' title='bbox 1328 2679 1626 2751; x_wconf 73' lang='lat' dir='ltr'><strong>zequimoda</strong></span> <span class='ocrx_word' id='word_1_290' title='bbox 1668 2680 1809 2732; x_wconf 85' lang='lat' dir='ltr'><strong>enim</strong></span> <span class='ocrx_word' id='word_1_291' title='bbox 1847 2692 2045 2745; x_wconf 88' lang='lat' dir='ltr'><strong>propo-</strong></span> 
     </span>
    </p>
   </div>
   <div class='ocr_carea' id='block_1_37' title="bbox 465 2768 2045 2835">
    <p class='ocr_par' dir='ltr' id='par_1_37' title="bbox 465 2768 2045 2835">
     <span class='ocr_line' id='line_1_37' title="bbox 465 2768 2045 2835; baseline -0.007 -7"><span class='ocrx_word' id='word_1_292' title='bbox 465 2775 588 2828; x_wconf 81' lang='lat' dir='ltr'><strong>sitio</strong></span> <span class='ocrx_word' id='word_1_293' title='bbox 610 2781 691 2828; x_wconf 89' lang='lat' dir='ltr'><strong>cst</strong></span> <span class='ocrx_word' id='word_1_294' title='bbox 719 2773 765 2827; x_wconf 90' lang='lat' dir='ltr'><strong>si</strong></span> <span class='ocrx_word' id='word_1_295' title='bbox 789 2773 857 2827; x_wconf 86' lang='lat' dir='ltr'><strong>ita</strong></span> <span class='ocrx_word' id='word_1_296' title='bbox 880 2772 1142 2835; x_wconf 79' lang='lat' dir='ltr'><strong>dicamus,</strong></span> <span class='ocrx_word' id='word_1_297' title='bbox 1169 2772 1212 2825; x_wconf 93' lang='lat' dir='ltr'><strong>si</strong></span> <span class='ocrx_word' id='word_1_298' title='bbox 1241 2789 1271 2824; x_wconf 95' lang='lat' dir='ltr'><strong>a</strong></span> <span class='ocrx_word' id='word_1_299' title='bbox 1292 2780 1392 2835; x_wconf 91' lang='lat' dir='ltr'><strong>est,</strong></span> <span class='ocrx_word' id='word_1_300' title='bbox 1423 2771 1450 2823; x_wconf 91' lang='lat' dir='ltr'><strong>b</strong></span> <span class='ocrx_word' id='word_1_301' title='bbox 1477 2779 1579 2834; x_wconf 89' lang='lat' dir='ltr'><strong>est,</strong></span> <span class='ocrx_word' id='word_1_302' title='bbox 1612 2777 1665 2823; x_wconf 89' lang='lat' dir='ltr'><strong>et</strong></span> <span class='ocrx_word' id='word_1_303' title='bbox 1689 2768 1731 2821; x_wconf 91' lang='lat' dir='ltr'><strong>si</strong></span> <span class='ocrx_word' id='word_1_304' title='bbox 1756 2776 1835 2821; x_wconf 89' lang='lat' dir='ltr'><strong>est</strong></span> <span class='ocrx_word' id='word_1_305' title='bbox 1864 2783 1915 2831; x_wconf 90' lang='lat' dir='ltr'><strong>a,</strong></span> <span class='ocrx_word' id='word_1_306' title='bbox 1941 2781 2045 2818; x_wconf 87' lang='lat' dir='ltr'><strong>non</strong></span> 
     </span>
    </p>
   </div>
   <div class='ocr_carea' id='block_1_38' title="bbox 467 2857 2048 2933">
    <p class='ocr_par' dir='ltr' id='par_1_38' title="bbox 467 2857 2048 2933">
     <span class='ocr_line' id='line_1_38' title="bbox 467 2857 2048 2933; baseline -0.006 -14"><span class='ocrx_word' id='word_1_307' title='bbox 467 2874 549 2919; x_wconf 89' lang='lat' dir='ltr'><strong>est</strong></span> <span class='ocrx_word' id='word_1_308' title='bbox 571 2875 627 2931; x_wconf 82' lang='lat' dir='ltr'><strong>c‘;</strong></span> <span class='ocrx_word' id='word_1_309' title='bbox 650 2874 703 2920; x_wconf 87' lang='lat' dir='ltr'><strong>at</strong></span> <span class='ocrx_word' id='word_1_310' title='bbox 729 2866 772 2919; x_wconf 91' lang='lat' dir='ltr'><strong>si</strong></span> <span class='ocrx_word' id='word_1_311' title='bbox 803 2865 913 2918; x_wconf 90' lang='lat' dir='ltr'><strong>sint</strong></span> <span class='ocrx_word' id='word_1_312' title='bbox 938 2863 1334 2933; x_wconf 72' lang='lat' dir='ltr'><strong>inmquimodac,</strong></span> <span class='ocrx_word' id='word_1_313' title='bbox 1359 2862 1558 2917; x_wconf 89' lang='lat' dir='ltr'><strong>faciunt</strong></span> <span class='ocrx_word' id='word_1_314' title='bbox 1582 2860 1971 2931; x_wconf 80' lang='lat' dir='ltr'><strong>syllogismum.</strong></span> <span class='ocrx_word' id='word_1_315' title='bbox 1992 2857 2048 2910; x_wconf 90' lang='lat' dir='ltr'><strong>In</strong></span> 
     </span>
    </p>
   </div>
   <div class='ocr_carea' id='block_1_39' title="bbox 390 2948 2050 3035">
    <p class='ocr_par' dir='ltr' id='par_1_39' title="bbox 390 2948 2050 3035">
     <span class='ocr_line' id='line_1_39' title="bbox 390 2948 2050 3035; baseline -0.007 -23"><span class='ocrx_word' id='word_1_316' title='bbox 390 3022 401 3035; x_wconf 39' lang='grc' dir='ltr'><em>ο</em></span> <span class='ocrx_word' id='word_1_317' title='bbox 464 2955 764 3026; x_wconf 75' lang='lat' dir='ltr'><strong>tequimoda</strong></span> <span class='ocrx_word' id='word_1_318' title='bbox 788 2970 914 3011; x_wconf 89' lang='lat' dir='ltr'><strong>vero</strong></span> <span class='ocrx_word' id='word_1_319' title='bbox 944 2955 1194 3011; x_wconf 68' lang='lat' dir='ltr'><strong>secundae</strong></span> <span class='ocrx_word' id='word_1_320' title='bbox 1226 2953 1407 3024; x_wconf 80' lang='lat' dir='ltr'><strong>ﬁgurae</strong></span> <span class='ocrx_word' id='word_1_321' title='bbox 1447 2951 1738 3022; x_wconf 89' lang='lat' dir='ltr'><strong>propositio</strong></span> <span class='ocrx_word' id='word_1_322' title='bbox 1771 2959 1852 3004; x_wconf 89' lang='lat' dir='ltr'><strong>est</strong></span> <span class='ocrx_word' id='word_1_323' title='bbox 1880 2949 1933 3002; x_wconf 89' lang='lat' dir='ltr'><strong>in</strong></span> <span class='ocrx_word' id='word_1_324' title='bbox 1968 2948 2050 3001; x_wconf 89' lang='lat' dir='ltr'><strong>his</strong></span> 
     </span>
    </p>
   </div>
   <div class='ocr_carea' id='block_1_40' title="bbox 468 3041 2049 3118">
    <p class='ocr_par' dir='ltr' id='par_1_40' title="bbox 468 3041 2049 3118">
     <span class='ocr_line' id='line_1_40' title="bbox 468 3041 2049 3118; baseline -0.004 -17"><span class='ocrx_word' id='word_1_325' title='bbox 468 3044 1168 3118; x_wconf 80' lang='lat' dir='ltr'><strong>sytlogismishypmheticis</strong></span> <span class='ocrx_word' id='word_1_326' title='bbox 1198 3059 1424 3114; x_wconf 90' lang='lat' dir='ltr'><strong>quorum</strong></span> <span class='ocrx_word' id='word_1_327' title='bbox 1451 3043 1848 3099; x_wconf 83' lang='lat' dir='ltr'><strong>enuntiationes</strong></span> <span class='ocrx_word' id='word_1_328' title='bbox 1878 3041 2049 3095; x_wconf 89' lang='lat' dir='ltr'><strong>tribus</strong></span> 
     </span>
    </p>
   </div>
   <div class='ocr_carea' id='block_1_41' title="bbox 2137 1839 3720 1903">
    <p class='ocr_par' dir='ltr' id='par_1_41' title="bbox 2137 1839 3720 1903">
     <span class='ocr_line' id='line_1_41' title="bbox 2137 1839 3720 1903; baseline -0.002 -8"><span class='ocrx_word' id='word_1_329' title='bbox 2137 1842 2277 1895; x_wconf 89' lang='lat' dir='ltr'><strong>enim</strong></span> <span class='ocrx_word' id='word_1_330' title='bbox 2312 1840 2380 1893; x_wconf 88' lang='lat' dir='ltr'><strong>sit</strong></span> <span class='ocrx_word' id='word_1_331' title='bbox 2420 1840 2482 1903; x_wconf 72' lang='grc' dir='ltr'><strong>Ι),</strong></span> <span class='ocrx_word' id='word_1_332' title='bbox 2518 1854 2622 1893; x_wconf 89' lang='lat' dir='ltr'><strong>non</strong></span> <span class='ocrx_word' id='word_1_333' title='bbox 2675 1853 2899 1894; x_wconf 88' lang='lat' dir='ltr'><strong>necesse</strong></span> <span class='ocrx_word' id='word_1_334' title='bbox 2948 1848 3031 1894; x_wconf 88' lang='lat' dir='ltr'><strong>est</strong></span> <span class='ocrx_word' id='word_1_335' title='bbox 3070 1854 3191 1895; x_wconf 89' lang='lat' dir='ltr'><strong>esse</strong></span> <span class='ocrx_word' id='word_1_336' title='bbox 3238 1839 3318 1894; x_wconf 87' lang='lat' dir='ltr'><strong>vel</strong></span> <span class='ocrx_word' id='word_1_337' title='bbox 3365 1854 3469 1893; x_wconf 91' lang='lat' dir='ltr'><strong>non</strong></span> <span class='ocrx_word' id='word_1_338' title='bbox 3512 1854 3634 1894; x_wconf 88' lang='lat' dir='ltr'><strong>esse</strong></span> <span class='ocrx_word' id='word_1_339' title='bbox 3666 1855 3720 1892; x_wconf 81' lang='grc' dir='ltr'>ιι.</span> 
     </span>
    </p>
   </div>
   <div class='ocr_carea' id='block_1_42' title="bbox 2135 1930 3717 2002">
    <p class='ocr_par' dir='ltr' id='par_1_42' title="bbox 2135 1930 3717 2002">
     <span class='ocr_line' id='line_1_42' title="bbox 2135 1930 3717 2002; baseline -0.001 -15"><span class='ocrx_word' id='word_1_340' title='bbox 2135 1933 2275 1988; x_wconf 88' lang='lat' dir='ltr'><strong>Nihil</strong></span> <span class='ocrx_word' id='word_1_341' title='bbox 2304 1933 2461 2002; x_wconf 82' lang='lat' dir='ltr'><strong>igitur</strong></span> <span class='ocrx_word' id='word_1_342' title='bbox 2497 1930 2737 1999; x_wconf 86' lang='lat' dir='ltr'><strong>sequitur</strong></span> <span class='ocrx_word' id='word_1_343' title='bbox 2763 1931 3153 1998; x_wconf 89' lang='lat' dir='ltr'><strong>necessarium,</strong></span> <span class='ocrx_word' id='word_1_344' title='bbox 3208 1940 3265 1986; x_wconf 93' lang='lat' dir='ltr'><strong>ut</strong></span> <span class='ocrx_word' id='word_1_345' title='bbox 3290 1932 3361 1987; x_wconf 92' lang='lat' dir='ltr'><strong>sit</strong></span> <span class='ocrx_word' id='word_1_346' title='bbox 3389 1931 3473 1986; x_wconf 88' lang='lat' dir='ltr'><strong>vel</strong></span> <span class='ocrx_word' id='word_1_347' title='bbox 3506 1946 3612 1986; x_wconf 90' lang='lat' dir='ltr'><strong>non</strong></span> <span class='ocrx_word' id='word_1_348' title='bbox 3646 1933 3717 1986; x_wconf 88' lang='lat' dir='ltr'><strong>sit</strong></span> 
     </span>
    </p>
   </div>
   <div class='ocr_carea' id='block_1_43' title="bbox 2136 2012 3725 2081">
    <p class='ocr_par' dir='ltr' id='par_1_43' title="bbox 2136 2012 3725 2081">
     <span class='ocr_line' id='line_1_43' title="bbox 2136 2012 3725 2081; baseline 0 -13"><span class='ocrx_word' id='word_1_349' title='bbox 2136 2034 2182 2081; x_wconf 68' lang='grc' dir='ltr'>τ,</span> <span class='ocrx_word' id='word_1_350' title='bbox 2216 2016 2335 2069; x_wconf 90' lang='lat' dir='ltr'><strong>utsi</strong></span> <span class='ocrx_word' id='word_1_351' title='bbox 2361 2013 2480 2067; x_wconf 90' lang='lat' dir='ltr'><strong>sita</strong></span> <span class='ocrx_word' id='word_1_352' title='bbox 2509 2013 2725 2075; x_wconf 86' lang='lat' dir='ltr'><strong>animal,</strong></span> <span class='ocrx_word' id='word_1_353' title='bbox 2762 2012 2789 2065; x_wconf 78' lang='grc' dir='ltr'><strong>ὁ</strong></span> <span class='ocrx_word' id='word_1_354' title='bbox 2819 2014 3132 2080; x_wconf 82' lang='lat' dir='ltr'><strong>animatum,</strong></span> <span class='ocrx_word' id='word_1_355' title='bbox 3166 2030 3192 2066; x_wconf 87' lang='lat' dir='ltr'><strong>c</strong></span> <span class='ocrx_word' id='word_1_356' title='bbox 3219 2014 3564 2069; x_wconf 90' lang='lat' dir='ltr'><strong>insensibile:</strong></span> <span class='ocrx_word' id='word_1_357' title='bbox 3598 2029 3725 2068; x_wconf 90' lang='lat' dir='ltr'><strong>nam</strong></span> 
     </span>
    </p>
   </div>
   <div class='ocr_carea' id='block_1_44' title="bbox 2137 2092 3727 2156">
    <p class='ocr_par' dir='ltr' id='par_1_44' title="bbox 2137 2092 3727 2156">
     <span class='ocr_line' id='line_1_44' title="bbox 2137 2092 3727 2156; baseline -0.001 -8"><span class='ocrx_word' id='word_1_358' title='bbox 2137 2096 2180 2148; x_wconf 90' lang='lat' dir='ltr'><strong>si</strong></span> <span class='ocrx_word' id='word_1_359' title='bbox 2213 2104 2295 2148; x_wconf 91' lang='lat' dir='ltr'><strong>est</strong></span> <span class='ocrx_word' id='word_1_360' title='bbox 2322 2092 2538 2153; x_wconf 84' lang='lat' dir='ltr'><strong>animal,</strong></span> <span class='ocrx_word' id='word_1_361' title='bbox 2571 2103 2653 2144; x_wconf 65' lang='lat' dir='ltr'><strong>est</strong></span> <span class='ocrx_word' id='word_1_362' title='bbox 2695 2092 3018 2156; x_wconf 86' lang='lat' dir='ltr'><strong>animatum;</strong></span> <span class='ocrx_word' id='word_1_363' title='bbox 3054 2094 3096 2145; x_wconf 88' lang='lat' dir='ltr'><strong>si</strong></span> <span class='ocrx_word' id='word_1_364' title='bbox 3141 2108 3267 2146; x_wconf 90' lang='lat' dir='ltr'><strong>vero</strong></span> <span class='ocrx_word' id='word_1_365' title='bbox 3311 2108 3416 2147; x_wconf 90' lang='lat' dir='ltr'><strong>non</strong></span> <span class='ocrx_word' id='word_1_366' title='bbox 3470 2101 3555 2146; x_wconf 90' lang='lat' dir='ltr'><strong>est</strong></span> <span class='ocrx_word' id='word_1_367' title='bbox 3604 2093 3727 2147; x_wconf 85' lang='lat' dir='ltr'><strong>ani-</strong></span> 
     </span>
    </p>
   </div>
   <div class='ocr_carea' id='block_1_45' title="bbox 2140 2172 3725 2241">
    <p class='ocr_par' dir='ltr' id='par_1_45' title="bbox 2140 2172 3725 2241">
     <span class='ocr_line' id='line_1_45' title="bbox 2140 2172 3725 2241; baseline -0.001 -13"><span class='ocrx_word' id='word_1_368' title='bbox 2140 2174 2266 2237; x_wconf 91' lang='lat' dir='ltr'><strong>tual,</strong></span> <span class='ocrx_word' id='word_1_369' title='bbox 2322 2172 2635 2227; x_wconf 65' lang='lat' dir='ltr'><strong>insensibile</strong></span> <span class='ocrx_word' id='word_1_370' title='bbox 2688 2182 2799 2235; x_wconf 83' lang='lat' dir='ltr'><strong>est;</strong></span> <span class='ocrx_word' id='word_1_371' title='bbox 2852 2173 2996 2241; x_wconf 88' lang='lat' dir='ltr'><strong>atqui</strong></span> <span class='ocrx_word' id='word_1_372' title='bbox 3041 2173 3084 2226; x_wconf 90' lang='lat' dir='ltr'><strong>si</strong></span> <span class='ocrx_word' id='word_1_373' title='bbox 3125 2174 3193 2227; x_wconf 92' lang='lat' dir='ltr'><strong>sit</strong></span> <span class='ocrx_word' id='word_1_374' title='bbox 3245 2174 3580 2239; x_wconf 88' lang='lat' dir='ltr'><strong>animatum,</strong></span> <span class='ocrx_word' id='word_1_375' title='bbox 3615 2186 3725 2229; x_wconf 87' lang='lat' dir='ltr'><strong>non</strong></span> 
     </span>
    </p>
   </div>
   <div class='ocr_carea' id='block_1_46' title="bbox 2140 2252 3729 2321">
    <p class='ocr_par' dir='ltr' id='par_1_46' title="bbox 2140 2252 3729 2321">
     <span class='ocr_line' id='line_1_46' title="bbox 2140 2252 3729 2321; baseline -0.001 -13"><span class='ocrx_word' id='word_1_376' title='bbox 2140 2268 2359 2308; x_wconf 86' lang='lat' dir='ltr'><strong>necesse</strong></span> <span class='ocrx_word' id='word_1_377' title='bbox 2391 2264 2473 2306; x_wconf 86' lang='lat' dir='ltr'><strong>est</strong></span> <span class='ocrx_word' id='word_1_378' title='bbox 2493 2266 2614 2305; x_wconf 75' lang='lat' dir='ltr'><strong>eSsc</strong></span> <span class='ocrx_word' id='word_1_379' title='bbox 2642 2252 2865 2316; x_wconf 79' lang='lat' dir='ltr'><strong>animal,</strong></span> <span class='ocrx_word' id='word_1_380' title='bbox 2892 2254 2973 2306; x_wconf 84' lang='lat' dir='ltr'><strong>vel</strong></span> <span class='ocrx_word' id='word_1_381' title='bbox 3001 2268 3105 2305; x_wconf 90' lang='lat' dir='ltr'><strong>non</strong></span> <span class='ocrx_word' id='word_1_382' title='bbox 3137 2268 3279 2318; x_wconf 82' lang='lat' dir='ltr'><strong>esse,</strong></span> <span class='ocrx_word' id='word_1_383' title='bbox 3322 2269 3427 2307; x_wconf 92' lang='lat' dir='ltr'><strong>non</strong></span> <span class='ocrx_word' id='word_1_384' title='bbox 3457 2262 3541 2308; x_wconf 90' lang='lat' dir='ltr'><strong>est</strong></span> <span class='ocrx_word' id='word_1_385' title='bbox 3566 2254 3729 2321; x_wconf 84' lang='lat' dir='ltr'><strong>igitur</strong></span> 
     </span>
    </p>
   </div>
   <div class='ocr_carea' id='block_1_47' title="bbox 2146 2331 3732 2402">
    <p class='ocr_par' dir='ltr' id='par_1_47' title="bbox 2146 2331 3732 2402">
     <span class='ocr_line' id='line_1_47' title="bbox 2146 2331 3732 2402; baseline 0 -13"><span class='ocrx_word' id='word_1_386' title='bbox 2146 2349 2366 2389; x_wconf 75' lang='lat' dir='ltr'><strong>necesse</strong></span> <span class='ocrx_word' id='word_1_387' title='bbox 2396 2348 2516 2387; x_wconf 85' lang='lat' dir='ltr'><strong>esse</strong></span> <span class='ocrx_word' id='word_1_388' title='bbox 2544 2331 2858 2387; x_wconf 83' lang='lat' dir='ltr'><strong>insensibile</strong></span> <span class='ocrx_word' id='word_1_389' title='bbox 2888 2334 2967 2387; x_wconf 90' lang='lat' dir='ltr'><strong>vel</strong></span> <span class='ocrx_word' id='word_1_390' title='bbox 2993 2348 3098 2387; x_wconf 88' lang='lat' dir='ltr'><strong>non</strong></span> <span class='ocrx_word' id='word_1_391' title='bbox 3131 2348 3284 2399; x_wconf 89' lang='lat' dir='ltr'><strong>esse;</strong></span> <span class='ocrx_word' id='word_1_392' title='bbox 3318 2334 3456 2402; x_wconf 90' lang='lat' dir='ltr'><strong>quod</strong></span> <span class='ocrx_word' id='word_1_393' title='bbox 3495 2334 3539 2387; x_wconf 91' lang='lat' dir='ltr'><strong>si</strong></span> <span class='ocrx_word' id='word_1_394' title='bbox 3571 2350 3597 2386; x_wconf 87' lang='lat' dir='ltr'><strong>c</strong></span> <span class='ocrx_word' id='word_1_395' title='bbox 3625 2342 3732 2389; x_wconf 80' lang='lat' dir='ltr'><strong>ter-</strong></span> 
     </span>
    </p>
   </div>
   <div class='ocr_carea' id='block_1_48' title="bbox 2143 2412 3731 2483">
    <p class='ocr_par' dir='ltr' id='par_1_48' title="bbox 2143 2412 3731 2483">
     <span class='ocr_line' id='line_1_48' title="bbox 2143 2412 3731 2483; baseline 0 -16"><span class='ocrx_word' id='word_1_396' title='bbox 2143 2416 2323 2470; x_wconf 89' lang='lat' dir='ltr'><strong>minus</strong></span> <span class='ocrx_word' id='word_1_397' title='bbox 2349 2422 2675 2479; x_wconf 85' lang='lat' dir='ltr'><strong>assumatur,</strong></span> <span class='ocrx_word' id='word_1_398' title='bbox 2704 2412 2967 2480; x_wconf 84' lang='lat' dir='ltr'><strong>siquidem</strong></span> <span class='ocrx_word' id='word_1_399' title='bbox 3019 2420 3124 2466; x_wconf 80' lang='lat' dir='ltr'><strong>non</strong></span> <span class='ocrx_word' id='word_1_400' title='bbox 3155 2421 3277 2468; x_wconf 68' lang='grc' dir='ltr'>εεεε</span> <span class='ocrx_word' id='word_1_401' title='bbox 3325 2425 3578 2483; x_wconf 89' lang='lat' dir='ltr'><strong>ponatur,</strong></span> <span class='ocrx_word' id='word_1_402' title='bbox 3622 2415 3731 2468; x_wconf 88' lang='lat' dir='ltr'><strong>erit</strong></span> 
     </span>
    </p>
   </div>
   <div class='ocr_carea' id='block_1_49' title="bbox 2148 2493 3730 2566">
    <p class='ocr_par' dir='ltr' id='par_1_49' title="bbox 2148 2493 3730 2566">
     <span class='ocr_line' id='line_1_49' title="bbox 2148 2493 3730 2566; baseline -0.002 -17"><span class='ocrx_word' id='word_1_403' title='bbox 2148 2494 2457 2551; x_wconf 85' lang='lat' dir='ltr'><strong>necessario</strong></span> <span class='ocrx_word' id='word_1_404' title='bbox 2488 2494 2550 2558; x_wconf 82' lang='lat' dir='ltr'><strong>b;</strong></span> <span class='ocrx_word' id='word_1_405' title='bbox 2580 2493 2624 2546; x_wconf 90' lang='lat' dir='ltr'><strong>si</strong></span> <span class='ocrx_word' id='word_1_406' title='bbox 2657 2508 2784 2546; x_wconf 85' lang='lat' dir='ltr'><strong>vero</strong></span> <span class='ocrx_word' id='word_1_407' title='bbox 2812 2508 2950 2563; x_wconf 81' lang='lat' dir='ltr'><strong>esse,</strong></span> <span class='ocrx_word' id='word_1_408' title='bbox 3003 2494 3184 2547; x_wconf 91' lang='lat' dir='ltr'><strong>nullus</strong></span> <span class='ocrx_word' id='word_1_409' title='bbox 3233 2495 3338 2548; x_wconf 88' lang='lat' dir='ltr'><strong>erit</strong></span> <span class='ocrx_word' id='word_1_410' title='bbox 3367 2495 3730 2566; x_wconf 74' lang='lat' dir='ltr'><strong>syllogismus,</strong></span> 
     </span>
    </p>
   </div>
   <div class='ocr_carea' id='block_1_50' title="bbox 2146 2587 3731 2657">
    <p class='ocr_par' dir='ltr' id='par_1_50' title="bbox 2146 2587 3731 2657">
     <span class='ocr_line' id='line_1_50' title="bbox 2146 2587 3731 2657; baseline 0.001 -15"><span class='ocrx_word' id='word_1_411' title='bbox 2146 2604 2266 2643; x_wconf 89' lang='lat' dir='ltr'><strong>nam</strong></span> <span class='ocrx_word' id='word_1_412' title='bbox 2292 2588 2334 2642; x_wconf 87' lang='lat' dir='ltr'><strong>si</strong></span> <span class='ocrx_word' id='word_1_413' title='bbox 2359 2603 2462 2641; x_wconf 89' lang='lat' dir='ltr'><strong>non</strong></span> <span class='ocrx_word' id='word_1_414' title='bbox 2496 2597 2578 2641; x_wconf 89' lang='lat' dir='ltr'><strong>est</strong></span> <span class='ocrx_word' id='word_1_415' title='bbox 2600 2604 2648 2653; x_wconf 74' lang='grc' dir='ltr'><strong>ε,</strong></span> <span class='ocrx_word' id='word_1_416' title='bbox 2677 2595 2759 2641; x_wconf 89' lang='grc' dir='ltr'><strong>εει</strong></span> <span class='ocrx_word' id='word_1_417' title='bbox 2788 2603 2838 2651; x_wconf 87' lang='lat' dir='ltr'><strong>a,</strong></span> <span class='ocrx_word' id='word_1_418' title='bbox 2868 2596 2921 2640; x_wconf 90' lang='lat' dir='ltr'><strong>at</strong></span> <span class='ocrx_word' id='word_1_419' title='bbox 2941 2587 2983 2641; x_wconf 90' lang='lat' dir='ltr'><strong>si</strong></span> <span class='ocrx_word' id='word_1_420' title='bbox 3013 2588 3095 2642; x_wconf 72' lang='grc' dir='ltr'><strong>εει</strong></span> <span class='ocrx_word' id='word_1_421' title='bbox 3117 2604 3168 2653; x_wconf 88' lang='grc' dir='ltr'>α,</span> <span class='ocrx_word' id='word_1_422' title='bbox 3190 2596 3271 2642; x_wconf 88' lang='grc' dir='ltr'><strong>εει</strong></span> <span class='ocrx_word' id='word_1_423' title='bbox 3291 2588 3342 2654; x_wconf 84' lang='lat' dir='ltr'><strong>b,</strong></span> <span class='ocrx_word' id='word_1_424' title='bbox 3370 2590 3414 2642; x_wconf 92' lang='lat' dir='ltr'><strong>si</strong></span> <span class='ocrx_word' id='word_1_425' title='bbox 3436 2589 3596 2657; x_wconf 86' lang='lat' dir='ltr'><strong>igitur</strong></span> <span class='ocrx_word' id='word_1_426' title='bbox 3624 2604 3731 2644; x_wconf 88' lang='lat' dir='ltr'><strong>non</strong></span> 
     </span>
    </p>
   </div>
   <div class='ocr_carea' id='block_1_51' title="bbox 2148 2677 3739 2746">
    <p class='ocr_par' dir='ltr' id='par_1_51' title="bbox 2148 2677 3739 2746">
     <span class='ocr_line' id='line_1_51' title="bbox 2148 2677 3739 2746; baseline 0.002 -13"><span class='ocrx_word' id='word_1_427' title='bbox 2148 2690 2229 2733; x_wconf 79' lang='lat' dir='ltr'><strong>est</strong></span> <span class='ocrx_word' id='word_1_428' title='bbox 2254 2696 2299 2742; x_wconf 81' lang='grc' dir='ltr'><strong>ε,</strong></span> <span class='ocrx_word' id='word_1_429' title='bbox 2328 2690 2409 2733; x_wconf 86' lang='grc' dir='ltr'><strong>εει</strong></span> <span class='ocrx_word' id='word_1_430' title='bbox 2431 2679 2480 2742; x_wconf 90' lang='lat' dir='ltr'><strong>b,</strong></span> <span class='ocrx_word' id='word_1_431' title='bbox 2512 2677 2651 2746; x_wconf 87' lang='lat' dir='ltr'><strong>quod</strong></span> <span class='ocrx_word' id='word_1_432' title='bbox 2683 2678 2727 2732; x_wconf 91' lang='lat' dir='ltr'><strong>si</strong></span> <span class='ocrx_word' id='word_1_433' title='bbox 2754 2687 2837 2733; x_wconf 91' lang='lat' dir='ltr'><strong>est</strong></span> <span class='ocrx_word' id='word_1_434' title='bbox 2864 2695 2911 2744; x_wconf 85' lang='lat' dir='ltr'><strong>c,</strong></span> <span class='ocrx_word' id='word_1_435' title='bbox 2938 2694 3043 2732; x_wconf 90' lang='lat' dir='ltr'><strong>non</strong></span> <span class='ocrx_word' id='word_1_436' title='bbox 3073 2694 3293 2734; x_wconf 79' lang='lat' dir='ltr'><strong>necesse</strong></span> <span class='ocrx_word' id='word_1_437' title='bbox 3314 2690 3399 2735; x_wconf 87' lang='lat' dir='ltr'><strong>est</strong></span> <span class='ocrx_word' id='word_1_438' title='bbox 3426 2696 3546 2735; x_wconf 87' lang='lat' dir='ltr'><strong>esse</strong></span> <span class='ocrx_word' id='word_1_439' title='bbox 3566 2698 3619 2746; x_wconf 88' lang='lat' dir='ltr'><strong>a,</strong></span> <span class='ocrx_word' id='word_1_440' title='bbox 3643 2692 3739 2736; x_wconf 87' lang='lat' dir='ltr'><strong>aut</strong></span> 
     </span>
    </p>
   </div>
   <div class='ocr_carea' id='block_1_52' title="bbox 2149 2769 3729 2842">
    <p class='ocr_par' dir='ltr' id='par_1_52' title="bbox 2149 2769 3729 2842">
     <span class='ocr_line' id='line_1_52' title="bbox 2149 2769 3729 2842; baseline -0.001 -17"><span class='ocrx_word' id='word_1_441' title='bbox 2149 2771 2378 2827; x_wconf 84' lang='lat' dir='ltr'><strong>fortasse</strong></span> <span class='ocrx_word' id='word_1_442' title='bbox 2405 2784 2627 2825; x_wconf 88' lang='lat' dir='ltr'><strong>necesse</strong></span> <span class='ocrx_word' id='word_1_443' title='bbox 2659 2769 2729 2823; x_wconf 92' lang='lat' dir='ltr'><strong>sit</strong></span> <span class='ocrx_word' id='word_1_444' title='bbox 2750 2784 2855 2823; x_wconf 89' lang='lat' dir='ltr'><strong>non</strong></span> <span class='ocrx_word' id='word_1_445' title='bbox 2886 2785 3027 2826; x_wconf 88' lang='lat' dir='ltr'><strong>esse.</strong></span> <span class='ocrx_word' id='word_1_446' title='bbox 3064 2770 3188 2826; x_wconf 68' lang='lat' dir='ltr'><strong>Haec</strong></span> <span class='ocrx_word' id='word_1_447' title='bbox 3217 2771 3359 2826; x_wconf 89' lang='lat' dir='ltr'><strong>enim</strong></span> <span class='ocrx_word' id='word_1_448' title='bbox 3412 2775 3729 2842; x_wconf 88' lang='lat' dir='ltr'><strong>propositio,</strong></span> 
     </span>
    </p>
   </div>
   <div class='ocr_carea' id='block_1_53' title="bbox 2152 2862 3729 2933">
    <p class='ocr_par' dir='ltr' id='par_1_53' title="bbox 2152 2862 3729 2933">
     <span class='ocr_line' id='line_1_53' title="bbox 2152 2862 3729 2933; baseline 0.003 -17"><span class='ocrx_word' id='word_1_449' title='bbox 2152 2862 2291 2917; x_wconf 81' lang='lat' dir='ltr'><strong>iticm</strong></span> <span class='ocrx_word' id='word_1_450' title='bbox 2318 2863 2362 2918; x_wconf 89' lang='lat' dir='ltr'><strong>si</strong></span> <span class='ocrx_word' id='word_1_451' title='bbox 2410 2876 2514 2915; x_wconf 90' lang='lat' dir='ltr'><strong>non</strong></span> <span class='ocrx_word' id='word_1_452' title='bbox 2538 2869 2623 2916; x_wconf 88' lang='lat' dir='ltr'><strong>est</strong></span> <span class='ocrx_word' id='word_1_453' title='bbox 2652 2871 2704 2927; x_wconf 82' lang='grc' dir='ltr'><strong>ιι,</strong></span> <span class='ocrx_word' id='word_1_454' title='bbox 2734 2870 2816 2916; x_wconf 86' lang='grc' dir='ltr'><strong>εει</strong></span> <span class='ocrx_word' id='word_1_455' title='bbox 2861 2877 2909 2926; x_wconf 91' lang='lat' dir='ltr'><strong>c,</strong></span> <span class='ocrx_word' id='word_1_456' title='bbox 2953 2862 3006 2915; x_wconf 90' lang='lat' dir='ltr'><strong>in</strong></span> <span class='ocrx_word' id='word_1_457' title='bbox 3046 2862 3239 2919; x_wconf 82' lang='lat' dir='ltr'><strong>talibds</strong></span> <span class='ocrx_word' id='word_1_458' title='bbox 3281 2874 3486 2921; x_wconf 86' lang='lat' dir='ltr'><strong>tantum</strong></span> <span class='ocrx_word' id='word_1_459' title='bbox 3527 2867 3729 2933; x_wconf 85' lang='lat' dir='ltr'><strong>evenit,</strong></span> 
     </span>
    </p>
   </div>
   <div class='ocr_carea' id='block_1_54' title="bbox 2155 2955 3729 3029">
    <p class='ocr_par' dir='ltr' id='par_1_54' title="bbox 2155 2955 3729 3029">
     <span class='ocr_line' id='line_1_54' title="bbox 2155 2955 3729 3029; baseline 0.002 -17"><span class='ocrx_word' id='word_1_460' title='bbox 2155 2958 2206 3012; x_wconf 91' lang='lat' dir='ltr'><strong>in</strong></span> <span class='ocrx_word' id='word_1_461' title='bbox 2240 2955 2430 3026; x_wconf 90' lang='lat' dir='ltr'><strong>quibus</strong></span> <span class='ocrx_word' id='word_1_462' title='bbox 2462 2956 2687 3010; x_wconf 87' lang='lat' dir='ltr'><strong>alterum</strong></span> <span class='ocrx_word' id='word_1_463' title='bbox 2717 2971 2903 3011; x_wconf 88' lang='lat' dir='ltr'><strong>eorum</strong></span> <span class='ocrx_word' id='word_1_464' title='bbox 2953 2970 3074 3011; x_wconf 90' lang='lat' dir='ltr'><strong>esse</strong></span> <span class='ocrx_word' id='word_1_465' title='bbox 3125 2971 3347 3014; x_wconf 87' lang='lat' dir='ltr'><strong>necesse</strong></span> <span class='ocrx_word' id='word_1_466' title='bbox 3384 2959 3483 3024; x_wconf 82' lang='lat' dir='ltr'><strong>sit;</strong></span> <span class='ocrx_word' id='word_1_467' title='bbox 3513 2962 3656 3029; x_wconf 85' lang='lat' dir='ltr'><strong>quod</strong></span> <span class='ocrx_word' id='word_1_468' title='bbox 3686 2960 3729 3014; x_wconf 87' lang='lat' dir='ltr'><strong>si</strong></span> 
     </span>
    </p>
   </div>
   <div class='ocr_carea' id='block_1_55' title="bbox 2158 3048 3735 3117">
    <p class='ocr_par' dir='ltr' id='par_1_55' title="bbox 2158 3048 3735 3117">
     <span class='ocr_line' id='line_1_55' title="bbox 2158 3048 3735 3117; baseline 0.001 -13"><span class='ocrx_word' id='word_1_469' title='bbox 2158 3060 2237 3104; x_wconf 88' lang='grc' dir='ltr'><strong>εει</strong></span> <span class='ocrx_word' id='word_1_470' title='bbox 2268 3066 2313 3112; x_wconf 80' lang='lat' dir='ltr'><strong>c,</strong></span> <span class='ocrx_word' id='word_1_471' title='bbox 2345 3065 2447 3102; x_wconf 89' lang='lat' dir='ltr'><strong>non</strong></span> <span class='ocrx_word' id='word_1_472' title='bbox 2481 3049 2582 3103; x_wconf 89' lang='lat' dir='ltr'><strong>erit</strong></span> <span class='ocrx_word' id='word_1_473' title='bbox 2611 3065 2663 3114; x_wconf 88' lang='lat' dir='ltr'><strong>a,</strong></span> <span class='ocrx_word' id='word_1_474' title='bbox 2692 3048 2737 3102; x_wconf 87' lang='lat' dir='ltr'><strong>si</strong></span> <span class='ocrx_word' id='word_1_475' title='bbox 2787 3063 2890 3103; x_wconf 88' lang='lat' dir='ltr'><strong>non</strong></span> <span class='ocrx_word' id='word_1_476' title='bbox 2919 3057 3001 3102; x_wconf 91' lang='lat' dir='ltr'><strong>est</strong></span> <span class='ocrx_word' id='word_1_477' title='bbox 3049 3064 3100 3117; x_wconf 85' lang='lat' dir='ltr'><strong>a,</strong></span> <span class='ocrx_word' id='word_1_478' title='bbox 3135 3049 3263 3103; x_wconf 90' lang='lat' dir='ltr'><strong>niltil</strong></span> <span class='ocrx_word' id='word_1_479' title='bbox 3299 3049 3366 3104; x_wconf 87' lang='lat' dir='ltr'><strong>ad</strong></span> <span class='ocrx_word' id='word_1_480' title='bbox 3399 3050 3449 3116; x_wconf 89' lang='lat' dir='ltr'><strong>b,</strong></span> <span class='ocrx_word' id='word_1_481' title='bbox 3479 3050 3643 3107; x_wconf 83' lang='lat' dir='ltr'><strong>veluti</strong></span> <span class='ocrx_word' id='word_1_482' title='bbox 3687 3051 3735 3106; x_wconf 86' lang='lat' dir='ltr'><strong>si</strong></span> 
     </span>
    </p>
   </div>
   <div class='ocr_carea' id='block_1_56' title="bbox 470 3122 2056 3209">
    <p class='ocr_par' dir='ltr' id='par_1_56' title="bbox 470 3135 2049 3209">
     <span class='ocr_line' id='line_1_56' title="bbox 470 3135 2049 3209; baseline -0.004 -15"><span class='ocrx_word' id='word_1_483' title='bbox 470 3139 713 3194; x_wconf 84' lang='lat' dir='ltr'><strong>terminis</strong></span> <span class='ocrx_word' id='word_1_484' title='bbox 742 3147 1154 3209; x_wconf 88' lang='lat' dir='ltr'><strong>componuntur,</strong></span> <span class='ocrx_word' id='word_1_485' title='bbox 1186 3137 1345 3191; x_wconf 89' lang='lat' dir='ltr'><strong>veluti</strong></span> <span class='ocrx_word' id='word_1_486' title='bbox 1376 3153 1494 3191; x_wconf 88' lang='lat' dir='ltr'><strong>cum</strong></span> <span class='ocrx_word' id='word_1_487' title='bbox 1540 3137 1611 3190; x_wconf 90' lang='lat' dir='ltr'><strong>ita</strong></span> <span class='ocrx_word' id='word_1_488' title='bbox 1665 3135 2049 3205; x_wconf 83' lang='lat' dir='ltr'><strong>proponimus:</strong></span> 
     </span>
    </p>
   </div>
   <div class='ocr_carea' id='block_1_57' title="bbox 2161 3122 3730 3209">
    <p class='ocr_par' dir='ltr' id='par_1_57' title="bbox 2161 3137 3730 3209">
     <span class='ocr_line' id='line_1_57' title="bbox 2161 3137 3730 3209; baseline 0.001 -15"><span class='ocrx_word' id='word_1_489' title='bbox 2161 3148 2244 3195; x_wconf 84' lang='lat' dir='ltr'><strong>est</strong></span> <span class='ocrx_word' id='word_1_490' title='bbox 2276 3138 2610 3204; x_wconf 84' lang='lat' dir='ltr'><strong>insensibile,</strong></span> <span class='ocrx_word' id='word_1_491' title='bbox 2636 3154 2739 3192; x_wconf 90' lang='lat' dir='ltr'><strong>non</strong></span> <span class='ocrx_word' id='word_1_492' title='bbox 2768 3139 2872 3192; x_wconf 89' lang='lat' dir='ltr'><strong>erit</strong></span> <span class='ocrx_word' id='word_1_493' title='bbox 2895 3137 3115 3205; x_wconf 87' lang='lat' dir='ltr'><strong>animal,</strong></span> <span class='ocrx_word' id='word_1_494' title='bbox 3146 3148 3200 3192; x_wconf 90' lang='lat' dir='ltr'><strong>at</strong></span> <span class='ocrx_word' id='word_1_495' title='bbox 3226 3140 3272 3195; x_wconf 92' lang='lat' dir='ltr'><strong>si</strong></span> <span class='ocrx_word' id='word_1_496' title='bbox 3305 3155 3407 3194; x_wconf 89' lang='lat' dir='ltr'><strong>non</strong></span> <span class='ocrx_word' id='word_1_497' title='bbox 3429 3141 3730 3209; x_wconf 88' lang='lat' dir='ltr'><strong>sitanimal,</strong></span> 
     </span>
    </p>
   </div>
   <div class='ocr_carea' id='block_1_58' title="bbox 476 3225 2052 3296">
    <p class='ocr_par' dir='ltr' id='par_1_58' title="bbox 476 3225 2052 3296">
     <span class='ocr_line' id='line_1_58' title="bbox 476 3225 2052 3296; baseline -0.004 -12"><span class='ocrx_word' id='word_1_498' title='bbox 476 3231 521 3285; x_wconf 88' lang='lat' dir='ltr'><strong>si</strong></span> <span class='ocrx_word' id='word_1_499' title='bbox 554 3238 635 3285; x_wconf 85' lang='lat' dir='ltr'><strong>est</strong></span> <span class='ocrx_word' id='word_1_500' title='bbox 662 3247 715 3296; x_wconf 91' lang='lat' dir='ltr'><strong>a,</strong></span> <span class='ocrx_word' id='word_1_501' title='bbox 744 3237 827 3285; x_wconf 87' lang='lat' dir='ltr'><strong>est</strong></span> <span class='ocrx_word' id='word_1_502' title='bbox 856 3229 907 3296; x_wconf 75' lang='grc' dir='ltr'>ὁ,</span> <span class='ocrx_word' id='word_1_503' title='bbox 938 3230 982 3284; x_wconf 91' lang='lat' dir='ltr'><strong>si</strong></span> <span class='ocrx_word' id='word_1_504' title='bbox 1010 3238 1185 3282; x_wconf 90' lang='lat' dir='ltr'><strong>autem</strong></span> <span class='ocrx_word' id='word_1_505' title='bbox 1217 3243 1323 3281; x_wconf 86' lang='lat' dir='ltr'><strong>non</strong></span> <span class='ocrx_word' id='word_1_506' title='bbox 1352 3238 1431 3283; x_wconf 87' lang='lat' dir='ltr'><strong>est</strong></span> <span class='ocrx_word' id='word_1_507' title='bbox 1457 3244 1509 3291; x_wconf 88' lang='lat' dir='ltr'><strong>a,</strong></span> <span class='ocrx_word' id='word_1_508' title='bbox 1541 3236 1622 3281; x_wconf 81' lang='lat' dir='ltr'><strong>est</strong></span> <span class='ocrx_word' id='word_1_509' title='bbox 1647 3243 1691 3281; x_wconf 88' lang='lat' dir='ltr'><strong>c.</strong></span> <span class='ocrx_word' id='word_1_510' title='bbox 1730 3225 1895 3293; x_wconf 78' lang='lat' dir='ltr'><strong>Hujus</strong></span> <span class='ocrx_word' id='word_1_511' title='bbox 1926 3240 2052 3293; x_wconf 89' lang='lat' dir='ltr'><strong>pro-</strong></span> 
     </span>
    </p>
   </div>
   <div class='ocr_carea' id='block_1_59' title="bbox 475 3316 2052 3394">
    <p class='ocr_par' dir='ltr' id='par_1_59' title="bbox 475 3316 2052 3394">
     <span class='ocr_line' id='line_1_59' title="bbox 475 3316 2052 3394; baseline -0.006 -16"><span class='ocrx_word' id='word_1_512' title='bbox 475 3322 754 3394; x_wconf 86' lang='lat' dir='ltr'><strong>positionis</strong></span> <span class='ocrx_word' id='word_1_513' title='bbox 782 3322 886 3376; x_wconf 91' lang='lat' dir='ltr'><strong>tale</strong></span> <span class='ocrx_word' id='word_1_514' title='bbox 927 3320 1250 3390; x_wconf 79' lang='lat' dir='ltr'><strong>intelligatur</strong></span> <span class='ocrx_word' id='word_1_515' title='bbox 1276 3320 1602 3388; x_wconf 80' lang='lat' dir='ltr'><strong>exemplum,</strong></span> <span class='ocrx_word' id='word_1_516' title='bbox 1635 3318 1681 3372; x_wconf 91' lang='lat' dir='ltr'><strong>si</strong></span> <span class='ocrx_word' id='word_1_517' title='bbox 1722 3316 1915 3371; x_wconf 87' lang='lat' dir='ltr'><strong>animal</strong></span> <span class='ocrx_word' id='word_1_518' title='bbox 1948 3326 2052 3381; x_wconf 90' lang='lat' dir='ltr'><strong>est,</strong></span> 
     </span>
    </p>
   </div>
   <div class='ocr_carea' id='block_1_60' title="bbox 478 3408 2054 3482">
    <p class='ocr_par' dir='ltr' id='par_1_60' title="bbox 478 3408 2054 3482">
     <span class='ocr_line' id='line_1_60' title="bbox 478 3408 2054 3482; baseline -0.005 -10"><span class='ocrx_word' id='word_1_519' title='bbox 478 3418 767 3472; x_wconf 85' lang='lat' dir='ltr'><strong>animatum</strong></span> <span class='ocrx_word' id='word_1_520' title='bbox 800 3427 901 3482; x_wconf 92' lang='lat' dir='ltr'><strong>est,</strong></span> <span class='ocrx_word' id='word_1_521' title='bbox 934 3416 979 3469; x_wconf 90' lang='lat' dir='ltr'><strong>si</strong></span> <span class='ocrx_word' id='word_1_522' title='bbox 1004 3415 1195 3470; x_wconf 79' lang='lat' dir='ltr'><strong>animal</strong></span> <span class='ocrx_word' id='word_1_523' title='bbox 1228 3431 1333 3469; x_wconf 89' lang='lat' dir='ltr'><strong>non</strong></span> <span class='ocrx_word' id='word_1_524' title='bbox 1366 3424 1468 3479; x_wconf 90' lang='lat' dir='ltr'><strong>est,</strong></span> <span class='ocrx_word' id='word_1_525' title='bbox 1498 3408 1809 3469; x_wconf 88' lang='lat' dir='ltr'><strong>insensibile</strong></span> <span class='ocrx_word' id='word_1_526' title='bbox 1834 3422 1938 3477; x_wconf 88' lang='lat' dir='ltr'><strong>est,</strong></span> <span class='ocrx_word' id='word_1_527' title='bbox 1970 3411 2054 3465; x_wconf 89' lang='lat' dir='ltr'><strong>hic</strong></span> 
     </span>
    </p>
   </div>
   <div class='ocr_carea' id='block_1_61' title="bbox 475 3503 2056 3578">
    <p class='ocr_par' dir='ltr' id='par_1_61' title="bbox 475 3503 2056 3578">
     <span class='ocr_line' id='line_1_61' title="bbox 475 3503 2056 3578; baseline -0.006 -16"><span class='ocrx_word' id='word_1_528' title='bbox 475 3507 637 3578; x_wconf 79' lang='lat' dir='ltr'><strong>igitur</strong></span> <span class='ocrx_word' id='word_1_529' title='bbox 665 3507 862 3561; x_wconf 86' lang='lat' dir='ltr'><strong>animal</strong></span> <span class='ocrx_word' id='word_1_530' title='bbox 888 3505 1030 3577; x_wconf 90' lang='lat' dir='ltr'><strong>quod</strong></span> <span class='ocrx_word' id='word_1_531' title='bbox 1056 3516 1159 3571; x_wconf 85' lang='lat' dir='ltr'><strong>est,</strong></span> <span class='ocrx_word' id='word_1_532' title='bbox 1189 3523 1220 3558; x_wconf 87' lang='grc' dir='ltr'><strong>ιι</strong></span> <span class='ocrx_word' id='word_1_533' title='bbox 1253 3522 1353 3560; x_wconf 90' lang='lat' dir='ltr'><strong>non</strong></span> <span class='ocrx_word' id='word_1_534' title='bbox 1383 3516 1491 3568; x_wconf 89' lang='lat' dir='ltr'><strong>est;</strong></span> <span class='ocrx_word' id='word_1_535' title='bbox 1528 3519 1634 3558; x_wconf 89' lang='lat' dir='ltr'><strong>uno</strong></span> <span class='ocrx_word' id='word_1_536' title='bbox 1668 3503 1827 3557; x_wconf 90' lang='lat' dir='ltr'><strong>modo</strong></span> <span class='ocrx_word' id='word_1_537' title='bbox 1858 3515 2056 3570; x_wconf 73' lang='lat' dir='ltr'><strong>propo-</strong></span> 
     </span>
    </p>
   </div>
   <div class='ocr_carea' id='block_1_62' title="bbox 479 3591 2058 3669">
    <p class='ocr_par' dir='ltr' id='par_1_62' title="bbox 479 3591 2058 3669">
     <span class='ocr_line' id='line_1_62' title="bbox 479 3591 2058 3669; baseline -0.005 -17"><span class='ocrx_word' id='word_1_538' title='bbox 479 3600 640 3653; x_wconf 90' lang='lat' dir='ltr'><strong>sitttm</strong></span> <span class='ocrx_word' id='word_1_539' title='bbox 673 3599 724 3652; x_wconf 93' lang='lat' dir='ltr'><strong>in</strong></span> <span class='ocrx_word' id='word_1_540' title='bbox 758 3598 1013 3669; x_wconf 86' lang='lat' dir='ltr'><strong>utrisque,</strong></span> <span class='ocrx_word' id='word_1_541' title='bbox 1049 3598 1140 3651; x_wconf 89' lang='lat' dir='ltr'><strong>sed</strong></span> <span class='ocrx_word' id='word_1_542' title='bbox 1172 3596 1235 3651; x_wconf 88' lang='lat' dir='ltr'><strong>ad</strong></span> <span class='ocrx_word' id='word_1_543' title='bbox 1290 3599 1316 3649; x_wconf 92' lang='lat' dir='ltr'><strong>b</strong></span> <span class='ocrx_word' id='word_1_544' title='bbox 1349 3595 1564 3666; x_wconf 82' lang='lat' dir='ltr'><strong>quidem</strong></span> <span class='ocrx_word' id='word_1_545' title='bbox 1597 3594 1937 3655; x_wconf 84' lang='lat' dir='ltr'><strong>afllrmative,</strong></span> <span class='ocrx_word' id='word_1_546' title='bbox 1990 3591 2058 3645; x_wconf 91' lang='lat' dir='ltr'><strong>ad</strong></span> 
     </span>
    </p>
   </div>
   <div class='ocr_carea' id='block_1_63' title="bbox 479 3684 2060 3759">
    <p class='ocr_par' dir='ltr' id='par_1_63' title="bbox 479 3684 2060 3759">
     <span class='ocr_line' id='line_1_63' title="bbox 479 3684 2060 3759; baseline -0.004 -15"><span class='ocrx_word' id='word_1_547' title='bbox 479 3708 506 3744; x_wconf 81' lang='grc' dir='ltr'><em>ο</em></span> <span class='ocrx_word' id='word_1_548' title='bbox 536 3706 662 3745; x_wconf 88' lang='lat' dir='ltr'><strong>vero</strong></span> <span class='ocrx_word' id='word_1_549' title='bbox 686 3691 929 3759; x_wconf 68' lang='lat' dir='ltr'><strong>negatite</strong></span> <span class='ocrx_word' id='word_1_550' title='bbox 960 3688 1323 3759; x_wconf 84' lang='lat' dir='ltr'><strong>conjungitur,</strong></span> <span class='ocrx_word' id='word_1_551' title='bbox 1350 3698 1405 3743; x_wconf 87' lang='lat' dir='ltr'><strong>et</strong></span> <span class='ocrx_word' id='word_1_552' title='bbox 1435 3688 1483 3742; x_wconf 90' lang='lat' dir='ltr'><strong>id</strong></span> <span class='ocrx_word' id='word_1_553' title='bbox 1508 3696 1729 3743; x_wconf 88' lang='lat' dir='ltr'><strong>vocatur</strong></span> <span class='ocrx_word' id='word_1_554' title='bbox 1757 3701 1860 3740; x_wconf 92' lang='lat' dir='ltr'><strong>non</strong></span> <span class='ocrx_word' id='word_1_555' title='bbox 1892 3684 2060 3754; x_wconf 61' lang='lat' dir='ltr'><strong>aqui-</strong></span> 
     </span>
    </p>
   </div>
   <div class='ocr_carea' id='block_1_64' title="bbox 481 3779 2061 3850">
    <p class='ocr_par' dir='ltr' id='par_1_64' title="bbox 481 3779 2061 3850">
     <span class='ocr_line' id='line_1_64' title="bbox 481 3779 2061 3850; baseline -0.004 -13"><span class='ocrx_word' id='word_1_556' title='bbox 481 3783 639 3837; x_wconf 88' lang='lat' dir='ltr'><strong>tnode</strong></span> <span class='ocrx_word' id='word_1_557' title='bbox 672 3780 975 3850; x_wconf 69' lang='lat' dir='ltr'><strong>praedicari.</strong></span> <span class='ocrx_word' id='word_1_558' title='bbox 1007 3781 1159 3847; x_wconf 88' lang='lat' dir='ltr'><strong>Quod</strong></span> <span class='ocrx_word' id='word_1_559' title='bbox 1192 3781 1237 3834; x_wconf 65' lang='lat' dir='ltr'><strong>si</strong></span> <span class='ocrx_word' id='word_1_560' title='bbox 1264 3782 1313 3834; x_wconf 91' lang='lat' dir='ltr'><strong>in</strong></span> <span class='ocrx_word' id='word_1_561' title='bbox 1347 3783 1587 3849; x_wconf 87' lang='lat' dir='ltr'><strong>utrisque</strong></span> <span class='ocrx_word' id='word_1_562' title='bbox 1620 3798 1651 3833; x_wconf 83' lang='grc' dir='ltr'>α</span> <span class='ocrx_word' id='word_1_563' title='bbox 1675 3794 1798 3834; x_wconf 89' lang='grc' dir='ltr'>εεεε</span> <span class='ocrx_word' id='word_1_564' title='bbox 1845 3779 1924 3833; x_wconf 89' lang='lat' dir='ltr'><strong>vel</strong></span> <span class='ocrx_word' id='word_1_565' title='bbox 1954 3793 2061 3831; x_wconf 86' lang='lat' dir='ltr'><strong>non</strong></span> 
     </span>
    </p>
   </div>
   <div class='ocr_carea' id='block_1_65' title="bbox 481 3871 2060 3944">
    <p class='ocr_par' dir='ltr' id='par_1_65' title="bbox 481 3871 2060 3944">
     <span class='ocr_line' id='line_1_65' title="bbox 481 3871 2060 3944; baseline -0.004 -14"><span class='ocrx_word' id='word_1_566' title='bbox 481 3891 602 3930; x_wconf 87' lang='lat' dir='ltr'><strong>esse</strong></span> <span class='ocrx_word' id='word_1_567' title='bbox 658 3883 988 3944; x_wconf 88' lang='lat' dir='ltr'><strong>poneretur,</strong></span> <span class='ocrx_word' id='word_1_568' title='bbox 1044 3874 1342 3943; x_wconf 63' lang='lat' dir='ltr'><strong>aequimoda</strong></span> <span class='ocrx_word' id='word_1_569' title='bbox 1410 3873 1715 3943; x_wconf 63' lang='lat' dir='ltr'><strong>praedicatio</strong></span> <span class='ocrx_word' id='word_1_570' title='bbox 1773 3871 2060 3925; x_wconf 86' lang='lat' dir='ltr'><strong>diceretur.</strong></span> 
     </span>
    </p>
   </div>
   <div class='ocr_carea' id='block_1_66' title="bbox 489 3962 2133 4035">
    <p class='ocr_par' dir='ltr' id='par_1_66' title="bbox 489 3962 2133 4035">
     <span class='ocr_line' id='line_1_66' title="bbox 489 3962 2133 4035; baseline -0.004 -16"><span class='ocrx_word' id='word_1_571' title='bbox 489 3964 846 4032; x_wconf 87' lang='lat' dir='ltr'><strong>Disponantur</strong></span> <span class='ocrx_word' id='word_1_572' title='bbox 874 3965 924 4033; x_wconf 85' lang='lat' dir='ltr'><strong>ig</strong></span> <span class='ocrx_word' id='word_1_573' title='bbox 949 3974 1034 4018; x_wconf 89' lang='lat' dir='ltr'><strong>tur</strong></span> <span class='ocrx_word' id='word_1_574' title='bbox 1061 3970 1139 4035; x_wconf 91' lang='lat' dir='ltr'><strong>(ut</strong></span> <span class='ocrx_word' id='word_1_575' title='bbox 1161 3964 1363 4017; x_wconf 89' lang='lat' dir='ltr'><strong>dictum</strong></span> <span class='ocrx_word' id='word_1_576' title='bbox 1401 3963 1505 4034; x_wconf 89' lang='lat' dir='ltr'><strong>est)</strong></span> <span class='ocrx_word' id='word_1_577' title='bbox 1546 3977 1733 4017; x_wconf 85' lang='lat' dir='ltr'><strong>omnes</strong></span> <span class='ocrx_word' id='word_1_578' title='bbox 1764 3977 1867 4014; x_wconf 91' lang='lat' dir='ltr'><strong>non</strong></span> <span class='ocrx_word' id='word_1_579' title='bbox 1901 3962 2065 4031; x_wconf 72' lang='lat' dir='ltr'><strong>mqui-</strong></span> <span class='ocrx_word' id='word_1_580' title='bbox 2122 3978 2133 3985; x_wconf 55' lang='grc' dir='ltr'><strong>ε</strong></span> 
     </span>
    </p>
   </div>
   <div class='ocr_carea' id='block_1_67' title="bbox 488 4052 2065 4127">
    <p class='ocr_par' dir='ltr' id='par_1_67' title="bbox 488 4052 2065 4127">
     <span class='ocr_line' id='line_1_67' title="bbox 488 4052 2065 4127; baseline -0.002 -17"><span class='ocrx_word' id='word_1_581' title='bbox 488 4056 661 4110; x_wconf 74' lang='grc' dir='ltr'>ιιιοὰιε</span> <span class='ocrx_word' id='word_1_582' title='bbox 694 4056 1085 4127; x_wconf 89' lang='lat' dir='ltr'><strong>propositiones</strong></span> <span class='ocrx_word' id='word_1_583' title='bbox 1140 4056 1240 4110; x_wconf 93' lang='lat' dir='ltr'><strong>hoc</strong></span> <span class='ocrx_word' id='word_1_584' title='bbox 1292 4054 1472 4119; x_wconf 89' lang='lat' dir='ltr'><strong>modo,</strong></span> <span class='ocrx_word' id='word_1_585' title='bbox 1504 4055 1548 4109; x_wconf 93' lang='lat' dir='ltr'><strong>si</strong></span> <span class='ocrx_word' id='word_1_586' title='bbox 1591 4064 1673 4110; x_wconf 91' lang='lat' dir='ltr'><strong>est</strong></span> <span class='ocrx_word' id='word_1_587' title='bbox 1717 4071 1769 4119; x_wconf 91' lang='lat' dir='ltr'><strong>a,</strong></span> <span class='ocrx_word' id='word_1_588' title='bbox 1816 4063 1900 4109; x_wconf 89' lang='lat' dir='ltr'><strong>est</strong></span> <span class='ocrx_word' id='word_1_589' title='bbox 1927 4052 1976 4117; x_wconf 88' lang='lat' dir='ltr'><strong>b,</strong></span> <span class='ocrx_word' id='word_1_590' title='bbox 2020 4053 2065 4107; x_wconf 90' lang='lat' dir='ltr'><strong>si</strong></span> 
     </span>
    </p>
   </div>
   <div class='ocr_carea' id='block_1_68' title="bbox 487 4136 2067 4218">
    <p class='ocr_par' dir='ltr' id='par_1_68' title="bbox 487 4136 2067 4218">
     <span class='ocr_line' id='line_1_68' title="bbox 487 4136 2067 4218; baseline -0.003 -11"><span class='ocrx_word' id='word_1_591' title='bbox 487 4167 592 4208; x_wconf 91' lang='lat' dir='ltr'><strong>non</strong></span> <span class='ocrx_word' id='word_1_592' title='bbox 619 4162 700 4206; x_wconf 88' lang='lat' dir='ltr'><strong>est</strong></span> <span class='ocrx_word' id='word_1_593' title='bbox 723 4169 771 4217; x_wconf 77' lang='grc' dir='ltr'>α,</span> <span class='ocrx_word' id='word_1_594' title='bbox 806 4161 887 4206; x_wconf 88' lang='grc' dir='ltr'><strong>εει</strong></span> <span class='ocrx_word' id='word_1_595' title='bbox 912 4168 962 4218; x_wconf 85' lang='lat' dir='ltr'><strong>c,</strong></span> <span class='ocrx_word' id='word_1_596' title='bbox 986 4152 1028 4206; x_wconf 91' lang='lat' dir='ltr'><strong>si</strong></span> <span class='ocrx_word' id='word_1_597' title='bbox 1052 4160 1133 4207; x_wconf 90' lang='lat' dir='ltr'><strong>est</strong></span> <span class='ocrx_word' id='word_1_598' title='bbox 1156 4168 1207 4214; x_wconf 90' lang='lat' dir='ltr'><strong>a,</strong></span> <span class='ocrx_word' id='word_1_599' title='bbox 1236 4159 1320 4206; x_wconf 87' lang='lat' dir='ltr'><strong>est</strong></span> <span class='ocrx_word' id='word_1_600' title='bbox 1360 4151 1409 4217; x_wconf 89' lang='lat' dir='ltr'><strong>b,</strong></span> <span class='ocrx_word' id='word_1_601' title='bbox 1438 4150 1480 4204; x_wconf 93' lang='lat' dir='ltr'><strong>si</strong></span> <span class='ocrx_word' id='word_1_602' title='bbox 1510 4164 1612 4204; x_wconf 89' lang='lat' dir='ltr'><strong>non</strong></span> <span class='ocrx_word' id='word_1_603' title='bbox 1646 4136 1736 4205; x_wconf 80' lang='lat' dir='ltr'><strong>est</strong></span> <span class='ocrx_word' id='word_1_604' title='bbox 1768 4166 1821 4216; x_wconf 88' lang='lat' dir='ltr'><strong>a,</strong></span> <span class='ocrx_word' id='word_1_605' title='bbox 1851 4164 1956 4203; x_wconf 89' lang='lat' dir='ltr'><strong>non</strong></span> <span class='ocrx_word' id='word_1_606' title='bbox 1984 4158 2067 4204; x_wconf 89' lang='lat' dir='ltr'><strong>est</strong></span> 
     </span>
    </p>
   </div>
   <div class='ocr_carea' id='block_1_69' title="bbox 487 4243 2062 4313">
    <p class='ocr_par' dir='ltr' id='par_1_69' title="bbox 487 4243 2062 4313">
     <span class='ocr_line' id='line_1_69' title="bbox 487 4243 2062 4313; baseline -0.003 -14"><span class='ocrx_word' id='word_1_607' title='bbox 487 4261 536 4313; x_wconf 79' lang='grc' dir='ltr'>τ,</span> <span class='ocrx_word' id='word_1_608' title='bbox 560 4246 605 4300; x_wconf 90' lang='lat' dir='ltr'><strong>si</strong></span> <span class='ocrx_word' id='word_1_609' title='bbox 632 4252 714 4300; x_wconf 87' lang='lat' dir='ltr'><strong>est</strong></span> <span class='ocrx_word' id='word_1_610' title='bbox 738 4260 789 4307; x_wconf 90' lang='lat' dir='ltr'><strong>a,</strong></span> <span class='ocrx_word' id='word_1_611' title='bbox 824 4259 929 4300; x_wconf 86' lang='lat' dir='ltr'><strong>non</strong></span> <span class='ocrx_word' id='word_1_612' title='bbox 957 4255 1039 4299; x_wconf 87' lang='lat' dir='ltr'><strong>est</strong></span> <span class='ocrx_word' id='word_1_613' title='bbox 1081 4244 1131 4309; x_wconf 71' lang='grc' dir='ltr'>ὁ,</span> <span class='ocrx_word' id='word_1_614' title='bbox 1162 4244 1206 4299; x_wconf 92' lang='lat' dir='ltr'><strong>si</strong></span> <span class='ocrx_word' id='word_1_615' title='bbox 1237 4260 1341 4299; x_wconf 91' lang='lat' dir='ltr'><strong>non</strong></span> <span class='ocrx_word' id='word_1_616' title='bbox 1376 4254 1455 4299; x_wconf 89' lang='lat' dir='ltr'><strong>est</strong></span> <span class='ocrx_word' id='word_1_617' title='bbox 1485 4261 1537 4311; x_wconf 89' lang='lat' dir='ltr'><strong>a,</strong></span> <span class='ocrx_word' id='word_1_618' title='bbox 1569 4251 1651 4297; x_wconf 92' lang='grc' dir='ltr'><strong>εει</strong></span> <span class='ocrx_word' id='word_1_619' title='bbox 1694 4259 1741 4309; x_wconf 88' lang='lat' dir='ltr'><strong>c,</strong></span> <span class='ocrx_word' id='word_1_620' title='bbox 1797 4243 1841 4297; x_wconf 90' lang='lat' dir='ltr'><strong>si</strong></span> <span class='ocrx_word' id='word_1_621' title='bbox 1886 4252 1969 4297; x_wconf 89' lang='lat' dir='ltr'><strong>cst</strong></span> <span class='ocrx_word' id='word_1_622' title='bbox 2009 4258 2062 4311; x_wconf 87' lang='lat' dir='ltr'><strong>a,</strong></span> 
     </span>
    </p>
   </div>
   <div class='ocr_carea' id='block_1_70' title="bbox 490 4333 2068 4406">
    <p class='ocr_par' dir='ltr' id='par_1_70' title="bbox 490 4333 2068 4406">
     <span class='ocr_line' id='line_1_70' title="bbox 490 4333 2068 4406; baseline -0.005 -11"><span class='ocrx_word' id='word_1_623' title='bbox 490 4346 597 4395; x_wconf 80' lang='lat' dir='ltr'><strong>non</strong></span> <span class='ocrx_word' id='word_1_624' title='bbox 626 4346 707 4393; x_wconf 87' lang='grc' dir='ltr'><strong>εει</strong></span> <span class='ocrx_word' id='word_1_625' title='bbox 728 4336 779 4406; x_wconf 86' lang='lat' dir='ltr'><strong>b,</strong></span> <span class='ocrx_word' id='word_1_626' title='bbox 804 4336 849 4392; x_wconf 89' lang='lat' dir='ltr'><strong>si</strong></span> <span class='ocrx_word' id='word_1_627' title='bbox 873 4353 976 4391; x_wconf 89' lang='lat' dir='ltr'><strong>non</strong></span> <span class='ocrx_word' id='word_1_628' title='bbox 1008 4336 1091 4393; x_wconf 76' lang='lat' dir='ltr'><strong>est</strong></span> <span class='ocrx_word' id='word_1_629' title='bbox 1119 4355 1168 4403; x_wconf 88' lang='lat' dir='ltr'><strong>a,</strong></span> <span class='ocrx_word' id='word_1_630' title='bbox 1203 4352 1307 4391; x_wconf 89' lang='lat' dir='ltr'><strong>non</strong></span> <span class='ocrx_word' id='word_1_631' title='bbox 1338 4347 1421 4391; x_wconf 83' lang='lat' dir='ltr'><strong>est</strong></span> <span class='ocrx_word' id='word_1_632' title='bbox 1446 4353 1493 4389; x_wconf 89' lang='lat' dir='ltr'><strong>c.</strong></span> <span class='ocrx_word' id='word_1_633' title='bbox 1526 4335 1677 4390; x_wconf 85' lang='lat' dir='ltr'><strong>Nunc</strong></span> <span class='ocrx_word' id='word_1_634' title='bbox 1708 4334 1866 4405; x_wconf 79' lang='lat' dir='ltr'><strong>igitur</strong></span> <span class='ocrx_word' id='word_1_635' title='bbox 1888 4351 1919 4388; x_wconf 92' lang='lat' dir='ltr'><strong>a</strong></span> <span class='ocrx_word' id='word_1_636' title='bbox 1946 4333 2068 4405; x_wconf 83' lang='lat' dir='ltr'><strong>qui—</strong></span> 
     </span>
    </p>
   </div>
   <div class='ocr_carea' id='block_1_71' title="bbox 492 4430 2066 4502">
    <p class='ocr_par' dir='ltr' id='par_1_71' title="bbox 492 4430 2066 4502">
     <span class='ocr_line' id='line_1_71' title="bbox 492 4430 2066 4502; baseline -0.003 -13"><span class='ocrx_word' id='word_1_637' title='bbox 492 4430 613 4489; x_wconf 79' lang='lat' dir='ltr'><strong>d&#39;etn</strong></span> <span class='ocrx_word' id='word_1_638' title='bbox 637 4445 754 4489; x_wconf 88' lang='lat' dir='ltr'><strong>esse</strong></span> <span class='ocrx_word' id='word_1_639' title='bbox 778 4432 1004 4502; x_wconf 87' lang='lat' dir='ltr'><strong>positum</strong></span> <span class='ocrx_word' id='word_1_640' title='bbox 1050 4442 1133 4488; x_wconf 93' lang='lat' dir='ltr'><strong>est</strong></span> <span class='ocrx_word' id='word_1_641' title='bbox 1158 4447 1278 4488; x_wconf 89' lang='lat' dir='ltr'><strong>cum</strong></span> <span class='ocrx_word' id='word_1_642' title='bbox 1305 4433 1353 4499; x_wconf 88' lang='lat' dir='ltr'><strong>b,</strong></span> <span class='ocrx_word' id='word_1_643' title='bbox 1389 4446 1492 4486; x_wconf 93' lang='lat' dir='ltr'><strong>non</strong></span> <span class='ocrx_word' id='word_1_644' title='bbox 1520 4447 1641 4485; x_wconf 88' lang='lat' dir='ltr'><strong>esse</strong></span> <span class='ocrx_word' id='word_1_645' title='bbox 1690 4446 1817 4485; x_wconf 86' lang='lat' dir='ltr'><strong>vero</strong></span> <span class='ocrx_word' id='word_1_646' title='bbox 1869 4444 1990 4484; x_wconf 92' lang='lat' dir='ltr'><strong>cum</strong></span> <span class='ocrx_word' id='word_1_647' title='bbox 2018 4447 2066 4485; x_wconf 90' lang='lat' dir='ltr'><strong>c.</strong></span> 
     </span>
    </p>
   </div>
   <div class='ocr_carea' id='block_1_72' title="bbox 2161 3229 3734 3291">
    <p class='ocr_par' dir='ltr' id='par_1_72' title="bbox 2161 3229 3734 3291">
     <span class='ocr_line' id='line_1_72' title="bbox 2161 3229 3734 3291; baseline 0.003 -5"><span class='ocrx_word' id='word_1_648' title='bbox 2161 3231 2292 3287; x_wconf 87' lang='lat' dir='ltr'><strong>nihil</strong></span> <span class='ocrx_word' id='word_1_649' title='bbox 2350 3231 2643 3285; x_wconf 86' lang='lat' dir='ltr'><strong>animatum</strong></span> <span class='ocrx_word' id='word_1_650' title='bbox 2675 3230 2756 3286; x_wconf 87' lang='lat' dir='ltr'><strong>vel</strong></span> <span class='ocrx_word' id='word_1_651' title='bbox 2787 3244 2905 3285; x_wconf 87' lang='lat' dir='ltr'><strong>esse</strong></span> <span class='ocrx_word' id='word_1_652' title='bbox 2933 3229 3015 3285; x_wconf 89' lang='lat' dir='ltr'><strong>vel</strong></span> <span class='ocrx_word' id='word_1_653' title='bbox 3058 3246 3163 3286; x_wconf 88' lang='lat' dir='ltr'><strong>non</strong></span> <span class='ocrx_word' id='word_1_654' title='bbox 3196 3246 3316 3288; x_wconf 89' lang='lat' dir='ltr'><strong>esse</strong></span> <span class='ocrx_word' id='word_1_655' title='bbox 3363 3248 3582 3291; x_wconf 86' lang='lat' dir='ltr'><strong>necesse</strong></span> <span class='ocrx_word' id='word_1_656' title='bbox 3611 3237 3734 3290; x_wconf 89' lang='lat' dir='ltr'><strong>erit.</strong></span> 
     </span>
    </p>
   </div>
   <div class='ocr_carea' id='block_1_73' title="bbox 2162 3323 3735 3397">
    <p class='ocr_par' dir='ltr' id='par_1_73' title="bbox 2162 3323 3735 3397">
     <span class='ocr_line' id='line_1_73' title="bbox 2162 3323 3735 3397; baseline 0.003 -19"><span class='ocrx_word' id='word_1_657' title='bbox 2162 3324 2240 3378; x_wconf 82' lang='lat' dir='ltr'><strong>Ex</strong></span> <span class='ocrx_word' id='word_1_658' title='bbox 2269 3323 2503 3379; x_wconf 89' lang='lat' dir='ltr'><strong>secunda</strong></span> <span class='ocrx_word' id='word_1_659' title='bbox 2532 3338 2717 3377; x_wconf 79' lang='lat' dir='ltr'><strong>rursus</strong></span> <span class='ocrx_word' id='word_1_660' title='bbox 2751 3323 3117 3390; x_wconf 88' lang='lat' dir='ltr'><strong>pr0positione</strong></span> <span class='ocrx_word' id='word_1_661' title='bbox 3164 3323 3220 3378; x_wconf 85' lang='lat' dir='ltr'><strong>fit</strong></span> <span class='ocrx_word' id='word_1_662' title='bbox 3247 3324 3586 3397; x_wconf 80' lang='lat' dir='ltr'><strong>syllogismus</strong></span> <span class='ocrx_word' id='word_1_663' title='bbox 3614 3343 3735 3383; x_wconf 86' lang='lat' dir='ltr'><strong>cum</strong></span> 
     </span>
    </p>
   </div>
   <div class='ocr_carea' id='block_1_74' title="bbox 2162 3414 3741 3485">
    <p class='ocr_par' dir='ltr' id='par_1_74' title="bbox 2162 3414 3741 3485">
     <span class='ocr_line' id='line_1_74' title="bbox 2162 3414 3741 3485; baseline 0.004 -15"><span class='ocrx_word' id='word_1_664' title='bbox 2162 3415 2233 3470; x_wconf 90' lang='lat' dir='ltr'><strong>ita</strong></span> <span class='ocrx_word' id='word_1_665' title='bbox 2259 3414 2603 3485; x_wconf 83' lang='lat' dir='ltr'><strong>proponimus</strong></span> <span class='ocrx_word' id='word_1_666' title='bbox 2630 3431 2642 3467; x_wconf 92' lang='lat'>:</span> <span class='ocrx_word' id='word_1_667' title='bbox 2671 3414 2717 3468; x_wconf 91' lang='lat' dir='ltr'><strong>si</strong></span> <span class='ocrx_word' id='word_1_668' title='bbox 2735 3423 2815 3468; x_wconf 89' lang='lat' dir='ltr'><strong>est</strong></span> <span class='ocrx_word' id='word_1_669' title='bbox 2842 3430 2895 3481; x_wconf 91' lang='lat' dir='ltr'><strong>a,</strong></span> <span class='ocrx_word' id='word_1_670' title='bbox 2918 3424 3002 3469; x_wconf 88' lang='grc' dir='ltr'><strong>εει</strong></span> <span class='ocrx_word' id='word_1_671' title='bbox 3026 3415 3076 3478; x_wconf 85' lang='lat' dir='ltr'><strong>b,</strong></span> <span class='ocrx_word' id='word_1_672' title='bbox 3110 3415 3155 3469; x_wconf 90' lang='lat' dir='ltr'><strong>si</strong></span> <span class='ocrx_word' id='word_1_673' title='bbox 3184 3430 3289 3471; x_wconf 89' lang='lat' dir='ltr'><strong>non</strong></span> <span class='ocrx_word' id='word_1_674' title='bbox 3319 3429 3401 3472; x_wconf 67' lang='lat' dir='ltr'><strong>Cal</strong></span> <span class='ocrx_word' id='word_1_675' title='bbox 3432 3435 3483 3483; x_wconf 84' lang='grc' dir='ltr'><strong>ιι,</strong></span> <span class='ocrx_word' id='word_1_676' title='bbox 3518 3434 3621 3474; x_wconf 89' lang='lat' dir='ltr'><strong>non</strong></span> <span class='ocrx_word' id='word_1_677' title='bbox 3656 3432 3741 3476; x_wconf 88' lang='lat' dir='ltr'><strong>est</strong></span> 
     </span>
    </p>
   </div>
   <div class='ocr_carea' id='block_1_75' title="bbox 2164 3508 3738 3582">
    <p class='ocr_par' dir='ltr' id='par_1_75' title="bbox 2164 3508 3738 3582">
     <span class='ocr_line' id='line_1_75' title="bbox 2164 3508 3738 3582; baseline 0.003 -19"><span class='ocrx_word' id='word_1_678' title='bbox 2164 3527 2224 3573; x_wconf 88' lang='lat' dir='ltr'><strong>c;</strong></span> <span class='ocrx_word' id='word_1_679' title='bbox 2261 3508 2382 3563; x_wconf 90' lang='lat' dir='ltr'><strong>dico</strong></span> <span class='ocrx_word' id='word_1_680' title='bbox 2419 3510 2538 3577; x_wconf 89' lang='lat' dir='ltr'><strong>quia</strong></span> <span class='ocrx_word' id='word_1_681' title='bbox 2574 3508 2619 3561; x_wconf 84' lang='lat' dir='ltr'><strong>si</strong></span> <span class='ocrx_word' id='word_1_682' title='bbox 2665 3523 2771 3562; x_wconf 89' lang='lat' dir='ltr'><strong>non</strong></span> <span class='ocrx_word' id='word_1_683' title='bbox 2821 3515 2903 3563; x_wconf 90' lang='lat' dir='ltr'><strong>est</strong></span> <span class='ocrx_word' id='word_1_684' title='bbox 2944 3508 2993 3575; x_wconf 88' lang='lat' dir='ltr'><strong>b,</strong></span> <span class='ocrx_word' id='word_1_685' title='bbox 3047 3524 3151 3563; x_wconf 91' lang='lat' dir='ltr'><strong>non</strong></span> <span class='ocrx_word' id='word_1_686' title='bbox 3205 3520 3287 3564; x_wconf 89' lang='lat' dir='ltr'><strong>est</strong></span> <span class='ocrx_word' id='word_1_687' title='bbox 3322 3528 3367 3575; x_wconf 81' lang='grc' dir='ltr'><strong>ε,</strong></span> <span class='ocrx_word' id='word_1_688' title='bbox 3409 3514 3738 3582; x_wconf 89' lang='lat' dir='ltr'><strong>propositum</strong></span> 
     </span>
    </p>
   </div>
   <div class='ocr_carea' id='block_1_76' title="bbox 2165 3600 3742 3675">
    <p class='ocr_par' dir='ltr' id='par_1_76' title="bbox 2165 3600 3742 3675">
     <span class='ocr_line' id='line_1_76' title="bbox 2165 3600 3742 3675; baseline 0.004 -22"><span class='ocrx_word' id='word_1_689' title='bbox 2165 3600 2362 3671; x_wconf 84' lang='lat' dir='ltr'><strong>quippe</strong></span> <span class='ocrx_word' id='word_1_690' title='bbox 2392 3610 2493 3667; x_wconf 87' lang='lat' dir='ltr'><strong>est,</strong></span> <span class='ocrx_word' id='word_1_691' title='bbox 2519 3600 2561 3653; x_wconf 91' lang='lat' dir='ltr'><strong>si</strong></span> <span class='ocrx_word' id='word_1_692' title='bbox 2590 3608 2674 3655; x_wconf 89' lang='lat' dir='ltr'><strong>est</strong></span> <span class='ocrx_word' id='word_1_693' title='bbox 2695 3616 2748 3666; x_wconf 89' lang='lat' dir='ltr'><strong>a,</strong></span> <span class='ocrx_word' id='word_1_694' title='bbox 2793 3607 2874 3654; x_wconf 90' lang='lat' dir='ltr'><strong>est</strong></span> <span class='ocrx_word' id='word_1_695' title='bbox 2905 3600 2932 3652; x_wconf 88' lang='lat' dir='ltr'><strong>b</strong></span> <span class='ocrx_word' id='word_1_696' title='bbox 2957 3615 2974 3665; x_wconf 90' lang='lat'><strong>;</strong></span> <span class='ocrx_word' id='word_1_697' title='bbox 3001 3600 3134 3655; x_wconf 91' lang='lat' dir='ltr'><strong>ordo</strong></span> <span class='ocrx_word' id='word_1_698' title='bbox 3178 3616 3308 3656; x_wconf 85' lang='lat' dir='ltr'><strong>vero</strong></span> <span class='ocrx_word' id='word_1_699' title='bbox 3348 3605 3742 3675; x_wconf 74' lang='lat' dir='ltr'><strong>consequentia:</strong></span> 
     </span>
    </p>
   </div>
   <div class='ocr_carea' id='block_1_77' title="bbox 2164 3692 3741 3763">
    <p class='ocr_par' dir='ltr' id='par_1_77' title="bbox 2164 3692 3741 3763">
     <span class='ocr_line' id='line_1_77' title="bbox 2164 3692 3741 3763; baseline 0.003 -15"><span class='ocrx_word' id='word_1_700' title='bbox 2164 3702 2268 3758; x_wconf 88' lang='lat' dir='ltr'><strong>est,</strong></span> <span class='ocrx_word' id='word_1_701' title='bbox 2293 3693 2337 3747; x_wconf 91' lang='lat' dir='ltr'><strong>si</strong></span> <span class='ocrx_word' id='word_1_702' title='bbox 2368 3707 2470 3747; x_wconf 87' lang='lat' dir='ltr'><strong>non</strong></span> <span class='ocrx_word' id='word_1_703' title='bbox 2496 3701 2579 3748; x_wconf 84' lang='lat' dir='ltr'><strong>est</strong></span> <span class='ocrx_word' id='word_1_704' title='bbox 2607 3692 2659 3760; x_wconf 75' lang='grc' dir='ltr'>ὸ,</span> <span class='ocrx_word' id='word_1_705' title='bbox 2696 3707 2802 3746; x_wconf 91' lang='lat' dir='ltr'><strong>non</strong></span> <span class='ocrx_word' id='word_1_706' title='bbox 2840 3700 2921 3747; x_wconf 90' lang='lat' dir='ltr'><strong>est</strong></span> <span class='ocrx_word' id='word_1_707' title='bbox 2944 3709 2997 3757; x_wconf 88' lang='lat' dir='ltr'><strong>a,</strong></span> <span class='ocrx_word' id='word_1_708' title='bbox 3022 3692 3162 3763; x_wconf 91' lang='lat' dir='ltr'><strong>quod</strong></span> <span class='ocrx_word' id='word_1_709' title='bbox 3202 3694 3248 3749; x_wconf 90' lang='lat' dir='ltr'><strong>si</strong></span> <span class='ocrx_word' id='word_1_710' title='bbox 3282 3705 3495 3751; x_wconf 88' lang='lat' dir='ltr'><strong>nonest</strong></span> <span class='ocrx_word' id='word_1_711' title='bbox 3520 3713 3549 3748; x_wconf 82' lang='grc' dir='ltr'><em>α</em></span> <span class='ocrx_word' id='word_1_712' title='bbox 3576 3738 3591 3761; x_wconf 97' lang='grc'><strong>,</strong></span> <span class='ocrx_word' id='word_1_713' title='bbox 3637 3713 3741 3753; x_wconf 91' lang='lat' dir='ltr'><strong>non</strong></span> 
     </span>
    </p>
   </div>
   <div class='ocr_carea' id='block_1_78' title="bbox 2166 3784 3746 3858">
    <p class='ocr_par' dir='ltr' id='par_1_78' title="bbox 2166 3784 3746 3858">
     <span class='ocr_line' id='line_1_78' title="bbox 2166 3784 3746 3858; baseline 0.003 -17"><span class='ocrx_word' id='word_1_714' title='bbox 2166 3796 2249 3841; x_wconf 91' lang='lat' dir='ltr'><strong>est</strong></span> <span class='ocrx_word' id='word_1_715' title='bbox 2273 3802 2322 3853; x_wconf 85' lang='lat' dir='ltr'><strong>c,</strong></span> <span class='ocrx_word' id='word_1_716' title='bbox 2353 3786 2398 3841; x_wconf 89' lang='lat' dir='ltr'><strong>si</strong></span> <span class='ocrx_word' id='word_1_717' title='bbox 2430 3785 2588 3855; x_wconf 77' lang='lat' dir='ltr'><strong>igitur</strong></span> <span class='ocrx_word' id='word_1_718' title='bbox 2624 3800 2729 3841; x_wconf 89' lang='lat' dir='ltr'><strong>non</strong></span> <span class='ocrx_word' id='word_1_719' title='bbox 2757 3795 2837 3839; x_wconf 90' lang='lat' dir='ltr'><strong>est</strong></span> <span class='ocrx_word' id='word_1_720' title='bbox 2870 3784 2921 3853; x_wconf 76' lang='grc' dir='ltr'>ὁ,</span> <span class='ocrx_word' id='word_1_721' title='bbox 2952 3800 3057 3840; x_wconf 90' lang='lat' dir='ltr'><strong>non</strong></span> <span class='ocrx_word' id='word_1_722' title='bbox 3084 3795 3167 3841; x_wconf 92' lang='lat' dir='ltr'><strong>est</strong></span> <span class='ocrx_word' id='word_1_723' title='bbox 3218 3803 3275 3854; x_wconf 86' lang='lat' dir='ltr'><strong>c;</strong></span> <span class='ocrx_word' id='word_1_724' title='bbox 3304 3789 3443 3858; x_wconf 91' lang='lat' dir='ltr'><strong>quod</strong></span> <span class='ocrx_word' id='word_1_725' title='bbox 3492 3790 3536 3844; x_wconf 91' lang='lat' dir='ltr'><strong>si</strong></span> <span class='ocrx_word' id='word_1_726' title='bbox 3589 3791 3746 3845; x_wconf 83' lang='lat' dir='ltr'><strong>fuerit</strong></span> 
     </span>
    </p>
   </div>
   <div class='ocr_carea' id='block_1_79' title="bbox 2171 3880 3747 3950">
    <p class='ocr_par' dir='ltr' id='par_1_79' title="bbox 2171 3880 3747 3950">
     <span class='ocr_line' id='line_1_79' title="bbox 2171 3880 3747 3950; baseline 0.004 -17"><span class='ocrx_word' id='word_1_727' title='bbox 2171 3880 2220 3946; x_wconf 90' lang='lat' dir='ltr'><strong>b,</strong></span> <span class='ocrx_word' id='word_1_728' title='bbox 2251 3895 2357 3933; x_wconf 88' lang='lat' dir='ltr'><strong>non</strong></span> <span class='ocrx_word' id='word_1_729' title='bbox 2412 3893 2637 3934; x_wconf 89' lang='lat' dir='ltr'><strong>necesse</strong></span> <span class='ocrx_word' id='word_1_730' title='bbox 2663 3887 2748 3934; x_wconf 90' lang='lat' dir='ltr'><strong>est</strong></span> <span class='ocrx_word' id='word_1_731' title='bbox 2780 3893 2900 3934; x_wconf 87' lang='lat' dir='ltr'><strong>esse</strong></span> <span class='ocrx_word' id='word_1_732' title='bbox 2932 3896 2978 3945; x_wconf 93' lang='lat' dir='ltr'><strong>c,</strong></span> <span class='ocrx_word' id='word_1_733' title='bbox 3011 3881 3082 3934; x_wconf 91' lang='lat' dir='ltr'><strong>sit</strong></span> <span class='ocrx_word' id='word_1_734' title='bbox 3108 3883 3252 3938; x_wconf 88' lang='lat' dir='ltr'><strong>enim</strong></span> <span class='ocrx_word' id='word_1_735' title='bbox 3280 3902 3309 3936; x_wconf 78' lang='grc' dir='ltr'><em>α</em></span> <span class='ocrx_word' id='word_1_736' title='bbox 3343 3884 3562 3950; x_wconf 89' lang='lat' dir='ltr'><strong>animal,</strong></span> <span class='ocrx_word' id='word_1_737' title='bbox 3585 3885 3613 3939; x_wconf 85' lang='lat' dir='ltr'><strong>b</strong></span> <span class='ocrx_word' id='word_1_738' title='bbox 3634 3886 3747 3941; x_wconf 81' lang='lat' dir='ltr'><strong>ani-</strong></span> 
     </span>
    </p>
   </div>
   <div class='ocr_carea' id='block_1_80' title="bbox 2170 3969 3746 4042">
    <p class='ocr_par' dir='ltr' id='par_1_80' title="bbox 2170 3969 3746 4042">
     <span class='ocr_line' id='line_1_80' title="bbox 2170 3969 3746 4042; baseline 0.006 -18"><span class='ocrx_word' id='word_1_739' title='bbox 2170 3979 2390 4037; x_wconf 89' lang='lat' dir='ltr'><strong>matum,</strong></span> <span class='ocrx_word' id='word_1_740' title='bbox 2418 3986 2445 4023; x_wconf 78' lang='grc' dir='ltr'><em>ο</em></span> <span class='ocrx_word' id='word_1_741' title='bbox 2466 3969 2744 4041; x_wconf 86' lang='lat' dir='ltr'><strong>rationale,</strong></span> <span class='ocrx_word' id='word_1_742' title='bbox 2778 3978 2832 4024; x_wconf 90' lang='lat' dir='ltr'><strong>et</strong></span> <span class='ocrx_word' id='word_1_743' title='bbox 2861 3981 3205 4041; x_wconf 88' lang='lat' dir='ltr'><strong>proponatur,</strong></span> <span class='ocrx_word' id='word_1_744' title='bbox 3229 3974 3271 4028; x_wconf 90' lang='lat' dir='ltr'><strong>si</strong></span> <span class='ocrx_word' id='word_1_745' title='bbox 3297 3976 3489 4031; x_wconf 85' lang='lat' dir='ltr'><strong>animal</strong></span> <span class='ocrx_word' id='word_1_746' title='bbox 3511 3986 3615 4042; x_wconf 89' lang='lat' dir='ltr'><strong>est,</strong></span> <span class='ocrx_word' id='word_1_747' title='bbox 3629 3976 3746 4033; x_wconf 84' lang='lat' dir='ltr'><strong>ani-</strong></span> 
     </span>
    </p>
   </div>
   <div class='ocr_carea' id='block_1_81' title="bbox 2172 4062 3745 4135">
    <p class='ocr_par' dir='ltr' id='par_1_81' title="bbox 2172 4062 3745 4135">
     <span class='ocr_line' id='line_1_81' title="bbox 2172 4062 3745 4135; baseline 0.004 -17"><span class='ocrx_word' id='word_1_748' title='bbox 2172 4072 2372 4118; x_wconf 77' lang='lat' dir='ltr'><strong>malum</strong></span> <span class='ocrx_word' id='word_1_749' title='bbox 2402 4072 2512 4130; x_wconf 90' lang='grc' dir='ltr'>εει,</span> <span class='ocrx_word' id='word_1_750' title='bbox 2562 4062 2607 4119; x_wconf 91' lang='lat' dir='ltr'><strong>si</strong></span> <span class='ocrx_word' id='word_1_751' title='bbox 2646 4063 2846 4118; x_wconf 91' lang='lat' dir='ltr'><strong>animal</strong></span> <span class='ocrx_word' id='word_1_752' title='bbox 2878 4080 2979 4118; x_wconf 89' lang='lat' dir='ltr'><strong>non</strong></span> <span class='ocrx_word' id='word_1_753' title='bbox 3028 4074 3145 4133; x_wconf 89' lang='lat' dir='ltr'><strong>est,</strong></span> <span class='ocrx_word' id='word_1_754' title='bbox 3192 4067 3452 4125; x_wconf 84' lang='lat' dir='ltr'><strong>rationale</strong></span> <span class='ocrx_word' id='word_1_755' title='bbox 3493 4085 3594 4125; x_wconf 91' lang='lat' dir='ltr'><strong>non</strong></span> <span class='ocrx_word' id='word_1_756' title='bbox 3634 4080 3745 4135; x_wconf 85' lang='lat' dir='ltr'><strong>est;</strong></span> 
     </span>
    </p>
   </div>
   <div class='ocr_carea' id='block_1_82' title="bbox 2171 4141 3751 4224">
    <p class='ocr_par' dir='ltr' id='par_1_82' title="bbox 2171 4141 3751 4224">
     <span class='ocr_line' id='line_1_82' title="bbox 2171 4141 3751 4224; baseline 0.006 -16"><span class='ocrx_word' id='word_1_757' title='bbox 2171 4153 2319 4224; x_wconf 88' lang='lat' dir='ltr'><strong>atqui</strong></span> <span class='ocrx_word' id='word_1_758' title='bbox 2370 4162 2527 4221; x_wconf 67' lang='lat' dir='ltr'><strong>°est,</strong></span> <span class='ocrx_word' id='word_1_759' title='bbox 2596 4154 2888 4210; x_wconf 89' lang='lat' dir='ltr'><strong>animalum</strong></span> <span class='ocrx_word' id='word_1_760' title='bbox 2959 4141 3083 4212; x_wconf 80' lang='lat' dir='ltr'><strong>non</strong></span> <span class='ocrx_word' id='word_1_761' title='bbox 3181 4175 3401 4216; x_wconf 86' lang='lat' dir='ltr'><strong>necesse</strong></span> <span class='ocrx_word' id='word_1_762' title='bbox 3473 4171 3556 4218; x_wconf 87' lang='lat' dir='ltr'><strong>est</strong></span> <span class='ocrx_word' id='word_1_763' title='bbox 3631 4177 3751 4218; x_wconf 84' lang='lat' dir='ltr'><strong>esse</strong></span> 
     </span>
    </p>
   </div>
   <div class='ocr_carea' id='block_1_83' title="bbox 2172 4244 3750 4323">
    <p class='ocr_par' dir='ltr' id='par_1_83' title="bbox 2172 4244 3750 4323">
     <span class='ocr_line' id='line_1_83' title="bbox 2172 4244 3750 4323; baseline 0.006 -24"><span class='ocrx_word' id='word_1_764' title='bbox 2172 4244 2410 4312; x_wconf 88' lang='lat' dir='ltr'><strong>animal,</strong></span> <span class='ocrx_word' id='word_1_765' title='bbox 2473 4261 2580 4316; x_wconf 90' lang='lat' dir='ltr'><strong>quo</strong></span> <span class='ocrx_word' id='word_1_766' title='bbox 2630 4246 2687 4301; x_wconf 89' lang='lat' dir='ltr'><strong>fit</strong></span> <span class='ocrx_word' id='word_1_767' title='bbox 2746 4256 2803 4301; x_wconf 91' lang='lat' dir='ltr'><strong>ut</strong></span> <span class='ocrx_word' id='word_1_768' title='bbox 2867 4262 2936 4303; x_wconf 91' lang='lat' dir='ltr'><strong>ne</strong></span> <span class='ocrx_word' id='word_1_769' title='bbox 2998 4249 3271 4304; x_wconf 81' lang='lat' dir='ltr'><strong>rationale</strong></span> <span class='ocrx_word' id='word_1_770' title='bbox 3308 4251 3563 4321; x_wconf 89' lang='lat' dir='ltr'><strong>quidem;</strong></span> <span class='ocrx_word' id='word_1_771' title='bbox 3613 4254 3750 4323; x_wconf 85' lang='lat' dir='ltr'><strong>quod</strong></span> 
     </span>
    </p>
   </div>
   <div class='ocr_carea' id='block_1_84' title="bbox 2173 4340 3752 4413">
    <p class='ocr_par' dir='ltr' id='par_1_84' title="bbox 2173 4340 3752 4413">
     <span class='ocr_line' id='line_1_84' title="bbox 2173 4340 3752 4413; baseline 0.003 -17"><span class='ocrx_word' id='word_1_772' title='bbox 2173 4340 2219 4396; x_wconf 90' lang='lat' dir='ltr'><strong>si</strong></span> <span class='ocrx_word' id='word_1_773' title='bbox 2281 4356 2308 4393; x_wconf 88' lang='lat' dir='ltr'><strong>c</strong></span> <span class='ocrx_word' id='word_1_774' title='bbox 2364 4340 2645 4394; x_wconf 82' lang='lat' dir='ltr'><strong>terminum</strong></span> <span class='ocrx_word' id='word_1_775' title='bbox 2717 4340 2861 4395; x_wconf 76' lang='lat' dir='ltr'><strong>dicat</strong></span> <span class='ocrx_word' id='word_1_776' title='bbox 2923 4344 3217 4413; x_wconf 88' lang='lat' dir='ltr'><strong>assumptio</strong></span> <span class='ocrx_word' id='word_1_777' title='bbox 3261 4387 3277 4411; x_wconf 89' lang='lat'><strong>,</strong></span> <span class='ocrx_word' id='word_1_778' title='bbox 3346 4346 3391 4399; x_wconf 90' lang='lat' dir='ltr'><strong>si</strong></span> <span class='ocrx_word' id='word_1_779' title='bbox 3459 4344 3667 4412; x_wconf 88' lang='lat' dir='ltr'><strong>quidem</strong></span> <span class='ocrx_word' id='word_1_780' title='bbox 3726 4363 3752 4400; x_wconf 83' lang='lat' dir='ltr'><strong>c</strong></span> 
     </span>
    </p>
   </div>
   <div class='ocr_carea' id='block_1_85' title="bbox 2179 4433 3750 4510">
    <p class='ocr_par' dir='ltr' id='par_1_85' title="bbox 2179 4433 3750 4510">
     <span class='ocr_line' id='line_1_85' title="bbox 2179 4433 3750 4510; baseline 0.003 -20"><span class='ocrx_word' id='word_1_781' title='bbox 2179 4434 2439 4490; x_wconf 88' lang='lat' dir='ltr'><strong>terminus</strong></span> <span class='ocrx_word' id='word_1_782' title='bbox 2481 4433 2776 4489; x_wconf 87' lang='lat' dir='ltr'><strong>affirmatus</strong></span> <span class='ocrx_word' id='word_1_783' title='bbox 2830 4434 3014 4502; x_wconf 85' lang='lat' dir='ltr'><strong>fuerit,</strong></span> <span class='ocrx_word' id='word_1_784' title='bbox 3060 4437 3160 4491; x_wconf 89' lang='lat' dir='ltr'><strong>erit</strong></span> <span class='ocrx_word' id='word_1_785' title='bbox 3211 4438 3276 4503; x_wconf 88' lang='lat' dir='ltr'><strong>b;</strong></span> <span class='ocrx_word' id='word_1_786' title='bbox 3324 4439 3463 4510; x_wconf 92' lang='lat' dir='ltr'><strong>quod</strong></span> <span class='ocrx_word' id='word_1_787' title='bbox 3518 4440 3563 4494; x_wconf 89' lang='lat' dir='ltr'><strong>si</strong></span> <span class='ocrx_word' id='word_1_788' title='bbox 3613 4440 3750 4495; x_wconf 87' lang='lat' dir='ltr'><strong>ident</strong></span> 
     </span>
    </p>
   </div>
   <div class='ocr_carea' id='block_1_86' title="bbox 498 4510 3750 4604">
    <p class='ocr_par' dir='ltr' id='par_1_86' title="bbox 498 4510 3750 4604">
     <span class='ocr_line' id='line_1_86' title="bbox 498 4510 3750 4604; baseline 0.002 -24"><span class='ocrx_word' id='word_1_789' title='bbox 498 4524 701 4581; x_wconf 72' lang='lat' dir='ltr'><strong>Rursus</strong></span> <span class='ocrx_word' id='word_1_790' title='bbox 727 4542 758 4578; x_wconf 91' lang='lat' dir='ltr'><strong>a</strong></span> <span class='ocrx_word' id='word_1_791' title='bbox 804 4540 909 4580; x_wconf 90' lang='lat' dir='ltr'><strong>non</strong></span> <span class='ocrx_word' id='word_1_792' title='bbox 942 4542 1060 4581; x_wconf 85' lang='grc' dir='ltr'>εεεε</span> <span class='ocrx_word' id='word_1_793' title='bbox 1087 4541 1347 4595; x_wconf 84' lang='lat' dir='ltr'><strong>ponamus</strong></span> <span class='ocrx_word' id='word_1_794' title='bbox 1399 4540 1519 4579; x_wconf 90' lang='lat' dir='ltr'><strong>cum</strong></span> <span class='ocrx_word' id='word_1_795' title='bbox 1548 4525 1598 4589; x_wconf 86' lang='lat' dir='ltr'><strong>b,</strong></span> <span class='ocrx_word' id='word_1_796' title='bbox 1630 4539 1751 4579; x_wconf 89' lang='lat' dir='ltr'><strong>esse</strong></span> <span class='ocrx_word' id='word_1_797' title='bbox 1779 4538 1906 4579; x_wconf 91' lang='lat' dir='ltr'><strong>vero</strong></span> <span class='ocrx_word' id='word_1_798' title='bbox 1949 4539 2071 4604; x_wconf 84' lang='lat' dir='ltr'><strong>cum</strong></span> <span class='ocrx_word' id='word_1_799' title='bbox 2106 4510 2162 4575; x_wconf 70' lang='grc' dir='ltr'><strong>Β</strong></span> <span class='ocrx_word' id='word_1_800' title='bbox 2186 4543 2213 4581; x_wconf 82' lang='lat' dir='ltr'><strong>c</strong></span> <span class='ocrx_word' id='word_1_801' title='bbox 2279 4526 2537 4582; x_wconf 90' lang='lat' dir='ltr'><strong>terminus</strong></span> <span class='ocrx_word' id='word_1_802' title='bbox 2602 4526 2868 4582; x_wconf 90' lang='lat' dir='ltr'><strong>abnuatur</strong></span> <span class='ocrx_word' id='word_1_803' title='bbox 2902 4568 2918 4591; x_wconf 92' lang='lat'><strong>,</strong></span> <span class='ocrx_word' id='word_1_804' title='bbox 2973 4529 3149 4583; x_wconf 91' lang='lat' dir='ltr'><strong>nullus</strong></span> <span class='ocrx_word' id='word_1_805' title='bbox 3218 4541 3302 4586; x_wconf 89' lang='lat' dir='ltr'><strong>est</strong></span> <span class='ocrx_word' id='word_1_806' title='bbox 3358 4531 3698 4602; x_wconf 78' lang='lat' dir='ltr'><strong>syllogismus</strong></span> <span class='ocrx_word' id='word_1_807' title='bbox 3737 4550 3750 4585; x_wconf 89' lang='lat'><strong>:</strong></span> 
     </span>
    </p>
   </div>
   <div class='ocr_carea' id='block_1_87' title="bbox 494 4615 2074 4683">
    <p class='ocr_par' dir='ltr' id='par_1_87' title="bbox 494 4615 2074 4683">
     <span class='ocr_line' id='line_1_87' title="bbox 494 4615 2074 4683; baseline 0.001 -14"><span class='ocrx_word' id='word_1_808' title='bbox 494 4626 558 4683; x_wconf 79' lang='lat' dir='ltr'><strong>c‘;</strong></span> <span class='ocrx_word' id='word_1_809' title='bbox 587 4617 628 4670; x_wconf 87' lang='lat' dir='ltr'><strong>si</strong></span> <span class='ocrx_word' id='word_1_810' title='bbox 654 4632 757 4671; x_wconf 92' lang='lat' dir='ltr'><strong>non</strong></span> <span class='ocrx_word' id='word_1_811' title='bbox 780 4625 864 4674; x_wconf 89' lang='lat' dir='ltr'><strong>est</strong></span> <span class='ocrx_word' id='word_1_812' title='bbox 889 4635 941 4683; x_wconf 86' lang='grc' dir='ltr'>α,</span> <span class='ocrx_word' id='word_1_813' title='bbox 977 4626 1057 4673; x_wconf 89' lang='grc' dir='ltr'><strong>εει</strong></span> <span class='ocrx_word' id='word_1_814' title='bbox 1088 4616 1136 4683; x_wconf 89' lang='lat' dir='ltr'><strong>b,</strong></span> <span class='ocrx_word' id='word_1_815' title='bbox 1167 4617 1212 4671; x_wconf 91' lang='lat' dir='ltr'><strong>si</strong></span> <span class='ocrx_word' id='word_1_816' title='bbox 1234 4625 1316 4671; x_wconf 87' lang='lat' dir='ltr'><strong>est</strong></span> <span class='ocrx_word' id='word_1_817' title='bbox 1346 4633 1395 4683; x_wconf 81' lang='grc' dir='ltr'>α,</span> <span class='ocrx_word' id='word_1_818' title='bbox 1421 4626 1500 4670; x_wconf 86' lang='grc' dir='ltr'><strong>εει</strong></span> <span class='ocrx_word' id='word_1_819' title='bbox 1528 4633 1571 4681; x_wconf 85' lang='lat' dir='ltr'><strong>c,</strong></span> <span class='ocrx_word' id='word_1_820' title='bbox 1605 4615 1646 4669; x_wconf 92' lang='lat' dir='ltr'><strong>si</strong></span> <span class='ocrx_word' id='word_1_821' title='bbox 1674 4625 1883 4669; x_wconf 84' lang='lat' dir='ltr'><strong>nonest</strong></span> <span class='ocrx_word' id='word_1_822' title='bbox 1909 4631 1959 4681; x_wconf 83' lang='grc' dir='ltr'>α,</span> <span class='ocrx_word' id='word_1_823' title='bbox 1990 4623 2074 4670; x_wconf 90' lang='grc' dir='ltr'><strong>εει</strong></span> 
     </span>
    </p>
   </div>
   <div class='ocr_carea' id='block_1_88' title="bbox 496 4708 2076 4778">
    <p class='ocr_par' dir='ltr' id='par_1_88' title="bbox 496 4708 2076 4778">
     <span class='ocr_line' id='line_1_88' title="bbox 496 4708 2076 4778; baseline 0 -14"><span class='ocrx_word' id='word_1_824' title='bbox 496 4712 545 4776; x_wconf 82' lang='lat' dir='ltr'><strong>b,</strong></span> <span class='ocrx_word' id='word_1_825' title='bbox 577 4712 619 4765; x_wconf 87' lang='lat' dir='ltr'><strong>si</strong></span> <span class='ocrx_word' id='word_1_826' title='bbox 644 4720 725 4766; x_wconf 90' lang='grc' dir='ltr'><strong>εει</strong></span> <span class='ocrx_word' id='word_1_827' title='bbox 752 4722 805 4778; x_wconf 86' lang='lat' dir='ltr'><strong>a,</strong></span> <span class='ocrx_word' id='word_1_828' title='bbox 839 4722 1042 4767; x_wconf 84' lang='lat' dir='ltr'><strong>nonest</strong></span> <span class='ocrx_word' id='word_1_829' title='bbox 1067 4727 1111 4776; x_wconf 70' lang='grc' dir='ltr'>ι’,</span> <span class='ocrx_word' id='word_1_830' title='bbox 1144 4713 1187 4764; x_wconf 90' lang='lat' dir='ltr'><strong>si</strong></span> <span class='ocrx_word' id='word_1_831' title='bbox 1217 4728 1320 4764; x_wconf 91' lang='lat' dir='ltr'><strong>non</strong></span> <span class='ocrx_word' id='word_1_832' title='bbox 1352 4719 1429 4764; x_wconf 76' lang='lat' dir='ltr'><strong>cst</strong></span> <span class='ocrx_word' id='word_1_833' title='bbox 1454 4727 1505 4775; x_wconf 84' lang='grc' dir='ltr'>(ι,</span> <span class='ocrx_word' id='word_1_834' title='bbox 1542 4725 1644 4761; x_wconf 64' lang='lat' dir='ltr'><strong>non</strong></span> <span class='ocrx_word' id='word_1_835' title='bbox 1680 4718 1763 4763; x_wconf 81' lang='lat' dir='ltr'><strong>est</strong></span> <span class='ocrx_word' id='word_1_836' title='bbox 1789 4709 1839 4773; x_wconf 90' lang='lat' dir='ltr'><strong>b,</strong></span> <span class='ocrx_word' id='word_1_837' title='bbox 1873 4708 1899 4761; x_wconf 83' lang='lat' dir='ltr'><strong>b</strong></span> <span class='ocrx_word' id='word_1_838' title='bbox 1930 4708 1973 4763; x_wconf 93' lang='lat' dir='ltr'><strong>si</strong></span> <span class='ocrx_word' id='word_1_839' title='bbox 1993 4719 2076 4764; x_wconf 89' lang='lat' dir='ltr'><strong>est</strong></span> 
     </span>
    </p>
   </div>
   <div class='ocr_carea' id='block_1_89' title="bbox 495 4802 2071 4869">
    <p class='ocr_par' dir='ltr' id='par_1_89' title="bbox 495 4802 2071 4869">
     <span class='ocr_line' id='line_1_89' title="bbox 495 4802 2071 4869; baseline -0.001 -14"><span class='ocrx_word' id='word_1_840' title='bbox 495 4817 545 4867; x_wconf 76' lang='grc' dir='ltr'><strong>ιι,</strong></span> <span class='ocrx_word' id='word_1_841' title='bbox 576 4812 719 4868; x_wconf 85' lang='lat' dir='ltr'><strong>cstc,</strong></span> <span class='ocrx_word' id='word_1_842' title='bbox 745 4802 797 4856; x_wconf 38' lang='lat' dir='ltr'><strong>si:</strong></span> <span class='ocrx_word' id='word_1_843' title='bbox 821 4816 923 4858; x_wconf 86' lang='lat' dir='ltr'><strong>non</strong></span> <span class='ocrx_word' id='word_1_844' title='bbox 955 4814 1035 4857; x_wconf 85' lang='lat' dir='ltr'><strong>est</strong></span> <span class='ocrx_word' id='word_1_845' title='bbox 1068 4820 1119 4869; x_wconf 81' lang='grc' dir='ltr'>α,</span> <span class='ocrx_word' id='word_1_846' title='bbox 1145 4812 1363 4865; x_wconf 74' lang='lat' dir='ltr'><strong>nonest</strong></span> <span class='ocrx_word' id='word_1_847' title='bbox 1396 4803 1443 4865; x_wconf 84' lang='lat' dir='ltr'><strong>b,</strong></span> <span class='ocrx_word' id='word_1_848' title='bbox 1489 4803 1532 4853; x_wconf 91' lang='lat' dir='ltr'><strong>si</strong></span> <span class='ocrx_word' id='word_1_849' title='bbox 1580 4809 1662 4853; x_wconf 88' lang='grc' dir='ltr'><strong>εει</strong></span> <span class='ocrx_word' id='word_1_850' title='bbox 1700 4818 1749 4866; x_wconf 85' lang='grc' dir='ltr'>α,</span> <span class='ocrx_word' id='word_1_851' title='bbox 1782 4816 1885 4853; x_wconf 90' lang='lat' dir='ltr'><strong>non</strong></span> <span class='ocrx_word' id='word_1_852' title='bbox 1918 4809 1997 4853; x_wconf 86' lang='lat' dir='ltr'><strong>est</strong></span> <span class='ocrx_word' id='word_1_853' title='bbox 2027 4818 2071 4853; x_wconf 79' lang='grc' dir='ltr'>ε.</span> 
     </span>
    </p>
   </div>
   <div class='ocr_carea' id='block_1_90' title="bbox 498 4894 2077 4966">
    <p class='ocr_par' dir='ltr' id='par_1_90' title="bbox 498 4894 2077 4966">
     <span class='ocr_line' id='line_1_90' title="bbox 498 4894 2077 4966; baseline -0.001 -17"><span class='ocrx_word' id='word_1_854' title='bbox 498 4894 551 4949; x_wconf 78' lang='grc' dir='ltr'><strong>ει</strong></span> <span class='ocrx_word' id='word_1_855' title='bbox 604 4895 762 4966; x_wconf 82' lang='lat' dir='ltr'><strong>igitur</strong></span> <span class='ocrx_word' id='word_1_856' title='bbox 808 4912 913 4961; x_wconf 86' lang='lat' dir='ltr'><strong>non</strong></span> <span class='ocrx_word' id='word_1_857' title='bbox 973 4896 1042 4949; x_wconf 88' lang='lat' dir='ltr'><strong>sit</strong></span> <span class='ocrx_word' id='word_1_858' title='bbox 1082 4895 1376 4965; x_wconf 70' lang='lat' dir='ltr'><strong>mquimoda</strong></span> <span class='ocrx_word' id='word_1_859' title='bbox 1433 4895 1747 4964; x_wconf 85' lang='lat' dir='ltr'><strong>pr0positi0,</strong></span> <span class='ocrx_word' id='word_1_860' title='bbox 1805 4904 2077 4963; x_wconf 88' lang='lat' dir='ltr'><strong>assumpto</strong></span> 
     </span>
    </p>
   </div>
   <div class='ocr_carea' id='block_1_91' title="bbox 501 4986 2077 5055">
    <p class='ocr_par' dir='ltr' id='par_1_91' title="bbox 501 4986 2077 5055">
     <span class='ocr_line' id='line_1_91' title="bbox 501 4986 2077 5055; baseline 0 -16"><span class='ocrx_word' id='word_1_861' title='bbox 501 4986 712 5055; x_wconf 89' lang='lat' dir='ltr'><strong>quidem</strong></span> <span class='ocrx_word' id='word_1_862' title='bbox 741 4986 770 5040; x_wconf 87' lang='lat' dir='ltr'><strong>b</strong></span> <span class='ocrx_word' id='word_1_863' title='bbox 800 4986 931 5041; x_wconf 77' lang='lat' dir='ltr'><strong>fiunt</strong></span> <span class='ocrx_word' id='word_1_864' title='bbox 958 4986 1229 5041; x_wconf 81' lang='lat' dir='ltr'><strong>sexdecim</strong></span> <span class='ocrx_word' id='word_1_865' title='bbox 1253 4987 1677 5055; x_wconf 75' lang='lat' dir='ltr'><strong>complexiones,</strong></span> <span class='ocrx_word' id='word_1_866' title='bbox 1705 5001 1929 5055; x_wconf 80' lang='lat' dir='ltr'><strong>quarum</strong></span> <span class='ocrx_word' id='word_1_867' title='bbox 1958 4996 2077 5039; x_wconf 87' lang='lat' dir='ltr'><strong>tan-</strong></span> 
     </span>
    </p>
   </div>
   <div class='ocr_carea' id='block_1_92' title="bbox 505 5080 2085 5152">
    <p class='ocr_par' dir='ltr' id='par_1_92' title="bbox 505 5080 2085 5152">
     <span class='ocr_line' id='line_1_92' title="bbox 505 5080 2085 5152; baseline 0.003 -19"><span class='ocrx_word' id='word_1_868' title='bbox 505 5088 615 5135; x_wconf 85' lang='lat' dir='ltr'><strong>tum</strong></span> <span class='ocrx_word' id='word_1_869' title='bbox 643 5092 764 5136; x_wconf 90' lang='lat' dir='ltr'><strong>octo</strong></span> <span class='ocrx_word' id='word_1_870' title='bbox 792 5090 917 5135; x_wconf 88' lang='lat' dir='ltr'><strong>sunt</strong></span> <span class='ocrx_word' id='word_1_871' title='bbox 938 5080 1249 5152; x_wconf 84' lang='lat' dir='ltr'><strong>syllogismi.</strong></span> <span class='ocrx_word' id='word_1_872' title='bbox 1280 5082 1484 5135; x_wconf 76' lang='lat' dir='ltr'><strong>Rursus</strong></span> <span class='ocrx_word' id='word_1_873' title='bbox 1517 5080 1560 5135; x_wconf 81' lang='lat' dir='ltr'><strong>si</strong></span> <span class='ocrx_word' id='word_1_874' title='bbox 1598 5093 1899 5135; x_wconf 87' lang='lat' dir='ltr'><strong>assumatur</strong></span> <span class='ocrx_word' id='word_1_875' title='bbox 1931 5098 1977 5147; x_wconf 87' lang='lat' dir='ltr'><strong>c,</strong></span> <span class='ocrx_word' id='word_1_876' title='bbox 2007 5082 2085 5137; x_wconf 88' lang='lat' dir='ltr'><strong>sic</strong></span> 
     </span>
    </p>
   </div>
   <div class='ocr_carea' id='block_1_93' title="bbox 504 5173 2086 5246">
    <p class='ocr_par' dir='ltr' id='par_1_93' title="bbox 504 5173 2086 5246">
     <span class='ocr_line' id='line_1_93' title="bbox 504 5173 2086 5246; baseline 0 -17"><span class='ocrx_word' id='word_1_877' title='bbox 504 5188 715 5245; x_wconf 89' lang='lat' dir='ltr'><strong>quoque</strong></span> <span class='ocrx_word' id='word_1_878' title='bbox 743 5173 1014 5230; x_wconf 86' lang='lat' dir='ltr'><strong>sexdecim</strong></span> <span class='ocrx_word' id='word_1_879' title='bbox 1061 5175 1463 5246; x_wconf 83' lang='lat' dir='ltr'><strong>complexiones</strong></span> <span class='ocrx_word' id='word_1_880' title='bbox 1516 5175 1678 5242; x_wconf 85' lang='lat' dir='ltr'><strong>fiunt,</strong></span> <span class='ocrx_word' id='word_1_881' title='bbox 1731 5175 1909 5237; x_wconf 80' lang='lat' dir='ltr'><strong>seditt</strong></span> <span class='ocrx_word' id='word_1_882' title='bbox 1964 5184 2086 5229; x_wconf 85' lang='lat' dir='ltr'><strong>octo</strong></span> 
     </span>
    </p>
   </div>
   <div class='ocr_carea' id='block_1_94' title="bbox 508 5269 2089 5341">
    <p class='ocr_par' dir='ltr' id='par_1_94' title="bbox 508 5269 2089 5341">
     <span class='ocr_line' id='line_1_94' title="bbox 508 5269 2089 5341; baseline 0 -18"><span class='ocrx_word' id='word_1_883' title='bbox 508 5278 711 5324; x_wconf 88' lang='lat' dir='ltr'><strong>tantum</strong></span> <span class='ocrx_word' id='word_1_884' title='bbox 757 5270 1188 5341; x_wconf 85' lang='lat' dir='ltr'><strong>syllogismorum</strong></span> <span class='ocrx_word' id='word_1_885' title='bbox 1232 5269 1650 5339; x_wconf 78' lang='lat' dir='ltr'><strong>deprehenditur</strong></span> <span class='ocrx_word' id='word_1_886' title='bbox 1704 5270 1852 5323; x_wconf 86' lang='lat' dir='ltr'><strong>firma</strong></span> <span class='ocrx_word' id='word_1_887' title='bbox 1903 5284 2089 5323; x_wconf 90' lang='lat' dir='ltr'><strong>neces-</strong></span> 
     </span>
    </p>
   </div>
   <div class='ocr_carea' id='block_1_95' title="bbox 486 5359 2088 5433">
    <p class='ocr_par' dir='ltr' id='par_1_95' title="bbox 486 5359 2088 5433">
     <span class='ocr_line' id='line_1_95' title="bbox 486 5359 2088 5433; baseline -0.001 -17"><span class='ocrx_word' id='word_1_888' title='bbox 486 5360 657 5433; x_wconf 77' lang='lat' dir='ltr'><strong>sitas.</strong></span> <span class='ocrx_word' id='word_1_889' title='bbox 706 5360 789 5419; x_wconf 90' lang='lat' dir='ltr'><strong>Sit</strong></span> <span class='ocrx_word' id='word_1_890' title='bbox 815 5362 973 5433; x_wconf 85' lang='lat' dir='ltr'><strong>igitur</strong></span> <span class='ocrx_word' id='word_1_891' title='bbox 1002 5366 1205 5433; x_wconf 73' lang='lat' dir='ltr'><strong>primus</strong></span> <span class='ocrx_word' id='word_1_892' title='bbox 1258 5362 1445 5417; x_wconf 91' lang='lat' dir='ltr'><strong>modus</strong></span> <span class='ocrx_word' id='word_1_893' title='bbox 1487 5362 1733 5419; x_wconf 71' lang='lat' dir='ltr'><strong>secunda:</strong></span> <span class='ocrx_word' id='word_1_894' title='bbox 1778 5361 1958 5431; x_wconf 68' lang='lat' dir='ltr'><strong>ﬁgurae</strong></span> <span class='ocrx_word' id='word_1_895' title='bbox 2002 5359 2088 5414; x_wconf 90' lang='lat' dir='ltr'><strong>hic</strong></span> 
     </span>
    </p>
   </div>
   <div class='ocr_carea' id='block_1_96' title="bbox 509 5454 2089 5527">
    <p class='ocr_par' dir='ltr' id='par_1_96' title="bbox 509 5454 2089 5527">
     <span class='ocr_line' id='line_1_96' title="bbox 509 5454 2089 5527; baseline -0.003 -16"><span class='ocrx_word' id='word_1_896' title='bbox 509 5470 577 5511; x_wconf 88' lang='lat' dir='ltr'><strong>ex</strong></span> <span class='ocrx_word' id='word_1_897' title='bbox 605 5456 775 5526; x_wconf 88' lang='lat' dir='ltr'><strong>prima</strong></span> <span class='ocrx_word' id='word_1_898' title='bbox 802 5457 1022 5512; x_wconf 86' lang='lat' dir='ltr'><strong>veniens</strong></span> <span class='ocrx_word' id='word_1_899' title='bbox 1045 5456 1436 5527; x_wconf 87' lang='lat' dir='ltr'><strong>propositione,</strong></span> <span class='ocrx_word' id='word_1_900' title='bbox 1468 5456 1511 5510; x_wconf 90' lang='lat' dir='ltr'><strong>si</strong></span> <span class='ocrx_word' id='word_1_901' title='bbox 1540 5466 1620 5509; x_wconf 89' lang='lat' dir='ltr'><strong>est</strong></span> <span class='ocrx_word' id='word_1_902' title='bbox 1647 5472 1700 5519; x_wconf 85' lang='grc' dir='ltr'>(ι,</span> <span class='ocrx_word' id='word_1_903' title='bbox 1732 5464 1815 5508; x_wconf 88' lang='grc' dir='ltr'><strong>εει</strong></span> <span class='ocrx_word' id='word_1_904' title='bbox 1839 5454 1887 5517; x_wconf 84' lang='lat' dir='ltr'><strong>b,</strong></span> <span class='ocrx_word' id='word_1_905' title='bbox 1918 5455 1961 5507; x_wconf 92' lang='lat' dir='ltr'><strong>si</strong></span> <span class='ocrx_word' id='word_1_906' title='bbox 2002 5468 2089 5507; x_wconf 88' lang='lat' dir='ltr'><strong>au-</strong></span> 
     </span>
    </p>
   </div>
   <div class='ocr_carea' id='block_1_97' title="bbox 512 5545 2092 5619">
    <p class='ocr_par' dir='ltr' id='par_1_97' title="bbox 512 5545 2092 5619">
     <span class='ocr_line' id='line_1_97' title="bbox 512 5545 2092 5619; baseline -0.001 -18"><span class='ocrx_word' id='word_1_907' title='bbox 512 5557 621 5603; x_wconf 89' lang='lat' dir='ltr'><strong>tem</strong></span> <span class='ocrx_word' id='word_1_908' title='bbox 647 5563 753 5604; x_wconf 89' lang='lat' dir='ltr'><strong>non</strong></span> <span class='ocrx_word' id='word_1_909' title='bbox 784 5558 865 5603; x_wconf 87' lang='lat' dir='ltr'><strong>est</strong></span> <span class='ocrx_word' id='word_1_910' title='bbox 888 5566 942 5617; x_wconf 91' lang='lat' dir='ltr'><strong>a,</strong></span> <span class='ocrx_word' id='word_1_911' title='bbox 980 5558 1061 5604; x_wconf 56' lang='lat' dir='ltr'><strong>est</strong></span> <span class='ocrx_word' id='word_1_912' title='bbox 1094 5565 1153 5614; x_wconf 88' lang='lat' dir='ltr'><strong>c;</strong></span> <span class='ocrx_word' id='word_1_913' title='bbox 1186 5548 1307 5603; x_wconf 86' lang='lat' dir='ltr'><strong>dico</strong></span> <span class='ocrx_word' id='word_1_914' title='bbox 1329 5548 1579 5619; x_wconf 86' lang='lat' dir='ltr'><strong>quoniam</strong></span> <span class='ocrx_word' id='word_1_915' title='bbox 1613 5546 1658 5600; x_wconf 89' lang='lat' dir='ltr'><strong>si</strong></span> <span class='ocrx_word' id='word_1_916' title='bbox 1690 5562 1793 5600; x_wconf 90' lang='lat' dir='ltr'><strong>non</strong></span> <span class='ocrx_word' id='word_1_917' title='bbox 1822 5557 1904 5601; x_wconf 85' lang='lat' dir='ltr'><strong>est</strong></span> <span class='ocrx_word' id='word_1_918' title='bbox 1928 5545 1977 5611; x_wconf 90' lang='lat' dir='ltr'><strong>b,</strong></span> <span class='ocrx_word' id='word_1_919' title='bbox 2005 5554 2092 5601; x_wconf 87' lang='lat' dir='ltr'><strong>est</strong></span> 
     </span>
    </p>
   </div>
   <div class='ocr_carea' id='block_1_98' title="bbox 511 5637 2089 5711">
    <p class='ocr_par' dir='ltr' id='par_1_98' title="bbox 511 5637 2089 5711">
     <span class='ocr_line' id='line_1_98' title="bbox 511 5637 2089 5711; baseline -0.003 -16"><span class='ocrx_word' id='word_1_920' title='bbox 511 5658 558 5707; x_wconf 79' lang='grc' dir='ltr'><strong>ε,</strong></span> <span class='ocrx_word' id='word_1_921' title='bbox 588 5644 835 5711; x_wconf 90' lang='lat' dir='ltr'><strong>quoniam</strong></span> <span class='ocrx_word' id='word_1_922' title='bbox 869 5643 1011 5697; x_wconf 87' lang='lat' dir='ltr'><strong>enim</strong></span> <span class='ocrx_word' id='word_1_923' title='bbox 1040 5644 1082 5698; x_wconf 87' lang='lat' dir='ltr'><strong>si</strong></span> <span class='ocrx_word' id='word_1_924' title='bbox 1113 5652 1196 5697; x_wconf 91' lang='lat' dir='ltr'><strong>est</strong></span> <span class='ocrx_word' id='word_1_925' title='bbox 1235 5660 1267 5696; x_wconf 89' lang='lat' dir='ltr'><strong>a</strong></span> <span class='ocrx_word' id='word_1_926' title='bbox 1313 5650 1394 5695; x_wconf 87' lang='grc' dir='ltr'><strong>εει</strong></span> <span class='ocrx_word' id='word_1_927' title='bbox 1424 5641 1473 5705; x_wconf 87' lang='lat' dir='ltr'><strong>b,</strong></span> <span class='ocrx_word' id='word_1_928' title='bbox 1498 5639 1789 5693; x_wconf 84' lang='lat' dir='ltr'><strong>secundum</strong></span> <span class='ocrx_word' id='word_1_929' title='bbox 1846 5637 2089 5691; x_wconf 83' lang='lat' dir='ltr'><strong>ordinem</strong></span> 
     </span>
    </p>
   </div>
   <div class='ocr_carea' id='block_1_99' title="bbox 514 5728 2088 5801">
    <p class='ocr_par' dir='ltr' id='par_1_99' title="bbox 514 5728 2088 5801">
     <span class='ocr_line' id='line_1_99' title="bbox 514 5728 2088 5801; baseline -0.001 -18"><span class='ocrx_word' id='word_1_930' title='bbox 514 5730 910 5801; x_wconf 69' lang='lat' dir='ltr'><strong>consequentia!</strong></span> <span class='ocrx_word' id='word_1_931' title='bbox 937 5733 981 5787; x_wconf 90' lang='lat' dir='ltr'><strong>si</strong></span> <span class='ocrx_word' id='word_1_932' title='bbox 1016 5749 1119 5785; x_wconf 90' lang='lat' dir='ltr'><strong>non</strong></span> <span class='ocrx_word' id='word_1_933' title='bbox 1146 5742 1226 5785; x_wconf 86' lang='lat' dir='ltr'><strong>est</strong></span> <span class='ocrx_word' id='word_1_934' title='bbox 1254 5731 1304 5797; x_wconf 86' lang='lat' dir='ltr'><strong>b,</strong></span> <span class='ocrx_word' id='word_1_935' title='bbox 1340 5746 1443 5783; x_wconf 87' lang='lat' dir='ltr'><strong>non</strong></span> <span class='ocrx_word' id='word_1_936' title='bbox 1476 5728 1580 5783; x_wconf 91' lang='lat' dir='ltr'><strong>erit</strong></span> <span class='ocrx_word' id='word_1_937' title='bbox 1607 5746 1665 5793; x_wconf 90' lang='lat' dir='ltr'><strong>a;</strong></span> <span class='ocrx_word' id='word_1_938' title='bbox 1695 5728 1841 5798; x_wconf 90' lang='lat' dir='ltr'><strong>atqui</strong></span> <span class='ocrx_word' id='word_1_939' title='bbox 1890 5731 1933 5780; x_wconf 90' lang='lat' dir='ltr'><strong>si</strong></span> <span class='ocrx_word' id='word_1_940' title='bbox 1984 5744 2088 5801; x_wconf 87' lang='lat' dir='ltr'><strong>non</strong></span> 
     </span>
    </p>
   </div>
   <div class='ocr_carea' id='block_1_100' title="bbox 515 5800 2092 5895">
    <p class='ocr_par' dir='ltr' id='par_1_100' title="bbox 515 5800 2092 5895">
     <span class='ocr_line' id='line_1_100' title="bbox 515 5800 2092 5895; baseline -0.003 -16"><span class='ocrx_word' id='word_1_941' title='bbox 515 5800 914 5893; x_wconf 64' lang='lat' dir='ltr'><strong>essetn,&#39;esset</strong></span> <span class='ocrx_word' id='word_1_942' title='bbox 938 5839 986 5891; x_wconf 76' lang='grc' dir='ltr'>ο,</span> <span class='ocrx_word' id='word_1_943' title='bbox 1040 5822 1083 5877; x_wconf 90' lang='lat' dir='ltr'><strong>si</strong></span> <span class='ocrx_word' id='word_1_944' title='bbox 1115 5820 1274 5895; x_wconf 82' lang='lat' dir='ltr'><strong>igitur</strong></span> <span class='ocrx_word' id='word_1_945' title='bbox 1305 5835 1410 5878; x_wconf 90' lang='lat' dir='ltr'><strong>non</strong></span> <span class='ocrx_word' id='word_1_946' title='bbox 1451 5819 1521 5876; x_wconf 83' lang='lat' dir='ltr'><strong>sit</strong></span> <span class='ocrx_word' id='word_1_947' title='bbox 1551 5819 1611 5890; x_wconf 86' lang='lat' dir='ltr'><strong>b,</strong></span> <span class='ocrx_word' id='word_1_948' title='bbox 1645 5820 1747 5876; x_wconf 87' lang='lat' dir='ltr'><strong>erit</strong></span> <span class='ocrx_word' id='word_1_949' title='bbox 1773 5834 1833 5889; x_wconf 82' lang='lat' dir='ltr'><strong>c;</strong></span> <span class='ocrx_word' id='word_1_950' title='bbox 1872 5800 2019 5894; x_wconf 81' lang='lat' dir='ltr'><strong>quod</strong></span> <span class='ocrx_word' id='word_1_951' title='bbox 2045 5818 2092 5880; x_wconf 86' lang='lat' dir='ltr'><strong>si</strong></span> 
     </span>
    </p>
   </div>
   <div class='ocr_carea' id='block_1_101' title="bbox 2180 4617 3752 4687">
    <p class='ocr_par' dir='ltr' id='par_1_101' title="bbox 2180 4617 3752 4687">
     <span class='ocr_line' id='line_1_101' title="bbox 2180 4617 3752 4687; baseline 0.006 -17"><span class='ocrx_word' id='word_1_952' title='bbox 2180 4630 2301 4670; x_wconf 89' lang='lat' dir='ltr'><strong>nam</strong></span> <span class='ocrx_word' id='word_1_953' title='bbox 2332 4617 2583 4687; x_wconf 86' lang='lat' dir='ltr'><strong>quoniam</strong></span> <span class='ocrx_word' id='word_1_954' title='bbox 2617 4617 2661 4671; x_wconf 91' lang='lat' dir='ltr'><strong>si</strong></span> <span class='ocrx_word' id='word_1_955' title='bbox 2694 4626 2775 4673; x_wconf 88' lang='lat' dir='ltr'><strong>est</strong></span> <span class='ocrx_word' id='word_1_956' title='bbox 2802 4634 2866 4686; x_wconf 89' lang='lat' dir='ltr'><strong>a,</strong></span> <span class='ocrx_word' id='word_1_957' title='bbox 2896 4619 2995 4675; x_wconf 89' lang='lat' dir='ltr'><strong>erit</strong></span> <span class='ocrx_word' id='word_1_958' title='bbox 3027 4619 3074 4686; x_wconf 79' lang='grc' dir='ltr'>ὸ,</span> <span class='ocrx_word' id='word_1_959' title='bbox 3107 4621 3149 4674; x_wconf 91' lang='lat' dir='ltr'><strong>si</strong></span> <span class='ocrx_word' id='word_1_960' title='bbox 3183 4636 3286 4675; x_wconf 86' lang='lat' dir='ltr'><strong>non</strong></span> <span class='ocrx_word' id='word_1_961' title='bbox 3317 4631 3400 4677; x_wconf 75' lang='lat' dir='ltr'><strong>est</strong></span> <span class='ocrx_word' id='word_1_962' title='bbox 3424 4639 3482 4687; x_wconf 90' lang='lat' dir='ltr'><strong>a,</strong></span> <span class='ocrx_word' id='word_1_963' title='bbox 3511 4625 3610 4678; x_wconf 90' lang='lat' dir='ltr'><strong>erit</strong></span> <span class='ocrx_word' id='word_1_964' title='bbox 3636 4638 3681 4687; x_wconf 87' lang='lat' dir='ltr'><strong>c,</strong></span> <span class='ocrx_word' id='word_1_965' title='bbox 3710 4627 3752 4679; x_wconf 86' lang='lat' dir='ltr'><strong>si</strong></span> 
     </span>
    </p>
   </div>
   <div class='ocr_carea' id='block_1_102' title="bbox 2180 4710 3757 4785">
    <p class='ocr_par' dir='ltr' id='par_1_102' title="bbox 2180 4710 3757 4785">
     <span class='ocr_line' id='line_1_102' title="bbox 2180 4710 3757 4785; baseline 0.004 -21"><span class='ocrx_word' id='word_1_966' title='bbox 2180 4719 2260 4765; x_wconf 91' lang='lat' dir='ltr'><strong>est</strong></span> <span class='ocrx_word' id='word_1_967' title='bbox 2294 4727 2340 4773; x_wconf 90' lang='lat' dir='ltr'><strong>c,</strong></span> <span class='ocrx_word' id='word_1_968' title='bbox 2386 4710 2488 4764; x_wconf 90' lang='lat' dir='ltr'><strong>erit</strong></span> <span class='ocrx_word' id='word_1_969' title='bbox 2518 4725 2590 4773; x_wconf 87' lang='lat' dir='ltr'><strong>a;</strong></span> <span class='ocrx_word' id='word_1_970' title='bbox 2621 4718 2678 4762; x_wconf 87' lang='lat' dir='ltr'><strong>at</strong></span> <span class='ocrx_word' id='word_1_971' title='bbox 2710 4724 2830 4765; x_wconf 90' lang='lat' dir='ltr'><strong>cum</strong></span> <span class='ocrx_word' id='word_1_972' title='bbox 2862 4722 2942 4765; x_wconf 89' lang='lat' dir='ltr'><strong>est</strong></span> <span class='ocrx_word' id='word_1_973' title='bbox 2988 4729 3049 4776; x_wconf 86' lang='grc' dir='ltr'><strong>ιι,</strong></span> <span class='ocrx_word' id='word_1_974' title='bbox 3094 4723 3175 4767; x_wconf 87' lang='grc' dir='ltr'><strong>εει</strong></span> <span class='ocrx_word' id='word_1_975' title='bbox 3205 4722 3254 4781; x_wconf 80' lang='lat' dir='ltr'><strong>o,</strong></span> <span class='ocrx_word' id='word_1_976' title='bbox 3294 4713 3340 4767; x_wconf 92' lang='lat' dir='ltr'><strong>si</strong></span> <span class='ocrx_word' id='word_1_977' title='bbox 3379 4724 3462 4768; x_wconf 88' lang='lat' dir='ltr'><strong>est</strong></span> <span class='ocrx_word' id='word_1_978' title='bbox 3507 4714 3663 4785; x_wconf 81' lang='lat' dir='ltr'><strong>igitur</strong></span> <span class='ocrx_word' id='word_1_979' title='bbox 3704 4732 3757 4783; x_wconf 76' lang='grc' dir='ltr'>ι,</span> 
     </span>
    </p>
   </div>
   <div class='ocr_carea' id='block_1_103' title="bbox 2183 4790 3761 4870">
    <p class='ocr_par' dir='ltr' id='par_1_103' title="bbox 2183 4790 3761 4870">
     <span class='ocr_line' id='line_1_103' title="bbox 2183 4790 3761 4870; baseline 0.004 -15"><span class='ocrx_word' id='word_1_980' title='bbox 2183 4803 2285 4855; x_wconf 90' lang='lat' dir='ltr'><strong>erit</strong></span> <span class='ocrx_word' id='word_1_981' title='bbox 2316 4800 2367 4868; x_wconf 75' lang='grc' dir='ltr'><strong>ι,</strong></span> <span class='ocrx_word' id='word_1_982' title='bbox 2398 4800 2537 4870; x_wconf 90' lang='lat' dir='ltr'><strong>quod</strong></span> <span class='ocrx_word' id='word_1_983' title='bbox 2570 4790 2613 4854; x_wconf 86' lang='lat' dir='ltr'><strong>si</strong></span> <span class='ocrx_word' id='word_1_984' title='bbox 2644 4816 2747 4854; x_wconf 92' lang='lat' dir='ltr'><strong>non</strong></span> <span class='ocrx_word' id='word_1_985' title='bbox 2777 4802 2846 4855; x_wconf 91' lang='lat' dir='ltr'><strong>sit</strong></span> <span class='ocrx_word' id='word_1_986' title='bbox 2879 4819 2926 4867; x_wconf 91' lang='lat' dir='ltr'><strong>c,</strong></span> <span class='ocrx_word' id='word_1_987' title='bbox 2961 4802 3091 4856; x_wconf 87' lang='lat' dir='ltr'><strong>nihil</strong></span> <span class='ocrx_word' id='word_1_988' title='bbox 3116 4804 3184 4857; x_wconf 89' lang='lat' dir='ltr'><strong>sit</strong></span> <span class='ocrx_word' id='word_1_989' title='bbox 3215 4806 3607 4869; x_wconf 80' lang='lat' dir='ltr'><strong>necessarium,</strong></span> <span class='ocrx_word' id='word_1_990' title='bbox 3638 4821 3761 4861; x_wconf 87' lang='lat' dir='ltr'><strong>nant</strong></span> 
     </span>
    </p>
   </div>
   <div class='ocr_carea' id='block_1_104' title="bbox 2186 4892 3756 4963">
    <p class='ocr_par' dir='ltr' id='par_1_104' title="bbox 2186 4892 3756 4963">
     <span class='ocr_line' id='line_1_104' title="bbox 2186 4892 3756 4963; baseline 0.001 -15"><span class='ocrx_word' id='word_1_991' title='bbox 2186 4896 2240 4949; x_wconf 90' lang='lat' dir='ltr'><strong>in</strong></span> <span class='ocrx_word' id='word_1_992' title='bbox 2274 4893 2371 4947; x_wconf 86' lang='lat' dir='ltr'><strong>hac</strong></span> <span class='ocrx_word' id='word_1_993' title='bbox 2403 4892 2773 4962; x_wconf 89' lang='lat' dir='ltr'><strong>propositione</strong></span> <span class='ocrx_word' id='word_1_994' title='bbox 2802 4909 2920 4963; x_wconf 72' lang='lat' dir='ltr'><strong>qua:</strong></span> <span class='ocrx_word' id='word_1_995' title='bbox 2947 4893 3094 4960; x_wconf 90' lang='lat' dir='ltr'><strong>dicit,</strong></span> <span class='ocrx_word' id='word_1_996' title='bbox 3115 4895 3162 4950; x_wconf 89' lang='lat' dir='ltr'><strong>si</strong></span> <span class='ocrx_word' id='word_1_997' title='bbox 3192 4896 3389 4950; x_wconf 86' lang='lat' dir='ltr'><strong>animal</strong></span> <span class='ocrx_word' id='word_1_998' title='bbox 3419 4907 3520 4961; x_wconf 90' lang='lat' dir='ltr'><strong>est,</strong></span> <span class='ocrx_word' id='word_1_999' title='bbox 3550 4897 3756 4951; x_wconf 85' lang='lat' dir='ltr'><strong>anima-</strong></span> 
     </span>
    </p>
   </div>
   <div class='ocr_carea' id='block_1_105' title="bbox 2190 4984 3758 5056">
    <p class='ocr_par' dir='ltr' id='par_1_105' title="bbox 2190 4984 3758 5056">
     <span class='ocr_line' id='line_1_105' title="bbox 2190 4984 3758 5056; baseline 0.004 -18"><span class='ocrx_word' id='word_1_1000' title='bbox 2190 4996 2297 5039; x_wconf 92' lang='lat' dir='ltr'><strong>tum</strong></span> <span class='ocrx_word' id='word_1_1001' title='bbox 2325 4994 2439 5053; x_wconf 88' lang='lat' dir='ltr'><strong>est,</strong></span> <span class='ocrx_word' id='word_1_1002' title='bbox 2484 4984 2528 5040; x_wconf 89' lang='lat' dir='ltr'><strong>si</strong></span> <span class='ocrx_word' id='word_1_1003' title='bbox 2557 4984 2752 5039; x_wconf 90' lang='lat' dir='ltr'><strong>animal</strong></span> <span class='ocrx_word' id='word_1_1004' title='bbox 2794 5000 2898 5040; x_wconf 92' lang='lat' dir='ltr'><strong>non</strong></span> <span class='ocrx_word' id='word_1_1005' title='bbox 2933 4996 3045 5052; x_wconf 89' lang='lat' dir='ltr'><strong>est,</strong></span> <span class='ocrx_word' id='word_1_1006' title='bbox 3077 4988 3335 5043; x_wconf 85' lang='lat' dir='ltr'><strong>rationale</strong></span> <span class='ocrx_word' id='word_1_1007' title='bbox 3381 5004 3485 5043; x_wconf 87' lang='lat' dir='ltr'><strong>non</strong></span> <span class='ocrx_word' id='word_1_1008' title='bbox 3532 4999 3758 5056; x_wconf 73' lang='lat' dir='ltr'><strong>est,as-</strong></span> 
     </span>
    </p>
   </div>
   <div class='ocr_carea' id='block_1_106' title="bbox 2191 5078 3763 5147">
    <p class='ocr_par' dir='ltr' id='par_1_106' title="bbox 2191 5078 3763 5147">
     <span class='ocr_line' id='line_1_106' title="bbox 2191 5078 3763 5147; baseline 0.003 -16"><span class='ocrx_word' id='word_1_1009' title='bbox 2191 5091 2468 5131; x_wconf 80' lang='lat' dir='ltr'><strong>sumamus</strong></span> <span class='ocrx_word' id='word_1_1010' title='bbox 2490 5116 2504 5141; x_wconf 94' lang='lat'><strong>,</strong></span> <span class='ocrx_word' id='word_1_1011' title='bbox 2535 5078 2680 5147; x_wconf 89' lang='lat' dir='ltr'><strong>atqui</strong></span> <span class='ocrx_word' id='word_1_1012' title='bbox 2710 5092 2813 5131; x_wconf 90' lang='lat' dir='ltr'><strong>non</strong></span> <span class='ocrx_word' id='word_1_1013' title='bbox 2843 5086 2925 5132; x_wconf 91' lang='lat' dir='ltr'><strong>est</strong></span> <span class='ocrx_word' id='word_1_1014' title='bbox 2956 5078 3233 5145; x_wconf 85' lang='lat' dir='ltr'><strong>rationale,</strong></span> <span class='ocrx_word' id='word_1_1015' title='bbox 3277 5095 3383 5134; x_wconf 91' lang='lat' dir='ltr'><strong>non</strong></span> <span class='ocrx_word' id='word_1_1016' title='bbox 3414 5095 3634 5136; x_wconf 78' lang='lat' dir='ltr'><strong>necesse.</strong></span> <span class='ocrx_word' id='word_1_1017' title='bbox 3660 5081 3763 5135; x_wconf 87' lang='lat' dir='ltr'><strong>erit</strong></span> 
     </span>
    </p>
   </div>
   <div class='ocr_carea' id='block_1_107' title="bbox 2190 5168 3764 5239">
    <p class='ocr_par' dir='ltr' id='par_1_107' title="bbox 2190 5168 3764 5239">
     <span class='ocr_line' id='line_1_107' title="bbox 2190 5168 3764 5239; baseline 0.003 -19"><span class='ocrx_word' id='word_1_1018' title='bbox 2190 5168 2273 5220; x_wconf 80' lang='lat' dir='ltr'><strong>vel</strong></span> <span class='ocrx_word' id='word_1_1019' title='bbox 2299 5182 2418 5222; x_wconf 88' lang='lat' dir='ltr'><strong>esse</strong></span> <span class='ocrx_word' id='word_1_1020' title='bbox 2453 5168 2536 5223; x_wconf 87' lang='lat' dir='ltr'><strong>vel</strong></span> <span class='ocrx_word' id='word_1_1021' title='bbox 2571 5183 2675 5220; x_wconf 92' lang='lat' dir='ltr'><strong>non</strong></span> <span class='ocrx_word' id='word_1_1022' title='bbox 2713 5180 2832 5223; x_wconf 86' lang='lat' dir='ltr'><strong>esse</strong></span> <span class='ocrx_word' id='word_1_1023' title='bbox 2858 5168 3083 5235; x_wconf 91' lang='lat' dir='ltr'><strong>animal,</strong></span> <span class='ocrx_word' id='word_1_1024' title='bbox 3108 5169 3356 5239; x_wconf 78' lang='lat' dir='ltr'><strong>quecirca</strong></span> <span class='ocrx_word' id='word_1_1025' title='bbox 3385 5185 3451 5225; x_wconf 90' lang='lat' dir='ltr'><strong>ne</strong></span> <span class='ocrx_word' id='word_1_1026' title='bbox 3472 5170 3764 5225; x_wconf 84' lang='lat' dir='ltr'><strong>animalum</strong></span> 
     </span>
    </p>
   </div>
   <div class='ocr_carea' id='block_1_108' title="bbox 2192 5258 3765 5329">
    <p class='ocr_par' dir='ltr' id='par_1_108' title="bbox 2192 5258 3765 5329">
     <span class='ocr_line' id='line_1_108' title="bbox 2192 5258 3765 5329; baseline 0.001 -18"><span class='ocrx_word' id='word_1_1027' title='bbox 2192 5259 2428 5329; x_wconf 88' lang='lat' dir='ltr'><strong>quidem.</strong></span> <span class='ocrx_word' id='word_1_1028' title='bbox 2454 5258 2586 5313; x_wconf 84' lang='lat' dir='ltr'><strong>item</strong></span> <span class='ocrx_word' id='word_1_1029' title='bbox 2617 5274 2679 5313; x_wconf 75' lang='lat' dir='ltr'><strong>ex</strong></span> <span class='ocrx_word' id='word_1_1030' title='bbox 2713 5259 2865 5313; x_wconf 88' lang='lat' dir='ltr'><strong>tertia</strong></span> <span class='ocrx_word' id='word_1_1031' title='bbox 2891 5259 3251 5329; x_wconf 88' lang='lat' dir='ltr'><strong>propositione</strong></span> <span class='ocrx_word' id='word_1_1032' title='bbox 3276 5260 3395 5314; x_wconf 86' lang='lat' dir='ltr'><strong>talis</strong></span> <span class='ocrx_word' id='word_1_1033' title='bbox 3419 5267 3501 5315; x_wconf 87' lang='lat' dir='ltr'><strong>est</strong></span> <span class='ocrx_word' id='word_1_1034' title='bbox 3524 5260 3765 5327; x_wconf 68' lang='lat' dir='ltr'><strong>syllogis-</strong></span> 
     </span>
    </p>
   </div>
   <div class='ocr_carea' id='block_1_109' title="bbox 2194 5351 3766 5419">
    <p class='ocr_par' dir='ltr' id='par_1_109' title="bbox 2194 5351 3766 5419">
     <span class='ocr_line' id='line_1_109' title="bbox 2194 5351 3766 5419; baseline 0.003 -15"><span class='ocrx_word' id='word_1_1035' title='bbox 2194 5367 2345 5418; x_wconf 92' lang='lat' dir='ltr'><strong>mus,</strong></span> <span class='ocrx_word' id='word_1_1036' title='bbox 2373 5351 2419 5406; x_wconf 91' lang='lat' dir='ltr'><strong>si</strong></span> <span class='ocrx_word' id='word_1_1037' title='bbox 2448 5362 2530 5405; x_wconf 87' lang='lat' dir='ltr'><strong>est</strong></span> <span class='ocrx_word' id='word_1_1038' title='bbox 2559 5369 2619 5419; x_wconf 83' lang='grc' dir='ltr'>α,</span> <span class='ocrx_word' id='word_1_1039' title='bbox 2654 5368 2756 5405; x_wconf 92' lang='lat' dir='ltr'><strong>non</strong></span> <span class='ocrx_word' id='word_1_1040' title='bbox 2790 5360 2875 5406; x_wconf 89' lang='lat' dir='ltr'><strong>est</strong></span> <span class='ocrx_word' id='word_1_1041' title='bbox 2902 5352 2929 5404; x_wconf 89' lang='lat' dir='ltr'><strong>b</strong></span> <span class='ocrx_word' id='word_1_1042' title='bbox 2948 5391 2963 5417; x_wconf 96' lang='lat'><strong>,</strong></span> <span class='ocrx_word' id='word_1_1043' title='bbox 2988 5360 3043 5406; x_wconf 87' lang='lat' dir='ltr'><strong>et</strong></span> <span class='ocrx_word' id='word_1_1044' title='bbox 3072 5351 3116 5405; x_wconf 91' lang='lat' dir='ltr'><strong>si</strong></span> <span class='ocrx_word' id='word_1_1045' title='bbox 3140 5367 3244 5405; x_wconf 90' lang='lat' dir='ltr'><strong>non</strong></span> <span class='ocrx_word' id='word_1_1046' title='bbox 3275 5363 3358 5407; x_wconf 86' lang='lat' dir='ltr'><strong>est</strong></span> <span class='ocrx_word' id='word_1_1047' title='bbox 3381 5369 3433 5415; x_wconf 83' lang='grc' dir='ltr'>α,</span> <span class='ocrx_word' id='word_1_1048' title='bbox 3461 5362 3544 5409; x_wconf 84' lang='grc' dir='ltr'><strong>εει</strong></span> <span class='ocrx_word' id='word_1_1049' title='bbox 3565 5368 3624 5417; x_wconf 89' lang='lat' dir='ltr'><strong>c;</strong></span> <span class='ocrx_word' id='word_1_1050' title='bbox 3650 5353 3766 5408; x_wconf 85' lang='lat' dir='ltr'><strong>dico</strong></span> 
     </span>
    </p>
   </div>
   <div class='ocr_carea' id='block_1_110' title="bbox 2192 5445 3765 5516">
    <p class='ocr_par' dir='ltr' id='par_1_110' title="bbox 2192 5445 3765 5516">
     <span class='ocr_line' id='line_1_110' title="bbox 2192 5445 3765 5516; baseline 0 -15"><span class='ocrx_word' id='word_1_1051' title='bbox 2192 5446 2315 5516; x_wconf 89' lang='lat' dir='ltr'><strong>quia</strong></span> <span class='ocrx_word' id='word_1_1052' title='bbox 2346 5447 2449 5501; x_wconf 86' lang='lat' dir='ltr'><strong>sib</strong></span> <span class='ocrx_word' id='word_1_1053' title='bbox 2496 5456 2610 5515; x_wconf 91' lang='lat' dir='ltr'><strong>est,</strong></span> <span class='ocrx_word' id='word_1_1054' title='bbox 2640 5450 2723 5501; x_wconf 83' lang='grc' dir='ltr'><strong>εει</strong></span> <span class='ocrx_word' id='word_1_1055' title='bbox 2753 5463 2802 5511; x_wconf 89' lang='lat' dir='ltr'><strong>c,</strong></span> <span class='ocrx_word' id='word_1_1056' title='bbox 2855 5461 2978 5500; x_wconf 88' lang='lat' dir='ltr'><strong>nam</strong></span> <span class='ocrx_word' id='word_1_1057' title='bbox 3031 5446 3283 5515; x_wconf 88' lang='lat' dir='ltr'><strong>quoniam</strong></span> <span class='ocrx_word' id='word_1_1058' title='bbox 3324 5445 3394 5501; x_wconf 84' lang='lat' dir='ltr'><strong>ita</strong></span> <span class='ocrx_word' id='word_1_1059' title='bbox 3443 5446 3765 5516; x_wconf 81' lang='lat' dir='ltr'><strong>propesitum</strong></span> 
     </span>
    </p>
   </div>
   <div class='ocr_carea' id='block_1_111' title="bbox 2188 5536 3764 5607">
    <p class='ocr_par' dir='ltr' id='par_1_111' title="bbox 2188 5536 3764 5607">
     <span class='ocr_line' id='line_1_111' title="bbox 2188 5536 3764 5607; baseline 0.001 -14"><span class='ocrx_word' id='word_1_1060' title='bbox 2188 5550 2293 5603; x_wconf 86' lang='grc' dir='ltr'>εει,</span> <span class='ocrx_word' id='word_1_1061' title='bbox 2322 5538 2365 5591; x_wconf 91' lang='lat' dir='ltr'><strong>si</strong></span> <span class='ocrx_word' id='word_1_1062' title='bbox 2398 5548 2477 5592; x_wconf 88' lang='lat' dir='ltr'><strong>est</strong></span> <span class='ocrx_word' id='word_1_1063' title='bbox 2506 5554 2560 5603; x_wconf 88' lang='lat' dir='ltr'><strong>a,</strong></span> <span class='ocrx_word' id='word_1_1064' title='bbox 2590 5554 2697 5591; x_wconf 91' lang='lat' dir='ltr'><strong>non</strong></span> <span class='ocrx_word' id='word_1_1065' title='bbox 2724 5550 2804 5591; x_wconf 89' lang='grc' dir='ltr'><strong>εει</strong></span> <span class='ocrx_word' id='word_1_1066' title='bbox 2834 5536 2885 5604; x_wconf 91' lang='lat' dir='ltr'><strong>b,</strong></span> <span class='ocrx_word' id='word_1_1067' title='bbox 2930 5551 3151 5592; x_wconf 87' lang='lat' dir='ltr'><strong>necesse</strong></span> <span class='ocrx_word' id='word_1_1068' title='bbox 3188 5547 3271 5592; x_wconf 81' lang='lat' dir='ltr'><strong>est</strong></span> <span class='ocrx_word' id='word_1_1069' title='bbox 3308 5539 3594 5607; x_wconf 88' lang='lat' dir='ltr'><strong>consequi.</strong></span> <span class='ocrx_word' id='word_1_1070' title='bbox 3629 5548 3685 5592; x_wconf 89' lang='lat' dir='ltr'><strong>ut</strong></span> <span class='ocrx_word' id='word_1_1071' title='bbox 3723 5539 3764 5594; x_wconf 88' lang='lat' dir='ltr'><strong>si</strong></span> 
     </span>
    </p>
   </div>
   <div class='ocr_carea' id='block_1_112' title="bbox 2192 5618 3775 5699">
    <p class='ocr_par' dir='ltr' id='par_1_112' title="bbox 2192 5618 3775 5699">
     <span class='ocr_line' id='line_1_112' title="bbox 2192 5618 3775 5699; baseline -0.001 -16"><span class='ocrx_word' id='word_1_1072' title='bbox 2192 5632 2255 5683; x_wconf 87' lang='lat' dir='ltr'><strong>sit</strong></span> <span class='ocrx_word' id='word_1_1073' title='bbox 2283 5630 2332 5696; x_wconf 91' lang='lat' dir='ltr'><strong>b,</strong></span> <span class='ocrx_word' id='word_1_1074' title='bbox 2367 5646 2470 5683; x_wconf 90' lang='lat' dir='ltr'><strong>non</strong></span> <span class='ocrx_word' id='word_1_1075' title='bbox 2502 5629 2567 5682; x_wconf 87' lang='lat' dir='ltr'><strong>sit</strong></span> <span class='ocrx_word' id='word_1_1076' title='bbox 2588 5645 2654 5695; x_wconf 90' lang='lat' dir='ltr'><strong>a;</strong></span> <span class='ocrx_word' id='word_1_1077' title='bbox 2684 5638 2737 5681; x_wconf 90' lang='lat' dir='ltr'><strong>at</strong></span> <span class='ocrx_word' id='word_1_1078' title='bbox 2761 5628 2807 5682; x_wconf 86' lang='lat' dir='ltr'><strong>si</strong></span> <span class='ocrx_word' id='word_1_1079' title='bbox 2832 5642 2935 5681; x_wconf 92' lang='lat' dir='ltr'><strong>non</strong></span> <span class='ocrx_word' id='word_1_1080' title='bbox 2969 5629 3041 5683; x_wconf 89' lang='lat' dir='ltr'><strong>sit</strong></span> <span class='ocrx_word' id='word_1_1081' title='bbox 3063 5646 3113 5694; x_wconf 81' lang='grc' dir='ltr'><strong>ιι,</strong></span> <span class='ocrx_word' id='word_1_1082' title='bbox 3140 5628 3241 5682; x_wconf 92' lang='lat' dir='ltr'><strong>erit</strong></span> <span class='ocrx_word' id='word_1_1083' title='bbox 3273 5645 3333 5693; x_wconf 87' lang='lat' dir='ltr'><strong>c;</strong></span> <span class='ocrx_word' id='word_1_1084' title='bbox 3363 5628 3408 5683; x_wconf 90' lang='lat' dir='ltr'><strong>si</strong></span> <span class='ocrx_word' id='word_1_1085' title='bbox 3440 5618 3599 5699; x_wconf 48' lang='lat' dir='ltr'><strong>{gitur</strong></span> <span class='ocrx_word' id='word_1_1086' title='bbox 3622 5629 3650 5681; x_wconf 91' lang='lat' dir='ltr'><strong>b</strong></span> <span class='ocrx_word' id='word_1_1087' title='bbox 3680 5629 3775 5695; x_wconf 66' lang='lat' dir='ltr'><strong>sit,</strong></span> 
     </span>
    </p>
   </div>
   <div class='ocr_carea' id='block_1_113' title="bbox 2196 5714 3770 5791">
    <p class='ocr_par' dir='ltr' id='par_1_113' title="bbox 2196 5714 3770 5791">
     <span class='ocr_line' id='line_1_113' title="bbox 2196 5714 3770 5791; baseline -0.002 -14"><span class='ocrx_word' id='word_1_1088' title='bbox 2196 5725 2297 5777; x_wconf 87' lang='lat' dir='ltr'><strong>erit</strong></span> <span class='ocrx_word' id='word_1_1089' title='bbox 2322 5738 2380 5788; x_wconf 85' lang='lat' dir='ltr'><strong>c;</strong></span> <span class='ocrx_word' id='word_1_1090' title='bbox 2412 5720 2551 5791; x_wconf 92' lang='lat' dir='ltr'><strong>quod</strong></span> <span class='ocrx_word' id='word_1_1091' title='bbox 2584 5721 2630 5775; x_wconf 64' lang='grc' dir='ltr'>,ι</span> <span class='ocrx_word' id='word_1_1092' title='bbox 2678 5737 2783 5774; x_wconf 91' lang='lat' dir='ltr'><strong>non</strong></span> <span class='ocrx_word' id='word_1_1093' title='bbox 2816 5714 2890 5776; x_wconf 64' lang='lat' dir='ltr'><strong>&#39;sit</strong></span> <span class='ocrx_word' id='word_1_1094' title='bbox 2919 5720 2969 5785; x_wconf 74' lang='grc' dir='ltr'>ὁ,</span> <span class='ocrx_word' id='word_1_1095' title='bbox 3002 5719 3136 5774; x_wconf 90' lang='lat' dir='ltr'><strong>nihil</strong></span> <span class='ocrx_word' id='word_1_1096' title='bbox 3168 5731 3249 5776; x_wconf 87' lang='grc' dir='ltr'><strong>εει</strong></span> <span class='ocrx_word' id='word_1_1097' title='bbox 3282 5720 3675 5783; x_wconf 81' lang='lat' dir='ltr'><strong>necessarium;</strong></span> <span class='ocrx_word' id='word_1_1098' title='bbox 3707 5722 3770 5775; x_wconf 88' lang='lat' dir='ltr'><strong>sit</strong></span> 
     </span>
    </p>
   </div>
   <div class='ocr_carea' id='block_1_114' title="bbox 2196 5813 3768 5892">
    <p class='ocr_par' dir='ltr' id='par_1_114' title="bbox 2196 5813 3768 5892">
     <span class='ocr_line' id='line_1_114' title="bbox 2196 5813 3768 5892; baseline 0 -15"><span class='ocrx_word' id='word_1_1099' title='bbox 2196 5818 2340 5877; x_wconf 84' lang='lat' dir='ltr'><strong>enim</strong></span> <span class='ocrx_word' id='word_1_1100' title='bbox 2370 5833 2402 5873; x_wconf 78' lang='grc' dir='ltr'><strong>α</strong></span> <span class='ocrx_word' id='word_1_1101' title='bbox 2428 5816 2655 5889; x_wconf 82' lang='lat' dir='ltr'><strong>animai,</strong></span> <span class='ocrx_word' id='word_1_1102' title='bbox 2683 5815 2712 5873; x_wconf 71' lang='grc' dir='ltr'><strong>ὁ</strong></span> <span class='ocrx_word' id='word_1_1103' title='bbox 2738 5813 3124 5892; x_wconf 76' lang='lat' dir='ltr'><strong>inanimatam,</strong></span> <span class='ocrx_word' id='word_1_1104' title='bbox 3155 5831 3181 5874; x_wconf 75' lang='grc' dir='ltr'><em>ο</em></span> <span class='ocrx_word' id='word_1_1105' title='bbox 3209 5814 3520 5876; x_wconf 80' lang='lat' dir='ltr'><strong>insensibile</strong></span> <span class='ocrx_word' id='word_1_1106' title='bbox 3554 5832 3567 5871; x_wconf 87' lang='lat'><strong>:</strong></span> <span class='ocrx_word' id='word_1_1107' title='bbox 3602 5816 3652 5872; x_wconf 89' lang='lat' dir='ltr'><strong>in</strong></span> <span class='ocrx_word' id='word_1_1108' title='bbox 3677 5814 3768 5877; x_wconf 79' lang='lat' dir='ltr'><strong>hac</strong></span> 
     </span>
    </p>
   </div>
  </div>
