4056 6330
249 366 347 435 soi

1305 366 1392 422 DE
1434 365 1862 423 SYLLOGISMO
1900 364 2399 424 HYPOTBETICO.

3409 372 3515 431 Μ

248 481 612 573 propositione
655 498 774 554 qua
815 482 981 549 dicit,
1010 485 1053 538 si
1096 491 1180 540 est
1206 483 1417 538 animal
1445 526 1458 548 ,
1494 498 1600 538 non
1635 492 1721 538 est
1753 483 1831 535 in—
1858 484 1911 553 Α
1936 481 2221 548 sensibile,
2271 495 2488 538 necesse
2536 490 2621 538 est
2670 494 2777 538 non
2826 494 2948 549 esse
2984 481 3202 538 animal.
3245 481 3361 540 Sed
3400 497 3513 539 non

244 577 575 642 animatum,
600 577 647 631 si
677 591 782 637 non
812 584 898 633 est
939 577 1165 644 animal,
1195 588 1279 632 est
1309 576 1639 645 insensibile,
1665 576 1710 631 si
1738 590 1826 630 as-

243 682 538 737 sumamus,
577 683 683 724 non
730 677 814 725 est
859 668 1242 741 inanimatui‘n,
1293 684 1397 722 non
1449 683 1673 724 necesse
1723 669 1831 723 erit

246 760 441 815 animal
472 773 594 815 esse
631 760 716 815 vel
748 774 855 815 non
884 774 1039 825 esse,
1072 774 1241 828 quare
1269 775 1337 815 ne
1366 759 1680 815 insensibile
1710 758 1828 827 qui-

245 847 391 905 dem.
428 850 483 906 Si
513 864 641 906 vero
670 865 699 904 a
741 867 768 905 c
811 853 1037 907 termino
1070 851 1163 906 liat
1188 851 1509 920 assumptio,
1540 852 1586 906 si
1609 849 1825 920 quidem

245 960 353 1007 non
391 946 463 999 sit
491 962 539 1009 c,
572 962 677 1005 non
708 945 811 1002 erit
839 945 900 1011 b;
926 945 973 1003 si
1001 960 1131 1001 vero
1164 961 1193 999 c
1220 945 1323 1013 sit,
1352 944 1501 1005 nulla
1536 944 1833 1001 necessitas

244 1036 349 1091 erit
374 1036 762 1100 conclusionis,
799 1052 920 1097 nam
949 1035 1201 1108 quoniam
1232 1036 1306 1091 ita
1350 1035 1679 1106 propositum
1710 1045 1823 1099 εει,

244 1138 307 1183 ιιι
342 1129 384 1184 si
414 1130 481 1183 sit
501 1146 553 1194 a,
583 1145 687 1184 non
714 1129 785 1185 sit
813 1128 863 1195 ὁ,
906 1129 950 1195 si
981 1143 1111 1187 vero
1146 1143 1252 1183 non
1279 1128 1351 1183 sit
1375 1146 1443 1195 α,
1467 1128 1535 1182 sit
1561 1144 1608 1196 ε,
1638 1141 1701 1180 ea
1740 1140 1841 1181 re-.

242 1236 359 1277 rum
390 1231 472 1278 est
494 1221 895 1294 consequentia,
937 1232 995 1289 ut
1036 1222 1218 1293 sinon
1260 1220 1330 1276 sit
1364 1236 1413 1287 c,
1445 1220 1516 1275 sit
1546 1236 1611 1284 a;
1644 1218 1697 1273 in
1740 1216 1826 1287 his

242 1312 385 1367 enim
418 1324 619 1368 tantum
651 1312 892 1370 terminis
915 1312 1018 1368 dici
1050 1322 1256 1383 potest,
1282 1313 1379 1382 qui
1401 1310 1688 1377 medietate
1717 1310 1821 1378 pri-

241 1407 352 1462 vati
390 1417 544 1471 sunt;
589 1416 643 1462 at
667 1408 712 1464 si
745 1407 896 1475 sita,
931 1420 1039 1473 non
1063 1415 1147 1477 est
1168 1406 1215 1461 b.
1250 1406 1309 1463 Si
1351 1406 1510 1476 igitur
1543 1422 1647 1461 non
1678 1404 1751 1459 sit
1773 1422 1822 1471 c,

240 1514 350 1555 non
395 1500 497 1554 erit
525 1501 592 1566 b;
620 1501 763 1570 quod
805 1501 853 1556 si
898 1502 973 1556 sit
1005 1516 1069 1566 ο,
1091 1500 1271 1561 nullius
1317 1509 1399 1555 est
1448 1498 1819 1569 syllogismus;

240 1608 368 1646 nam
402 1592 453 1647 in
488 1593 587 1648 hac
633 1593 1002 1662 propositione
1042 1608 1167 1663 qua:
1192 1591 1350 1658 dicit,
1395 1591 1443 1645 si
1470 1601 1552 1647 est
1590 1591 1819 1655 animal,

242 1698 348 1745 non
375 1693 456 1738 est
487 1683 868 1752 inanimatum,
898 1685 946 1739 si
975 1698 1103 1739 vero
1142 1698 1247 1739 non
1274 1681 1577 1749 estanimal
1596 1722 1610 1746 ,
1644 1682 1822 1737 insen-

241 1774 395 1831 sibile
418 1789 531 1845 est,
560 1788 795 1832 assumat
829 1776 1023 1846 aliquis
1049 1790 1173 1832 esse
1214 1773 1542 1839 insensibile,
1577 1772 1821 1842 sequitur

1936 574 2229 643 animatum
2260 573 2473 643 quidem
2498 574 2582 630 vel
2611 588 2731 630 esse
2755 572 2842 629 vel
2871 588 2976 629 non
3002 588 3125 635 esse
3146 590 3367 632 necesse
3395 586 3509 643 est,

1928 663 2076 737 quod
2116 664 2162 717 si
2209 680 2235 716 ε
2268 664 2531 719 terminus
2570 674 2895 731 assumatur,
2920 665 2964 718 si
2992 665 3207 733 quidem
3248 667 3513 736 negative,

1926 756 2088 813 faciet
2133 755 2535 827 syllogismum,
2582 756 2901 823 affirmative
2944 771 3092 822 vero,
3143 756 3290 813 nullo
3323 757 3504 825 modo,

1926 864 2051 923 nam
2075 849 2123 907 si
2152 863 2260 907 non
2291 856 2377 905 est
2414 863 2462 917 ο,
2496 864 2601 903 non
2642 858 2724 905 est
2748 867 2800 903 a.
2829 848 2987 915 Quod
3014 850 3063 904 si
3090 865 3194 905 non
3224 858 3313 907 est
3333 867 3397 914 α,
3426 860 3513 907 est

1928 944 1978 1017 li,
2014 943 2061 1005 si
2109 942 2270 1015 igitur
2309 959 2358 1010 c,
2387 958 2492 999 non
2524 953 2607 999 est
2642 944 2693 1013 ό,
2718 945 2861 1014 quod
2896 945 2939 1001 si
2974 943 3107 1009 sita,
3138 960 3242 999 non
3291 959 3516 1007 necesse

1926 1046 2011 1107 est
2049 1052 2169 1094 esse
2214 1037 2298 1093 vel
2355 1052 2460 1092 non
2515 1051 2638 1093 esse
2682 1053 2746 1103 α,
2776 1051 2881 1106 quo
2932 1038 2989 1092 fit
3022 1046 3087 1091 ut
3121 1052 3191 1099 ne
3228 1037 3256 1089 ὸ
3293 1036 3511 1105 quidem

1927 1147 2049 1209 esse
2072 1132 2154 1187 vel
2184 1147 2291 1187 non
2321 1145 2446 1187 esse
2475 1144 2700 1191 necesse
2727 1129 2826 1196 sit,
2862 1144 2985 1187 nam
3013 1129 3063 1181 si
3082 1137 3164 1183 est
3192 1128 3513 1193 animatum,-

1926 1243 2034 1289 non
2064 1241 2288 1284 necesse
2310 1234 2396 1283 est
2427 1240 2548 1293 esse
2572 1225 2657 1281 vel
2683 1240 2792 1283 non
2816 1238 2940 1281 esse
2971 1223 3201 1289 animal,
3227 1238 3351 1279 cum
3380 1239 3511 1283 vero

1927 1320 2125 1381 animal
2156 1335 2269 1375 non
2294 1318 2397 1387 sit,
2426 1333 2537 1377 non
2564 1331 2797 1381 necesse
2810 1325 2894 1373 est
2923 1316 3238 1377 insensibile
3261 1316 3345 1371 vel
3386 1330 3515 1379 esse

1926 1414 2013 1473 vel
2047 1429 2154 1469 non
2187 1428 2329 1470 esse.
2362 1412 2663 1483 Propositio
2693 1426 2821 1469 vero
2855 1410 3053 1467 eadem
3084 1418 3168 1465 cst
3191 1425 3310 1478 qua:
3351 1422 3515 1479 80W

1925 1504 2181 1579 rioribus.
2228 1503 2433 1567 Rursus
2460 1519 2527 1559 ex
2567 1511 2723 1559 sexta
2765 1498 3131 1575 propositione
3162 1499 3224 1555 lit
3261 1498 3507 1571 syllogis-

1925 1610 2043 1661 mus
2071 1596 2174 1651 hoc
2203 1596 2361 1649 motio
2387 1612 2398 1647 :
2426 1595 2472 1651 si
2505 1610 2612 1651 non
2641 1604 2723 1650 est
2751 1610 2816 1659 α,
2846 1602 2929 1651 εει
2957 1594 3007 1658 b,
3038 1600 3096 1647 et
3120 1592 3165 1648 si
3193 1601 3278 1649 est
3310 1609 3364 1657 ε,
3398 1609 3515 1651 ιιοιι

1924 1698 2013 1743 εει
2050 1704 2111 1752 c;
2140 1688 2261 1742 dico
2305 1688 2427 1758 quia
2469 1687 2515 1741 si
2554 1703 2661 1743 non
2698 1695 2781 1745 est
2815 1687 2867 1751 b,
2914 1700 3018 1751 non
3044 1686 3148 1742 erit
3188 1702 3237 1749 ε,
3276 1684 3327 1739 si

1930 1794 2037 1835 nou
2063 1788 2145 1834 cst
2165 1772 2215 1843 ὸ,
2244 1787 2325 1834 εει
2346 1796 2410 1841 a,
2437 1786 2494 1835 at
2522 1779 2564 1833 si
2597 1788 2685 1833 cst
2704 1794 2772 1844 α,
2801 1792 2913 1833 non
2940 1787 3027 1832 εει
3057 1792 3106 1843 c,
3135 1774 3182 1830 si
3214 1774 3371 1846 igitur
3399 1790 3509 1831 non

238 1869 452 1938 quidem
487 1881 668 1925 utnon
700 1872 769 1925 sit
797 1869 1014 1935 animal,
1041 1870 1135 1925 sed
1166 1886 1268 1935 non
1296 1869 1539 1938 sequitur
1560 1879 1619 1922 ut
1642 1868 1723 1923 vel
1753 1868 1825 1922 sit
1852 1858 1907 1931 Β
1927 1880 2009 1925 εει
2037 1875 2085 1935 b,
2122 1885 2227 1925 non
2259 1869 2363 1925 erit
2390 1885 2438 1933 c,
2484 1867 2624 1937 quod
2665 1869 2708 1921 si
2741 1867 2769 1920 b
2803 1866 3089 1923 terminum
3114 1873 3275 1932 ponat
3300 1878 3510 1921 assum-

238 1961 325 2025 νει
368 1978 471 2017 non
512 1962 582 2016 sit
620 1963 933 2017 animatum.
976 1961 1054 2017 Ex
1100 1970 1287 2030 quarta
1332 1960 1696 2030 propositioiie
1739 1968 1823 2014 est

237 2053 575 2123 syllogismus
602 2053 671 2107 ita
698 2070 709 2106 :
735 2055 781 2108 si
808 2062 886 2109 est
911 2070 963 2119 α,
994 2068 1099 2117 non
1126 2061 1212 2108 est
1238 2052 1288 2118 ὸ,
1317 2052 1364 2111 si
1391 2068 1497 2119 non
1522 2060 1603 2106 est
1630 2068 1682 2118 a,
1715 2065 1818 2107 non

238 2153 404 2209 estc;
430 2144 548 2200 dico
587 2143 835 2213 quoniam
879 2144 927 2200 si
968 2152 1051 2199 est
1079 2144 1131 2209 ὁ,
1162 2159 1266 2203 non
1309 2152 1397 2200 est
1422 2159 1471 2208 ο,
1524 2157 1647 2205 nam
1690 2158 1822 2212 quo-

237 2234 382 2291 niam
407 2235 478 2290 ita
524 2235 856 2304 propositum
886 2243 997 2298 est,
1028 2233 1075 2288 si
1100 2242 1186 2290 est
1222 2250 1276 2301 a,
1310 2250 1415 2295 non
1448 2244 1533 2301 est
1563 2233 1614 2298 ὁ,
1644 2249 1705 2291 ea
1736 2250 1823 2288 rc-

237 2341 365 2382 :um
401 2326 784 2397 consequentia
812 2336 924 2395 est,
959 2335 1016 2382 ut
1052 2327 1105 2382 si
1129 2327 1200 2381 sit
1233 2326 1284 2391 b,
1317 2341 1421 2381 non
1468 2327 1536 2380 sit
1576 2342 1648 2388 a;
1675 2324 1819 2395 atqui

243 2432 365 2473 eum
396 2434 500 2474 non
527 2419 680 2483 sita,
713 2418 942 2487 positum
975 2418 1148 2473 fuerat
1191 2433 1295 2472 non
1330 2432 1449 2472 esse
1487 2434 1531 2471 c.
1568 2417 1623 2472 Si
1663 2417 1821 2486 igitur

240 2511 319 2565 ait
333 2509 384 2577 ὁ,
412 2526 519 2566 non
537 2518 621 2573 est
646 2526 704 2577 c;
727 2508 870 2581 quod
898 2510 943 2564 si
967 2510 995 2562 ὁ
1026 2524 1132 2563 non
1155 2524 1283 2563 esse
1297 2517 1621 2574 assumatur,
1646 2508 1822 2560 nullus

239 2604 347 2667 erit
386 2602 746 2674 syllogismus.
777 2601 895 2671 Age
920 2601 1063 2657 enim
1110 2601 1182 2663 sit
1208 2617 1241 2653 a
1267 2600 1488 2670 quidem
1536 2600 1727 2653 animal
1748 2641 1764 2667 ,
1791 2601 1819 2652 ὁ

240 2693 624 2763 ipanimatum,
653 2711 681 2749 c
730 2693 1016 2757 rationale,
1044 2701 1101 2747 et
1139 2694 1209 2747 sit
1253 2692 1369 2747 haec
1411 2692 1733 2760 propositio,
1777 2691 1820 2745 si

240 2794 327 2840 est
351 2785 568 2851 animal,
601 2800 709 2843 non
739 2793 824 2843 est
852 2785 1241 2847 inanimatam,
1280 2783 1327 2837 si
1359 2774 1572 2837 nonest
1599 2781 1819 2847 animal,

241 2890 351 2939 non
374 2884 456 2931 est
480 2875 776 2941 rationale;
809 2890 1144 2929 assumamus
1172 2873 1331 2943 igitur
1357 2888 1469 2939 non
1494 2888 1615 2928 esse
1649 2872 1822 2926 inani-

241 2980 479 3034 matum,
509 2983 613 3024 non
645 2983 867 3025 necesse
894 2969 997 3024 erit
1024 2982 1145 3025 esse
1175 2969 1400 3041 animal,
1430 2967 1685 3036 quocirca
1721 2982 1818 3020 ne:

239 3058 523 3123 nationale.
575 3058 778 3115 Rursus
808 3059 904 3113 sic
944 3057 1201 3114 terminus
1247 3071 1568 3127 assumatur,
1610 3058 1652 3111 si
1704 3057 1822 3126 qui-

241 3151 375 3209 dem
393 3166 515 3211 esse
543 3163 792 3225 ponatur,
816 3168 1036 3219 necesse
1066 3152 1169 3211 crit
1190 3168 1296 3209 non
1327 3168 1447 3209 esse
1472 3152 1521 3207 ὁ.
1551 3154 1620 3208 Αι
1639 3155 1683 3208 si
1715 3171 1819 3208 non

1925 1964 2060 2030 ptio,
2095 1961 2238 2015 nulla
2265 1969 2347 2015 est
2379 1960 2674 2015 necessitas
2701 1958 3078 2022 conclusionis,
3102 1957 3148 2012 si
3178 1955 3320 2015 enim
3351 1963 3437 2014 est
3452 1956 3517 2023 ὁ,

1924 2068 2027 2105 non
2060 2060 2143 2107 est
2166 2068 2195 2105 ε
2216 2094 2230 2117 ,
2268 2050 2320 2106 id
2351 2049 2493 2104 enim
2520 2065 2587 2105 cx
2615 2048 2984 2122 superioribus
3018 2046 3354 2109 manifestum
3392 2055 3505 2113 εει,

1922 2151 1975 2195 at
2002 2143 2044 2196 si
2078 2158 2182 2197 non
2210 2150 2291 2203 est
2316 2158 2369 2210 a,
2407 2140 2536 2194 nihil
2566 2139 2630 2195 ad
2660 2155 2707 2203 ε,
2753 2150 2879 2195 tunc
2906 2139 3050 2199 enim
3082 2154 3108 2191 c
3138 2152 3247 2193 non
3273 2144 3420 2200 erat,
3457 2134 3507 2203 si
3582 2202 3593 2205 _
3666 2154 3675 2159 ·

1922 2242 2068 2288 esset
2090 2250 2152 2299 a;
2182 2231 2482 2303 exemplum
2515 2246 2644 2287 vero
2675 2229 2774 2286 hoc
2801 2239 2927 2295 est,
2950 2239 3009 2285 ut
3036 2229 3083 2284 si
3110 2229 3179 2283 sit
3217 2244 3250 2287 ε
3279 2226 3506 2295 animal,

1923 2328 1951 2379 li
1982 2326 2313 2391 insensibile,
2362 2341 2388 2378 c
2434 2325 2801 2379 inanimatam.
2837 2323 2892 2378 Si
2922 2322 3079 2392 igitur
3106 2322 3177 2381 sit
3215 2319 3506 2391 propositio

1922 2419 2060 2480 talis,
2108 2418 2151 2470 si
2183 2430 2289 2470 non
2331 2424 2413 2475 est
2441 2415 2665 2479 animal,
2697 2423 2782 2469 est
2821 2410 3152 2476 insensibile,
3184 2410 3228 2465 si
3260 2421 3344 2466 est
3384 2409 3502 2464 ani-

1922 2509 2056 2573 mal,
2090 2522 2194 2561 non
2222 2516 2305 2561 est
2336 2506 2701 2558 inanimatam.
2737 2504 2889 2573 Atqui
2922 2512 3006 2563 est
3034 2499 3367 2568 insensibile,
3397 2514 3504 2554 non

1922 2609 2007 2653 est
2051 2598 2215 2668 igitur
2260 2595 2490 2660 animal,
2537 2594 2630 2649 scd
2675 2608 2780 2661 non
2824 2591 3171 2660 consequitur
3215 2596 3274 2644 ut
3314 2590 3386 2643 sit
3423 2588 3507 2643 vel

1923 2707 2029 2745 non
2067 2693 2135 2744 sit
2179 2690 2558 2749 inanimalum,
2588 2686 2730 2757 quod
2776 2686 2820 2740 si
2862 2702 2889 2738 ε
2919 2684 3205 2739 terminum
3254 2696 3501 2752 sumpse-

1924 2783 2113 2851 rimus,
2144 2782 2188 2835 si
2221 2779 2435 2851 quidem
2467 2778 2724 2844 affirmes,
2755 2776 2919 2831 facies
2948 2774 3339 2846 syllogismum,
3382 2787 3509 2831 nam

1924 2874 1969 2943 si
1994 2882 2073 2927 εει
2097 2890 2145 2937 c,
2173 2888 2276 2926 non
2312 2872 2415 2926 erit
2439 2888 2489 2937 a,
2520 2871 2662 2940 quod
2690 2869 2736 2923 si
2762 2885 2794 2922 a
2822 2883 2927 2922 nou
2954 2868 3042 2935 sit,
3069 2866 3167 2922 erit
3194 2866 3243 2921 ὁ.
3268 2866 3324 2922 Si
3351 2864 3510 2935 igitur

1925 2979 1955 3016 c
1982 2962 2172 3028 fuerit,
2215 2961 2317 3015 erit
2357 2960 2406 3015 b.
2439 2964 2505 3016 At
2534 2963 2578 3015 si
2623 2960 2904 3031 negaveris
2944 2974 2990 3023 ε,
3026 2957 3159 3011 nihil
3200 2965 3284 3012 est
3323 2970 3511 3013 neces-

1924 3055 2140 3108 sirium.
2177 3051 2231 3107 Si
2277 3053 2420 3107 enim
2464 3066 2831 3117 assumamus,
2859 3050 3004 3120 atqui
3054 3064 3158 3105 non
3207 3058 3289 3104 est
3315 3066 3362 3116 ε,
3394 3063 3505 3113 non

1927 3160 2149 3223 necesse
2197 3145 2302 3200 erit
2346 3158 2465 3199 esse
2522 3142 2606 3198 vel
2659 3158 2765 3198 non
2814 3158 2935 3197 esse
2977 3159 3039 3208 α,
3073 3141 3319 3212 quocircs
3365 3154 3431 3199 ne
3477 3140 3517 3197 bl

240 3252 326 3305 est
349 3259 394 3308 ε,
427 3243 602 3301 nullus
641 3254 727 3305 est
760 3245 1125 3316 syllogismus,
1168 3260 1291 3305 nam
1322 3246 1573 3316 quoniam
1623 3261 1821 3315 propo-
1850 3229 2166 3309 Qquidem.
2198 3238 2329 3292 Nam
2358 3238 2403 3293 si
2433 3239 2785 3292 inanimatum
2818 3237 3115 3306 negaveris,
3150 3251 3258 3293 non
3286 3247 3509 3290 necesse

244 3334 413 3391 situm
434 3346 547 3403 est,
579 3336 627 3393 si
667 3353 700 3389 a
725 3337 829 3404 sit,
879 3353 983 3399 non
1031 3351 1153 3407 esse
1184 3340 1233 3401 b,
1276 3338 1381 3393 sia
1419 3353 1524 3393 non
1579 3338 1679 3403 sit,
1715 3354 1821 3392 non

244 3441 366 3493 esse
389 3446 438 3495 ε,
470 3444 694 3497 necesse
723 3438 807 3495 est
832 3440 924 3494 ut,
957 3446 1077 3491 cum
1108 3433 1179 3486 sit
1208 3446 1255 3495 ε,
1294 3433 1366 3486 sit
1409 3432 1570 3485 etiam
1600 3447 1661 3495 a,
1693 3440 1747 3483 at
1778 3434 1823 3485 si

244 3524 399 3587 sita,
431 3537 535 3577 non
566 3523 637 3578 sit
662 3523 714 3588 ὁ,
741 3523 785 3578 si
817 3524 979 3593 igitur
1008 3529 1074 3578 sit
1106 3541 1154 3589 c,
1189 3538 1297 3579 non
1328 3522 1426 3578 erit
1463 3524 1521 3587 b;
1550 3523 1694 3593 quod
1725 3526 1769 3577 si
1797 3538 1824 3576 c

244 3625 353 3668 non
394 3628 513 3670 esse
542 3623 795 3683 ponatur,
830 3614 1009 3670 nullus
1048 3624 1135 3669 est
1181 3613 1542 3686 syllogismus,
1576 3616 1738 3668 veluti
1771 3616 1824 3668 in

248 3704 348 3767 hac
384 3696 777 3775 propositione,
808 3708 853 3761 si
895 3717 979 3762 est
1008 3706 1232 3771 animal,
1283 3721 1388 3760 non
1438 3717 1519 3759 cst
1570 3706 1824 3759 inanima-

246 3808 390 3862 tum,
422 3798 471 3853 si
501 3813 604 3853 non
632 3808 715 3857 est
754 3799 984 3864 animal,
1017 3815 1125 3853 non
1164 3808 1250 3852 est
1297 3798 1575 3853 rationale.
1621 3798 1677 3853 Si
1708 3799 1827 3868 quis

245 3890 402 3961 igitur
440 3900 677 3945 assumat
712 3905 818 3946 non
860 3906 980 3946 esse
1009 3890 1288 3953 rationale,
1322 3905 1426 3944 non
1466 3905 1686 3946 necesse
1724 3891 1829 3955 erit

246 3998 366 4039 esse
391 3984 474 4039 vel
506 3999 612 4039 non
642 3999 762 4039 esse
805 3984 1025 4049 animal,
1075 3984 1324 4053 quocirca
1371 3998 1437 4040 ne
1480 3984 1827 4039 iuanimatum

246 4075 460 4143 quidem
510 4090 632 4133 esse
683 4076 767 4131 vel
820 4091 926 4131 non
974 4091 1113 4131 esse.
1160 4078 1335 4147 Atque
1381 4075 1431 4130 in
1482 4077 1564 4131 his
1611 4077 1825 4147 quidem

247 4176 479 4235 quatuor
522 4168 990 4238 propositionibus,
1027 4172 1095 4224 ita
1126 4185 1159 4222 ιι
1189 4170 1449 4225 terminus
1480 4171 1680 4240 positus
1710 4181 1822 4233 est,

246 4266 304 4315 ut
332 4260 399 4313 ad
436 4260 464 4312 ὁ
494 4260 703 4327 quidem
734 4276 855 4316 esse
884 4260 1173 4325 diceretur,
1204 4262 1269 4315 ad
1299 4278 1327 4316 ε
1365 4277 1491 4316 vero
1518 4277 1633 4317 non
1670 4277 1791 4317 esse
1809 4277 1831 4327 ;,

244 4351 385 4422 quod
416 4352 471 4407 si.
493 4353 626 4419 ordo
661 4362 919 4419 mutetur,
949 4367 1137 4408 rursus
1162 4362 1390 4423 quatuor
1414 4362 1573 4408 erunt
1597 4352 1691 4407 alii
1719 4353 1828 4423 syl-

242 4442 481 4514 logismi,
505 4447 548 4501 si
579 4447 607 4501 Ι)
633 4448 897 4503 terminus
927 4457 1250 4515 assumatur,
1274 4457 1503 4518 quatuor
1527 4446 1687 4503 etiam
1710 4448 1822 4512 alii,

244 4538 290 4601 si
318 4554 380 4602 c;
407 4553 473 4595 ex
498 4549 733 4610 utraque
749 4548 927 4607 autem
957 4548 1110 4610 parte
1131 4548 1404 4610 quaterna;
1426 4540 1827 4609 complexiones

1926 3342 2007 3385 est
2037 3346 2157 3386 esse
2186 3320 2281 3384 vel
2312 3345 2415 3384 non
2461 3344 2581 3384 esse
2622 3328 2849 3390 animal,
2891 3328 3141 3398 quocirca
3183 3341 3249 3382 ne
3280 3326 3509 3381 insensi-

1926 3423 2035 3478 bile
2063 3422 2276 3492 quidem
2320 3437 2439 3476 esse
2470 3421 2554 3475 vel
2588 3438 2693 3475 non
2736 3434 2877 3475 esse.
2917 3420 2995 3474 Ex
3040 3418 3265 3487 septima
3316 3433 3512 3487 propo-

1926 3516 2119 3570 sitione
2162 3513 2434 3571 conclusio
2475 3525 2557 3567 est
2602 3527 2727 3567 cum
2777 3513 2847 3566 ita
2896 3512 3264 3580 proponimus,
3311 3510 3357 3564 si
3401 3524 3507 3565 non

1927 3614 2011 3660 est
2047 3623 2101 3672 a,
2145 3622 2249 3659 non
2290 3616 2373 3659 est
2402 3604 2453 3669 ὁ,
2483 3606 2527 3657 si
2560 3614 2640 3658 est
2667 3620 2719 3670 a,
2755 3612 2836 3657 est
2866 3618 2927 3666 c;
2965 3600 3087 3656 dico
3123 3602 3247 3672 quia
3276 3600 3321 3655 si
3346 3610 3430 3655 est
3456 3600 3509 3669 ο,

1928 3700 2033 3754 erit
2059 3714 2106 3764 ε,
2135 3713 2255 3751 nam
2284 3698 2534 3768 quoniam
2564 3698 2636 3750 ita
2665 3696 2993 3765 propositum
3022 3701 3125 3757 est,
3158 3693 3204 3747 si
3229 3708 3334 3746 non
3366 3700 3513 3750 esset

1928 3808 1979 3857 a,
2015 3806 2119 3847 non
2148 3807 2268 3847 esse
2298 3791 2346 3858 ὁ,
2376 3792 2481 3845 erit
2512 3807 2567 3858 α,
2598 3790 2643 3844 si
2684 3788 2751 3843 sit
2778 3788 2828 3845 b.
2858 3788 3017 3857 Atqui
3044 3785 3090 3841 si
3129 3786 3200 3841 sit
3227 3801 3287 3852 α,
3331 3788 3431 3840 erit
3461 3801 3510 3840 ο.

1930 3886 1986 3941 Si
2012 3886 2170 3956 igitur
2195 3886 2266 3941 sit
2296 3885 2346 3951 b,
2368 3887 2472 3940 erit
2502 3903 2550 3949 τ,
2593 3883 2735 3952 quod
2776 3883 2817 3936 si
2861 3882 2890 3934 b
2926 3880 3210 3935 terminum
3245 3888 3401 3949 neget
3427 3893 3513 3933 εε-

1927 3979 2184 4045 ειιιιιιριίο,
2220 3977 2363 4032 nulla
2406 3976 2508 4031 erit
2540 3976 2591 4029 in
2622 3972 2966 4029 conclusione
3011 3969 3304 4026 necessitas
3339 3985 3351 4020 :
3386 3983 3507 4023 nam

1927 4070 1977 4126 si
2000 4087 2105 4125 non
2133 4070 2203 4123 sit
2230 4070 2280 4135 b,
2315 4068 2445 4123 nihil
2476 4067 2579 4122 erit
2608 4065 2973 4121 necessarium
3000 4078 3119 4118 esse
3151 4062 3235 4116 vel
3265 4077 3368 4116 non
3393 4074 3511 4117 csse

1929 4180 1994 4230 ι,
2028 4166 2278 4231 quocirca
2324 4177 2390 4217 ne
2432 4142 2699 4229 equidem
2745 4159 2885 4212 velut
2928 4158 2982 4210 in
3024 4155 3106 4209 his
3150 4152 3415 4217 terminis.
3461 4153 3510 4208 si

1927 4257 2069 4312 enim
2110 4256 2179 4310 sit
2217 4271 2251 4306 a
2293 4256 2613 4316 animatum,
2646 4252 2675 4304 l1
2717 4251 2943 4313 animal,
2991 4264 3021 4303 ο
3063 4248 3274 4313 vivere,
3325 4245 3371 4301 si
3418 4246 3503 4302 sic

1930 4346 2296 4411 enuntiemus,
2328 4345 2372 4398 si
2405 4359 2510 4398 non
2552 4352 2638 4398 est
2675 4344 3002 4407 animatum,
3034 4356 3139 4394 non
3170 4348 3253 4394 est
3279 4338 3510 4406 animal,

1930 4439 1976 4493 si
2018 4448 2100 4494 est
2138 4438 2431 4492 animatum
2484 4436 2640 4500 vivit,
2692 4435 2737 4489 si
2767 4434 2929 4505 igitur
2973 4447 3333 4496 assumamus,
3363 4432 3512 4501 atqui

1931 4548 2038 4587 non
2078 4541 2161 4586 est
2188 4530 2417 4598 animal,
2453 4544 2557 4599 non
2600 4542 2824 4583 necesse
2852 4537 2934 4581 est
2974 4540 3095 4582 esse
3122 4525 3207 4580 vel
3255 4540 3360 4580 non
3391 4538 3517 4580 esse

243 4638 438 4696 erunt,
484 4646 604 4701 quae
652 4632 828 4691 nulle
885 4631 1087 4687 faciunt
1140 4633 1499 4703 syllogismos.
1551 4631 1631 4687 Sit
1681 4633 1824 4686 enim
1852 4614 1907 4677 Β
1931 4625 2258 4687 animatum,
2286 4623 2543 4693 quocirca
2574 4635 2671 4675 nec
2700 4620 2901 4684 vivere,
2933 4618 3072 4689 quod
3102 4619 3145 4672 si
3177 4630 3511 4673 assumamus

242 4721 429 4788 quinta
455 4720 773 4791 propositio,
806 4722 851 4781 si
882 4738 991 4777 non
1017 4732 1099 4777 est
1122 4738 1187 4789 α,
1213 4732 1297 4776 εει
1323 4722 1371 4787 ι’,
1401 4721 1444 4778 si
1470 4730 1552 4777 est
1578 4738 1629 4787 a,
1661 4731 1743 4776 est
1764 4738 1824 4787 c;

244 4811 366 4864 dico
408 4812 531 4881 quia
571 4812 614 4865 si
658 4825 763 4867 non
796 4820 880 4867 est
923 4812 973 4877 b,
1020 4812 1123 4866 erit
1163 4828 1221 4877 c;
1261 4822 1603 4867 assumantur
1644 4813 1822 4877 enim,

244 4901 388 4969 atqui
420 4917 525 4958 non
552 4912 637 4957 est
662 4905 709 4969 ὸ,
745 4903 845 4958 erit
873 4904 1031 4974 igitur
1057 4920 1109 4969 a,
1143 4903 1229 4958 hic
1257 4903 1399 4958 enim
1426 4906 1823 4975 corisequentize

240 5005 392 5049 ratus
425 5009 545 5050 esse
572 4998 872 5051 constabat.
906 4995 1011 5052 Sed
1043 5010 1164 5050 cum
1191 5004 1275 5050 est
1299 5012 1352 5063 a,
1387 5008 1468 5051 est
1504 5012 1552 5060 c,
1586 4998 1630 5050 si
1662 4997 1824 5067 igitur

242 5100 351 5139 non
398 5097 475 5140 est
514 5087 563 5151 b,
595 5088 702 5142 erit
741 5086 960 5157 c,quod
1004 5088 1047 5141 si
1079 5087 1106 5139 b
1137 5101 1261 5142 esse
1299 5096 1545 5156 ponatur,
1578 5087 1711 5142 nihil
1752 5090 1825 5144 sit

240 5179 609 5233 necessarium
629 5220 642 5244 ,
676 5181 721 5235 si
766 5182 908 5235 enim
936 5188 1017 5235 est
1048 5179 1107 5243 b,
1159 5194 1263 5234 non
1294 5181 1395 5235 erit
1423 5196 1451 5232 α
1473 5222 1487 5244 ,
1516 5179 1656 5249 quod
1693 5181 1737 5236 si
1790 5199 1823 5235 a

237 5284 347 5324 non
377 5279 479 5333 est,
514 5270 643 5325 nihil
670 5271 739 5325 ad
766 5287 814 5335 ε,
849 5273 1098 5341 quocirca
1129 5270 1307 5325 nullus
1338 5279 1421 5326 est
1454 5269 1819 5342 syllogismus.

238 5362 359 5417 Non
407 5376 528 5418 esse
557 5373 735 5418 autem
776 5380 841 5433 a,
870 5363 915 5418 si
961 5363 989 5416 b
1019 5363 1118 5431 sit,
1164 5377 1225 5418 ea
1259 5363 1554 5431 propositio
1600 5361 1825 5417 demon-

238 5462 397 5520 strat,
424 5469 517 5524 per
541 5470 698 5524 quam
724 5454 971 5520 dicimus,
992 5455 1037 5508 si
1061 5469 1165 5507 non
1190 5463 1271 5508 est
1289 5470 1342 5520 a,
1361 5462 1443 5508 est
1465 5453 1514 5506 b.
1543 5453 1655 5508 lloc
1678 5455 1819 5509 enim

240 5544 292 5598 iu
323 5545 649 5601 immeiliatis
672 5555 874 5601 tantum
905 5546 1186 5600 contrariis
1209 5546 1406 5599 evenit.
1435 5548 1545 5614 Age
1577 5546 1719 5599 enim
1750 5546 1821 5600 sit

233 5654 270 5692 a
301 5638 518 5707 quidem
550 5639 774 5706 animal,
806 5640 834 5693 ὸ
868 5654 996 5693 vero
1031 5636 1359 5701 insensibile,
1403 5653 1431 5691 c
1460 5654 1587 5693 vero
1616 5639 1822 5692 anima-

236 5737 375 5795 tum,
405 5739 459 5786 et
492 5741 838 5801 proponatur,
884 5731 929 5786 si
974 5730 1167 5785 animal
1216 5746 1321 5785 non
1363 5739 1472 5797 est,
1509 5730 1822 5787 insensibile

230 5828 340 5895 est,
371 5821 418 5881 si
442 5821 639 5901 animal
664 5831 768 5893 est,
798 5822 1092 5879 animatum
1121 5831 1226 5900 est,
1255 5830 1309 5880 et
1337 5831 1564 5897 ponatur
1588 5838 1710 5883 esse
1738 5822 1822 5883 in-

1931 4732 1959 4769 c
1981 4717 2287 4781 terminum,
2319 4715 2363 4768 si
2388 4714 2604 4784 quidem
2635 4725 2913 4781 negemus,
2943 4709 3046 4766 erit.
3068 4710 3358 4781 syllogismi
3390 4724 3511 4779 per-

1930 4810 2069 4866 fecta
2102 4810 2425 4870 necessitas;
2465 4806 2510 4861 si
2555 4820 2684 4861 vero
2709 4804 3059 4870 aflirmemus,
3093 4803 3239 4858 nulla
3270 4813 3353 4858 est
3382 4816 3513 4856 con-

1930 4902 2126 4958 clusio.
2172 4900 2304 4955 Nam
2337 4901 2380 4953 si
2423 4914 2527 4953 non
2565 4908 2651 4953 est
2677 4914 2724 4965 ε,
2757 4898 2944 4963 erita,
2973 4896 3016 4950 si
3047 4910 3153 4950 non
3184 4904 3265 4950 est
3294 4909 3355 4959 a,
3401 4908 3506 4946 non

1929 4995 2033 5050 erit
2060 4994 2109 5059 ὸ,
2138 4992 2184 5047 si
2214 4992 2370 5062 igitur
2418 5005 2523 5046 non
2566 4991 2638 5045 sit
2668 5006 2714 5055 c,
2748 5004 2854 5045 non
2899 4989 3001 5044 crit
3027 4988 3081 5056 ὁ,
3117 4986 3256 5057 quod
3288 4987 3330 5040 si
3364 4984 3510 5038 amr-

1929 5073 2107 5143 inetur
2142 5102 2186 5153 c,
2220 5084 2352 5141 nihil
2403 5094 2486 5140 est
2530 5085 2921 5147 necessarium,
2966 5081 3078 5136 sive
3103 5082 3244 5134 enim
3294 5091 3513 5132 necesse

1929 5191 2176 5246 estesse,
2204 5180 2317 5235 sive
2349 5194 2453 5232 non
2486 5191 2707 5233 necesse
2742 5186 2826 5232 est
2852 5190 2972 5231 esse
3000 5190 3063 5240 α,
3106 5173 3234 5227 nihil
3275 5173 3338 5225 ad
3382 5172 3429 5235 b,
3458 5184 3512 5224 ut

1930 5277 1983 5331 in
2029 5273 2397 5345 superioribus
2444 5272 2688 5328 terminis
2730 5271 2925 5342 poterit
2972 5271 3226 5325 ostendi:
3268 5268 3310 5322 si
3369 5269 3509 5322 enim

1930 5369 2094 5435 vivit,
2134 5378 2188 5423 et
2230 5368 2275 5423 si
2318 5381 2540 5423 necesse
2586 5378 2665 5423 est
2711 5382 2832 5422 esse
2879 5366 3206 5429 animatum,
3261 5378 3366 5417 non
3417 5378 3513 5415 no-

1930 5474 2081 5517 ccsse
2113 5470 2194 5514 est
2243 5469 2443 5514 tantum
2490 5475 2609 5514 esse
2654 5458 2851 5512 animal
2895 5457 2980 5511 vel
3028 5471 3134 5511 non
3189 5470 3336 5521 esse;
3370 5454 3510 5525 quod

1931 5553 1975 5605 si
2019 5560 2124 5604 non
2162 5559 2247 5605 est
2275 5564 2496 5605 necesse
2538 5563 2659 5604 esse
2686 5549 3007 5615 animatum,
3043 5561 3148 5601 non
3183 5561 3400 5602 necesse
3431 5553 3513 5599 est

1931 5656 2053 5696 esse
2082 5640 2167 5695 vel
2211 5656 2315 5695 non
2357 5656 2477 5697 esse
2516 5641 2744 5706 animal,
2778 5649 2836 5693 ut
2878 5653 3008 5694 vero
3037 5652 3256 5693 necesse
3296 5639 3364 5693 sit
3403 5650 3515 5691 non‘

1933 5747 2054 5789 esse
2082 5736 2393 5802 animatum,
2440 5735 2551 5788 fieri
2603 5747 2706 5787 non
2758 5740 2951 5803 potest.
2989 5730 3066 5785 Ex
3098 5739 3283 5785 octava
3315 5745 3516 5801 prouu-

1934 5827 2131 5886 titiene
2177 5826 2450 5886 conclusio
2491 5824 2611 5885 talis
2652 5832 2766 5896 est,
2798 5838 2921 5883 cum
2961 5822 3034 5883 ita
3084 5830 3384 5900 propon'nn-
3422 5820 3515 5883 isi
