  <div class='ocr_page' id='page_1' title='image "/cluster/home/n/w/nwhite01/storage/ocr_20150623/64/hvd.32044024222309/439.png"; bbox 0 0 4064 6336; ppageno 0'>
   <div class='ocr_carea' id='block_1_1' title="bbox 549 350 653 407">
    <p class='ocr_par' dir='ltr' id='par_1_1' title="bbox 549 350 653 407">
     <span class='ocr_line' id='line_1_1' title="bbox 549 350 653 407; baseline -0.01 0"><span class='ocrx_word' id='word_1_1' title='bbox 549 350 653 407; x_wconf 75' lang='lat'><strong>863</strong></span> 
     </span>
    </p>
   </div>
   <div class='ocr_carea' id='block_1_2' title="bbox 1759 350 2575 413">
    <p class='ocr_par' dir='ltr' id='par_1_2' title="bbox 1759 350 2575 413">
     <span class='ocr_line' id='line_1_2' title="bbox 1759 350 2575 413; baseline 0.002 -2"><span class='ocrx_word' id='word_1_2' title='bbox 1759 352 1870 411; x_wconf 81' lang='lat' dir='ltr'><strong>AN.</strong></span> <span class='ocrx_word' id='word_1_3' title='bbox 1911 350 2113 410; x_wconf 79' lang='lat' dir='ltr'><strong>MANL.</strong></span> <span class='ocrx_word' id='word_1_4' title='bbox 2154 352 2306 412; x_wconf 78' lang='lat' dir='ltr'><strong>SEV.</strong></span> <span class='ocrx_word' id='word_1_5' title='bbox 2356 354 2575 413; x_wconf 85' lang='lat' dir='ltr'><strong>BOETII</strong></span> 
     </span>
    </p>
   </div>
   <div class='ocr_carea' id='block_1_3' title="bbox 3697 368 3797 430">
    <p class='ocr_par' dir='ltr' id='par_1_3' title="bbox 3697 368 3797 430">
     <span class='ocr_line' id='line_1_3' title="bbox 3697 368 3797 430; baseline 0 0"><span class='ocrx_word' id='word_1_6' title='bbox 3697 368 3797 430; x_wconf 74' lang='grc'><strong>864</strong></span> 
     </span>
    </p>
   </div>
   <div class='ocr_carea' id='block_1_4' title="bbox 545 462 2118 556">
    <p class='ocr_par' dir='ltr' id='par_1_4' title="bbox 545 468 2116 542">
     <span class='ocr_line' id='line_1_4' title="bbox 545 468 2116 542; baseline 0.001 -19"><span class='ocrx_word' id='word_1_7' title='bbox 545 483 653 523; x_wconf 87' lang='lat' dir='ltr'><strong>non</strong></span> <span class='ocrx_word' id='word_1_8' title='bbox 681 478 762 524; x_wconf 87' lang='grc' dir='ltr'><strong>εει</strong></span> <span class='ocrx_word' id='word_1_9' title='bbox 787 485 853 538; x_wconf 89' lang='lat' dir='ltr'><strong>a,</strong></span> <span class='ocrx_word' id='word_1_10' title='bbox 895 483 999 524; x_wconf 91' lang='lat' dir='ltr'><strong>non</strong></span> <span class='ocrx_word' id='word_1_11' title='bbox 1028 476 1110 524; x_wconf 87' lang='lat' dir='ltr'><strong>est</strong></span> <span class='ocrx_word' id='word_1_12' title='bbox 1139 468 1190 536; x_wconf 67' lang='grc' dir='ltr'>ὁ,</span> <span class='ocrx_word' id='word_1_13' title='bbox 1219 478 1275 524; x_wconf 90' lang='grc' dir='ltr'><strong>ει</strong></span> <span class='ocrx_word' id='word_1_14' title='bbox 1314 471 1358 524; x_wconf 88' lang='lat' dir='ltr'><strong>si</strong></span> <span class='ocrx_word' id='word_1_15' title='bbox 1401 479 1485 527; x_wconf 87' lang='lat' dir='ltr'><strong>est</strong></span> <span class='ocrx_word' id='word_1_16' title='bbox 1520 488 1581 542; x_wconf 88' lang='lat' dir='ltr'><strong>a,</strong></span> <span class='ocrx_word' id='word_1_17' title='bbox 1611 486 1718 529; x_wconf 90' lang='lat' dir='ltr'><strong>non</strong></span> <span class='ocrx_word' id='word_1_18' title='bbox 1763 482 1849 528; x_wconf 90' lang='lat' dir='ltr'><strong>est</strong></span> <span class='ocrx_word' id='word_1_19' title='bbox 1890 488 1954 537; x_wconf 87' lang='lat' dir='ltr'><strong>c;</strong></span> <span class='ocrx_word' id='word_1_20' title='bbox 1995 471 2116 526; x_wconf 88' lang='lat' dir='ltr'><strong>dico</strong></span> 
     </span>
    </p>
   </div>
   <div class='ocr_carea' id='block_1_5' title="bbox 2216 462 3794 556">
    <p class='ocr_par' dir='ltr' id='par_1_5' title="bbox 2227 462 3794 556">
     <span class='ocr_line' id='line_1_5' title="bbox 2227 462 3794 556; baseline 0.011 -31"><span class='ocrx_word' id='word_1_21' title='bbox 2227 472 2558 540; x_wconf 70' lang='lat' dir='ltr'><strong>sequimodas</strong></span> <span class='ocrx_word' id='word_1_22' title='bbox 2587 475 2980 544; x_wconf 73' lang='lat' dir='ltr'><strong>propositiones</strong></span> <span class='ocrx_word' id='word_1_23' title='bbox 3012 495 3023 531; x_wconf 88' lang='lat'><strong>:</strong></span> <span class='ocrx_word' id='word_1_24' title='bbox 3056 480 3101 534; x_wconf 89' lang='lat' dir='ltr'><strong>si</strong></span> <span class='ocrx_word' id='word_1_25' title='bbox 3127 462 3212 535; x_wconf 87' lang='lat' dir='ltr'><strong>est</strong></span> <span class='ocrx_word' id='word_1_26' title='bbox 3238 481 3287 548; x_wconf 89' lang='lat' dir='ltr'><strong>b,</strong></span> <span class='ocrx_word' id='word_1_27' title='bbox 3317 490 3398 537; x_wconf 92' lang='lat' dir='ltr'><strong>est</strong></span> <span class='ocrx_word' id='word_1_28' title='bbox 3427 500 3458 537; x_wconf 88' lang='lat' dir='ltr'><strong>a</strong></span> <span class='ocrx_word' id='word_1_29' title='bbox 3479 526 3494 550; x_wconf 95' lang='lat'><strong>,</strong></span> <span class='ocrx_word' id='word_1_30' title='bbox 3541 487 3587 541; x_wconf 89' lang='lat' dir='ltr'><strong>si</strong></span> <span class='ocrx_word' id='word_1_31' title='bbox 3616 496 3698 542; x_wconf 82' lang='lat' dir='ltr'><strong>est</strong></span> <span class='ocrx_word' id='word_1_32' title='bbox 3737 506 3794 556; x_wconf 87' lang='lat' dir='ltr'><strong>c,</strong></span> 
     </span>
    </p>
   </div>
   <div class='ocr_carea' id='block_1_6' title="bbox 547 563 2121 633">
    <p class='ocr_par' dir='ltr' id='par_1_6' title="bbox 547 563 2121 633">
     <span class='ocr_line' id='line_1_6' title="bbox 547 563 2121 633; baseline 0.001 -17"><span class='ocrx_word' id='word_1_33' title='bbox 547 563 796 633; x_wconf 90' lang='lat' dir='ltr'><strong>quoniam</strong></span> <span class='ocrx_word' id='word_1_34' title='bbox 828 565 872 616; x_wconf 89' lang='lat' dir='ltr'><strong>si</strong></span> <span class='ocrx_word' id='word_1_35' title='bbox 916 571 999 618; x_wconf 89' lang='lat' dir='ltr'><strong>est</strong></span> <span class='ocrx_word' id='word_1_36' title='bbox 1030 563 1080 627; x_wconf 86' lang='lat' dir='ltr'><strong>b,</strong></span> <span class='ocrx_word' id='word_1_37' title='bbox 1124 577 1231 617; x_wconf 92' lang='lat' dir='ltr'><strong>non</strong></span> <span class='ocrx_word' id='word_1_38' title='bbox 1272 571 1357 618; x_wconf 91' lang='lat' dir='ltr'><strong>est</strong></span> <span class='ocrx_word' id='word_1_39' title='bbox 1386 580 1433 631; x_wconf 77' lang='grc' dir='ltr'><strong>ε,</strong></span> <span class='ocrx_word' id='word_1_40' title='bbox 1483 578 1604 619; x_wconf 85' lang='lat' dir='ltr'><strong>nam</strong></span> <span class='ocrx_word' id='word_1_41' title='bbox 1646 565 1691 620; x_wconf 90' lang='lat' dir='ltr'><strong>si</strong></span> <span class='ocrx_word' id='word_1_42' title='bbox 1731 576 1814 621; x_wconf 91' lang='lat' dir='ltr'><strong>est</strong></span> <span class='ocrx_word' id='word_1_43' title='bbox 1856 568 1906 630; x_wconf 87' lang='lat' dir='ltr'><strong>b,</strong></span> <span class='ocrx_word' id='word_1_44' title='bbox 1939 572 2024 619; x_wconf 90' lang='lat' dir='ltr'><strong>est</strong></span> <span class='ocrx_word' id='word_1_45' title='bbox 2059 581 2121 633; x_wconf 91' lang='lat' dir='ltr'><strong>a,</strong></span> 
     </span>
    </p>
   </div>
   <div class='ocr_carea' id='block_1_7' title="bbox 544 655 2126 726">
    <p class='ocr_par' dir='ltr' id='par_1_7' title="bbox 544 655 2126 726">
     <span class='ocr_line' id='line_1_7' title="bbox 544 655 2126 726; baseline 0.003 -18"><span class='ocrx_word' id='word_1_46' title='bbox 544 655 686 725; x_wconf 91' lang='lat' dir='ltr'><strong>quod</strong></span> <span class='ocrx_word' id='word_1_47' title='bbox 713 655 759 710; x_wconf 89' lang='lat' dir='ltr'><strong>si</strong></span> <span class='ocrx_word' id='word_1_48' title='bbox 786 664 868 709; x_wconf 88' lang='lat' dir='ltr'><strong>est</strong></span> <span class='ocrx_word' id='word_1_49' title='bbox 894 672 957 720; x_wconf 89' lang='lat' dir='ltr'><strong>a,</strong></span> <span class='ocrx_word' id='word_1_50' title='bbox 989 670 1095 709; x_wconf 92' lang='lat' dir='ltr'><strong>non</strong></span> <span class='ocrx_word' id='word_1_51' title='bbox 1137 663 1221 711; x_wconf 89' lang='lat' dir='ltr'><strong>est</strong></span> <span class='ocrx_word' id='word_1_52' title='bbox 1260 672 1307 726; x_wconf 77' lang='grc' dir='ltr'><strong>ε,</strong></span> <span class='ocrx_word' id='word_1_53' title='bbox 1340 655 1386 711; x_wconf 91' lang='lat' dir='ltr'><strong>si</strong></span> <span class='ocrx_word' id='word_1_54' title='bbox 1414 657 1573 726; x_wconf 89' lang='lat' dir='ltr'><strong>igitttr</strong></span> <span class='ocrx_word' id='word_1_55' title='bbox 1600 668 1681 714; x_wconf 90' lang='lat' dir='ltr'><strong>est</strong></span> <span class='ocrx_word' id='word_1_56' title='bbox 1706 658 1757 726; x_wconf 89' lang='lat' dir='ltr'><strong>b,</strong></span> <span class='ocrx_word' id='word_1_57' title='bbox 1786 674 1890 713; x_wconf 92' lang='lat' dir='ltr'><strong>non</strong></span> <span class='ocrx_word' id='word_1_58' title='bbox 1932 661 2036 714; x_wconf 90' lang='lat' dir='ltr'><strong>erit</strong></span> <span class='ocrx_word' id='word_1_59' title='bbox 2064 675 2126 726; x_wconf 83' lang='lat' dir='ltr'><strong>c;</strong></span> 
     </span>
    </p>
   </div>
   <div class='ocr_carea' id='block_1_8' title="bbox 544 745 2127 819">
    <p class='ocr_par' dir='ltr' id='par_1_8' title="bbox 544 745 2127 819">
     <span class='ocr_line' id='line_1_8' title="bbox 544 745 2127 819; baseline 0.005 -19"><span class='ocrx_word' id='word_1_60' title='bbox 544 746 685 816; x_wconf 86' lang='lat' dir='ltr'><strong>quod</strong></span> <span class='ocrx_word' id='word_1_61' title='bbox 716 746 762 800; x_wconf 92' lang='lat' dir='ltr'><strong>si</strong></span> <span class='ocrx_word' id='word_1_62' title='bbox 800 745 827 799; x_wconf 89' lang='lat' dir='ltr'><strong>b</strong></span> <span class='ocrx_word' id='word_1_63' title='bbox 856 747 1141 802; x_wconf 90' lang='lat' dir='ltr'><strong>terminum</strong></span> <span class='ocrx_word' id='word_1_64' title='bbox 1187 756 1345 818; x_wconf 82' lang='lat' dir='ltr'><strong>neget</strong></span> <span class='ocrx_word' id='word_1_65' title='bbox 1387 750 1702 819; x_wconf 83' lang='lat' dir='ltr'><strong>assumptio,</strong></span> <span class='ocrx_word' id='word_1_66' title='bbox 1751 751 1883 806; x_wconf 81' lang='lat' dir='ltr'><strong>nihil</strong></span> <span class='ocrx_word' id='word_1_67' title='bbox 1912 759 1996 807; x_wconf 86' lang='lat' dir='ltr'><strong>est</strong></span> <span class='ocrx_word' id='word_1_68' title='bbox 2031 768 2127 809; x_wconf 89' lang='lat' dir='ltr'><strong>ne-</strong></span> 
     </span>
    </p>
   </div>
   <div class='ocr_carea' id='block_1_9' title="bbox 544 841 2127 909">
    <p class='ocr_par' dir='ltr' id='par_1_9' title="bbox 544 841 2127 909">
     <span class='ocr_line' id='line_1_9' title="bbox 544 841 2127 909; baseline 0.008 -16"><span class='ocrx_word' id='word_1_69' title='bbox 544 841 863 904; x_wconf 86' lang='lat' dir='ltr'><strong>cessarium,</strong></span> <span class='ocrx_word' id='word_1_70' title='bbox 894 842 939 896; x_wconf 92' lang='lat' dir='ltr'><strong>si</strong></span> <span class='ocrx_word' id='word_1_71' title='bbox 978 843 1120 897; x_wconf 90' lang='lat' dir='ltr'><strong>enim</strong></span> <span class='ocrx_word' id='word_1_72' title='bbox 1166 858 1271 897; x_wconf 91' lang='lat' dir='ltr'><strong>non</strong></span> <span class='ocrx_word' id='word_1_73' title='bbox 1310 843 1382 899; x_wconf 90' lang='lat' dir='ltr'><strong>sit</strong></span> <span class='ocrx_word' id='word_1_74' title='bbox 1425 846 1484 909; x_wconf 86' lang='lat' dir='ltr'><strong>b,</strong></span> <span class='ocrx_word' id='word_1_75' title='bbox 1530 862 1636 901; x_wconf 91' lang='lat' dir='ltr'><strong>non</strong></span> <span class='ocrx_word' id='word_1_76' title='bbox 1681 861 1900 904; x_wconf 83' lang='lat' dir='ltr'><strong>necesse</strong></span> <span class='ocrx_word' id='word_1_77' title='bbox 1944 849 2050 904; x_wconf 92' lang='lat' dir='ltr'><strong>erit</strong></span> <span class='ocrx_word' id='word_1_78' title='bbox 2094 867 2127 905; x_wconf 89' lang='lat' dir='ltr'><strong>a</strong></span> 
     </span>
    </p>
   </div>
   <div class='ocr_carea' id='block_1_10' title="bbox 542 932 2125 1010">
    <p class='ocr_par' dir='ltr' id='par_1_10' title="bbox 542 932 2125 1010">
     <span class='ocr_line' id='line_1_10' title="bbox 542 932 2125 1010; baseline 0.008 -25"><span class='ocrx_word' id='word_1_79' title='bbox 542 943 666 987; x_wconf 81' lang='lat' dir='ltr'><strong>esse</strong></span> <span class='ocrx_word' id='word_1_80' title='bbox 706 932 792 1004; x_wconf 78' lang='lat' dir='ltr'><strong>vel</strong></span> <span class='ocrx_word' id='word_1_81' title='bbox 825 948 928 988; x_wconf 90' lang='lat' dir='ltr'><strong>non</strong></span> <span class='ocrx_word' id='word_1_82' title='bbox 968 948 1111 999; x_wconf 87' lang='lat' dir='ltr'><strong>esse,</strong></span> <span class='ocrx_word' id='word_1_83' title='bbox 1140 950 1248 1005; x_wconf 91' lang='lat' dir='ltr'><strong>quo</strong></span> <span class='ocrx_word' id='word_1_84' title='bbox 1280 936 1338 992; x_wconf 88' lang='lat' dir='ltr'><strong>ﬁt</strong></span> <span class='ocrx_word' id='word_1_85' title='bbox 1383 946 1438 993; x_wconf 90' lang='lat' dir='ltr'><strong>ut</strong></span> <span class='ocrx_word' id='word_1_86' title='bbox 1466 954 1533 994; x_wconf 92' lang='lat' dir='ltr'><strong>ne</strong></span> <span class='ocrx_word' id='word_1_87' title='bbox 1573 956 1600 993; x_wconf 84' lang='lat' dir='ltr'><strong>c</strong></span> <span class='ocrx_word' id='word_1_88' title='bbox 1627 940 1864 1010; x_wconf 86' lang='lat' dir='ltr'><strong>quidem,</strong></span> <span class='ocrx_word' id='word_1_89' title='bbox 1897 944 2043 998; x_wconf 91' lang='lat' dir='ltr'><strong>velut</strong></span> <span class='ocrx_word' id='word_1_90' title='bbox 2070 943 2125 999; x_wconf 92' lang='lat' dir='ltr'><strong>in</strong></span> 
     </span>
    </p>
   </div>
   <div class='ocr_carea' id='block_1_11' title="bbox 544 1022 2127 1103">
    <p class='ocr_par' dir='ltr' id='par_1_11' title="bbox 544 1022 2127 1103">
     <span class='ocr_line' id='line_1_11' title="bbox 544 1022 2127 1103; baseline 0.008 -24"><span class='ocrx_word' id='word_1_91' title='bbox 544 1022 633 1079; x_wconf 87' lang='lat' dir='ltr'><strong>his</strong></span> <span class='ocrx_word' id='word_1_92' title='bbox 666 1026 928 1095; x_wconf 88' lang='lat' dir='ltr'><strong>terminis,</strong></span> <span class='ocrx_word' id='word_1_93' title='bbox 971 1028 1018 1082; x_wconf 93' lang='lat' dir='ltr'><strong>si</strong></span> <span class='ocrx_word' id='word_1_94' title='bbox 1047 1028 1118 1083; x_wconf 88' lang='lat' dir='ltr'><strong>sit</strong></span> <span class='ocrx_word' id='word_1_95' title='bbox 1147 1046 1177 1081; x_wconf 93' lang='lat' dir='ltr'><strong>a</strong></span> <span class='ocrx_word' id='word_1_96' title='bbox 1205 1030 1493 1085; x_wconf 89' lang='lat' dir='ltr'><strong>animatum</strong></span> <span class='ocrx_word' id='word_1_97' title='bbox 1513 1072 1529 1098; x_wconf 88' lang='lat'><strong>,</strong></span> <span class='ocrx_word' id='word_1_98' title='bbox 1559 1032 1588 1085; x_wconf 90' lang='lat' dir='ltr'><strong>b</strong></span> <span class='ocrx_word' id='word_1_99' title='bbox 1620 1033 1845 1103; x_wconf 84' lang='lat' dir='ltr'><strong>animal,</strong></span> <span class='ocrx_word' id='word_1_100' title='bbox 1887 1052 1915 1089; x_wconf 87' lang='lat' dir='ltr'><strong>c</strong></span> <span class='ocrx_word' id='word_1_101' title='bbox 1954 1035 2127 1091; x_wconf 86' lang='lat' dir='ltr'><strong>inani-</strong></span> 
     </span>
    </p>
   </div>
   <div class='ocr_carea' id='block_1_12' title="bbox 474 1100 2122 1199">
    <p class='ocr_par' dir='ltr' id='par_1_12' title="bbox 474 1100 2122 1199">
     <span class='ocr_line' id='line_1_12' title="bbox 474 1100 2122 1199; baseline 0.008 -29"><span class='ocrx_word' id='word_1_102' title='bbox 474 1100 495 1111; x_wconf 30' lang='grc' dir='ltr'><strong>κ</strong></span> <span class='ocrx_word' id='word_1_103' title='bbox 543 1127 764 1172; x_wconf 88' lang='lat' dir='ltr'><strong>matum.</strong></span> <span class='ocrx_word' id='word_1_104' title='bbox 798 1117 851 1173; x_wconf 88' lang='lat' dir='ltr'><strong>Si</strong></span> <span class='ocrx_word' id='word_1_105' title='bbox 879 1119 1043 1189; x_wconf 82' lang='lat' dir='ltr'><strong>igitur</strong></span> <span class='ocrx_word' id='word_1_106' title='bbox 1073 1135 1447 1190; x_wconf 86' lang='lat' dir='ltr'><strong>proponamus,</strong></span> <span class='ocrx_word' id='word_1_107' title='bbox 1474 1123 1519 1178; x_wconf 93' lang='lat' dir='ltr'><strong>si</strong></span> <span class='ocrx_word' id='word_1_108' title='bbox 1552 1139 1656 1188; x_wconf 87' lang='lat' dir='ltr'><strong>non</strong></span> <span class='ocrx_word' id='word_1_109' title='bbox 1683 1135 1764 1180; x_wconf 89' lang='lat' dir='ltr'><strong>est</strong></span> <span class='ocrx_word' id='word_1_110' title='bbox 1793 1127 2084 1182; x_wconf 89' lang='lat' dir='ltr'><strong>animatum</strong></span> <span class='ocrx_word' id='word_1_111' title='bbox 2105 1170 2122 1199; x_wconf 87' lang='lat'><strong>,</strong></span> 
     </span>
    </p>
   </div>
   <div class='ocr_carea' id='block_1_13' title="bbox 544 1213 2128 1283">
    <p class='ocr_par' dir='ltr' id='par_1_13' title="bbox 544 1213 2128 1283">
     <span class='ocr_line' id='line_1_13' title="bbox 544 1213 2128 1283; baseline 0.006 -16"><span class='ocrx_word' id='word_1_112' title='bbox 544 1226 653 1267; x_wconf 85' lang='lat' dir='ltr'><strong>non</strong></span> <span class='ocrx_word' id='word_1_113' title='bbox 677 1221 761 1267; x_wconf 90' lang='lat' dir='ltr'><strong>est</strong></span> <span class='ocrx_word' id='word_1_114' title='bbox 792 1214 1020 1280; x_wconf 80' lang='lat' dir='ltr'><strong>animal,</strong></span> <span class='ocrx_word' id='word_1_115' title='bbox 1053 1213 1099 1268; x_wconf 89' lang='lat' dir='ltr'><strong>si</strong></span> <span class='ocrx_word' id='word_1_116' title='bbox 1129 1222 1213 1269; x_wconf 86' lang='lat' dir='ltr'><strong>est</strong></span> <span class='ocrx_word' id='word_1_117' title='bbox 1255 1215 1576 1283; x_wconf 89' lang='lat' dir='ltr'><strong>animatum,</strong></span> <span class='ocrx_word' id='word_1_118' title='bbox 1622 1233 1726 1273; x_wconf 91' lang='lat' dir='ltr'><strong>non</strong></span> <span class='ocrx_word' id='word_1_119' title='bbox 1757 1227 1842 1274; x_wconf 89' lang='lat' dir='ltr'><strong>est</strong></span> <span class='ocrx_word' id='word_1_120' title='bbox 1867 1220 2128 1276; x_wconf 80' lang='lat' dir='ltr'><strong>inanima-</strong></span> 
     </span>
    </p>
   </div>
   <div class='ocr_carea' id='block_1_14' title="bbox 536 1306 2125 1376">
    <p class='ocr_par' dir='ltr' id='par_1_14' title="bbox 536 1306 2125 1376">
     <span class='ocr_line' id='line_1_14' title="bbox 536 1306 2125 1376; baseline 0.008 -18"><span class='ocrx_word' id='word_1_121' title='bbox 536 1311 687 1373; x_wconf 82' lang='lat' dir='ltr'><strong>tum,</strong></span> <span class='ocrx_word' id='word_1_122' title='bbox 722 1316 775 1360; x_wconf 91' lang='lat' dir='ltr'><strong>et</strong></span> <span class='ocrx_word' id='word_1_123' title='bbox 814 1320 1171 1374; x_wconf 87' lang='lat' dir='ltr'><strong>assumamus,</strong></span> <span class='ocrx_word' id='word_1_124' title='bbox 1215 1306 1309 1363; x_wconf 88' lang='lat' dir='ltr'><strong>sed</strong></span> <span class='ocrx_word' id='word_1_125' title='bbox 1343 1322 1448 1362; x_wconf 93' lang='lat' dir='ltr'><strong>non</strong></span> <span class='ocrx_word' id='word_1_126' title='bbox 1479 1319 1563 1364; x_wconf 90' lang='lat' dir='ltr'><strong>est</strong></span> <span class='ocrx_word' id='word_1_127' title='bbox 1609 1310 1834 1376; x_wconf 87' lang='lat' dir='ltr'><strong>animal,</strong></span> <span class='ocrx_word' id='word_1_128' title='bbox 1878 1327 1982 1367; x_wconf 91' lang='lat' dir='ltr'><strong>non</strong></span> <span class='ocrx_word' id='word_1_129' title='bbox 2025 1328 2125 1371; x_wconf 89' lang='lat' dir='ltr'><strong>ne-</strong></span> 
     </span>
    </p>
   </div>
   <div class='ocr_carea' id='block_1_15' title="bbox 541 1401 2126 1476">
    <p class='ocr_par' dir='ltr' id='par_1_15' title="bbox 541 1401 2126 1476">
     <span class='ocr_line' id='line_1_15' title="bbox 541 1401 2126 1476; baseline 0.007 -23"><span class='ocrx_word' id='word_1_130' title='bbox 541 1411 697 1455; x_wconf 87' lang='lat' dir='ltr'><strong>cesse</strong></span> <span class='ocrx_word' id='word_1_131' title='bbox 722 1407 806 1455; x_wconf 90' lang='lat' dir='ltr'><strong>est</strong></span> <span class='ocrx_word' id='word_1_132' title='bbox 834 1414 955 1455; x_wconf 90' lang='lat' dir='ltr'><strong>esse</strong></span> <span class='ocrx_word' id='word_1_133' title='bbox 999 1401 1086 1455; x_wconf 92' lang='lat' dir='ltr'><strong>vel</strong></span> <span class='ocrx_word' id='word_1_134' title='bbox 1124 1416 1231 1456; x_wconf 93' lang='lat' dir='ltr'><strong>non</strong></span> <span class='ocrx_word' id='word_1_135' title='bbox 1262 1415 1381 1458; x_wconf 90' lang='lat' dir='ltr'><strong>esse</strong></span> <span class='ocrx_word' id='word_1_136' title='bbox 1419 1403 1740 1472; x_wconf 86' lang='lat' dir='ltr'><strong>animatum,</strong></span> <span class='ocrx_word' id='word_1_137' title='bbox 1768 1406 2015 1476; x_wconf 85' lang='lat' dir='ltr'><strong>quocirca</strong></span> <span class='ocrx_word' id='word_1_138' title='bbox 2058 1424 2126 1466; x_wconf 91' lang='lat' dir='ltr'><strong>ne</strong></span> 
     </span>
    </p>
   </div>
   <div class='ocr_carea' id='block_1_16' title="bbox 540 1488 2123 1570">
    <p class='ocr_par' dir='ltr' id='par_1_16' title="bbox 540 1488 2123 1570">
     <span class='ocr_line' id='line_1_16' title="bbox 540 1488 2123 1570; baseline 0.007 -25"><span class='ocrx_word' id='word_1_139' title='bbox 540 1488 889 1547; x_wconf 89' lang='lat' dir='ltr'><strong>inanimatum</strong></span> <span class='ocrx_word' id='word_1_140' title='bbox 931 1492 1185 1563; x_wconf 87' lang='lat' dir='ltr'><strong>quidem,</strong></span> <span class='ocrx_word' id='word_1_141' title='bbox 1226 1503 1283 1547; x_wconf 87' lang='lat' dir='ltr'><strong>at</strong></span> <span class='ocrx_word' id='word_1_142' title='bbox 1322 1496 1367 1550; x_wconf 89' lang='lat' dir='ltr'><strong>si</strong></span> <span class='ocrx_word' id='word_1_143' title='bbox 1417 1512 1444 1549; x_wconf 87' lang='lat' dir='ltr'><strong>c</strong></span> <span class='ocrx_word' id='word_1_144' title='bbox 1491 1498 1752 1552; x_wconf 82' lang='lat' dir='ltr'><strong>terminus</strong></span> <span class='ocrx_word' id='word_1_145' title='bbox 1798 1510 2123 1570; x_wconf 82' lang='lat' dir='ltr'><strong>assumatur,</strong></span> 
     </span>
    </p>
   </div>
   <div class='ocr_carea' id='block_1_17' title="bbox 543 1583 2126 1659">
    <p class='ocr_par' dir='ltr' id='par_1_17' title="bbox 543 1583 2126 1659">
     <span class='ocr_line' id='line_1_17' title="bbox 543 1583 2126 1659; baseline 0.008 -21"><span class='ocrx_word' id='word_1_146' title='bbox 543 1583 591 1638; x_wconf 87' lang='lat' dir='ltr'><strong>si</strong></span> <span class='ocrx_word' id='word_1_147' title='bbox 618 1583 833 1654; x_wconf 80' lang='lat' dir='ltr'><strong>quidem</strong></span> <span class='ocrx_word' id='word_1_148' title='bbox 875 1600 996 1640; x_wconf 87' lang='lat' dir='ltr'><strong>cum</strong></span> <span class='ocrx_word' id='word_1_149' title='bbox 1039 1586 1394 1644; x_wconf 89' lang='lat' dir='ltr'><strong>afﬁrmatione</strong></span> <span class='ocrx_word' id='word_1_150' title='bbox 1424 1599 1672 1659; x_wconf 90' lang='lat' dir='ltr'><strong>ponatur,</strong></span> <span class='ocrx_word' id='word_1_151' title='bbox 1699 1592 1798 1647; x_wconf 87' lang='lat' dir='ltr'><strong>erit</strong></span> <span class='ocrx_word' id='word_1_152' title='bbox 1832 1596 2126 1655; x_wconf 81' lang='lat' dir='ltr'><strong>necessitas</strong></span> 
     </span>
    </p>
   </div>
   <div class='ocr_carea' id='block_1_18' title="bbox 537 1675 2123 1753">
    <p class='ocr_par' dir='ltr' id='par_1_18' title="bbox 537 1675 2123 1753">
     <span class='ocr_line' id='line_1_18' title="bbox 537 1675 2123 1753; baseline 0.009 -24"><span class='ocrx_word' id='word_1_153' title='bbox 537 1675 861 1746; x_wconf 81' lang='lat' dir='ltr'><strong>syllogismi,</strong></span> <span class='ocrx_word' id='word_1_154' title='bbox 896 1691 1017 1731; x_wconf 90' lang='lat' dir='ltr'><strong>nam</strong></span> <span class='ocrx_word' id='word_1_155' title='bbox 1046 1677 1093 1732; x_wconf 88' lang='lat' dir='ltr'><strong>si</strong></span> <span class='ocrx_word' id='word_1_156' title='bbox 1116 1688 1199 1733; x_wconf 92' lang='lat' dir='ltr'><strong>est</strong></span> <span class='ocrx_word' id='word_1_157' title='bbox 1225 1696 1271 1744; x_wconf 77' lang='grc' dir='ltr'><strong>ε,</strong></span> <span class='ocrx_word' id='word_1_158' title='bbox 1306 1695 1410 1735; x_wconf 89' lang='lat' dir='ltr'><strong>non</strong></span> <span class='ocrx_word' id='word_1_159' title='bbox 1451 1689 1534 1737; x_wconf 91' lang='lat' dir='ltr'><strong>est</strong></span> <span class='ocrx_word' id='word_1_160' title='bbox 1556 1699 1619 1747; x_wconf 89' lang='lat' dir='ltr'><strong>a,</strong></span> <span class='ocrx_word' id='word_1_161' title='bbox 1661 1684 1802 1753; x_wconf 91' lang='lat' dir='ltr'><strong>quod</strong></span> <span class='ocrx_word' id='word_1_162' title='bbox 1830 1686 1873 1740; x_wconf 94' lang='lat' dir='ltr'><strong>si</strong></span> <span class='ocrx_word' id='word_1_163' title='bbox 1902 1676 2007 1742; x_wconf 78' lang='lat' dir='ltr'><strong>noit</strong></span> <span class='ocrx_word' id='word_1_164' title='bbox 2038 1696 2123 1744; x_wconf 90' lang='lat' dir='ltr'><strong>est</strong></span> 
     </span>
    </p>
   </div>
   <div class='ocr_carea' id='block_1_19' title="bbox 538 1769 2123 1845">
    <p class='ocr_par' dir='ltr' id='par_1_19' title="bbox 538 1769 2123 1845">
     <span class='ocr_line' id='line_1_19' title="bbox 538 1769 2123 1845; baseline 0.013 -25"><span class='ocrx_word' id='word_1_165' title='bbox 538 1783 592 1832; x_wconf 82' lang='grc' dir='ltr'>α,</span> <span class='ocrx_word' id='word_1_166' title='bbox 622 1783 727 1822; x_wconf 91' lang='lat' dir='ltr'><strong>non</strong></span> <span class='ocrx_word' id='word_1_167' title='bbox 755 1777 841 1823; x_wconf 90' lang='lat' dir='ltr'><strong>est</strong></span> <span class='ocrx_word' id='word_1_168' title='bbox 871 1769 920 1835; x_wconf 75' lang='grc' dir='ltr'>ὁ,</span> <span class='ocrx_word' id='word_1_169' title='bbox 953 1769 997 1824; x_wconf 91' lang='lat' dir='ltr'><strong>si</strong></span> <span class='ocrx_word' id='word_1_170' title='bbox 1030 1770 1191 1839; x_wconf 83' lang='lat' dir='ltr'><strong>igitur</strong></span> <span class='ocrx_word' id='word_1_171' title='bbox 1235 1782 1317 1828; x_wconf 90' lang='lat' dir='ltr'><strong>est</strong></span> <span class='ocrx_word' id='word_1_172' title='bbox 1359 1790 1406 1840; x_wconf 89' lang='lat' dir='ltr'><strong>c,</strong></span> <span class='ocrx_word' id='word_1_173' title='bbox 1440 1790 1545 1830; x_wconf 90' lang='lat' dir='ltr'><strong>non</strong></span> <span class='ocrx_word' id='word_1_174' title='bbox 1576 1786 1657 1831; x_wconf 90' lang='lat' dir='ltr'><strong>est</strong></span> <span class='ocrx_word' id='word_1_175' title='bbox 1686 1777 1751 1845; x_wconf 87' lang='lat' dir='ltr'><strong>b;</strong></span> <span class='ocrx_word' id='word_1_176' title='bbox 1790 1788 1844 1833; x_wconf 93' lang='lat' dir='ltr'><strong>at</strong></span> <span class='ocrx_word' id='word_1_177' title='bbox 1886 1781 1931 1835; x_wconf 93' lang='lat' dir='ltr'><strong>si</strong></span> <span class='ocrx_word' id='word_1_178' title='bbox 1960 1798 1987 1835; x_wconf 88' lang='lat' dir='ltr'><strong>c</strong></span> <span class='ocrx_word' id='word_1_179' title='bbox 2016 1792 2123 1840; x_wconf 89' lang='lat' dir='ltr'><strong>ter-</strong></span> 
     </span>
    </p>
   </div>
   <div class='ocr_carea' id='block_1_20' title="bbox 2217 558 3829 646">
    <p class='ocr_par' dir='ltr' id='par_1_20' title="bbox 2217 558 3829 646">
     <span class='ocr_line' id='line_1_20' title="bbox 2217 558 3829 646; baseline 0.009 -27"><span class='ocrx_word' id='word_1_180' title='bbox 2217 558 2324 620; x_wconf 85' lang='lat' dir='ltr'><strong>nOn</strong></span> <span class='ocrx_word' id='word_1_181' title='bbox 2366 577 2448 621; x_wconf 88' lang='lat' dir='ltr'><strong>est</strong></span> <span class='ocrx_word' id='word_1_182' title='bbox 2476 583 2508 618; x_wconf 91' lang='lat' dir='ltr'><strong>a</strong></span> <span class='ocrx_word' id='word_1_183' title='bbox 2530 608 2543 631; x_wconf 94' lang='lat'><strong>,</strong></span> <span class='ocrx_word' id='word_1_184' title='bbox 2591 569 2634 621; x_wconf 89' lang='lat' dir='ltr'><strong>si</strong></span> <span class='ocrx_word' id='word_1_185' title='bbox 2666 580 2745 623; x_wconf 78' lang='lat' dir='ltr'><strong>est</strong></span> <span class='ocrx_word' id='word_1_186' title='bbox 2774 570 2822 635; x_wconf 89' lang='lat' dir='ltr'><strong>b,</strong></span> <span class='ocrx_word' id='word_1_187' title='bbox 2854 582 2931 627; x_wconf 89' lang='lat' dir='ltr'><strong>est</strong></span> <span class='ocrx_word' id='word_1_188' title='bbox 2962 588 3026 638; x_wconf 85' lang='grc' dir='ltr'>α,</span> <span class='ocrx_word' id='word_1_189' title='bbox 3057 575 3101 627; x_wconf 90' lang='lat' dir='ltr'><strong>si</strong></span> <span class='ocrx_word' id='word_1_190' title='bbox 3144 590 3248 629; x_wconf 91' lang='lat' dir='ltr'><strong>non</strong></span> <span class='ocrx_word' id='word_1_191' title='bbox 3287 585 3370 631; x_wconf 90' lang='lat' dir='ltr'><strong>est</strong></span> <span class='ocrx_word' id='word_1_192' title='bbox 3396 592 3459 643; x_wconf 79' lang='grc' dir='ltr'><strong>ε,</strong></span> <span class='ocrx_word' id='word_1_193' title='bbox 3488 595 3591 633; x_wconf 91' lang='lat' dir='ltr'><strong>non</strong></span> <span class='ocrx_word' id='word_1_194' title='bbox 3620 588 3704 635; x_wconf 89' lang='lat' dir='ltr'><strong>est</strong></span> <span class='ocrx_word' id='word_1_195' title='bbox 3730 597 3794 646; x_wconf 80' lang='grc' dir='ltr'>α,</span> <span class='ocrx_word' id='word_1_196' title='bbox 3826 572 3829 579; x_wconf 38' lang='grc' dir='ltr'>λ</span> 
     </span>
    </p>
   </div>
   <div class='ocr_carea' id='block_1_21' title="bbox 2220 646 3793 739">
    <p class='ocr_par' dir='ltr' id='par_1_21' title="bbox 2220 646 3793 739">
     <span class='ocr_line' id='line_1_21' title="bbox 2220 646 3793 739; baseline 0.009 -28"><span class='ocrx_word' id='word_1_197' title='bbox 2220 658 2266 712; x_wconf 93' lang='lat' dir='ltr'><strong>si</strong></span> <span class='ocrx_word' id='word_1_198' title='bbox 2297 672 2403 712; x_wconf 90' lang='lat' dir='ltr'><strong>non</strong></span> <span class='ocrx_word' id='word_1_199' title='bbox 2435 669 2519 712; x_wconf 90' lang='lat' dir='ltr'><strong>est</strong></span> <span class='ocrx_word' id='word_1_200' title='bbox 2544 658 2594 723; x_wconf 75' lang='grc' dir='ltr'>ὁ,</span> <span class='ocrx_word' id='word_1_201' title='bbox 2623 669 2707 716; x_wconf 90' lang='grc' dir='ltr'><strong>εει</strong></span> <span class='ocrx_word' id='word_1_202' title='bbox 2729 679 2789 728; x_wconf 82' lang='grc' dir='ltr'>(ι,</span> <span class='ocrx_word' id='word_1_203' title='bbox 2820 665 2864 717; x_wconf 88' lang='lat' dir='ltr'><strong>si</strong></span> <span class='ocrx_word' id='word_1_204' title='bbox 2890 646 2978 719; x_wconf 80' lang='lat' dir='ltr'><strong>est</strong></span> <span class='ocrx_word' id='word_1_205' title='bbox 3012 682 3060 733; x_wconf 87' lang='lat' dir='ltr'><strong>c,</strong></span> <span class='ocrx_word' id='word_1_206' title='bbox 3092 681 3199 723; x_wconf 90' lang='lat' dir='ltr'><strong>non</strong></span> <span class='ocrx_word' id='word_1_207' title='bbox 3226 678 3305 723; x_wconf 91' lang='lat' dir='ltr'><strong>est</strong></span> <span class='ocrx_word' id='word_1_208' title='bbox 3330 687 3361 722; x_wconf 89' lang='lat' dir='ltr'><strong>a</strong></span> <span class='ocrx_word' id='word_1_209' title='bbox 3382 709 3397 734; x_wconf 92' lang='lat'><strong>,</strong></span> <span class='ocrx_word' id='word_1_210' title='bbox 3426 671 3471 724; x_wconf 91' lang='lat' dir='ltr'><strong>si</strong></span> <span class='ocrx_word' id='word_1_211' title='bbox 3502 686 3606 726; x_wconf 91' lang='lat' dir='ltr'><strong>non</strong></span> <span class='ocrx_word' id='word_1_212' title='bbox 3636 682 3718 727; x_wconf 92' lang='lat' dir='ltr'><strong>est</strong></span> <span class='ocrx_word' id='word_1_213' title='bbox 3742 675 3793 739; x_wconf 85' lang='lat' dir='ltr'><strong>b,</strong></span> 
     </span>
    </p>
   </div>
   <div class='ocr_carea' id='block_1_22' title="bbox 2219 753 3795 833">
    <p class='ocr_par' dir='ltr' id='par_1_22' title="bbox 2219 753 3795 833">
     <span class='ocr_line' id='line_1_22' title="bbox 2219 753 3795 833; baseline 0.007 -25"><span class='ocrx_word' id='word_1_214' title='bbox 2219 762 2303 808; x_wconf 85' lang='grc' dir='ltr'><strong>εει</strong></span> <span class='ocrx_word' id='word_1_215' title='bbox 2329 769 2395 816; x_wconf 90' lang='lat' dir='ltr'><strong>a,</strong></span> <span class='ocrx_word' id='word_1_216' title='bbox 2442 753 2489 806; x_wconf 87' lang='lat' dir='ltr'><strong>si</strong></span> <span class='ocrx_word' id='word_1_217' title='bbox 2527 769 2636 809; x_wconf 90' lang='lat' dir='ltr'><strong>non</strong></span> <span class='ocrx_word' id='word_1_218' title='bbox 2682 767 2762 811; x_wconf 89' lang='lat' dir='ltr'><strong>est</strong></span> <span class='ocrx_word' id='word_1_219' title='bbox 2804 775 2852 823; x_wconf 75' lang='grc' dir='ltr'><strong>ε,</strong></span> <span class='ocrx_word' id='word_1_220' title='bbox 2897 775 3001 813; x_wconf 90' lang='lat' dir='ltr'><strong>non</strong></span> <span class='ocrx_word' id='word_1_221' title='bbox 3043 769 3129 815; x_wconf 90' lang='lat' dir='ltr'><strong>est</strong></span> <span class='ocrx_word' id='word_1_222' title='bbox 3172 779 3223 820; x_wconf 89' lang='lat' dir='ltr'><strong>a.</strong></span> <span class='ocrx_word' id='word_1_223' title='bbox 3254 762 3318 817; x_wconf 86' lang='lat' dir='ltr'><strong>Et</strong></span> <span class='ocrx_word' id='word_1_224' title='bbox 3346 779 3485 818; x_wconf 91' lang='lat' dir='ltr'><strong>nunc</strong></span> <span class='ocrx_word' id='word_1_225' title='bbox 3522 765 3735 833; x_wconf 88' lang='lat' dir='ltr'><strong>quidem</strong></span> <span class='ocrx_word' id='word_1_226' title='bbox 3761 783 3795 819; x_wconf 82' lang='grc' dir='ltr'><strong>ιι</strong></span> 
     </span>
    </p>
   </div>
   <div class='ocr_carea' id='block_1_23' title="bbox 2216 849 3794 926">
    <p class='ocr_par' dir='ltr' id='par_1_23' title="bbox 2216 849 3794 926">
     <span class='ocr_line' id='line_1_23' title="bbox 2216 849 3794 926; baseline 0.007 -25"><span class='ocrx_word' id='word_1_227' title='bbox 2216 861 2339 902; x_wconf 90' lang='lat' dir='ltr'><strong>cum</strong></span> <span class='ocrx_word' id='word_1_228' title='bbox 2382 849 2411 903; x_wconf 69' lang='grc' dir='ltr'><strong>ὁ</strong></span> <span class='ocrx_word' id='word_1_229' title='bbox 2441 864 2596 917; x_wconf 85' lang='grc' dir='ltr'>εεεε,</span> <span class='ocrx_word' id='word_1_230' title='bbox 2625 866 2745 906; x_wconf 88' lang='lat' dir='ltr'><strong>cum</strong></span> <span class='ocrx_word' id='word_1_231' title='bbox 2776 867 2804 904; x_wconf 84' lang='lat' dir='ltr'><strong>c</strong></span> <span class='ocrx_word' id='word_1_232' title='bbox 2845 865 2973 907; x_wconf 88' lang='lat' dir='ltr'><strong>vero</strong></span> <span class='ocrx_word' id='word_1_233' title='bbox 3011 867 3117 907; x_wconf 92' lang='lat' dir='ltr'><strong>non</strong></span> <span class='ocrx_word' id='word_1_234' title='bbox 3157 869 3275 909; x_wconf 89' lang='lat' dir='ltr'><strong>esse</strong></span> <span class='ocrx_word' id='word_1_235' title='bbox 3314 855 3642 926; x_wconf 84' lang='lat' dir='ltr'><strong>propositum</strong></span> <span class='ocrx_word' id='word_1_236' title='bbox 3690 867 3794 912; x_wconf 90' lang='lat' dir='ltr'><strong>est.</strong></span> 
     </span>
    </p>
   </div>
   <div class='ocr_carea' id='block_1_24' title="bbox 2222 936 3798 1015">
    <p class='ocr_par' dir='ltr' id='par_1_24' title="bbox 2222 936 3798 1015">
     <span class='ocr_line' id='line_1_24' title="bbox 2222 936 3798 1015; baseline 0.004 -22"><span class='ocrx_word' id='word_1_237' title='bbox 2222 936 2429 995; x_wconf 84' lang='lat' dir='ltr'><strong>Rursus</strong></span> <span class='ocrx_word' id='word_1_238' title='bbox 2459 956 2592 997; x_wconf 91' lang='lat' dir='ltr'><strong>vero</strong></span> <span class='ocrx_word' id='word_1_239' title='bbox 2630 959 2663 997; x_wconf 89' lang='lat' dir='ltr'><strong>a</strong></span> <span class='ocrx_word' id='word_1_240' title='bbox 2698 942 2915 1015; x_wconf 89' lang='lat' dir='ltr'><strong>quidem</strong></span> <span class='ocrx_word' id='word_1_241' title='bbox 2942 957 3063 999; x_wconf 89' lang='lat' dir='ltr'><strong>cum</strong></span> <span class='ocrx_word' id='word_1_242' title='bbox 3096 944 3125 998; x_wconf 65' lang='grc' dir='ltr'><strong>ὁ</strong></span> <span class='ocrx_word' id='word_1_243' title='bbox 3149 960 3253 1000; x_wconf 92' lang='lat' dir='ltr'><strong>non</strong></span> <span class='ocrx_word' id='word_1_244' title='bbox 3284 960 3434 1012; x_wconf 85' lang='lat' dir='ltr'><strong>esse,</strong></span> <span class='ocrx_word' id='word_1_245' title='bbox 3465 948 3585 1000; x_wconf 89' lang='lat' dir='ltr'><strong>c&#39;um</strong></span> <span class='ocrx_word' id='word_1_246' title='bbox 3613 964 3640 1000; x_wconf 87' lang='lat' dir='ltr'><strong>c</strong></span> <span class='ocrx_word' id='word_1_247' title='bbox 3668 961 3798 1001; x_wconf 87' lang='lat' dir='ltr'><strong>vero</strong></span> 
     </span>
    </p>
   </div>
   <div class='ocr_carea' id='block_1_25' title="bbox 2215 1034 3795 1103">
    <p class='ocr_par' dir='ltr' id='par_1_25' title="bbox 2215 1034 3795 1103">
     <span class='ocr_line' id='line_1_25' title="bbox 2215 1034 3795 1103; baseline 0.005 -18"><span class='ocrx_word' id='word_1_248' title='bbox 2215 1044 2337 1085; x_wconf 87' lang='lat' dir='ltr'><strong>esse</strong></span> <span class='ocrx_word' id='word_1_249' title='bbox 2358 1043 2712 1103; x_wconf 84' lang='lat' dir='ltr'><strong>proponatur,</strong></span> <span class='ocrx_word' id='word_1_250' title='bbox 2739 1034 2782 1089; x_wconf 88' lang='lat' dir='ltr'><strong>si</strong></span> <span class='ocrx_word' id='word_1_251' title='bbox 2811 1044 2894 1089; x_wconf 90' lang='lat' dir='ltr'><strong>est</strong></span> <span class='ocrx_word' id='word_1_252' title='bbox 2915 1034 2963 1098; x_wconf 75' lang='grc' dir='ltr'>ὸ,</span> <span class='ocrx_word' id='word_1_253' title='bbox 2988 1051 3095 1091; x_wconf 92' lang='lat' dir='ltr'><strong>non</strong></span> <span class='ocrx_word' id='word_1_254' title='bbox 3125 1047 3206 1092; x_wconf 90' lang='lat' dir='ltr'><strong>est</strong></span> <span class='ocrx_word' id='word_1_255' title='bbox 3232 1055 3284 1101; x_wconf 92' lang='lat' dir='ltr'><strong>a,</strong></span> <span class='ocrx_word' id='word_1_256' title='bbox 3309 1037 3352 1091; x_wconf 88' lang='lat' dir='ltr'><strong>si</strong></span> <span class='ocrx_word' id='word_1_257' title='bbox 3381 1047 3466 1093; x_wconf 89' lang='lat' dir='ltr'><strong>est</strong></span> <span class='ocrx_word' id='word_1_258' title='bbox 3491 1055 3537 1103; x_wconf 77' lang='grc' dir='ltr'><strong>ε,</strong></span> <span class='ocrx_word' id='word_1_259' title='bbox 3563 1048 3646 1093; x_wconf 79' lang='grc' dir='ltr'><strong>εει</strong></span> <span class='ocrx_word' id='word_1_260' title='bbox 3668 1056 3721 1103; x_wconf 81' lang='lat' dir='ltr'><strong>a,</strong></span> <span class='ocrx_word' id='word_1_261' title='bbox 3750 1038 3795 1093; x_wconf 88' lang='lat' dir='ltr'><strong>si</strong></span> 
     </span>
    </p>
   </div>
   <div class='ocr_carea' id='block_1_26' title="bbox 2214 1122 3794 1196">
    <p class='ocr_par' dir='ltr' id='par_1_26' title="bbox 2214 1122 3794 1196">
     <span class='ocr_line' id='line_1_26' title="bbox 2214 1122 3794 1196; baseline 0.004 -21"><span class='ocrx_word' id='word_1_262' title='bbox 2214 1131 2297 1176; x_wconf 91' lang='lat' dir='ltr'><strong>est</strong></span> <span class='ocrx_word' id='word_1_263' title='bbox 2320 1122 2371 1188; x_wconf 75' lang='grc' dir='ltr'>ὁ,</span> <span class='ocrx_word' id='word_1_264' title='bbox 2417 1138 2522 1178; x_wconf 90' lang='lat' dir='ltr'><strong>non</strong></span> <span class='ocrx_word' id='word_1_265' title='bbox 2553 1135 2723 1193; x_wconf 89' lang='lat' dir='ltr'><strong>esta,</strong></span> <span class='ocrx_word' id='word_1_266' title='bbox 2768 1126 2814 1181; x_wconf 90' lang='lat' dir='ltr'><strong>si</strong></span> <span class='ocrx_word' id='word_1_267' title='bbox 2856 1141 2963 1181; x_wconf 91' lang='lat' dir='ltr'><strong>non</strong></span> <span class='ocrx_word' id='word_1_268' title='bbox 3007 1136 3091 1183; x_wconf 88' lang='lat' dir='ltr'><strong>est</strong></span> <span class='ocrx_word' id='word_1_269' title='bbox 3129 1144 3177 1194; x_wconf 89' lang='lat' dir='ltr'><strong>c,</strong></span> <span class='ocrx_word' id='word_1_270' title='bbox 3218 1138 3301 1184; x_wconf 89' lang='lat' dir='ltr'><strong>est</strong></span> <span class='ocrx_word' id='word_1_271' title='bbox 3326 1146 3394 1196; x_wconf 92' lang='lat' dir='ltr'><strong>a,</strong></span> <span class='ocrx_word' id='word_1_272' title='bbox 3423 1130 3467 1182; x_wconf 89' lang='lat' dir='ltr'><strong>si</strong></span> <span class='ocrx_word' id='word_1_273' title='bbox 3502 1146 3604 1183; x_wconf 85' lang='lat' dir='ltr'><strong>non</strong></span> <span class='ocrx_word' id='word_1_274' title='bbox 3636 1138 3720 1183; x_wconf 88' lang='lat' dir='ltr'><strong>est</strong></span> <span class='ocrx_word' id='word_1_275' title='bbox 3745 1130 3794 1191; x_wconf 73' lang='grc' dir='ltr'>ὁ,</span> 
     </span>
    </p>
   </div>
   <div class='ocr_carea' id='block_1_27' title="bbox 2215 1216 3795 1288">
    <p class='ocr_par' dir='ltr' id='par_1_27' title="bbox 2215 1216 3795 1288">
     <span class='ocr_line' id='line_1_27' title="bbox 2215 1216 3795 1288; baseline 0.004 -22"><span class='ocrx_word' id='word_1_276' title='bbox 2215 1226 2321 1267; x_wconf 91' lang='lat' dir='ltr'><strong>non</strong></span> <span class='ocrx_word' id='word_1_277' title='bbox 2344 1222 2427 1269; x_wconf 90' lang='lat' dir='ltr'><strong>est</strong></span> <span class='ocrx_word' id='word_1_278' title='bbox 2454 1230 2514 1283; x_wconf 88' lang='lat' dir='ltr'><strong>a,</strong></span> <span class='ocrx_word' id='word_1_279' title='bbox 2546 1216 2590 1269; x_wconf 91' lang='lat' dir='ltr'><strong>si</strong></span> <span class='ocrx_word' id='word_1_280' title='bbox 2622 1224 2706 1271; x_wconf 92' lang='lat' dir='ltr'><strong>est</strong></span> <span class='ocrx_word' id='word_1_281' title='bbox 2731 1232 2779 1282; x_wconf 87' lang='lat' dir='ltr'><strong>c,</strong></span> <span class='ocrx_word' id='word_1_282' title='bbox 2810 1225 2892 1272; x_wconf 87' lang='grc' dir='ltr'><strong>εει</strong></span> <span class='ocrx_word' id='word_1_283' title='bbox 2916 1234 2980 1284; x_wconf 88' lang='lat' dir='ltr'><strong>a,</strong></span> <span class='ocrx_word' id='word_1_284' title='bbox 3007 1219 3053 1274; x_wconf 92' lang='lat' dir='ltr'><strong>si</strong></span> <span class='ocrx_word' id='word_1_285' title='bbox 3083 1234 3190 1273; x_wconf 93' lang='lat' dir='ltr'><strong>non</strong></span> <span class='ocrx_word' id='word_1_286' title='bbox 3217 1227 3300 1275; x_wconf 87' lang='lat' dir='ltr'><strong>est</strong></span> <span class='ocrx_word' id='word_1_287' title='bbox 3328 1221 3379 1288; x_wconf 85' lang='lat' dir='ltr'><strong>b,</strong></span> <span class='ocrx_word' id='word_1_288' title='bbox 3410 1235 3514 1274; x_wconf 90' lang='lat' dir='ltr'><strong>non</strong></span> <span class='ocrx_word' id='word_1_289' title='bbox 3542 1229 3625 1275; x_wconf 89' lang='lat' dir='ltr'><strong>est</strong></span> <span class='ocrx_word' id='word_1_290' title='bbox 3649 1237 3714 1281; x_wconf 83' lang='grc' dir='ltr'>α,</span> <span class='ocrx_word' id='word_1_291' title='bbox 3747 1221 3795 1274; x_wconf 91' lang='lat' dir='ltr'><strong>si</strong></span> 
     </span>
    </p>
   </div>
   <div class='ocr_carea' id='block_1_28' title="bbox 2216 1310 3798 1383">
    <p class='ocr_par' dir='ltr' id='par_1_28' title="bbox 2216 1310 3798 1383">
     <span class='ocr_line' id='line_1_28' title="bbox 2216 1310 3798 1383; baseline 0.005 -24"><span class='ocrx_word' id='word_1_292' title='bbox 2216 1318 2324 1360; x_wconf 89' lang='lat' dir='ltr'><strong>non</strong></span> <span class='ocrx_word' id='word_1_293' title='bbox 2374 1314 2459 1362; x_wconf 91' lang='lat' dir='ltr'><strong>est</strong></span> <span class='ocrx_word' id='word_1_294' title='bbox 2498 1324 2547 1374; x_wconf 89' lang='lat' dir='ltr'><strong>c,</strong></span> <span class='ocrx_word' id='word_1_295' title='bbox 2601 1322 2706 1364; x_wconf 91' lang='lat' dir='ltr'><strong>non</strong></span> <span class='ocrx_word' id='word_1_296' title='bbox 2737 1317 2821 1364; x_wconf 87' lang='grc' dir='ltr'><strong>εει</strong></span> <span class='ocrx_word' id='word_1_297' title='bbox 2861 1327 2913 1365; x_wconf 87' lang='lat' dir='ltr'><strong>a.</strong></span> <span class='ocrx_word' id='word_1_298' title='bbox 2945 1310 3140 1367; x_wconf 76' lang='lat' dir='ltr'><strong>Tertia:</strong></span> <span class='ocrx_word' id='word_1_299' title='bbox 3168 1312 3328 1383; x_wconf 82' lang='lat' dir='ltr'><strong>igitur</strong></span> <span class='ocrx_word' id='word_1_300' title='bbox 3370 1313 3552 1382; x_wconf 65' lang='lat' dir='ltr'><strong>ﬁgura:</strong></span> <span class='ocrx_word' id='word_1_301' title='bbox 3597 1315 3798 1379; x_wconf 84' lang='lat' dir='ltr'><strong>primus</strong></span> 
     </span>
    </p>
   </div>
   <div class='ocr_carea' id='block_1_29' title="bbox 2215 1395 3796 1470">
    <p class='ocr_par' dir='ltr' id='par_1_29' title="bbox 2215 1395 3796 1470">
     <span class='ocr_line' id='line_1_29' title="bbox 2215 1395 3796 1470; baseline 0.005 -20"><span class='ocrx_word' id='word_1_302' title='bbox 2215 1395 2407 1452; x_wconf 88' lang='lat' dir='ltr'><strong>modus</strong></span> <span class='ocrx_word' id='word_1_303' title='bbox 2436 1408 2519 1453; x_wconf 88' lang='lat' dir='ltr'><strong>est</strong></span> <span class='ocrx_word' id='word_1_304' title='bbox 2561 1398 2898 1470; x_wconf 71' lang='lat' dir='ltr'><strong>huiusmodi,</strong></span> <span class='ocrx_word' id='word_1_305' title='bbox 2928 1402 2977 1457; x_wconf 93' lang='lat' dir='ltr'><strong>si</strong></span> <span class='ocrx_word' id='word_1_306' title='bbox 3001 1411 3084 1458; x_wconf 91' lang='lat' dir='ltr'><strong>est</strong></span> <span class='ocrx_word' id='word_1_307' title='bbox 3124 1403 3176 1469; x_wconf 84' lang='lat' dir='ltr'><strong>b,</strong></span> <span class='ocrx_word' id='word_1_308' title='bbox 3203 1414 3285 1458; x_wconf 89' lang='grc' dir='ltr'><strong>εει</strong></span> <span class='ocrx_word' id='word_1_309' title='bbox 3312 1421 3375 1470; x_wconf 87' lang='lat' dir='ltr'><strong>a,</strong></span> <span class='ocrx_word' id='word_1_310' title='bbox 3417 1404 3461 1458; x_wconf 93' lang='lat' dir='ltr'><strong>si</strong></span> <span class='ocrx_word' id='word_1_311' title='bbox 3501 1414 3582 1458; x_wconf 85' lang='lat' dir='ltr'><strong>est</strong></span> <span class='ocrx_word' id='word_1_312' title='bbox 3610 1420 3661 1470; x_wconf 79' lang='grc' dir='ltr'><strong>ε,</strong></span> <span class='ocrx_word' id='word_1_313' title='bbox 3690 1419 3796 1458; x_wconf 89' lang='lat' dir='ltr'><strong>non</strong></span> 
     </span>
    </p>
   </div>
   <div class='ocr_carea' id='block_1_30' title="bbox 2214 1489 3795 1564">
    <p class='ocr_par' dir='ltr' id='par_1_30' title="bbox 2214 1489 3795 1564">
     <span class='ocr_line' id='line_1_30' title="bbox 2214 1489 3795 1564; baseline 0.003 -21"><span class='ocrx_word' id='word_1_314' title='bbox 2214 1495 2299 1543; x_wconf 87' lang='lat' dir='ltr'><strong>est</strong></span> <span class='ocrx_word' id='word_1_315' title='bbox 2326 1505 2357 1540; x_wconf 92' lang='lat' dir='ltr'><strong>a</strong></span> <span class='ocrx_word' id='word_1_316' title='bbox 2377 1527 2393 1554; x_wconf 94' lang='lat'><strong>,</strong></span> <span class='ocrx_word' id='word_1_317' title='bbox 2426 1489 2518 1557; x_wconf 89' lang='lat' dir='ltr'><strong>qui</strong></span> <span class='ocrx_word' id='word_1_318' title='bbox 2541 1490 2755 1558; x_wconf 84' lang='lat' dir='ltr'><strong>quidem</strong></span> <span class='ocrx_word' id='word_1_319' title='bbox 2781 1492 3025 1548; x_wconf 87' lang='lat' dir='ltr'><strong>diversus</strong></span> <span class='ocrx_word' id='word_1_320' title='bbox 3046 1505 3130 1549; x_wconf 90' lang='lat' dir='ltr'><strong>est</strong></span> <span class='ocrx_word' id='word_1_321' title='bbox 3149 1509 3179 1548; x_wconf 88' lang='lat' dir='ltr'><strong>a</strong></span> <span class='ocrx_word' id='word_1_322' title='bbox 3207 1495 3454 1551; x_wconf 75' lang='lat' dir='ltr'><strong>secundae</strong></span> <span class='ocrx_word' id='word_1_323' title='bbox 3479 1496 3660 1563; x_wconf 73' lang='lat' dir='ltr'><strong>ﬁgurae</strong></span> <span class='ocrx_word' id='word_1_324' title='bbox 3691 1494 3795 1564; x_wconf 82' lang='lat' dir='ltr'><strong>pri-</strong></span> 
     </span>
    </p>
   </div>
   <div class='ocr_carea' id='block_1_31' title="bbox 2215 1580 3798 1649">
    <p class='ocr_par' dir='ltr' id='par_1_31' title="bbox 2215 1580 3798 1649">
     <span class='ocr_line' id='line_1_31' title="bbox 2215 1580 3798 1649; baseline 0.002 -14"><span class='ocrx_word' id='word_1_325' title='bbox 2215 1596 2305 1635; x_wconf 89' lang='lat' dir='ltr'><strong>mo</strong></span> <span class='ocrx_word' id='word_1_326' title='bbox 2333 1580 2513 1635; x_wconf 91' lang='lat' dir='ltr'><strong>modo.</strong></span> <span class='ocrx_word' id='word_1_327' title='bbox 2545 1580 2658 1637; x_wconf 91' lang='lat' dir='ltr'><strong>lllic</strong></span> <span class='ocrx_word' id='word_1_328' title='bbox 2687 1583 2828 1638; x_wconf 91' lang='lat' dir='ltr'><strong>enim</strong></span> <span class='ocrx_word' id='word_1_329' title='bbox 2858 1583 2906 1638; x_wconf 91' lang='lat' dir='ltr'><strong>si</strong></span> <span class='ocrx_word' id='word_1_330' title='bbox 2940 1600 2973 1637; x_wconf 90' lang='lat' dir='ltr'><strong>a</strong></span> <span class='ocrx_word' id='word_1_331' title='bbox 3000 1594 3143 1640; x_wconf 86' lang='lat' dir='ltr'><strong>esset</strong></span> <span class='ocrx_word' id='word_1_332' title='bbox 3171 1586 3255 1641; x_wconf 90' lang='lat' dir='ltr'><strong>vel</strong></span> <span class='ocrx_word' id='word_1_333' title='bbox 3285 1602 3393 1640; x_wconf 90' lang='lat' dir='ltr'><strong>non</strong></span> <span class='ocrx_word' id='word_1_334' title='bbox 3425 1595 3599 1649; x_wconf 87' lang='lat' dir='ltr'><strong>esset,</strong></span> <span class='ocrx_word' id='word_1_335' title='bbox 3631 1585 3661 1638; x_wconf 72' lang='grc' dir='ltr'>ὁ</span> <span class='ocrx_word' id='word_1_336' title='bbox 3689 1593 3743 1639; x_wconf 89' lang='grc' dir='ltr'><strong>ει</strong></span> <span class='ocrx_word' id='word_1_337' title='bbox 3768 1601 3798 1638; x_wconf 85' lang='lat' dir='ltr'><strong>c</strong></span> 
     </span>
    </p>
   </div>
   <div class='ocr_carea' id='block_1_32' title="bbox 2217 1672 3796 1741">
    <p class='ocr_par' dir='ltr' id='par_1_32' title="bbox 2217 1672 3796 1741">
     <span class='ocr_line' id='line_1_32' title="bbox 2217 1672 3796 1741; baseline 0.002 -13"><span class='ocrx_word' id='word_1_338' title='bbox 2217 1686 2340 1728; x_wconf 88' lang='lat' dir='ltr'><strong>esse</strong></span> <span class='ocrx_word' id='word_1_339' title='bbox 2369 1672 2704 1729; x_wconf 78' lang='lat' dir='ltr'><strong>dicebantur.</strong></span> <span class='ocrx_word' id='word_1_340' title='bbox 2735 1674 2886 1731; x_wconf 83' lang='lat' dir='ltr'><strong>Nunc</strong></span> <span class='ocrx_word' id='word_1_341' title='bbox 2912 1690 3042 1731; x_wconf 88' lang='lat' dir='ltr'><strong>vero</strong></span> <span class='ocrx_word' id='word_1_342' title='bbox 3071 1677 3117 1732; x_wconf 89' lang='lat' dir='ltr'><strong>si</strong></span> <span class='ocrx_word' id='word_1_343' title='bbox 3150 1678 3179 1732; x_wconf 73' lang='grc' dir='ltr'><strong>ὁ</strong></span> <span class='ocrx_word' id='word_1_344' title='bbox 3219 1678 3303 1733; x_wconf 88' lang='lat' dir='ltr'><strong>vel</strong></span> <span class='ocrx_word' id='word_1_345' title='bbox 3330 1695 3358 1731; x_wconf 86' lang='lat' dir='ltr'><strong>c</strong></span> <span class='ocrx_word' id='word_1_346' title='bbox 3398 1673 3625 1741; x_wconf 73' lang='lat' dir='ltr'><strong>fuerint,</strong></span> <span class='ocrx_word' id='word_1_347' title='bbox 3652 1694 3685 1730; x_wconf 89' lang='lat' dir='ltr'><strong>a</strong></span> <span class='ocrx_word' id='word_1_348' title='bbox 3710 1676 3796 1731; x_wconf 84' lang='lat' dir='ltr'><strong>vel</strong></span> 
     </span>
    </p>
   </div>
   <div class='ocr_carea' id='block_1_33' title="bbox 2212 1765 3799 1840">
    <p class='ocr_par' dir='ltr' id='par_1_33' title="bbox 2212 1765 3799 1840">
     <span class='ocr_line' id='line_1_33' title="bbox 2212 1765 3799 1840; baseline 0.003 -20"><span class='ocrx_word' id='word_1_349' title='bbox 2212 1780 2331 1821; x_wconf 90' lang='lat' dir='ltr'><strong>esse</strong></span> <span class='ocrx_word' id='word_1_350' title='bbox 2358 1767 2440 1821; x_wconf 92' lang='lat' dir='ltr'><strong>vel</strong></span> <span class='ocrx_word' id='word_1_351' title='bbox 2466 1782 2571 1822; x_wconf 90' lang='lat' dir='ltr'><strong>non</strong></span> <span class='ocrx_word' id='word_1_352' title='bbox 2594 1783 2714 1823; x_wconf 91' lang='lat' dir='ltr'><strong>esse</strong></span> <span class='ocrx_word' id='word_1_353' title='bbox 2739 1770 3076 1839; x_wconf 87' lang='lat' dir='ltr'><strong>proponitur.</strong></span> <span class='ocrx_word' id='word_1_354' title='bbox 3103 1765 3442 1840; x_wconf 67' lang='lat' dir='ltr'><strong>Equiino&#39;da:</strong></span> <span class='ocrx_word' id='word_1_355' title='bbox 3468 1782 3644 1825; x_wconf 82' lang='lat' dir='ltr'><strong>autem</strong></span> <span class='ocrx_word' id='word_1_356' title='bbox 3675 1786 3799 1840; x_wconf 90' lang='lat' dir='ltr'><strong>pro-</strong></span> 
     </span>
    </p>
   </div>
   <div class='ocr_carea' id='block_1_34' title="bbox 539 1858 2118 1938">
    <p class='ocr_par' dir='ltr' id='par_1_34' title="bbox 539 1858 2115 1938">
     <span class='ocr_line' id='line_1_34' title="bbox 539 1858 2115 1938; baseline 0.011 -25"><span class='ocrx_word' id='word_1_357' title='bbox 539 1858 740 1913; x_wconf 90' lang='lat' dir='ltr'><strong>minum</strong></span> <span class='ocrx_word' id='word_1_358' title='bbox 771 1870 929 1928; x_wconf 86' lang='lat' dir='ltr'><strong>neget</strong></span> <span class='ocrx_word' id='word_1_359' title='bbox 956 1863 1268 1931; x_wconf 85' lang='lat' dir='ltr'><strong>assumptio,</strong></span> <span class='ocrx_word' id='word_1_360' title='bbox 1299 1863 1430 1919; x_wconf 89' lang='lat' dir='ltr'><strong>nihil</strong></span> <span class='ocrx_word' id='word_1_361' title='bbox 1456 1873 1540 1921; x_wconf 92' lang='lat' dir='ltr'><strong>est</strong></span> <span class='ocrx_word' id='word_1_362' title='bbox 1570 1870 1962 1938; x_wconf 74' lang='lat' dir='ltr'><strong>necessarium,</strong></span> <span class='ocrx_word' id='word_1_363' title='bbox 1993 1892 2115 1933; x_wconf 90' lang='lat' dir='ltr'><strong>nam</strong></span> 
     </span>
    </p>
   </div>
   <div class='ocr_carea' id='block_1_35' title="bbox 2216 1858 3797 1938">
    <p class='ocr_par' dir='ltr' id='par_1_35' title="bbox 2226 1860 3797 1935">
     <span class='ocr_line' id='line_1_35' title="bbox 2226 1860 3797 1935; baseline 0.003 -23"><span class='ocrx_word' id='word_1_364' title='bbox 2226 1860 2520 1929; x_wconf 90' lang='lat' dir='ltr'><strong>positiones</strong></span> <span class='ocrx_word' id='word_1_365' title='bbox 2542 1875 2648 1915; x_wconf 88' lang='lat' dir='ltr'><strong>non</strong></span> <span class='ocrx_word' id='word_1_366' title='bbox 2691 1872 2835 1926; x_wconf 90' lang='lat' dir='ltr'><strong>sunt,</strong></span> <span class='ocrx_word' id='word_1_367' title='bbox 2863 1879 2979 1934; x_wconf 74' lang='lat' dir='ltr'><strong>qua:</strong></span> <span class='ocrx_word' id='word_1_368' title='bbox 3002 1863 3186 1919; x_wconf 76' lang='lat' dir='ltr'><strong>inalia</strong></span> <span class='ocrx_word' id='word_1_369' title='bbox 3212 1874 3362 1935; x_wconf 86' lang='lat' dir='ltr'><strong>parte</strong></span> <span class='ocrx_word' id='word_1_370' title='bbox 3389 1882 3421 1918; x_wconf 82' lang='grc' dir='ltr'><em>α</em></span> <span class='ocrx_word' id='word_1_371' title='bbox 3450 1879 3588 1930; x_wconf 88' lang='grc' dir='ltr'>εεεε,</span> <span class='ocrx_word' id='word_1_372' title='bbox 3609 1864 3662 1917; x_wconf 92' lang='lat' dir='ltr'><strong>in</strong></span> <span class='ocrx_word' id='word_1_373' title='bbox 3694 1864 3797 1918; x_wconf 85' lang='lat' dir='ltr'><strong>alia</strong></span> 
     </span>
    </p>
   </div>
   <div class='ocr_carea' id='block_1_36' title="bbox 536 1951 2113 2021">
    <p class='ocr_par' dir='ltr' id='par_1_36' title="bbox 536 1951 2113 2021">
     <span class='ocr_line' id='line_1_36' title="bbox 536 1951 2113 2021; baseline 0.01 -16"><span class='ocrx_word' id='word_1_374' title='bbox 536 1951 583 2005; x_wconf 95' lang='lat' dir='ltr'><strong>si</strong></span> <span class='ocrx_word' id='word_1_375' title='bbox 615 1965 718 2004; x_wconf 90' lang='lat' dir='ltr'><strong>non</strong></span> <span class='ocrx_word' id='word_1_376' title='bbox 748 1962 829 2005; x_wconf 81' lang='lat' dir='ltr'><strong>est</strong></span> <span class='ocrx_word' id='word_1_377' title='bbox 858 1967 908 2016; x_wconf 78' lang='grc' dir='ltr'><strong>ε,</strong></span> <span class='ocrx_word' id='word_1_378' title='bbox 941 1968 1046 2005; x_wconf 92' lang='lat' dir='ltr'><strong>non</strong></span> <span class='ocrx_word' id='word_1_379' title='bbox 1077 1967 1300 2008; x_wconf 89' lang='lat' dir='ltr'><strong>necesse</strong></span> <span class='ocrx_word' id='word_1_380' title='bbox 1328 1956 1432 2010; x_wconf 87' lang='lat' dir='ltr'><strong>erit</strong></span> <span class='ocrx_word' id='word_1_381' title='bbox 1469 1970 1589 2013; x_wconf 88' lang='lat' dir='ltr'><strong>esse</strong></span> <span class='ocrx_word' id='word_1_382' title='bbox 1623 1960 1708 2014; x_wconf 88' lang='lat' dir='ltr'><strong>vel</strong></span> <span class='ocrx_word' id='word_1_383' title='bbox 1751 1976 1854 2014; x_wconf 92' lang='lat' dir='ltr'><strong>non</strong></span> <span class='ocrx_word' id='word_1_384' title='bbox 1899 1978 2019 2019; x_wconf 88' lang='lat' dir='ltr'><strong>esse</strong></span> <span class='ocrx_word' id='word_1_385' title='bbox 2061 1983 2113 2021; x_wconf 87' lang='lat' dir='ltr'><strong>a.</strong></span> 
     </span>
    </p>
   </div>
   <div class='ocr_carea' id='block_1_37' title="bbox 536 2043 2113 2122">
    <p class='ocr_par' dir='ltr' id='par_1_37' title="bbox 536 2043 2113 2122">
     <span class='ocr_line' id='line_1_37' title="bbox 536 2043 2113 2122; baseline 0.01 -27"><span class='ocrx_word' id='word_1_386' title='bbox 536 2043 656 2108; x_wconf 81' lang='lat' dir='ltr'><strong>Quo</strong></span> <span class='ocrx_word' id='word_1_387' title='bbox 687 2044 744 2097; x_wconf 92' lang='lat' dir='ltr'><strong>lit</strong></span> <span class='ocrx_word' id='word_1_388' title='bbox 770 2052 824 2095; x_wconf 91' lang='grc' dir='ltr'><strong>ιιι</strong></span> <span class='ocrx_word' id='word_1_389' title='bbox 851 2058 919 2097; x_wconf 84' lang='grc' dir='ltr'>ηε</span> <span class='ocrx_word' id='word_1_390' title='bbox 945 2044 973 2097; x_wconf 88' lang='lat' dir='ltr'><strong>b</strong></span> <span class='ocrx_word' id='word_1_391' title='bbox 1000 2044 1243 2114; x_wconf 87' lang='lat' dir='ltr'><strong>quidem,</strong></span> <span class='ocrx_word' id='word_1_392' title='bbox 1277 2061 1399 2100; x_wconf 84' lang='lat' dir='ltr'><strong>nam</strong></span> <span class='ocrx_word' id='word_1_393' title='bbox 1426 2047 1473 2101; x_wconf 90' lang='lat' dir='ltr'><strong>si</strong></span> <span class='ocrx_word' id='word_1_394' title='bbox 1502 2064 1607 2104; x_wconf 90' lang='lat' dir='ltr'><strong>non</strong></span> <span class='ocrx_word' id='word_1_395' title='bbox 1635 2060 1717 2105; x_wconf 89' lang='lat' dir='ltr'><strong>est</strong></span> <span class='ocrx_word' id='word_1_396' title='bbox 1742 2051 2113 2122; x_wconf 74' lang='lat' dir='ltr'><strong>inanimatam,</strong></span> 
     </span>
    </p>
   </div>
   <div class='ocr_carea' id='block_1_38' title="bbox 386 2124 2114 2213">
    <p class='ocr_par' dir='ltr' id='par_1_38' title="bbox 386 2124 2114 2213">
     <span class='ocr_line' id='line_1_38' title="bbox 386 2124 2114 2213; baseline 0.012 -28"><span class='ocrx_word' id='word_1_397' title='bbox 386 2124 398 2133; x_wconf 83' lang='grc'><em>’</em></span> <span class='ocrx_word' id='word_1_398' title='bbox 470 2174 479 2179; x_wconf 91' lang='grc'><strong><em>-</em></strong></span> <span class='ocrx_word' id='word_1_399' title='bbox 535 2132 766 2189; x_wconf 77' lang='lat' dir='ltr'><strong>fortasse</strong></span> <span class='ocrx_word' id='word_1_400' title='bbox 793 2134 1007 2205; x_wconf 90' lang='lat' dir='ltr'><strong>quidem</strong></span> <span class='ocrx_word' id='word_1_401' title='bbox 1034 2137 1103 2191; x_wconf 90' lang='lat' dir='ltr'><strong>sit</strong></span> <span class='ocrx_word' id='word_1_402' title='bbox 1130 2152 1353 2194; x_wconf 83' lang='lat' dir='ltr'><strong>necesse</strong></span> <span class='ocrx_word' id='word_1_403' title='bbox 1378 2154 1499 2195; x_wconf 82' lang='lat' dir='ltr'><strong>esse</strong></span> <span class='ocrx_word' id='word_1_404' title='bbox 1526 2143 1851 2213; x_wconf 88' lang='lat' dir='ltr'><strong>animatum,</strong></span> <span class='ocrx_word' id='word_1_405' title='bbox 1883 2149 1976 2203; x_wconf 89' lang='lat' dir='ltr'><strong>sed</strong></span> <span class='ocrx_word' id='word_1_406' title='bbox 2008 2166 2114 2206; x_wconf 91' lang='lat' dir='ltr'><strong>non</strong></span> 
     </span>
    </p>
   </div>
   <div class='ocr_carea' id='block_1_39' title="bbox 536 2227 2116 2300">
    <p class='ocr_par' dir='ltr' id='par_1_39' title="bbox 536 2227 2116 2300">
     <span class='ocr_line' id='line_1_39' title="bbox 536 2227 2116 2300; baseline 0.012 -20"><span class='ocrx_word' id='word_1_407' title='bbox 536 2240 760 2281; x_wconf 88' lang='lat' dir='ltr'><strong>necesse</strong></span> <span class='ocrx_word' id='word_1_408' title='bbox 789 2238 873 2283; x_wconf 89' lang='lat' dir='ltr'><strong>est</strong></span> <span class='ocrx_word' id='word_1_409' title='bbox 901 2227 1100 2285; x_wconf 87' lang='lat' dir='ltr'><strong>animal</strong></span> <span class='ocrx_word' id='word_1_410' title='bbox 1130 2244 1274 2287; x_wconf 90' lang='lat' dir='ltr'><strong>esse.</strong></span> <span class='ocrx_word' id='word_1_411' title='bbox 1324 2231 1667 2291; x_wconf 87' lang='lat' dir='ltr'><strong>lnvenientur</strong></span> <span class='ocrx_word' id='word_1_412' title='bbox 1694 2248 1872 2294; x_wconf 89' lang='lat' dir='ltr'><strong>autem</strong></span> <span class='ocrx_word' id='word_1_413' title='bbox 1906 2244 2116 2300; x_wconf 82' lang='lat' dir='ltr'><strong>termini</strong></span> 
     </span>
    </p>
   </div>
   <div class='ocr_carea' id='block_1_40' title="bbox 536 2315 2117 2401">
    <p class='ocr_par' dir='ltr' id='par_1_40' title="bbox 536 2315 2117 2401">
     <span class='ocr_line' id='line_1_40' title="bbox 536 2315 2117 2401; baseline 0.013 -31"><span class='ocrx_word' id='word_1_414' title='bbox 536 2315 593 2372; x_wconf 93' lang='lat' dir='ltr'><strong>in</strong></span> <span class='ocrx_word' id='word_1_415' title='bbox 623 2318 815 2388; x_wconf 86' lang='lat' dir='ltr'><strong>quibus</strong></span> <span class='ocrx_word' id='word_1_416' title='bbox 844 2333 949 2374; x_wconf 92' lang='lat' dir='ltr'><strong>non</strong></span> <span class='ocrx_word' id='word_1_417' title='bbox 979 2335 1202 2377; x_wconf 89' lang='lat' dir='ltr'><strong>necesse</strong></span> <span class='ocrx_word' id='word_1_418' title='bbox 1230 2323 1301 2378; x_wconf 91' lang='lat' dir='ltr'><strong>sit</strong></span> <span class='ocrx_word' id='word_1_419' title='bbox 1328 2339 1451 2380; x_wconf 91' lang='lat' dir='ltr'><strong>esse</strong></span> <span class='ocrx_word' id='word_1_420' title='bbox 1488 2344 1521 2381; x_wconf 80' lang='grc' dir='ltr'><em>α</em></span> <span class='ocrx_word' id='word_1_421' title='bbox 1541 2368 1555 2390; x_wconf 90' lang='grc'><strong>,</strong></span> <span class='ocrx_word' id='word_1_422' title='bbox 1589 2328 1751 2384; x_wconf 90' lang='lat' dir='ltr'><strong>veluti</strong></span> <span class='ocrx_word' id='word_1_423' title='bbox 1781 2331 1826 2385; x_wconf 90' lang='lat' dir='ltr'><strong>si</strong></span> <span class='ocrx_word' id='word_1_424' title='bbox 1860 2349 2117 2401; x_wconf 79' lang='lat' dir='ltr'><strong>ponamus</strong></span> 
     </span>
    </p>
   </div>
   <div class='ocr_carea' id='block_1_41' title="bbox 535 2409 2118 2496">
    <p class='ocr_par' dir='ltr' id='par_1_41' title="bbox 535 2409 2118 2496">
     <span class='ocr_line' id='line_1_41' title="bbox 535 2409 2118 2496; baseline 0.015 -35"><span class='ocrx_word' id='word_1_425' title='bbox 535 2424 564 2461; x_wconf 88' lang='lat' dir='ltr'><strong>c</strong></span> <span class='ocrx_word' id='word_1_426' title='bbox 585 2409 824 2479; x_wconf 85' lang='lat' dir='ltr'><strong>nigrum,</strong></span> <span class='ocrx_word' id='word_1_427' title='bbox 853 2428 884 2465; x_wconf 89' lang='lat' dir='ltr'><strong>a</strong></span> <span class='ocrx_word' id='word_1_428' title='bbox 912 2412 1089 2467; x_wconf 90' lang='lat' dir='ltr'><strong>album</strong></span> <span class='ocrx_word' id='word_1_429' title='bbox 1110 2457 1123 2479; x_wconf 93' lang='lat'><strong>,</strong></span> <span class='ocrx_word' id='word_1_430' title='bbox 1173 2416 1386 2485; x_wconf 88' lang='lat' dir='ltr'><strong>negatio</strong></span> <span class='ocrx_word' id='word_1_431' title='bbox 1430 2418 1585 2489; x_wconf 91' lang='lat' dir='ltr'><strong>nigro</strong></span> <span class='ocrx_word' id='word_1_432' title='bbox 1632 2437 1737 2477; x_wconf 90' lang='lat' dir='ltr'><strong>non</strong></span> <span class='ocrx_word' id='word_1_433' title='bbox 1770 2428 2118 2496; x_wconf 86' lang='lat' dir='ltr'><strong>consequitur</strong></span> 
     </span>
    </p>
   </div>
   <div class='ocr_carea' id='block_1_42' title="bbox 535 2500 2115 2588">
    <p class='ocr_par' dir='ltr' id='par_1_42' title="bbox 535 2500 2115 2588">
     <span class='ocr_line' id='line_1_42' title="bbox 535 2500 2115 2588; baseline 0.012 -31"><span class='ocrx_word' id='word_1_434' title='bbox 535 2510 594 2557; x_wconf 83' lang='lat' dir='ltr'><strong>ut</strong></span> <span class='ocrx_word' id='word_1_435' title='bbox 636 2500 933 2558; x_wconf 85' lang='lat' dir='ltr'><strong>afﬁrmetur</strong></span> <span class='ocrx_word' id='word_1_436' title='bbox 961 2505 1164 2561; x_wconf 89' lang='lat' dir='ltr'><strong>album.</strong></span> <span class='ocrx_word' id='word_1_437' title='bbox 1198 2506 1265 2561; x_wconf 87' lang='lat' dir='ltr'><strong>Et</strong></span> <span class='ocrx_word' id='word_1_438' title='bbox 1313 2510 1563 2565; x_wconf 66' lang='lat' dir='ltr'><strong>secundae</strong></span> <span class='ocrx_word' id='word_1_439' title='bbox 1591 2513 1805 2583; x_wconf 85' lang='lat' dir='ltr'><strong>quidem</strong></span> <span class='ocrx_word' id='word_1_440' title='bbox 1852 2517 2033 2588; x_wconf 70' lang='lat' dir='ltr'><strong>ﬁgurae</strong></span> <span class='ocrx_word' id='word_1_441' title='bbox 2062 2521 2115 2577; x_wconf 92' lang='lat' dir='ltr'><strong>in</strong></span> 
     </span>
    </p>
   </div>
   <div class='ocr_carea' id='block_1_43' title="bbox 534 2594 2117 2681">
    <p class='ocr_par' dir='ltr' id='par_1_43' title="bbox 534 2594 2117 2681">
     <span class='ocr_line' id='line_1_43' title="bbox 534 2594 2117 2681; baseline 0.013 -34"><span class='ocrx_word' id='word_1_442' title='bbox 534 2594 866 2663; x_wconf 68' lang='lat' dir='ltr'><strong>aeqnimodas</strong></span> <span class='ocrx_word' id='word_1_443' title='bbox 904 2598 1305 2667; x_wconf 76' lang='lat' dir='ltr'><strong>complexiones</strong></span> <span class='ocrx_word' id='word_1_444' title='bbox 1334 2616 1525 2658; x_wconf 87' lang='lat' dir='ltr'><strong>omnes</strong></span> <span class='ocrx_word' id='word_1_445' title='bbox 1554 2603 1639 2674; x_wconf 93' lang='lat' dir='ltr'><strong>(ut</strong></span> <span class='ocrx_word' id='word_1_446' title='bbox 1664 2607 1924 2680; x_wconf 85' lang='lat' dir='ltr'><strong>arbitror)</strong></span> <span class='ocrx_word' id='word_1_447' title='bbox 1949 2612 2117 2681; x_wconf 82' lang='lat' dir='ltr'><strong>expli-</strong></span> 
     </span>
    </p>
   </div>
   <div class='ocr_carea' id='block_1_44' title="bbox 531 2683 2118 2758">
    <p class='ocr_par' dir='ltr' id='par_1_44' title="bbox 531 2683 2118 2758">
     <span class='ocr_line' id='line_1_44' title="bbox 531 2683 2118 2758; baseline 0.012 -21"><span class='ocrx_word' id='word_1_448' title='bbox 531 2683 763 2750; x_wconf 88' lang='lat' dir='ltr'><strong>cuimus,</strong></span> <span class='ocrx_word' id='word_1_449' title='bbox 789 2686 834 2739; x_wconf 88' lang='lat' dir='ltr'><strong>si</strong></span> <span class='ocrx_word' id='word_1_450' title='bbox 879 2702 1007 2741; x_wconf 83' lang='lat' dir='ltr'><strong>vero</strong></span> <span class='ocrx_word' id='word_1_451' title='bbox 1044 2689 1361 2758; x_wconf 67' lang='lat' dir='ltr'><strong>mquimodte</strong></span> <span class='ocrx_word' id='word_1_452' title='bbox 1403 2692 1543 2757; x_wconf 88' lang='lat' dir='ltr'><strong>sint,</strong></span> <span class='ocrx_word' id='word_1_453' title='bbox 1584 2698 1761 2751; x_wconf 90' lang='lat' dir='ltr'><strong>nullus</strong></span> <span class='ocrx_word' id='word_1_454' title='bbox 1800 2700 2020 2754; x_wconf 89' lang='lat' dir='ltr'><strong>omnino</strong></span> <span class='ocrx_word' id='word_1_455' title='bbox 2060 2703 2118 2756; x_wconf 86' lang='lat' dir='ltr'><strong>lit</strong></span> 
     </span>
    </p>
   </div>
   <div class='ocr_carea' id='block_1_45' title="bbox 533 2774 2117 2862">
    <p class='ocr_par' dir='ltr' id='par_1_45' title="bbox 533 2774 2117 2862">
     <span class='ocr_line' id='line_1_45' title="bbox 533 2774 2117 2862; baseline 0.014 -36"><span class='ocrx_word' id='word_1_456' title='bbox 533 2774 899 2846; x_wconf 83' lang='lat' dir='ltr'><strong>syllogismus.</strong></span> <span class='ocrx_word' id='word_1_457' title='bbox 928 2778 1266 2849; x_wconf 68' lang='lat' dir='ltr'><strong>IEquimodze</strong></span> <span class='ocrx_word' id='word_1_458' title='bbox 1297 2797 1427 2839; x_wconf 91' lang='lat' dir='ltr'><strong>vero</strong></span> <span class='ocrx_word' id='word_1_459' title='bbox 1459 2784 1592 2840; x_wconf 92' lang='lat' dir='ltr'><strong>ﬁunt</strong></span> <span class='ocrx_word' id='word_1_460' title='bbox 1625 2788 1725 2842; x_wconf 92' lang='lat' dir='ltr'><strong>hoc</strong></span> <span class='ocrx_word' id='word_1_461' title='bbox 1756 2790 1954 2845; x_wconf 90' lang='lat' dir='ltr'><strong>modo:</strong></span> <span class='ocrx_word' id='word_1_462' title='bbox 1985 2807 2117 2862; x_wconf 79' lang='lat' dir='ltr'><strong>quo-</strong></span> 
     </span>
    </p>
   </div>
   <div class='ocr_carea' id='block_1_46' title="bbox 534 2868 2117 2942">
    <p class='ocr_par' dir='ltr' id='par_1_46' title="bbox 534 2868 2117 2942">
     <span class='ocr_line' id='line_1_46' title="bbox 534 2868 2117 2942; baseline 0.013 -21"><span class='ocrx_word' id='word_1_463' title='bbox 534 2868 849 2940; x_wconf 90' lang='lat' dir='ltr'><strong>tiescunque</strong></span> <span class='ocrx_word' id='word_1_464' title='bbox 875 2872 1019 2926; x_wconf 90' lang='lat' dir='ltr'><strong>enim</strong></span> <span class='ocrx_word' id='word_1_465' title='bbox 1056 2889 1088 2926; x_wconf 90' lang='lat' dir='ltr'><strong>a</strong></span> <span class='ocrx_word' id='word_1_466' title='bbox 1114 2876 1374 2930; x_wconf 87' lang='lat' dir='ltr'><strong>terminus</strong></span> <span class='ocrx_word' id='word_1_467' title='bbox 1400 2877 1466 2931; x_wconf 90' lang='lat' dir='ltr'><strong>ad</strong></span> <span class='ocrx_word' id='word_1_468' title='bbox 1498 2878 1526 2931; x_wconf 87' lang='lat' dir='ltr'><strong>b</strong></span> <span class='ocrx_word' id='word_1_469' title='bbox 1566 2889 1623 2934; x_wconf 91' lang='lat' dir='ltr'><strong>et</strong></span> <span class='ocrx_word' id='word_1_470' title='bbox 1648 2880 1714 2935; x_wconf 89' lang='lat' dir='ltr'><strong>ad</strong></span> <span class='ocrx_word' id='word_1_471' title='bbox 1740 2898 1768 2935; x_wconf 74' lang='grc' dir='ltr'><strong>ε</strong></span> <span class='ocrx_word' id='word_1_472' title='bbox 1792 2883 1952 2938; x_wconf 89' lang='lat' dir='ltr'><strong>simul</strong></span> <span class='ocrx_word' id='word_1_473' title='bbox 1996 2900 2117 2942; x_wconf 89' lang='lat' dir='ltr'><strong>esse</strong></span> 
     </span>
    </p>
   </div>
   <div class='ocr_carea' id='block_1_47' title="bbox 534 2963 2115 3043">
    <p class='ocr_par' dir='ltr' id='par_1_47' title="bbox 534 2963 2115 3043">
     <span class='ocr_line' id='line_1_47' title="bbox 534 2963 2115 3043; baseline 0.013 -30"><span class='ocrx_word' id='word_1_474' title='bbox 534 2963 615 3015; x_wconf 85' lang='lat' dir='ltr'><strong>vel</strong></span> <span class='ocrx_word' id='word_1_475' title='bbox 647 2978 753 3017; x_wconf 91' lang='lat' dir='ltr'><strong>non</strong></span> <span class='ocrx_word' id='word_1_476' title='bbox 782 2979 903 3019; x_wconf 91' lang='lat' dir='ltr'><strong>esse</strong></span> <span class='ocrx_word' id='word_1_477' title='bbox 932 2967 1168 3034; x_wconf 90' lang='lat' dir='ltr'><strong>ponitur,</strong></span> <span class='ocrx_word' id='word_1_478' title='bbox 1194 2971 1569 3038; x_wconf 88' lang='lat' dir='ltr'><strong>quoquomodo</strong></span> <span class='ocrx_word' id='word_1_479' title='bbox 1597 2974 1625 3026; x_wconf 72' lang='grc' dir='ltr'><strong>ὁ</strong></span> <span class='ocrx_word' id='word_1_480' title='bbox 1648 2983 1809 3043; x_wconf 86' lang='lat' dir='ltr'><strong>atque</strong></span> <span class='ocrx_word' id='word_1_481' title='bbox 1840 2991 1868 3027; x_wconf 88' lang='lat' dir='ltr'><strong>c</strong></span> <span class='ocrx_word' id='word_1_482' title='bbox 1900 2978 2115 3034; x_wconf 88' lang='lat' dir='ltr'><strong>termini</strong></span> 
     </span>
    </p>
   </div>
   <div class='ocr_carea' id='block_1_48' title="bbox 532 3054 2116 3131">
    <p class='ocr_par' dir='ltr' id='par_1_48' title="bbox 532 3054 2116 3131">
     <span class='ocr_line' id='line_1_48' title="bbox 532 3054 2116 3131; baseline 0.013 -26"><span class='ocrx_word' id='word_1_483' title='bbox 532 3054 827 3108; x_wconf 87' lang='lat' dir='ltr'><strong>varientur.</strong></span> <span class='ocrx_word' id='word_1_484' title='bbox 860 3054 1059 3109; x_wconf 82' lang='lat' dir='ltr'><strong>Harum</strong></span> <span class='ocrx_word' id='word_1_485' title='bbox 1087 3058 1248 3126; x_wconf 84' lang='lat' dir='ltr'><strong>igitur</strong></span> <span class='ocrx_word' id='word_1_486' title='bbox 1278 3074 1398 3128; x_wconf 70' lang='lat' dir='ltr'><strong>qua:</strong></span> <span class='ocrx_word' id='word_1_487' title='bbox 1429 3064 1740 3131; x_wconf 72' lang='lat' dir='ltr'><strong>tequimodzn</strong></span> <span class='ocrx_word' id='word_1_488' title='bbox 1770 3081 1888 3122; x_wconf 89' lang='lat' dir='ltr'><strong>esse</strong></span> <span class='ocrx_word' id='word_1_489' title='bbox 1912 3068 2116 3125; x_wconf 85' lang='lat' dir='ltr'><strong>dicun-</strong></span> 
     </span>
    </p>
   </div>
   <div class='ocr_carea' id='block_1_49' title="bbox 535 3143 2118 3221">
    <p class='ocr_par' dir='ltr' id='par_1_49' title="bbox 535 3143 2118 3221">
     <span class='ocr_line' id='line_1_49' title="bbox 535 3143 2118 3221; baseline 0.015 -27"><span class='ocrx_word' id='word_1_490' title='bbox 535 3151 622 3195; x_wconf 91' lang='lat' dir='ltr'><strong>tur</strong></span> <span class='ocrx_word' id='word_1_491' title='bbox 645 3143 1066 3218; x_wconf 78' lang='lat' dir='ltr'><strong>complexiones,</strong></span> <span class='ocrx_word' id='word_1_492' title='bbox 1099 3147 1242 3201; x_wconf 88' lang='lat' dir='ltr'><strong>nulla</strong></span> <span class='ocrx_word' id='word_1_493' title='bbox 1282 3159 1365 3203; x_wconf 89' lang='lat' dir='ltr'><strong>est</strong></span> <span class='ocrx_word' id='word_1_494' title='bbox 1391 3152 1816 3221; x_wconf 76' lang='lat' dir='ltr'><strong>tomplectibilis.</strong></span> <span class='ocrx_word' id='word_1_495' title='bbox 1842 3156 1979 3215; x_wconf 90' lang='lat' dir='ltr'><strong>Sunt</strong></span> <span class='ocrx_word' id='word_1_496' title='bbox 2019 3177 2118 3217; x_wconf 87' lang='lat' dir='ltr'><strong>au-</strong></span> 
     </span>
    </p>
   </div>
   <div class='ocr_carea' id='block_1_50' title="bbox 531 3240 1787 3313">
    <p class='ocr_par' dir='ltr' id='par_1_50' title="bbox 531 3240 1787 3313">
     <span class='ocr_line' id='line_1_50' title="bbox 531 3240 1787 3313; baseline 0.016 -26"><span class='ocrx_word' id='word_1_497' title='bbox 531 3240 639 3288; x_wconf 85' lang='lat' dir='ltr'><strong>tem</strong></span> <span class='ocrx_word' id='word_1_498' title='bbox 667 3250 856 3291; x_wconf 91' lang='lat' dir='ltr'><strong>omnes</strong></span> <span class='ocrx_word' id='word_1_499' title='bbox 887 3240 1202 3307; x_wconf 74' lang='lat' dir='ltr'><strong>:equimodze</strong></span> <span class='ocrx_word' id='word_1_500' title='bbox 1229 3244 1633 3313; x_wconf 80' lang='lat' dir='ltr'><strong>complexiones</strong></span> <span class='ocrx_word' id='word_1_501' title='bbox 1662 3247 1744 3304; x_wconf 76' lang='lat' dir='ltr'><strong>ha:</strong></span> <span class='ocrx_word' id='word_1_502' title='bbox 1770 3266 1787 3308; x_wconf 86' lang='lat'><strong>:</strong></span> 
     </span>
    </p>
   </div>
   <div class='ocr_carea' id='block_1_51' title="bbox 532 3345 2119 3435">
    <p class='ocr_par' dir='ltr' id='par_1_51' title="bbox 532 3345 2119 3435">
     <span class='ocr_line' id='line_1_51' title="bbox 532 3345 2119 3435; baseline 0.014 -31"><span class='ocrx_word' id='word_1_503' title='bbox 532 3345 592 3404; x_wconf 84' lang='lat' dir='ltr'><strong>Si</strong></span> <span class='ocrx_word' id='word_1_504' title='bbox 617 3357 698 3403; x_wconf 89' lang='lat' dir='ltr'><strong>est</strong></span> <span class='ocrx_word' id='word_1_505' title='bbox 726 3366 792 3415; x_wconf 87' lang='lat' dir='ltr'><strong>a,</strong></span> <span class='ocrx_word' id='word_1_506' title='bbox 818 3354 900 3405; x_wconf 86' lang='grc' dir='ltr'><strong>εει</strong></span> <span class='ocrx_word' id='word_1_507' title='bbox 928 3351 981 3418; x_wconf 83' lang='lat' dir='ltr'><strong>b,</strong></span> <span class='ocrx_word' id='word_1_508' title='bbox 1014 3353 1057 3408; x_wconf 89' lang='lat' dir='ltr'><strong>si</strong></span> <span class='ocrx_word' id='word_1_509' title='bbox 1089 3364 1170 3410; x_wconf 89' lang='lat' dir='ltr'><strong>est</strong></span> <span class='ocrx_word' id='word_1_510' title='bbox 1196 3374 1258 3422; x_wconf 82' lang='grc' dir='ltr'>α,</span> <span class='ocrx_word' id='word_1_511' title='bbox 1290 3369 1372 3413; x_wconf 86' lang='grc' dir='ltr'><strong>εει</strong></span> <span class='ocrx_word' id='word_1_512' title='bbox 1403 3374 1461 3426; x_wconf 87' lang='lat' dir='ltr'><strong>c,</strong></span> <span class='ocrx_word' id='word_1_513' title='bbox 1494 3359 1536 3415; x_wconf 90' lang='lat' dir='ltr'><strong>si</strong></span> <span class='ocrx_word' id='word_1_514' title='bbox 1568 3372 1649 3417; x_wconf 89' lang='lat' dir='ltr'><strong>est</strong></span> <span class='ocrx_word' id='word_1_515' title='bbox 1674 3380 1734 3432; x_wconf 91' lang='lat' dir='ltr'><strong>a,</strong></span> <span class='ocrx_word' id='word_1_516' title='bbox 1768 3374 1851 3419; x_wconf 90' lang='lat' dir='ltr'><strong>est</strong></span> <span class='ocrx_word' id='word_1_517' title='bbox 1879 3365 1929 3435; x_wconf 74' lang='grc' dir='ltr'>ὁ,</span> <span class='ocrx_word' id='word_1_518' title='bbox 1958 3367 2004 3423; x_wconf 92' lang='lat' dir='ltr'><strong>si</strong></span> <span class='ocrx_word' id='word_1_519' title='bbox 2035 3377 2119 3425; x_wconf 89' lang='lat' dir='ltr'><strong>est</strong></span> 
     </span>
    </p>
   </div>
   <div class='ocr_carea' id='block_1_52' title="bbox 605 3455 982 3509">
    <p class='ocr_par' dir='ltr' id='par_1_52' title="bbox 605 3455 982 3509">
     <span class='ocr_line' id='line_1_52' title="bbox 605 3455 982 3509; baseline 0.019 -14"><span class='ocrx_word' id='word_1_520' title='bbox 605 3460 656 3509; x_wconf 86' lang='grc' dir='ltr'>α,</span> <span class='ocrx_word' id='word_1_521' title='bbox 690 3459 795 3498; x_wconf 88' lang='lat' dir='ltr'><strong>tton</strong></span> <span class='ocrx_word' id='word_1_522' title='bbox 824 3455 906 3500; x_wconf 87' lang='grc' dir='ltr'><strong>εει</strong></span> <span class='ocrx_word' id='word_1_523' title='bbox 932 3463 982 3504; x_wconf 86' lang='lat' dir='ltr'><strong>c.</strong></span> 
     </span>
    </p>
   </div>
   <div class='ocr_carea' id='block_1_53' title="bbox 531 3533 2118 3616">
    <p class='ocr_par' dir='ltr' id='par_1_53' title="bbox 531 3533 2118 3616">
     <span class='ocr_line' id='line_1_53' title="bbox 531 3533 2118 3616; baseline 0.011 -27"><span class='ocrx_word' id='word_1_524' title='bbox 531 3533 592 3591; x_wconf 83' lang='lat' dir='ltr'><strong>Si</strong></span> <span class='ocrx_word' id='word_1_525' title='bbox 620 3545 702 3590; x_wconf 91' lang='lat' dir='ltr'><strong>est</strong></span> <span class='ocrx_word' id='word_1_526' title='bbox 731 3553 792 3603; x_wconf 80' lang='grc' dir='ltr'>α,</span> <span class='ocrx_word' id='word_1_527' title='bbox 835 3555 939 3593; x_wconf 90' lang='lat' dir='ltr'><strong>non</strong></span> <span class='ocrx_word' id='word_1_528' title='bbox 971 3549 1054 3594; x_wconf 89' lang='lat' dir='ltr'><strong>est</strong></span> <span class='ocrx_word' id='word_1_529' title='bbox 1085 3542 1135 3606; x_wconf 74' lang='grc' dir='ltr'>ὁ,</span> <span class='ocrx_word' id='word_1_530' title='bbox 1164 3542 1209 3595; x_wconf 90' lang='lat' dir='ltr'><strong>si</strong></span> <span class='ocrx_word' id='word_1_531' title='bbox 1237 3552 1318 3599; x_wconf 88' lang='lat' dir='ltr'><strong>est</strong></span> <span class='ocrx_word' id='word_1_532' title='bbox 1340 3561 1403 3609; x_wconf 90' lang='lat' dir='ltr'><strong>a,</strong></span> <span class='ocrx_word' id='word_1_533' title='bbox 1437 3556 1517 3601; x_wconf 90' lang='lat' dir='ltr'><strong>cst</strong></span> <span class='ocrx_word' id='word_1_534' title='bbox 1544 3562 1592 3611; x_wconf 89' lang='lat' dir='ltr'><strong>c,</strong></span> <span class='ocrx_word' id='word_1_535' title='bbox 1622 3548 1667 3604; x_wconf 87' lang='lat' dir='ltr'><strong>si</strong></span> <span class='ocrx_word' id='word_1_536' title='bbox 1699 3559 1779 3605; x_wconf 87' lang='lat' dir='ltr'><strong>est</strong></span> <span class='ocrx_word' id='word_1_537' title='bbox 1804 3566 1864 3616; x_wconf 83' lang='grc' dir='ltr'>α,</span> <span class='ocrx_word' id='word_1_538' title='bbox 1899 3566 2003 3607; x_wconf 93' lang='lat' dir='ltr'><strong>non</strong></span> <span class='ocrx_word' id='word_1_539' title='bbox 2032 3562 2118 3609; x_wconf 86' lang='lat' dir='ltr'><strong>est</strong></span> 
     </span>
    </p>
   </div>
   <div class='ocr_carea' id='block_1_54' title="bbox 606 3627 1254 3705">
    <p class='ocr_par' dir='ltr' id='par_1_54' title="bbox 606 3627 1254 3705">
     <span class='ocr_line' id='line_1_54' title="bbox 606 3627 1254 3705; baseline 0.011 -23"><span class='ocrx_word' id='word_1_540' title='bbox 606 3627 655 3705; x_wconf 71' lang='grc' dir='ltr'>ὁ,</span> <span class='ocrx_word' id='word_1_541' title='bbox 689 3630 733 3683; x_wconf 90' lang='lat' dir='ltr'><strong>si</strong></span> <span class='ocrx_word' id='word_1_542' title='bbox 763 3641 845 3685; x_wconf 90' lang='lat' dir='ltr'><strong>est</strong></span> <span class='ocrx_word' id='word_1_543' title='bbox 873 3648 936 3696; x_wconf 93' lang='lat' dir='ltr'><strong>a,</strong></span> <span class='ocrx_word' id='word_1_544' title='bbox 967 3648 1073 3687; x_wconf 90' lang='lat' dir='ltr'><strong>non</strong></span> <span class='ocrx_word' id='word_1_545' title='bbox 1106 3645 1187 3688; x_wconf 91' lang='lat' dir='ltr'><strong>cst</strong></span> <span class='ocrx_word' id='word_1_546' title='bbox 1211 3652 1254 3690; x_wconf 88' lang='lat' dir='ltr'><strong>c.</strong></span> 
     </span>
    </p>
   </div>
   <div class='ocr_carea' id='block_1_55' title="bbox 529 3716 2114 3806">
    <p class='ocr_par' dir='ltr' id='par_1_55' title="bbox 529 3716 2114 3806">
     <span class='ocr_line' id='line_1_55' title="bbox 529 3716 2114 3806; baseline 0.01 -29"><span class='ocrx_word' id='word_1_547' title='bbox 529 3716 591 3777; x_wconf 88' lang='lat' dir='ltr'><strong>Si</strong></span> <span class='ocrx_word' id='word_1_548' title='bbox 619 3737 723 3776; x_wconf 90' lang='lat' dir='ltr'><strong>non</strong></span> <span class='ocrx_word' id='word_1_549' title='bbox 754 3735 836 3779; x_wconf 90' lang='lat' dir='ltr'><strong>est</strong></span> <span class='ocrx_word' id='word_1_550' title='bbox 867 3742 928 3793; x_wconf 92' lang='lat' dir='ltr'><strong>a,</strong></span> <span class='ocrx_word' id='word_1_551' title='bbox 963 3734 1047 3781; x_wconf 88' lang='lat' dir='ltr'><strong>est</strong></span> <span class='ocrx_word' id='word_1_552' title='bbox 1081 3727 1130 3794; x_wconf 86' lang='lat' dir='ltr'><strong>b,</strong></span> <span class='ocrx_word' id='word_1_553' title='bbox 1168 3728 1214 3782; x_wconf 90' lang='lat' dir='ltr'><strong>si</strong></span> <span class='ocrx_word' id='word_1_554' title='bbox 1241 3745 1345 3786; x_wconf 87' lang='lat' dir='ltr'><strong>non</strong></span> <span class='ocrx_word' id='word_1_555' title='bbox 1369 3742 1451 3787; x_wconf 93' lang='lat' dir='ltr'><strong>est</strong></span> <span class='ocrx_word' id='word_1_556' title='bbox 1474 3750 1536 3801; x_wconf 91' lang='lat' dir='ltr'><strong>a,</strong></span> <span class='ocrx_word' id='word_1_557' title='bbox 1565 3742 1648 3790; x_wconf 92' lang='lat' dir='ltr'><strong>est</strong></span> <span class='ocrx_word' id='word_1_558' title='bbox 1669 3750 1719 3802; x_wconf 78' lang='grc' dir='ltr'>ο,</span> <span class='ocrx_word' id='word_1_559' title='bbox 1748 3736 1791 3791; x_wconf 92' lang='lat' dir='ltr'><strong>si</strong></span> <span class='ocrx_word' id='word_1_560' title='bbox 1816 3730 1920 3792; x_wconf 86' lang='lat' dir='ltr'><strong>non</strong></span> <span class='ocrx_word' id='word_1_561' title='bbox 1944 3747 2027 3795; x_wconf 91' lang='lat' dir='ltr'><strong>est</strong></span> <span class='ocrx_word' id='word_1_562' title='bbox 2048 3756 2114 3806; x_wconf 88' lang='lat' dir='ltr'><strong>a,</strong></span> 
     </span>
    </p>
   </div>
   <div class='ocr_carea' id='block_1_56' title="bbox 606 3813 761 3869">
    <p class='ocr_par' dir='ltr' id='par_1_56' title="bbox 606 3813 761 3869">
     <span class='ocr_line' id='line_1_56' title="bbox 606 3813 761 3869; baseline 0.013 -2"><span class='ocrx_word' id='word_1_563' title='bbox 606 3824 689 3867; x_wconf 90' lang='grc' dir='ltr'><strong>εει</strong></span> <span class='ocrx_word' id='word_1_564' title='bbox 712 3813 761 3869; x_wconf 83' lang='lat' dir='ltr'><strong>b.</strong></span> 
     </span>
    </p>
   </div>
   <div class='ocr_carea' id='block_1_57' title="bbox 531 3900 2115 3986">
    <p class='ocr_par' dir='ltr' id='par_1_57' title="bbox 531 3900 2115 3986">
     <span class='ocr_line' id='line_1_57' title="bbox 531 3900 2115 3986; baseline 0.01 -26"><span class='ocrx_word' id='word_1_565' title='bbox 531 3903 590 3960; x_wconf 92' lang='lat' dir='ltr'><strong>Si</strong></span> <span class='ocrx_word' id='word_1_566' title='bbox 620 3920 722 3959; x_wconf 89' lang='lat' dir='ltr'><strong>non</strong></span> <span class='ocrx_word' id='word_1_567' title='bbox 754 3915 836 3960; x_wconf 86' lang='grc' dir='ltr'><strong>εει</strong></span> <span class='ocrx_word' id='word_1_568' title='bbox 866 3930 927 3972; x_wconf 84' lang='lat' dir='ltr'><strong>u,</strong></span> <span class='ocrx_word' id='word_1_569' title='bbox 960 3923 1064 3962; x_wconf 91' lang='lat' dir='ltr'><strong>non</strong></span> <span class='ocrx_word' id='word_1_570' title='bbox 1094 3920 1175 3965; x_wconf 66' lang='lat' dir='ltr'><strong>(st</strong></span> <span class='ocrx_word' id='word_1_571' title='bbox 1203 3928 1251 3979; x_wconf 88' lang='lat' dir='ltr'><strong>c,</strong></span> <span class='ocrx_word' id='word_1_572' title='bbox 1284 3914 1330 3969; x_wconf 88' lang='lat' dir='ltr'><strong>si</strong></span> <span class='ocrx_word' id='word_1_573' title='bbox 1362 3930 1467 3970; x_wconf 91' lang='lat' dir='ltr'><strong>non</strong></span> <span class='ocrx_word' id='word_1_574' title='bbox 1512 3924 1597 3971; x_wconf 89' lang='lat' dir='ltr'><strong>est</strong></span> <span class='ocrx_word' id='word_1_575' title='bbox 1640 3933 1694 3983; x_wconf 88' lang='lat' dir='ltr'><strong>a,</strong></span> <span class='ocrx_word' id='word_1_576' title='bbox 1737 3934 1843 3974; x_wconf 92' lang='lat' dir='ltr'><strong>non</strong></span> <span class='ocrx_word' id='word_1_577' title='bbox 1875 3900 2035 3986; x_wconf 32' lang='lat' dir='ltr'><strong>est&#39;b,</strong></span> <span class='ocrx_word' id='word_1_578' title='bbox 2066 3920 2115 3976; x_wconf 90' lang='lat' dir='ltr'><strong>si</strong></span> 
     </span>
    </p>
   </div>
   <div class='ocr_carea' id='block_1_58' title="bbox 605 4008 1086 4065">
    <p class='ocr_par' dir='ltr' id='par_1_58' title="bbox 605 4008 1086 4065">
     <span class='ocr_line' id='line_1_58' title="bbox 605 4008 1086 4065; baseline 0.006 -14"><span class='ocrx_word' id='word_1_579' title='bbox 605 4012 708 4051; x_wconf 90' lang='lat' dir='ltr'><strong>non</strong></span> <span class='ocrx_word' id='word_1_580' title='bbox 731 4008 813 4052; x_wconf 91' lang='lat' dir='ltr'><strong>est</strong></span> <span class='ocrx_word' id='word_1_581' title='bbox 840 4016 897 4065; x_wconf 81' lang='grc' dir='ltr'>α,</span> <span class='ocrx_word' id='word_1_582' title='bbox 932 4012 1011 4056; x_wconf 79' lang='grc' dir='ltr'><strong>εει</strong></span> <span class='ocrx_word' id='word_1_583' title='bbox 1039 4018 1086 4055; x_wconf 88' lang='lat' dir='ltr'><strong>c.</strong></span> 
     </span>
    </p>
   </div>
   <div class='ocr_carea' id='block_1_59' title="bbox 529 4086 1973 4168">
    <p class='ocr_par' dir='ltr' id='par_1_59' title="bbox 529 4086 1973 4168">
     <span class='ocr_line' id='line_1_59' title="bbox 529 4086 1973 4168; baseline 0.012 -24"><span class='ocrx_word' id='word_1_584' title='bbox 529 4086 586 4144; x_wconf 87' lang='lat' dir='ltr'><strong>Si</strong></span> <span class='ocrx_word' id='word_1_585' title='bbox 619 4105 722 4145; x_wconf 88' lang='lat' dir='ltr'><strong>non</strong></span> <span class='ocrx_word' id='word_1_586' title='bbox 752 4100 835 4146; x_wconf 87' lang='lat' dir='ltr'><strong>est.</strong></span> <span class='ocrx_word' id='word_1_587' title='bbox 860 4108 923 4157; x_wconf 91' lang='lat' dir='ltr'><strong>a,</strong></span> <span class='ocrx_word' id='word_1_588' title='bbox 952 4108 1058 4148; x_wconf 92' lang='lat' dir='ltr'><strong>non</strong></span> <span class='ocrx_word' id='word_1_589' title='bbox 1087 4104 1167 4150; x_wconf 89' lang='lat' dir='ltr'><strong>est</strong></span> <span class='ocrx_word' id='word_1_590' title='bbox 1190 4095 1240 4162; x_wconf 72' lang='grc' dir='ltr'><strong>ι,</strong></span> <span class='ocrx_word' id='word_1_591' title='bbox 1266 4097 1311 4152; x_wconf 90' lang='lat' dir='ltr'><strong>si</strong></span> <span class='ocrx_word' id='word_1_592' title='bbox 1340 4114 1442 4154; x_wconf 92' lang='lat' dir='ltr'><strong>nou</strong></span> <span class='ocrx_word' id='word_1_593' title='bbox 1471 4107 1558 4155; x_wconf 90' lang='lat' dir='ltr'><strong>est</strong></span> <span class='ocrx_word' id='word_1_594' title='bbox 1594 4117 1654 4168; x_wconf 89' lang='lat' dir='ltr'><strong>a,</strong></span> <span class='ocrx_word' id='word_1_595' title='bbox 1682 4118 1788 4158; x_wconf 94' lang='lat' dir='ltr'><strong>non</strong></span> <span class='ocrx_word' id='word_1_596' title='bbox 1813 4112 1896 4159; x_wconf 91' lang='lat' dir='ltr'><strong>est</strong></span> <span class='ocrx_word' id='word_1_597' title='bbox 1923 4121 1973 4162; x_wconf 88' lang='lat' dir='ltr'><strong>c.</strong></span> 
     </span>
    </p>
   </div>
   <div class='ocr_carea' id='block_1_60' title="bbox 529 4201 2118 4287">
    <p class='ocr_par' dir='ltr' id='par_1_60' title="bbox 529 4201 2118 4287">
     <span class='ocr_line' id='line_1_60' title="bbox 529 4201 2118 4287; baseline 0.015 -34"><span class='ocrx_word' id='word_1_598' title='bbox 529 4201 761 4268; x_wconf 87' lang='lat' dir='ltr'><strong>Quarum</strong></span> <span class='ocrx_word' id='word_1_599' title='bbox 805 4204 1126 4262; x_wconf 85' lang='lat' dir='ltr'><strong>imbecillam</strong></span> <span class='ocrx_word' id='word_1_600' title='bbox 1172 4210 1573 4270; x_wconf 89' lang='lat' dir='ltr'><strong>conclusionem</strong></span> <span class='ocrx_word' id='word_1_601' title='bbox 1613 4225 1775 4287; x_wconf 89' lang='lat' dir='ltr'><strong>atque</strong></span> <span class='ocrx_word' id='word_1_602' title='bbox 1820 4220 1966 4274; x_wconf 93' lang='lat' dir='ltr'><strong>omni</strong></span> <span class='ocrx_word' id='word_1_603' title='bbox 2025 4234 2118 4276; x_wconf 83' lang='lat' dir='ltr'><strong>ca-</strong></span> 
     </span>
    </p>
   </div>
   <div class='ocr_carea' id='block_1_61' title="bbox 531 4300 2116 4383">
    <p class='ocr_par' dir='ltr' id='par_1_61' title="bbox 531 4300 2116 4383">
     <span class='ocr_line' id='line_1_61' title="bbox 531 4300 2116 4383; baseline 0.013 -34"><span class='ocrx_word' id='word_1_604' title='bbox 531 4304 734 4350; x_wconf 74' lang='lat' dir='ltr'><strong>tentem</strong></span> <span class='ocrx_word' id='word_1_605' title='bbox 765 4300 1107 4369; x_wconf 79' lang='lat' dir='ltr'><strong>necessitate,</strong></span> <span class='ocrx_word' id='word_1_606' title='bbox 1131 4318 1195 4359; x_wconf 83' lang='lat' dir='ltr'><strong>ex</strong></span> <span class='ocrx_word' id='word_1_607' title='bbox 1229 4308 1684 4379; x_wconf 88' lang='lat' dir='ltr'><strong>assumptionibus</strong></span> <span class='ocrx_word' id='word_1_608' title='bbox 1712 4328 1927 4383; x_wconf 92' lang='lat' dir='ltr'><strong>quoquo</strong></span> <span class='ocrx_word' id='word_1_609' title='bbox 1954 4313 2116 4370; x_wconf 89' lang='lat' dir='ltr'><strong>modo</strong></span> 
     </span>
    </p>
   </div>
   <div class='ocr_carea' id='block_1_62' title="bbox 532 4386 2117 4473">
    <p class='ocr_par' dir='ltr' id='par_1_62' title="bbox 532 4386 2117 4473">
     <span class='ocr_line' id='line_1_62' title="bbox 532 4386 2117 4473; baseline 0.014 -34"><span class='ocrx_word' id='word_1_610' title='bbox 532 4386 684 4442; x_wconf 85' lang='lat' dir='ltr'><strong>factis</strong></span> <span class='ocrx_word' id='word_1_611' title='bbox 728 4389 1094 4461; x_wconf 87' lang='lat' dir='ltr'><strong>inveniamus,</strong></span> <span class='ocrx_word' id='word_1_612' title='bbox 1127 4410 1227 4452; x_wconf 88' lang='lat' dir='ltr'><strong>nec</strong></span> <span class='ocrx_word' id='word_1_613' title='bbox 1256 4414 1363 4454; x_wconf 90' lang='lat' dir='ltr'><strong>non</strong></span> <span class='ocrx_word' id='word_1_614' title='bbox 1408 4402 1700 4457; x_wconf 89' lang='lat' dir='ltr'><strong>secundum</strong></span> <span class='ocrx_word' id='word_1_615' title='bbox 1745 4404 1994 4473; x_wconf 89' lang='lat' dir='ltr'><strong>superius</strong></span> <span class='ocrx_word' id='word_1_616' title='bbox 2022 4406 2117 4460; x_wconf 91' lang='lat' dir='ltr'><strong>de-</strong></span> 
     </span>
    </p>
   </div>
   <div class='ocr_carea' id='block_1_63' title="bbox 530 4481 2115 4567">
    <p class='ocr_par' dir='ltr' id='par_1_63' title="bbox 530 4481 2115 4567">
     <span class='ocr_line' id='line_1_63' title="bbox 530 4481 2115 4567; baseline 0.012 -33"><span class='ocrx_word' id='word_1_617' title='bbox 530 4481 757 4549; x_wconf 84' lang='lat' dir='ltr'><strong>scriptos</strong></span> <span class='ocrx_word' id='word_1_618' title='bbox 788 4485 975 4540; x_wconf 89' lang='lat' dir='ltr'><strong>modos</strong></span> <span class='ocrx_word' id='word_1_619' title='bbox 996 4488 1156 4543; x_wconf 89' lang='lat' dir='ltr'><strong>etiam</strong></span> <span class='ocrx_word' id='word_1_620' title='bbox 1185 4491 1441 4548; x_wconf 72' lang='lat' dir='ltr'><strong>terminans</strong></span> <span class='ocrx_word' id='word_1_621' title='bbox 1470 4493 1720 4550; x_wconf 84' lang='lat' dir='ltr'><strong>facillime</strong></span> <span class='ocrx_word' id='word_1_622' title='bbox 1749 4496 1986 4566; x_wconf 89' lang='lat' dir='ltr'><strong>reperire</strong></span> <span class='ocrx_word' id='word_1_623' title='bbox 2018 4512 2115 4567; x_wconf 92' lang='lat' dir='ltr'><strong>po-</strong></span> 
     </span>
    </p>
   </div>
   <div class='ocr_carea' id='block_1_64' title="bbox 530 4567 2117 4646">
    <p class='ocr_par' dir='ltr' id='par_1_64' title="bbox 530 4567 2117 4646">
     <span class='ocr_line' id='line_1_64' title="bbox 530 4567 2117 4646; baseline 0.014 -23"><span class='ocrx_word' id='word_1_624' title='bbox 530 4572 785 4641; x_wconf 87' lang='lat' dir='ltr'><strong>terimus,</strong></span> <span class='ocrx_word' id='word_1_625' title='bbox 814 4591 909 4645; x_wconf 88' lang='lat' dir='ltr'><strong>per</strong></span> <span class='ocrx_word' id='word_1_626' title='bbox 952 4594 1086 4646; x_wconf 85' lang='lat' dir='ltr'><strong>quos</strong></span> <span class='ocrx_word' id='word_1_627' title='bbox 1131 4567 1531 4638; x_wconf 77' lang='lat' dir='ltr'><strong>demonstretur</strong></span> <span class='ocrx_word' id='word_1_628' title='bbox 1580 4586 1776 4641; x_wconf 89' lang='lat' dir='ltr'><strong>nullam</strong></span> <span class='ocrx_word' id='word_1_629' title='bbox 1822 4589 1875 4643; x_wconf 92' lang='lat' dir='ltr'><strong>in</strong></span> <span class='ocrx_word' id='word_1_630' title='bbox 1926 4588 2117 4646; x_wconf 84' lang='lat' dir='ltr'><strong>talibus</strong></span> 
     </span>
    </p>
   </div>
   <div class='ocr_carea' id='block_1_65' title="bbox 530 4666 2114 4744">
    <p class='ocr_par' dir='ltr' id='par_1_65' title="bbox 530 4666 2114 4744">
     <span class='ocr_line' id='line_1_65' title="bbox 530 4666 2114 4744; baseline 0.015 -27"><span class='ocrx_word' id='word_1_631' title='bbox 530 4666 988 4734; x_wconf 78' lang='lat' dir='ltr'><strong>eoutplexiomhus</strong></span> <span class='ocrx_word' id='word_1_632' title='bbox 1036 4671 1263 4728; x_wconf 92' lang='lat' dir='ltr'><strong>inveniri</strong></span> <span class='ocrx_word' id='word_1_633' title='bbox 1296 4690 1454 4744; x_wconf 91' lang='lat' dir='ltr'><strong>posse</strong></span> <span class='ocrx_word' id='word_1_634' title='bbox 1499 4682 1878 4738; x_wconf 81' lang='lat' dir='ltr'><strong>constantiam.</strong></span> <span class='ocrx_word' id='word_1_635' title='bbox 1930 4688 2006 4738; x_wconf 84' lang='lat' dir='ltr'><strong>Ac</strong></span> <span class='ocrx_word' id='word_1_636' title='bbox 2045 4685 2114 4741; x_wconf 89' lang='lat' dir='ltr'><strong>de</strong></span> 
     </span>
    </p>
   </div>
   <div class='ocr_carea' id='block_1_66' title="bbox 528 4762 2115 4843">
    <p class='ocr_par' dir='ltr' id='par_1_66' title="bbox 528 4762 2115 4843">
     <span class='ocr_line' id='line_1_66' title="bbox 528 4762 2115 4843; baseline 0.012 -29"><span class='ocrx_word' id='word_1_637' title='bbox 528 4762 759 4814; x_wconf 86' lang='lat' dir='ltr'><strong>secunda</strong></span> <span class='ocrx_word' id='word_1_638' title='bbox 804 4764 1014 4832; x_wconf 85' lang='lat' dir='ltr'><strong>quidem</strong></span> <span class='ocrx_word' id='word_1_639' title='bbox 1061 4765 1256 4835; x_wconf 88' lang='lat' dir='ltr'><strong>ﬁgura,</strong></span> <span class='ocrx_word' id='word_1_640' title='bbox 1305 4768 1489 4836; x_wconf 85' lang='lat' dir='ltr'><strong>quanti</strong></span> <span class='ocrx_word' id='word_1_641' title='bbox 1531 4770 1637 4825; x_wconf 89' lang='lat' dir='ltr'><strong>sint</strong></span> <span class='ocrx_word' id='word_1_642' title='bbox 1679 4782 1734 4827; x_wconf 89' lang='lat' dir='ltr'><strong>et</strong></span> <span class='ocrx_word' id='word_1_643' title='bbox 1778 4784 1912 4843; x_wconf 90' lang='lat' dir='ltr'><strong>quot</strong></span> <span class='ocrx_word' id='word_1_644' title='bbox 1943 4777 2115 4834; x_wconf 87' lang='lat' dir='ltr'><strong>modis</strong></span> 
     </span>
    </p>
   </div>
   <div class='ocr_carea' id='block_1_67' title="bbox 532 4850 2111 4936">
    <p class='ocr_par' dir='ltr' id='par_1_67' title="bbox 532 4850 2111 4936">
     <span class='ocr_line' id='line_1_67' title="bbox 532 4850 2111 4936; baseline 0.013 -32"><span class='ocrx_word' id='word_1_645' title='bbox 532 4850 660 4906; x_wconf 82' lang='lat' dir='ltr'><strong>ﬁant</strong></span> <span class='ocrx_word' id='word_1_646' title='bbox 698 4855 988 4925; x_wconf 89' lang='lat' dir='ltr'><strong>syllogismi</strong></span> <span class='ocrx_word' id='word_1_647' title='bbox 1013 4857 1292 4928; x_wconf 88' lang='lat' dir='ltr'><strong>diligenter</strong></span> <span class='ocrx_word' id='word_1_648' title='bbox 1333 4862 1687 4919; x_wconf 89' lang='lat' dir='ltr'><strong>ostendimus.</strong></span> <span class='ocrx_word' id='word_1_649' title='bbox 1721 4865 1882 4920; x_wconf 84' lang='lat' dir='ltr'><strong>Fiunt</strong></span> <span class='ocrx_word' id='word_1_650' title='bbox 1909 4880 2111 4936; x_wconf 88' lang='lat' dir='ltr'><strong>autem,</strong></span> 
     </span>
    </p>
   </div>
   <div class='ocr_carea' id='block_1_68' title="bbox 532 4945 2115 5023">
    <p class='ocr_par' dir='ltr' id='par_1_68' title="bbox 532 4945 2115 5023">
     <span class='ocr_line' id='line_1_68' title="bbox 532 4945 2115 5023; baseline 0.011 -24"><span class='ocrx_word' id='word_1_651' title='bbox 532 4945 577 4999; x_wconf 87' lang='lat' dir='ltr'><strong>si</strong></span> <span class='ocrx_word' id='word_1_652' title='bbox 608 4945 979 5015; x_wconf 72' lang='lat' dir='ltr'><strong>ina-quimoda:</strong></span> <span class='ocrx_word' id='word_1_653' title='bbox 1008 4950 1223 5017; x_wconf 88' lang='lat' dir='ltr'><strong>quidem</strong></span> <span class='ocrx_word' id='word_1_654' title='bbox 1245 4953 1652 5022; x_wconf 72' lang='lat' dir='ltr'><strong>complexiones</strong></span> <span class='ocrx_word' id='word_1_655' title='bbox 1678 4954 1905 5023; x_wconf 80' lang='lat' dir='ltr'><strong>fuerint,</strong></span> <span class='ocrx_word' id='word_1_656' title='bbox 1938 4959 1967 5012; x_wconf 73' lang='grc' dir='ltr'><strong>ὁ</strong></span> <span class='ocrx_word' id='word_1_657' title='bbox 2007 4969 2115 5017; x_wconf 85' lang='lat' dir='ltr'><strong>ter-</strong></span> 
     </span>
    </p>
   </div>
   <div class='ocr_carea' id='block_1_69' title="bbox 529 5036 2114 5117">
    <p class='ocr_par' dir='ltr' id='par_1_69' title="bbox 529 5036 2114 5117">
     <span class='ocr_line' id='line_1_69' title="bbox 529 5036 2114 5117; baseline 0.011 -28"><span class='ocrx_word' id='word_1_658' title='bbox 529 5036 675 5089; x_wconf 88' lang='lat' dir='ltr'><strong>mino</strong></span> <span class='ocrx_word' id='word_1_659' title='bbox 701 5048 994 5105; x_wconf 80' lang='lat' dir='ltr'><strong>assumpto,</strong></span> <span class='ocrx_word' id='word_1_660' title='bbox 1030 5040 1324 5111; x_wconf 84' lang='lat' dir='ltr'><strong>syllogismi</strong></span> <span class='ocrx_word' id='word_1_661' title='bbox 1352 5053 1493 5110; x_wconf 91' lang='lat' dir='ltr'><strong>octo,</strong></span> <span class='ocrx_word' id='word_1_662' title='bbox 1516 5046 1844 5117; x_wconf 88' lang='lat' dir='ltr'><strong>totidemque</strong></span> <span class='ocrx_word' id='word_1_663' title='bbox 1872 5066 1898 5101; x_wconf 82' lang='grc' dir='ltr'><em>ο</em></span> <span class='ocrx_word' id='word_1_664' title='bbox 1927 5051 1973 5105; x_wconf 91' lang='lat' dir='ltr'><strong>si</strong></span> <span class='ocrx_word' id='word_1_665' title='bbox 2006 5060 2114 5108; x_wconf 86' lang='lat' dir='ltr'><strong>ler-</strong></span> 
     </span>
    </p>
   </div>
   <div class='ocr_carea' id='block_1_70' title="bbox 528 5128 2114 5211">
    <p class='ocr_par' dir='ltr' id='par_1_70' title="bbox 528 5128 2114 5211">
     <span class='ocr_line' id='line_1_70' title="bbox 528 5128 2114 5211; baseline 0.012 -31"><span class='ocrx_word' id='word_1_666' title='bbox 528 5128 704 5181; x_wconf 87' lang='lat' dir='ltr'><strong>tttinus</strong></span> <span class='ocrx_word' id='word_1_667' title='bbox 736 5140 1070 5197; x_wconf 80' lang='lat' dir='ltr'><strong>assumatur;</strong></span> <span class='ocrx_word' id='word_1_668' title='bbox 1105 5144 1229 5187; x_wconf 91' lang='lat' dir='ltr'><strong>sunt</strong></span> <span class='ocrx_word' id='word_1_669' title='bbox 1258 5135 1419 5205; x_wconf 87' lang='lat' dir='ltr'><strong>igitur</strong></span> <span class='ocrx_word' id='word_1_670' title='bbox 1447 5138 1696 5193; x_wconf 74' lang='lat' dir='ltr'><strong>secunda:</strong></span> <span class='ocrx_word' id='word_1_671' title='bbox 1744 5141 1928 5211; x_wconf 65' lang='lat' dir='ltr'><strong>ﬁgura:</strong></span> <span class='ocrx_word' id='word_1_672' title='bbox 1957 5143 2114 5201; x_wconf 84' lang='lat' dir='ltr'><strong>sede-</strong></span> 
     </span>
    </p>
   </div>
   <div class='ocr_carea' id='block_1_71' title="bbox 525 5224 2115 5300">
    <p class='ocr_par' dir='ltr' id='par_1_71' title="bbox 525 5224 2115 5300">
     <span class='ocr_line' id='line_1_71' title="bbox 525 5224 2115 5300; baseline 0.013 -28"><span class='ocrx_word' id='word_1_673' title='bbox 525 5224 625 5275; x_wconf 82' lang='lat' dir='ltr'><strong>t&#39;itn</strong></span> <span class='ocrx_word' id='word_1_674' title='bbox 646 5224 964 5291; x_wconf 78' lang='lat' dir='ltr'><strong>syllogismi,</strong></span> <span class='ocrx_word' id='word_1_675' title='bbox 993 5225 1211 5281; x_wconf 87' lang='lat' dir='ltr'><strong>totidem</strong></span> <span class='ocrx_word' id='word_1_676' title='bbox 1232 5243 1360 5284; x_wconf 92' lang='lat' dir='ltr'><strong>vero</strong></span> <span class='ocrx_word' id='word_1_677' title='bbox 1376 5231 1404 5282; x_wconf 86' lang='lat' dir='ltr'><strong>b</strong></span> <span class='ocrx_word' id='word_1_678' title='bbox 1422 5240 1582 5300; x_wconf 88' lang='lat' dir='ltr'><strong>atque</strong></span> <span class='ocrx_word' id='word_1_679' title='bbox 1602 5249 1627 5284; x_wconf 92' lang='lat' dir='ltr'><strong>c</strong></span> <span class='ocrx_word' id='word_1_680' title='bbox 1650 5233 1899 5299; x_wconf 84' lang='lat' dir='ltr'><strong>termino,</strong></span> <span class='ocrx_word' id='word_1_681' title='bbox 1919 5250 2025 5291; x_wconf 91' lang='lat' dir='ltr'><strong>non</strong></span> <span class='ocrx_word' id='word_1_682' title='bbox 2042 5237 2115 5293; x_wconf 89' lang='lat' dir='ltr'><strong>ita</strong></span> 
     </span>
    </p>
   </div>
   <div class='ocr_carea' id='block_1_72' title="bbox 526 5319 2115 5397">
    <p class='ocr_par' dir='ltr' id='par_1_72' title="bbox 526 5319 2115 5397">
     <span class='ocr_line' id='line_1_72' title="bbox 526 5319 2115 5397; baseline 0.012 -31"><span class='ocrx_word' id='word_1_683' title='bbox 526 5328 582 5366; x_wconf 86' lang='grc' dir='ltr'><strong>ιιι</strong></span> <span class='ocrx_word' id='word_1_684' title='bbox 605 5326 814 5382; x_wconf 76' lang='lat' dir='ltr'><strong>oportet</strong></span> <span class='ocrx_word' id='word_1_685' title='bbox 840 5319 1131 5388; x_wconf 79' lang='lat' dir='ltr'><strong>assumptis</strong></span> <span class='ocrx_word' id='word_1_686' title='bbox 1154 5320 1557 5390; x_wconf 70' lang='grc' dir='ltr'>εοιιιριειὶοιιεε</span> <span class='ocrx_word' id='word_1_687' title='bbox 1581 5325 1743 5391; x_wconf 91' lang='lat' dir='ltr'><strong>ﬁunt,</strong></span> <span class='ocrx_word' id='word_1_688' title='bbox 1767 5327 1959 5397; x_wconf 90' lang='lat' dir='ltr'><strong>quibus</strong></span> <span class='ocrx_word' id='word_1_689' title='bbox 1985 5330 2115 5386; x_wconf 87' lang='lat' dir='ltr'><strong>nihil</strong></span> 
     </span>
    </p>
   </div>
   <div class='ocr_carea' id='block_1_73' title="bbox 525 5405 2119 5489">
    <p class='ocr_par' dir='ltr' id='par_1_73' title="bbox 525 5405 2119 5489">
     <span class='ocr_line' id='line_1_73' title="bbox 525 5405 2119 5489; baseline 0.016 -36"><span class='ocrx_word' id='word_1_690' title='bbox 525 5405 812 5460; x_wconf 77' lang='lat' dir='ltr'><strong>admodum</strong></span> <span class='ocrx_word' id='word_1_691' title='bbox 830 5410 1129 5480; x_wconf 80' lang='lat' dir='ltr'><strong>colligatur.</strong></span> <span class='ocrx_word' id='word_1_692' title='bbox 1149 5410 1299 5466; x_wconf 85' lang='lat' dir='ltr'><strong>Nunc</strong></span> <span class='ocrx_word' id='word_1_693' title='bbox 1317 5412 1477 5482; x_wconf 83' lang='lat' dir='ltr'><strong>igitur</strong></span> <span class='ocrx_word' id='word_1_694' title='bbox 1494 5414 1560 5469; x_wconf 91' lang='lat' dir='ltr'><strong>de</strong></span> <span class='ocrx_word' id='word_1_695' title='bbox 1580 5417 1734 5470; x_wconf 82' lang='lat' dir='ltr'><strong>tertia</strong></span> <span class='ocrx_word' id='word_1_696' title='bbox 1758 5418 1925 5489; x_wconf 88' lang='lat' dir='ltr'><strong>ﬁgura</strong></span> <span class='ocrx_word' id='word_1_697' title='bbox 1941 5421 2119 5477; x_wconf 90' lang='lat' dir='ltr'><strong>dicen-</strong></span> 
     </span>
    </p>
   </div>
   <div class='ocr_carea' id='block_1_74' title="bbox 525 5497 2115 5577">
    <p class='ocr_par' dir='ltr' id='par_1_74' title="bbox 525 5497 2115 5577">
     <span class='ocr_line' id='line_1_74' title="bbox 525 5497 2115 5577; baseline 0.01 -25"><span class='ocrx_word' id='word_1_698' title='bbox 525 5497 648 5552; x_wconf 88' lang='lat' dir='ltr'><strong>dum</strong></span> <span class='ocrx_word' id='word_1_699' title='bbox 680 5510 780 5555; x_wconf 89' lang='lat' dir='ltr'><strong>est.</strong></span> <span class='ocrx_word' id='word_1_700' title='bbox 816 5502 868 5556; x_wconf 89' lang='lat' dir='ltr'><strong>in</strong></span> <span class='ocrx_word' id='word_1_701' title='bbox 910 5518 1012 5571; x_wconf 89' lang='lat' dir='ltr'><strong>qua</strong></span> <span class='ocrx_word' id='word_1_702' title='bbox 1052 5503 1266 5572; x_wconf 88' lang='lat' dir='ltr'><strong>quidem</strong></span> <span class='ocrx_word' id='word_1_703' title='bbox 1302 5504 1520 5559; x_wconf 88' lang='lat' dir='ltr'><strong>totidem</strong></span> <span class='ocrx_word' id='word_1_704' title='bbox 1552 5508 1956 5577; x_wconf 81' lang='lat' dir='ltr'><strong>complexiones</strong></span> <span class='ocrx_word' id='word_1_705' title='bbox 1983 5515 2115 5568; x_wconf 89' lang='lat' dir='ltr'><strong>liunt</strong></span> 
     </span>
    </p>
   </div>
   <div class='ocr_carea' id='block_1_75' title="bbox 525 5597 2114 5673">
    <p class='ocr_par' dir='ltr' id='par_1_75' title="bbox 525 5597 2114 5673">
     <span class='ocr_line' id='line_1_75' title="bbox 525 5597 2114 5673; baseline 0.006 -21"><span class='ocrx_word' id='word_1_706' title='bbox 525 5607 580 5652; x_wconf 92' lang='lat' dir='ltr'><strong>et</strong></span> <span class='ocrx_word' id='word_1_707' title='bbox 624 5597 844 5651; x_wconf 85' lang='lat' dir='ltr'><strong>totidem</strong></span> <span class='ocrx_word' id='word_1_708' title='bbox 892 5598 1227 5669; x_wconf 85' lang='lat' dir='ltr'><strong>syllogismi,</strong></span> <span class='ocrx_word' id='word_1_709' title='bbox 1278 5598 1372 5652; x_wconf 91' lang='lat' dir='ltr'><strong>sed</strong></span> <span class='ocrx_word' id='word_1_710' title='bbox 1423 5599 1493 5652; x_wconf 89' lang='lat' dir='ltr'><strong>ita</strong></span> <span class='ocrx_word' id='word_1_711' title='bbox 1545 5608 1601 5653; x_wconf 91' lang='lat' dir='ltr'><strong>ut</strong></span> <span class='ocrx_word' id='word_1_712' title='bbox 1646 5615 1753 5655; x_wconf 91' lang='lat' dir='ltr'><strong>non</strong></span> <span class='ocrx_word' id='word_1_713' title='bbox 1796 5605 2114 5673; x_wconf 69' lang='lat' dir='ltr'><strong>tequitnodte</strong></span> 
     </span>
    </p>
   </div>
   <div class='ocr_carea' id='block_1_76' title="bbox 527 5692 2110 5765">
    <p class='ocr_par' dir='ltr' id='par_1_76' title="bbox 527 5692 2110 5765">
     <span class='ocr_line' id='line_1_76' title="bbox 527 5692 2110 5765; baseline 0.002 -18"><span class='ocrx_word' id='word_1_714' title='bbox 527 5694 920 5765; x_wconf 87' lang='lat' dir='ltr'><strong>propositiones</strong></span> <span class='ocrx_word' id='word_1_715' title='bbox 957 5703 1252 5764; x_wconf 89' lang='lat' dir='ltr'><strong>ponantur;</strong></span> <span class='ocrx_word' id='word_1_716' title='bbox 1285 5692 1425 5763; x_wconf 91' lang='lat' dir='ltr'><strong>quod</strong></span> <span class='ocrx_word' id='word_1_717' title='bbox 1453 5694 1497 5747; x_wconf 90' lang='lat' dir='ltr'><strong>si</strong></span> <span class='ocrx_word' id='word_1_718' title='bbox 1538 5694 1856 5763; x_wconf 70' lang='lat' dir='ltr'><strong>aaqnimodaa</strong></span> <span class='ocrx_word' id='word_1_719' title='bbox 1885 5694 2110 5762; x_wconf 88' lang='lat' dir='ltr'><strong>fuerint,</strong></span> 
     </span>
    </p>
   </div>
   <div class='ocr_carea' id='block_1_77' title="bbox 527 5787 2113 5861">
    <p class='ocr_par' dir='ltr' id='par_1_77' title="bbox 527 5787 2113 5861">
     <span class='ocr_line' id='line_1_77' title="bbox 527 5787 2113 5861; baseline 0.001 -17"><span class='ocrx_word' id='word_1_720' title='bbox 527 5788 703 5844; x_wconf 87' lang='lat' dir='ltr'><strong>nullus</strong></span> <span class='ocrx_word' id='word_1_721' title='bbox 727 5789 946 5844; x_wconf 88' lang='lat' dir='ltr'><strong>omnino</strong></span> <span class='ocrx_word' id='word_1_722' title='bbox 974 5789 992 5859; x_wconf 92' lang='lat'>(</span> <span class='ocrx_word' id='word_1_723' title='bbox 1017 5797 1075 5844; x_wconf 92' lang='lat' dir='ltr'><strong>ut</strong></span> <span class='ocrx_word' id='word_1_724' title='bbox 1099 5789 1151 5843; x_wconf 91' lang='lat' dir='ltr'><strong>in</strong></span> <span class='ocrx_word' id='word_1_725' title='bbox 1177 5787 1410 5845; x_wconf 88' lang='lat' dir='ltr'><strong>secunda</strong></span> <span class='ocrx_word' id='word_1_726' title='bbox 1450 5789 1616 5861; x_wconf 87' lang='lat' dir='ltr'><strong>ﬁgura</strong></span> <span class='ocrx_word' id='word_1_727' title='bbox 1645 5789 1845 5846; x_wconf 89' lang='lat' dir='ltr'><strong>dictum</strong></span> <span class='ocrx_word' id='word_1_728' title='bbox 1876 5800 1961 5846; x_wconf 90' lang='lat' dir='ltr'><strong>est</strong></span> <span class='ocrx_word' id='word_1_729' title='bbox 1981 5788 2113 5861; x_wconf 57' lang='lat' dir='ltr'><strong>Lﬁet</strong></span> 
     </span>
    </p>
   </div>
   <div class='ocr_carea' id='block_1_78' title="bbox 528 5881 2111 5957">
    <p class='ocr_par' dir='ltr' id='par_1_78' title="bbox 528 5881 2111 5957">
     <span class='ocr_line' id='line_1_78' title="bbox 528 5881 2111 5957; baseline -0.001 -16"><span class='ocrx_word' id='word_1_730' title='bbox 528 5884 889 5955; x_wconf 78' lang='lat' dir='ltr'><strong>syllogismos.</strong></span> <span class='ocrx_word' id='word_1_731' title='bbox 910 5884 1253 5954; x_wconf 75' lang='lat' dir='ltr'><strong>Exponamus</strong></span> <span class='ocrx_word' id='word_1_732' title='bbox 1271 5882 1427 5954; x_wconf 85' lang='lat' dir='ltr'><strong>igitur</strong></span> <span class='ocrx_word' id='word_1_733' title='bbox 1447 5896 1636 5940; x_wconf 85' lang='lat' dir='ltr'><strong>omnes</strong></span> <span class='ocrx_word' id='word_1_734' title='bbox 1656 5881 1837 5957; x_wconf 72' lang='lat' dir='ltr'><strong>ﬁgura:</strong></span> <span class='ocrx_word' id='word_1_735' title='bbox 1858 5881 2034 5940; x_wconf 63' lang='lat' dir='ltr'><strong>tertiae</strong></span> <span class='ocrx_word' id='word_1_736' title='bbox 2053 5883 2111 5941; x_wconf 86' lang='lat' dir='ltr'><strong>in</strong></span> 
     </span>
    </p>
   </div>
   <div class='ocr_carea' id='block_1_79' title="bbox 2226 1955 3797 2027">
    <p class='ocr_par' dir='ltr' id='par_1_79' title="bbox 2226 1955 3797 2027">
     <span class='ocr_line' id='line_1_79' title="bbox 2226 1955 3797 2027; baseline 0.003 -21"><span class='ocrx_word' id='word_1_737' title='bbox 2226 1967 2334 2006; x_wconf 92' lang='lat' dir='ltr'><strong>non</strong></span> <span class='ocrx_word' id='word_1_738' title='bbox 2366 1967 2487 2008; x_wconf 90' lang='lat' dir='ltr'><strong>esse</strong></span> <span class='ocrx_word' id='word_1_739' title='bbox 2516 1955 2875 2021; x_wconf 87' lang='lat' dir='ltr'><strong>constituunt,</strong></span> <span class='ocrx_word' id='word_1_740' title='bbox 2902 1956 3043 2012; x_wconf 92' lang='lat' dir='ltr'><strong>velut</strong></span> <span class='ocrx_word' id='word_1_741' title='bbox 3068 1956 3122 2011; x_wconf 92' lang='lat' dir='ltr'><strong>in</strong></span> <span class='ocrx_word' id='word_1_742' title='bbox 3148 1957 3392 2027; x_wconf 90' lang='lat' dir='ltr'><strong>superius</strong></span> <span class='ocrx_word' id='word_1_743' title='bbox 3411 1956 3797 2025; x_wconf 87' lang='lat' dir='ltr'><strong>comprehensa</strong></span> 
     </span>
    </p>
   </div>
   <div class='ocr_carea' id='block_1_80' title="bbox 2223 2045 3797 2117">
    <p class='ocr_par' dir='ltr' id='par_1_80' title="bbox 2223 2045 3797 2117">
     <span class='ocr_line' id='line_1_80' title="bbox 2223 2045 3797 2117; baseline 0 -18"><span class='ocrx_word' id='word_1_744' title='bbox 2223 2045 2616 2114; x_wconf 84' lang='lat' dir='ltr'><strong>pr0positione.</strong></span> <span class='ocrx_word' id='word_1_745' title='bbox 2642 2046 2774 2101; x_wconf 83' lang='lat' dir='ltr'><strong>Nam</strong></span> <span class='ocrx_word' id='word_1_746' title='bbox 2802 2048 2845 2102; x_wconf 89' lang='lat' dir='ltr'><strong>si</strong></span> <span class='ocrx_word' id='word_1_747' title='bbox 2872 2058 2952 2103; x_wconf 92' lang='lat' dir='ltr'><strong>est</strong></span> <span class='ocrx_word' id='word_1_748' title='bbox 2977 2048 3028 2117; x_wconf 73' lang='grc' dir='ltr'>ὸ,</span> <span class='ocrx_word' id='word_1_749' title='bbox 3053 2058 3135 2104; x_wconf 90' lang='grc' dir='ltr'><strong>εει</strong></span> <span class='ocrx_word' id='word_1_750' title='bbox 3157 2066 3218 2113; x_wconf 85' lang='lat' dir='ltr'><strong>a,</strong></span> <span class='ocrx_word' id='word_1_751' title='bbox 3244 2048 3289 2102; x_wconf 91' lang='lat' dir='ltr'><strong>si</strong></span> <span class='ocrx_word' id='word_1_752' title='bbox 3320 2060 3402 2105; x_wconf 87' lang='grc' dir='ltr'><strong>εει</strong></span> <span class='ocrx_word' id='word_1_753' title='bbox 3424 2064 3470 2113; x_wconf 85' lang='lat' dir='ltr'><strong>c,</strong></span> <span class='ocrx_word' id='word_1_754' title='bbox 3504 2063 3609 2103; x_wconf 93' lang='lat' dir='ltr'><strong>non</strong></span> <span class='ocrx_word' id='word_1_755' title='bbox 3636 2054 3719 2101; x_wconf 89' lang='lat' dir='ltr'><strong>est</strong></span> <span class='ocrx_word' id='word_1_756' title='bbox 3744 2063 3797 2100; x_wconf 82' lang='grc' dir='ltr'><em>α.</em></span> 
     </span>
    </p>
   </div>
   <div class='ocr_carea' id='block_1_81' title="bbox 2221 2136 3801 2209">
    <p class='ocr_par' dir='ltr' id='par_1_81' title="bbox 2221 2136 3801 2209">
     <span class='ocr_line' id='line_1_81' title="bbox 2221 2136 3801 2209; baseline -0.001 -18"><span class='ocrx_word' id='word_1_757' title='bbox 2221 2136 2428 2204; x_wconf 86' lang='lat' dir='ltr'><strong>Quibus</strong></span> <span class='ocrx_word' id='word_1_758' title='bbox 2455 2138 2526 2192; x_wconf 91' lang='lat' dir='ltr'><strong>ita</strong></span> <span class='ocrx_word' id='word_1_759' title='bbox 2558 2139 2776 2208; x_wconf 88' lang='lat' dir='ltr'><strong>positis,</strong></span> <span class='ocrx_word' id='word_1_760' title='bbox 2804 2139 2926 2195; x_wconf 90' lang='lat' dir='ltr'><strong>dico</strong></span> <span class='ocrx_word' id='word_1_761' title='bbox 2952 2141 3203 2209; x_wconf 88' lang='lat' dir='ltr'><strong>quoniam</strong></span> <span class='ocrx_word' id='word_1_762' title='bbox 3232 2139 3278 2195; x_wconf 90' lang='lat' dir='ltr'><strong>si</strong></span> <span class='ocrx_word' id='word_1_763' title='bbox 3302 2149 3385 2195; x_wconf 90' lang='lat' dir='ltr'><strong>est</strong></span> <span class='ocrx_word' id='word_1_764' title='bbox 3411 2139 3461 2199; x_wconf 68' lang='grc' dir='ltr'>ὁ,</span> <span class='ocrx_word' id='word_1_765' title='bbox 3493 2154 3598 2193; x_wconf 92' lang='lat' dir='ltr'><strong>non</strong></span> <span class='ocrx_word' id='word_1_766' title='bbox 3625 2150 3746 2191; x_wconf 88' lang='lat' dir='ltr'><strong>esse</strong></span> <span class='ocrx_word' id='word_1_767' title='bbox 3772 2153 3801 2190; x_wconf 81' lang='lat' dir='ltr'><strong>c</strong></span> 
     </span>
    </p>
   </div>
   <div class='ocr_carea' id='block_1_82' title="bbox 2222 2228 3800 2311">
    <p class='ocr_par' dir='ltr' id='par_1_82' title="bbox 2222 2228 3800 2311">
     <span class='ocr_line' id='line_1_82' title="bbox 2222 2228 3800 2311; baseline -0.003 -29"><span class='ocrx_word' id='word_1_768' title='bbox 2222 2243 2447 2284; x_wconf 88' lang='lat' dir='ltr'><strong>necesse</strong></span> <span class='ocrx_word' id='word_1_769' title='bbox 2475 2238 2579 2285; x_wconf 92' lang='lat' dir='ltr'><strong>est.</strong></span> <span class='ocrx_word' id='word_1_770' title='bbox 2606 2230 2661 2285; x_wconf 91' lang='lat' dir='ltr'><strong>Si</strong></span> <span class='ocrx_word' id='word_1_771' title='bbox 2691 2230 2833 2285; x_wconf 91' lang='lat' dir='ltr'><strong>enim</strong></span> <span class='ocrx_word' id='word_1_772' title='bbox 2865 2237 2951 2285; x_wconf 90' lang='lat' dir='ltr'><strong>est</strong></span> <span class='ocrx_word' id='word_1_773' title='bbox 2972 2231 3021 2295; x_wconf 71' lang='grc' dir='ltr'>ὁ,</span> <span class='ocrx_word' id='word_1_774' title='bbox 3050 2239 3133 2285; x_wconf 89' lang='grc' dir='ltr'><strong>εει</strong></span> <span class='ocrx_word' id='word_1_775' title='bbox 3156 2247 3222 2297; x_wconf 92' lang='lat' dir='ltr'><strong>a,</strong></span> <span class='ocrx_word' id='word_1_776' title='bbox 3251 2228 3392 2311; x_wconf 91' lang='lat' dir='ltr'><strong>quod</strong></span> <span class='ocrx_word' id='word_1_777' title='bbox 3417 2228 3464 2282; x_wconf 88' lang='lat' dir='ltr'><strong>si</strong></span> <span class='ocrx_word' id='word_1_778' title='bbox 3490 2238 3574 2283; x_wconf 90' lang='lat' dir='ltr'><strong>est</strong></span> <span class='ocrx_word' id='word_1_779' title='bbox 3595 2244 3626 2279; x_wconf 79' lang='grc' dir='ltr'><strong>α</strong></span> <span class='ocrx_word' id='word_1_780' title='bbox 3645 2265 3660 2289; x_wconf 92' lang='grc'><strong>,</strong></span> <span class='ocrx_word' id='word_1_781' title='bbox 3693 2239 3800 2279; x_wconf 89' lang='lat' dir='ltr'><strong>non</strong></span> 
     </span>
    </p>
   </div>
   <div class='ocr_carea' id='block_1_83' title="bbox 2219 2318 3801 2393">
    <p class='ocr_par' dir='ltr' id='par_1_83' title="bbox 2219 2318 3801 2393">
     <span class='ocr_line' id='line_1_83' title="bbox 2219 2318 3801 2393; baseline -0.003 -16"><span class='ocrx_word' id='word_1_782' title='bbox 2219 2333 2302 2377; x_wconf 83' lang='lat' dir='ltr'><strong>est</strong></span> <span class='ocrx_word' id='word_1_783' title='bbox 2329 2338 2377 2389; x_wconf 78' lang='grc' dir='ltr'><strong>ε,</strong></span> <span class='ocrx_word' id='word_1_784' title='bbox 2413 2323 2456 2377; x_wconf 89' lang='lat' dir='ltr'><strong>si</strong></span> <span class='ocrx_word' id='word_1_785' title='bbox 2503 2322 2666 2393; x_wconf 83' lang='lat' dir='ltr'><strong>igitur</strong></span> <span class='ocrx_word' id='word_1_786' title='bbox 2693 2331 2777 2379; x_wconf 88' lang='lat' dir='ltr'><strong>est</strong></span> <span class='ocrx_word' id='word_1_787' title='bbox 2819 2324 2870 2393; x_wconf 76' lang='grc' dir='ltr'>ὁ,</span> <span class='ocrx_word' id='word_1_788' title='bbox 2913 2338 3017 2377; x_wconf 92' lang='lat' dir='ltr'><strong>non</strong></span> <span class='ocrx_word' id='word_1_789' title='bbox 3046 2333 3129 2379; x_wconf 91' lang='lat' dir='ltr'><strong>est</strong></span> <span class='ocrx_word' id='word_1_790' title='bbox 3152 2338 3213 2389; x_wconf 87' lang='lat' dir='ltr'><strong>c;</strong></span> <span class='ocrx_word' id='word_1_791' title='bbox 3241 2321 3384 2391; x_wconf 90' lang='lat' dir='ltr'><strong>quod</strong></span> <span class='ocrx_word' id='word_1_792' title='bbox 3410 2321 3454 2375; x_wconf 89' lang='lat' dir='ltr'><strong>si</strong></span> <span class='ocrx_word' id='word_1_793' title='bbox 3479 2322 3506 2373; x_wconf 70' lang='grc' dir='ltr'><strong>ὁ</strong></span> <span class='ocrx_word' id='word_1_794' title='bbox 3537 2318 3801 2374; x_wconf 76' lang='lat' dir='ltr'><strong>terminus</strong></span> 
     </span>
    </p>
   </div>
   <div class='ocr_carea' id='block_1_84' title="bbox 2218 2412 3798 2487">
    <p class='ocr_par' dir='ltr' id='par_1_84' title="bbox 2218 2412 3798 2487">
     <span class='ocr_line' id='line_1_84' title="bbox 2218 2412 3798 2487; baseline -0.003 -18"><span class='ocrx_word' id='word_1_795' title='bbox 2218 2414 2503 2481; x_wconf 87' lang='lat' dir='ltr'><strong>abnuatur,</strong></span> <span class='ocrx_word' id='word_1_796' title='bbox 2536 2416 2714 2470; x_wconf 90' lang='lat' dir='ltr'><strong>nullus</strong></span> <span class='ocrx_word' id='word_1_797' title='bbox 2742 2425 2824 2471; x_wconf 89' lang='lat' dir='ltr'><strong>est</strong></span> <span class='ocrx_word' id='word_1_798' title='bbox 2852 2416 3220 2487; x_wconf 79' lang='lat' dir='ltr'><strong>syllogismus,</strong></span> <span class='ocrx_word' id='word_1_799' title='bbox 3251 2422 3335 2469; x_wconf 88' lang='lat' dir='ltr'><strong>est</strong></span> <span class='ocrx_word' id='word_1_800' title='bbox 3360 2413 3528 2479; x_wconf 90' lang='lat' dir='ltr'><strong>enim,</strong></span> <span class='ocrx_word' id='word_1_801' title='bbox 3555 2412 3601 2466; x_wconf 91' lang='lat' dir='ltr'><strong>si</strong></span> <span class='ocrx_word' id='word_1_802' title='bbox 3630 2412 3661 2464; x_wconf 88' lang='lat' dir='ltr'><strong>b</strong></span> <span class='ocrx_word' id='word_1_803' title='bbox 3691 2424 3798 2465; x_wconf 81' lang='lat' dir='ltr'><strong>non</strong></span> 
     </span>
    </p>
   </div>
   <div class='ocr_carea' id='block_1_85' title="bbox 2218 2500 3801 2572">
    <p class='ocr_par' dir='ltr' id='par_1_85' title="bbox 2218 2500 3801 2572">
     <span class='ocr_line' id='line_1_85' title="bbox 2218 2500 3801 2572; baseline -0.004 -10"><span class='ocrx_word' id='word_1_804' title='bbox 2218 2506 2287 2563; x_wconf 86' lang='lat' dir='ltr'><strong>sit</strong></span> <span class='ocrx_word' id='word_1_805' title='bbox 2308 2546 2323 2572; x_wconf 91' lang='lat'><strong>,</strong></span> <span class='ocrx_word' id='word_1_806' title='bbox 2352 2520 2458 2560; x_wconf 92' lang='lat' dir='ltr'><strong>non</strong></span> <span class='ocrx_word' id='word_1_807' title='bbox 2484 2520 2706 2562; x_wconf 89' lang='lat' dir='ltr'><strong>necesse</strong></span> <span class='ocrx_word' id='word_1_808' title='bbox 2734 2507 2838 2561; x_wconf 90' lang='lat' dir='ltr'><strong>erit</strong></span> <span class='ocrx_word' id='word_1_809' title='bbox 2867 2516 2987 2561; x_wconf 87' lang='lat' dir='ltr'><strong>esse</strong></span> <span class='ocrx_word' id='word_1_810' title='bbox 3014 2505 3101 2561; x_wconf 89' lang='lat' dir='ltr'><strong>vel</strong></span> <span class='ocrx_word' id='word_1_811' title='bbox 3132 2520 3238 2559; x_wconf 92' lang='lat' dir='ltr'><strong>non</strong></span> <span class='ocrx_word' id='word_1_812' title='bbox 3263 2518 3384 2559; x_wconf 90' lang='lat' dir='ltr'><strong>esse</strong></span> <span class='ocrx_word' id='word_1_813' title='bbox 3410 2517 3464 2557; x_wconf 82' lang='grc' dir='ltr'><strong>α.</strong></span> <span class='ocrx_word' id='word_1_814' title='bbox 3492 2502 3601 2558; x_wconf 80' lang='lat' dir='ltr'><strong>Nec</strong></span> <span class='ocrx_word' id='word_1_815' title='bbox 3635 2518 3664 2555; x_wconf 89' lang='lat' dir='ltr'><strong>c</strong></span> <span class='ocrx_word' id='word_1_816' title='bbox 3704 2500 3801 2571; x_wconf 78' lang='lat' dir='ltr'><strong>igi-</strong></span> 
     </span>
    </p>
   </div>
   <div class='ocr_carea' id='block_1_86' title="bbox 2219 2593 3801 2664">
    <p class='ocr_par' dir='ltr' id='par_1_86' title="bbox 2219 2593 3801 2664">
     <span class='ocr_line' id='line_1_86' title="bbox 2219 2593 3801 2664; baseline -0.002 -12"><span class='ocrx_word' id='word_1_817' title='bbox 2219 2609 2305 2653; x_wconf 90' lang='lat' dir='ltr'><strong>tur</strong></span> <span class='ocrx_word' id='word_1_818' title='bbox 2351 2614 2575 2655; x_wconf 89' lang='lat' dir='ltr'><strong>necesse</strong></span> <span class='ocrx_word' id='word_1_819' title='bbox 2608 2599 2712 2655; x_wconf 87' lang='lat' dir='ltr'><strong>erit</strong></span> <span class='ocrx_word' id='word_1_820' title='bbox 2752 2600 2839 2654; x_wconf 92' lang='lat' dir='ltr'><strong>vel</strong></span> <span class='ocrx_word' id='word_1_821' title='bbox 2876 2614 2997 2655; x_wconf 90' lang='lat' dir='ltr'><strong>esse</strong></span> <span class='ocrx_word' id='word_1_822' title='bbox 3030 2600 3116 2653; x_wconf 90' lang='lat' dir='ltr'><strong>vel</strong></span> <span class='ocrx_word' id='word_1_823' title='bbox 3139 2612 3247 2653; x_wconf 92' lang='lat' dir='ltr'><strong>non</strong></span> <span class='ocrx_word' id='word_1_824' title='bbox 3274 2611 3413 2664; x_wconf 89' lang='lat' dir='ltr'><strong>esse,</strong></span> <span class='ocrx_word' id='word_1_825' title='bbox 3444 2594 3590 2651; x_wconf 89' lang='lat' dir='ltr'><strong>velut</strong></span> <span class='ocrx_word' id='word_1_826' title='bbox 3618 2595 3671 2649; x_wconf 92' lang='lat' dir='ltr'><strong>in</strong></span> <span class='ocrx_word' id='word_1_827' title='bbox 3699 2593 3801 2649; x_wconf 85' lang='lat' dir='ltr'><strong>hoc</strong></span> 
     </span>
    </p>
   </div>
   <div class='ocr_carea' id='block_1_87' title="bbox 2218 2688 3802 2761">
    <p class='ocr_par' dir='ltr' id='par_1_87' title="bbox 2218 2688 3802 2761">
     <span class='ocr_line' id='line_1_87' title="bbox 2218 2688 3802 2761; baseline -0.004 -15"><span class='ocrx_word' id='word_1_828' title='bbox 2218 2692 2485 2761; x_wconf 79' lang='lat' dir='ltr'><strong>exemplo,</strong></span> <span class='ocrx_word' id='word_1_829' title='bbox 2516 2688 2565 2746; x_wconf 87' lang='lat' dir='ltr'><strong>s&#39;i</strong></span> <span class='ocrx_word' id='word_1_830' title='bbox 2592 2691 2663 2746; x_wconf 89' lang='lat' dir='ltr'><strong>sit</strong></span> <span class='ocrx_word' id='word_1_831' title='bbox 2686 2692 2716 2744; x_wconf 71' lang='grc' dir='ltr'>ὁ</span> <span class='ocrx_word' id='word_1_832' title='bbox 2758 2692 2956 2747; x_wconf 89' lang='lat' dir='ltr'><strong>animal</strong></span> <span class='ocrx_word' id='word_1_833' title='bbox 2978 2734 2991 2757; x_wconf 90' lang='lat'><strong>,</strong></span> <span class='ocrx_word' id='word_1_834' title='bbox 3025 2709 3058 2745; x_wconf 93' lang='lat' dir='ltr'><strong>a</strong></span> <span class='ocrx_word' id='word_1_835' title='bbox 3084 2690 3372 2746; x_wconf 86' lang='lat' dir='ltr'><strong>animatum</strong></span> <span class='ocrx_word' id='word_1_836' title='bbox 3393 2729 3409 2755; x_wconf 88' lang='lat'><strong>,</strong></span> <span class='ocrx_word' id='word_1_837' title='bbox 3441 2706 3469 2743; x_wconf 91' lang='lat' dir='ltr'><strong>c</strong></span> <span class='ocrx_word' id='word_1_838' title='bbox 3495 2696 3762 2743; x_wconf 90' lang='lat' dir='ltr'><strong>mortuum</strong></span> <span class='ocrx_word' id='word_1_839' title='bbox 3780 2725 3802 2752; x_wconf 86' lang='lat'><strong>,</strong></span> 
     </span>
    </p>
   </div>
   <div class='ocr_carea' id='block_1_88' title="bbox 2218 2778 3803 2852">
    <p class='ocr_par' dir='ltr' id='par_1_88' title="bbox 2218 2778 3803 2852">
     <span class='ocr_line' id='line_1_88' title="bbox 2218 2778 3803 2852; baseline -0.004 -15"><span class='ocrx_word' id='word_1_840' title='bbox 2218 2778 2273 2837; x_wconf 82' lang='lat' dir='ltr'><strong>et</strong></span> <span class='ocrx_word' id='word_1_841' title='bbox 2304 2794 2657 2852; x_wconf 84' lang='lat' dir='ltr'><strong>preponatur,</strong></span> <span class='ocrx_word' id='word_1_842' title='bbox 2684 2784 2732 2837; x_wconf 85' lang='lat' dir='ltr'><strong>si</strong></span> <span class='ocrx_word' id='word_1_843' title='bbox 2758 2783 2955 2838; x_wconf 89' lang='lat' dir='ltr'><strong>animal</strong></span> <span class='ocrx_word' id='word_1_844' title='bbox 2981 2792 3084 2851; x_wconf 89' lang='lat' dir='ltr'><strong>est,</strong></span> <span class='ocrx_word' id='word_1_845' title='bbox 3116 2782 3410 2836; x_wconf 87' lang='lat' dir='ltr'><strong>animatum</strong></span> <span class='ocrx_word' id='word_1_846' title='bbox 3436 2789 3549 2845; x_wconf 86' lang='lat' dir='ltr'><strong>est,</strong></span> <span class='ocrx_word' id='word_1_847' title='bbox 3578 2778 3626 2832; x_wconf 88' lang='lat' dir='ltr'><strong>si</strong></span> <span class='ocrx_word' id='word_1_848' title='bbox 3653 2790 3803 2832; x_wconf 84' lang='lat' dir='ltr'><strong>mor-</strong></span> 
     </span>
    </p>
   </div>
   <div class='ocr_carea' id='block_1_89' title="bbox 2218 2868 3802 2946">
    <p class='ocr_par' dir='ltr' id='par_1_89' title="bbox 2218 2868 3802 2946">
     <span class='ocr_line' id='line_1_89' title="bbox 2218 2868 3802 2946; baseline -0.005 -15"><span class='ocrx_word' id='word_1_849' title='bbox 2218 2886 2369 2932; x_wconf 93' lang='lat' dir='ltr'><strong>tuum</strong></span> <span class='ocrx_word' id='word_1_850' title='bbox 2401 2886 2520 2944; x_wconf 84' lang='lat' dir='ltr'><strong>est,</strong></span> <span class='ocrx_word' id='word_1_851' title='bbox 2552 2878 2843 2932; x_wconf 89' lang='lat' dir='ltr'><strong>animatum</strong></span> <span class='ocrx_word' id='word_1_852' title='bbox 2877 2892 2981 2932; x_wconf 92' lang='lat' dir='ltr'><strong>non</strong></span> <span class='ocrx_word' id='word_1_853' title='bbox 3011 2886 3114 2932; x_wconf 89' lang='lat' dir='ltr'><strong>est.</strong></span> <span class='ocrx_word' id='word_1_854' title='bbox 3145 2875 3304 2946; x_wconf 81' lang='lat' dir='ltr'><strong>Atqui</strong></span> <span class='ocrx_word' id='word_1_855' title='bbox 3332 2889 3439 2929; x_wconf 92' lang='lat' dir='ltr'><strong>non</strong></span> <span class='ocrx_word' id='word_1_856' title='bbox 3468 2881 3551 2928; x_wconf 89' lang='lat' dir='ltr'><strong>est</strong></span> <span class='ocrx_word' id='word_1_857' title='bbox 3570 2868 3802 2936; x_wconf 83' lang='lat' dir='ltr'><strong>animal,</strong></span> 
     </span>
    </p>
   </div>
   <div class='ocr_carea' id='block_1_90' title="bbox 2219 2963 3804 3038">
    <p class='ocr_par' dir='ltr' id='par_1_90' title="bbox 2219 2963 3804 3038">
     <span class='ocr_line' id='line_1_90' title="bbox 2219 2963 3804 3038; baseline -0.005 -13"><span class='ocrx_word' id='word_1_858' title='bbox 2219 2985 2327 3025; x_wconf 93' lang='lat' dir='ltr'><strong>non</strong></span> <span class='ocrx_word' id='word_1_859' title='bbox 2353 2964 2575 3026; x_wconf 84' lang='lat' dir='ltr'><strong>necesse</strong></span> <span class='ocrx_word' id='word_1_860' title='bbox 2604 2979 2688 3026; x_wconf 91' lang='lat' dir='ltr'><strong>est</strong></span> <span class='ocrx_word' id='word_1_861' title='bbox 2722 2985 2844 3026; x_wconf 88' lang='lat' dir='ltr'><strong>esse</strong></span> <span class='ocrx_word' id='word_1_862' title='bbox 2865 3012 2881 3038; x_wconf 94' lang='lat'><strong>,</strong></span> <span class='ocrx_word' id='word_1_863' title='bbox 2912 2969 2996 3025; x_wconf 93' lang='lat' dir='ltr'><strong>vel</strong></span> <span class='ocrx_word' id='word_1_864' title='bbox 3029 2985 3135 3024; x_wconf 91' lang='lat' dir='ltr'><strong>non</strong></span> <span class='ocrx_word' id='word_1_865' title='bbox 3166 2982 3286 3025; x_wconf 90' lang='lat' dir='ltr'><strong>esse</strong></span> <span class='ocrx_word' id='word_1_866' title='bbox 3315 2966 3628 3022; x_wconf 89' lang='lat' dir='ltr'><strong>animatum.</strong></span> <span class='ocrx_word' id='word_1_867' title='bbox 3673 2963 3804 3031; x_wconf 72' lang='lat' dir='ltr'><strong>Qua</strong></span> 
     </span>
    </p>
   </div>
   <div class='ocr_carea' id='block_1_91' title="bbox 2218 3057 3805 3131">
    <p class='ocr_par' dir='ltr' id='par_1_91' title="bbox 2218 3057 3805 3131">
     <span class='ocr_line' id='line_1_91' title="bbox 2218 3057 3805 3131; baseline -0.004 -16"><span class='ocrx_word' id='word_1_868' title='bbox 2218 3063 2363 3115; x_wconf 91' lang='lat' dir='ltr'><strong>enim</strong></span> <span class='ocrx_word' id='word_1_869' title='bbox 2406 3076 2513 3117; x_wconf 90' lang='lat' dir='ltr'><strong>non</strong></span> <span class='ocrx_word' id='word_1_870' title='bbox 2544 3071 2669 3116; x_wconf 88' lang='lat' dir='ltr'><strong>sunt</strong></span> <span class='ocrx_word' id='word_1_871' title='bbox 2710 3060 2958 3116; x_wconf 88' lang='lat' dir='ltr'><strong>animalia</strong></span> <span class='ocrx_word' id='word_1_872' title='bbox 2979 3102 2994 3128; x_wconf 95' lang='lat'><strong>,</strong></span> <span class='ocrx_word' id='word_1_873' title='bbox 3037 3070 3256 3131; x_wconf 87' lang='lat' dir='ltr'><strong>possunt</strong></span> <span class='ocrx_word' id='word_1_874' title='bbox 3286 3073 3409 3115; x_wconf 90' lang='lat' dir='ltr'><strong>esse</strong></span> <span class='ocrx_word' id='word_1_875' title='bbox 3451 3057 3715 3119; x_wconf 87' lang='lat' dir='ltr'><strong>animata,</strong></span> <span class='ocrx_word' id='word_1_876' title='bbox 3745 3063 3805 3109; x_wconf 88' lang='lat' dir='ltr'><strong>ut</strong></span> 
     </span>
    </p>
   </div>
   <div class='ocr_carea' id='block_1_92' title="bbox 2202 3148 3805 3224">
    <p class='ocr_par' dir='ltr' id='par_1_92' title="bbox 2202 3148 3805 3224">
     <span class='ocr_line' id='line_1_92' title="bbox 2202 3148 3805 3224; baseline -0.003 -16"><span class='ocrx_word' id='word_1_877' title='bbox 2202 3156 2480 3220; x_wconf 82' lang='lat' dir='ltr'><strong>arbores;</strong></span> <span class='ocrx_word' id='word_1_878' title='bbox 2511 3163 2736 3224; x_wconf 90' lang='lat' dir='ltr'><strong>possunt</strong></span> <span class='ocrx_word' id='word_1_879' title='bbox 2760 3168 2882 3210; x_wconf 89' lang='lat' dir='ltr'><strong>esse</strong></span> <span class='ocrx_word' id='word_1_880' title='bbox 2903 3168 3009 3208; x_wconf 92' lang='lat' dir='ltr'><strong>non</strong></span> <span class='ocrx_word' id='word_1_881' title='bbox 3030 3153 3265 3207; x_wconf 83' lang='lat' dir='ltr'><strong>animata</strong></span> <span class='ocrx_word' id='word_1_882' title='bbox 3284 3193 3299 3219; x_wconf 96' lang='lat'><strong>,</strong></span> <span class='ocrx_word' id='word_1_883' title='bbox 3330 3160 3387 3206; x_wconf 90' lang='lat' dir='ltr'><strong>ut</strong></span> <span class='ocrx_word' id='word_1_884' title='bbox 3408 3150 3630 3221; x_wconf 90' lang='lat' dir='ltr'><strong>lapides.</strong></span> <span class='ocrx_word' id='word_1_885' title='bbox 3661 3148 3805 3218; x_wconf 88' lang='lat' dir='ltr'><strong>Quo-</strong></span> 
     </span>
    </p>
   </div>
   <div class='ocr_carea' id='block_1_93' title="bbox 2140 3240 3807 3314">
    <p class='ocr_par' dir='ltr' id='par_1_93' title="bbox 2140 3240 3807 3314">
     <span class='ocr_line' id='line_1_93' title="bbox 2140 3240 3807 3314; baseline -0.005 -11"><span class='ocrx_word' id='word_1_886' title='bbox 2140 3240 2190 3303; x_wconf 83' lang='lat' dir='ltr'>C</span> <span class='ocrx_word' id='word_1_887' title='bbox 2220 3245 2363 3300; x_wconf 88' lang='lat' dir='ltr'><strong>circa</strong></span> <span class='ocrx_word' id='word_1_888' title='bbox 2389 3246 2436 3300; x_wconf 91' lang='lat' dir='ltr'><strong>si</strong></span> <span class='ocrx_word' id='word_1_889' title='bbox 2462 3245 2658 3300; x_wconf 91' lang='lat' dir='ltr'><strong>animal</strong></span> <span class='ocrx_word' id='word_1_890' title='bbox 2690 3261 2795 3299; x_wconf 89' lang='lat' dir='ltr'><strong>non</strong></span> <span class='ocrx_word' id='word_1_891' title='bbox 2818 3244 2998 3311; x_wconf 89' lang='lat' dir='ltr'><strong>fuerit,</strong></span> <span class='ocrx_word' id='word_1_892' title='bbox 3030 3260 3099 3301; x_wconf 91' lang='lat' dir='ltr'><strong>ne</strong></span> <span class='ocrx_word' id='word_1_893' title='bbox 3126 3255 3392 3300; x_wconf 88' lang='lat' dir='ltr'><strong>mortuum</strong></span> <span class='ocrx_word' id='word_1_894' title='bbox 3423 3241 3635 3314; x_wconf 90' lang='lat' dir='ltr'><strong>quidem</strong></span> <span class='ocrx_word' id='word_1_895' title='bbox 3684 3254 3807 3295; x_wconf 80' lang='lat' dir='ltr'><strong>esse</strong></span> 
     </span>
    </p>
   </div>
   <div class='ocr_carea' id='block_1_94' title="bbox 2222 3332 3806 3395">
    <p class='ocr_par' dir='ltr' id='par_1_94' title="bbox 2222 3332 3806 3395">
     <span class='ocr_line' id='line_1_94' title="bbox 2222 3332 3806 3395; baseline -0.004 -1"><span class='ocrx_word' id='word_1_896' title='bbox 2222 3339 2309 3394; x_wconf 90' lang='lat' dir='ltr'><strong>vel</strong></span> <span class='ocrx_word' id='word_1_897' title='bbox 2340 3355 2445 3394; x_wconf 91' lang='lat' dir='ltr'><strong>non</strong></span> <span class='ocrx_word' id='word_1_898' title='bbox 2476 3354 2598 3395; x_wconf 89' lang='lat' dir='ltr'><strong>esse</strong></span> <span class='ocrx_word' id='word_1_899' title='bbox 2627 3353 2849 3395; x_wconf 86' lang='lat' dir='ltr'><strong>necesse</strong></span> <span class='ocrx_word' id='word_1_900' title='bbox 2879 3347 2981 3393; x_wconf 88' lang='lat' dir='ltr'><strong>est.</strong></span> <span class='ocrx_word' id='word_1_901' title='bbox 3015 3337 3173 3393; x_wconf 86' lang='lat' dir='ltr'><strong>Plura</strong></span> <span class='ocrx_word' id='word_1_902' title='bbox 3204 3338 3347 3393; x_wconf 92' lang='lat' dir='ltr'><strong>enim</strong></span> <span class='ocrx_word' id='word_1_903' title='bbox 3385 3350 3494 3391; x_wconf 93' lang='lat' dir='ltr'><strong>non</strong></span> <span class='ocrx_word' id='word_1_904' title='bbox 3534 3342 3661 3390; x_wconf 91' lang='lat' dir='ltr'><strong>sunt</strong></span> <span class='ocrx_word' id='word_1_905' title='bbox 3688 3332 3806 3387; x_wconf 85' lang='lat' dir='ltr'><strong>ani-</strong></span> 
     </span>
    </p>
   </div>
   <div class='ocr_carea' id='block_1_95' title="bbox 2222 3424 3805 3503">
    <p class='ocr_par' dir='ltr' id='par_1_95' title="bbox 2222 3424 3805 3503">
     <span class='ocr_line' id='line_1_95' title="bbox 2222 3424 3805 3503; baseline -0.003 -15"><span class='ocrx_word' id='word_1_906' title='bbox 2222 3433 2380 3488; x_wconf 89' lang='lat' dir='ltr'><strong>malia</strong></span> <span class='ocrx_word' id='word_1_907' title='bbox 2400 3474 2414 3497; x_wconf 89' lang='lat'><strong>,</strong></span> <span class='ocrx_word' id='word_1_908' title='bbox 2443 3448 2564 3503; x_wconf 72' lang='lat' dir='ltr'><strong>quae</strong></span> <span class='ocrx_word' id='word_1_909' title='bbox 2594 3442 2801 3487; x_wconf 88' lang='lat' dir='ltr'><strong>mortua</strong></span> <span class='ocrx_word' id='word_1_910' title='bbox 2832 3447 2937 3487; x_wconf 90' lang='lat' dir='ltr'><strong>non</strong></span> <span class='ocrx_word' id='word_1_911' title='bbox 2976 3439 3134 3499; x_wconf 86' lang='lat' dir='ltr'><strong>sunt,</strong></span> <span class='ocrx_word' id='word_1_912' title='bbox 3167 3441 3226 3485; x_wconf 93' lang='lat' dir='ltr'><strong>ut</strong></span> <span class='ocrx_word' id='word_1_913' title='bbox 3263 3429 3497 3497; x_wconf 89' lang='lat' dir='ltr'><strong>lapides,</strong></span> <span class='ocrx_word' id='word_1_914' title='bbox 3527 3426 3618 3481; x_wconf 90' lang='lat' dir='ltr'><strong>illa</strong></span> <span class='ocrx_word' id='word_1_915' title='bbox 3660 3424 3805 3483; x_wconf 87' lang='lat' dir='ltr'><strong>enim</strong></span> 
     </span>
    </p>
   </div>
   <div class='ocr_carea' id='block_1_96' title="bbox 2222 3520 3806 3596">
    <p class='ocr_par' dir='ltr' id='par_1_96' title="bbox 2222 3520 3806 3596">
     <span class='ocr_line' id='line_1_96' title="bbox 2222 3520 3806 3596; baseline -0.004 -15"><span class='ocrx_word' id='word_1_916' title='bbox 2222 3535 2434 3581; x_wconf 91' lang='lat' dir='ltr'><strong>mortua</strong></span> <span class='ocrx_word' id='word_1_917' title='bbox 2479 3526 2727 3582; x_wconf 89' lang='lat' dir='ltr'><strong>dicuntur</strong></span> <span class='ocrx_word' id='word_1_918' title='bbox 2776 3541 2895 3596; x_wconf 67' lang='lat' dir='ltr'><strong>qua:</strong></span> <span class='ocrx_word' id='word_1_919' title='bbox 2942 3524 3228 3596; x_wconf 88' lang='lat' dir='ltr'><strong>aliquando</strong></span> <span class='ocrx_word' id='word_1_920' title='bbox 3270 3525 3536 3579; x_wconf 79' lang='lat' dir='ltr'><strong>vixerunt.</strong></span> <span class='ocrx_word' id='word_1_921' title='bbox 3582 3520 3666 3576; x_wconf 81' lang='lat' dir='ltr'><strong>Ab</strong></span> <span class='ocrx_word' id='word_1_922' title='bbox 3712 3534 3806 3575; x_wconf 85' lang='lat' dir='ltr'><strong>as-</strong></span> 
     </span>
    </p>
   </div>
   <div class='ocr_carea' id='block_1_97' title="bbox 2221 3611 3804 3689">
    <p class='ocr_par' dir='ltr' id='par_1_97' title="bbox 2221 3611 3804 3689">
     <span class='ocr_line' id='line_1_97' title="bbox 2221 3611 3804 3689; baseline -0.006 -15"><span class='ocrx_word' id='word_1_923' title='bbox 2221 3618 2529 3689; x_wconf 88' lang='lat' dir='ltr'><strong>sumptione</strong></span> <span class='ocrx_word' id='word_1_924' title='bbox 2574 3634 2705 3674; x_wconf 90' lang='lat' dir='ltr'><strong>vero</strong></span> <span class='ocrx_word' id='word_1_925' title='bbox 2749 3634 2776 3671; x_wconf 85' lang='lat' dir='ltr'><strong>c</strong></span> <span class='ocrx_word' id='word_1_926' title='bbox 2808 3618 3018 3673; x_wconf 91' lang='lat' dir='ltr'><strong>termini</strong></span> <span class='ocrx_word' id='word_1_927' title='bbox 3048 3616 3334 3672; x_wconf 89' lang='lat' dir='ltr'><strong>afﬁrmatio</strong></span> <span class='ocrx_word' id='word_1_928' title='bbox 3362 3615 3520 3669; x_wconf 87' lang='lat' dir='ltr'><strong>faciet</strong></span> <span class='ocrx_word' id='word_1_929' title='bbox 3547 3611 3804 3685; x_wconf 81' lang='lat' dir='ltr'><strong>syllogis-</strong></span> 
     </span>
    </p>
   </div>
   <div class='ocr_carea' id='block_1_98' title="bbox 2220 3706 3802 3778">
    <p class='ocr_par' dir='ltr' id='par_1_98' title="bbox 2220 3706 3802 3778">
     <span class='ocr_line' id='line_1_98' title="bbox 2220 3706 3802 3778; baseline -0.006 -12"><span class='ocrx_word' id='word_1_930' title='bbox 2220 3726 2391 3766; x_wconf 88' lang='lat' dir='ltr'><strong>mum.</strong></span> <span class='ocrx_word' id='word_1_931' title='bbox 2412 3710 2542 3765; x_wconf 82' lang='lat' dir='ltr'><strong>Nam</strong></span> <span class='ocrx_word' id='word_1_932' title='bbox 2567 3711 2655 3764; x_wconf 89' lang='lat' dir='ltr'><strong>sic</strong></span> <span class='ocrx_word' id='word_1_933' title='bbox 2674 3718 2778 3778; x_wconf 90' lang='lat' dir='ltr'><strong>est,</strong></span> <span class='ocrx_word' id='word_1_934' title='bbox 2804 3708 2833 3762; x_wconf 87' lang='lat' dir='ltr'><strong>b</strong></span> <span class='ocrx_word' id='word_1_935' title='bbox 2856 3724 2960 3763; x_wconf 92' lang='lat' dir='ltr'><strong>non</strong></span> <span class='ocrx_word' id='word_1_936' title='bbox 2984 3708 3110 3776; x_wconf 92' lang='lat' dir='ltr'><strong>erit,</strong></span> <span class='ocrx_word' id='word_1_937' title='bbox 3133 3706 3179 3762; x_wconf 92' lang='lat' dir='ltr'><strong>si</strong></span> <span class='ocrx_word' id='word_1_938' title='bbox 3200 3707 3502 3771; x_wconf 86' lang='lat' dir='ltr'><strong>enimcest,</strong></span> <span class='ocrx_word' id='word_1_939' title='bbox 3525 3720 3629 3759; x_wconf 91' lang='lat' dir='ltr'><strong>non</strong></span> <span class='ocrx_word' id='word_1_940' title='bbox 3649 3712 3802 3758; x_wconf 71' lang='lat' dir='ltr'><strong>esto.</strong></span> 
     </span>
    </p>
   </div>
   <div class='ocr_carea' id='block_1_99' title="bbox 2222 3796 3799 3872">
    <p class='ocr_par' dir='ltr' id='par_1_99' title="bbox 2222 3796 3799 3872">
     <span class='ocr_line' id='line_1_99' title="bbox 2222 3796 3799 3872; baseline -0.007 -12"><span class='ocrx_word' id='word_1_941' title='bbox 2222 3808 2293 3860; x_wconf 83' lang='lat' dir='ltr'><strong>At</strong></span> <span class='ocrx_word' id='word_1_942' title='bbox 2318 3805 2366 3859; x_wconf 91' lang='lat' dir='ltr'><strong>si</strong></span> <span class='ocrx_word' id='word_1_943' title='bbox 2392 3820 2497 3860; x_wconf 88' lang='lat' dir='ltr'><strong>non</strong></span> <span class='ocrx_word' id='word_1_944' title='bbox 2518 3804 2590 3859; x_wconf 91' lang='lat' dir='ltr'><strong>sit</strong></span> <span class='ocrx_word' id='word_1_945' title='bbox 2607 3821 2669 3871; x_wconf 82' lang='grc' dir='ltr'>α,</span> <span class='ocrx_word' id='word_1_946' title='bbox 2694 3819 2798 3858; x_wconf 88' lang='lat' dir='ltr'><strong>non</strong></span> <span class='ocrx_word' id='word_1_947' title='bbox 2822 3805 2923 3857; x_wconf 90' lang='lat' dir='ltr'><strong>erit</strong></span> <span class='ocrx_word' id='word_1_948' title='bbox 2953 3804 3002 3869; x_wconf 75' lang='grc' dir='ltr'>ὁ,</span> <span class='ocrx_word' id='word_1_949' title='bbox 3036 3803 3079 3856; x_wconf 85' lang='lat' dir='ltr'><strong>si</strong></span> <span class='ocrx_word' id='word_1_950' title='bbox 3107 3801 3267 3872; x_wconf 87' lang='lat' dir='ltr'><strong>igitur</strong></span> <span class='ocrx_word' id='word_1_951' title='bbox 3291 3817 3319 3855; x_wconf 83' lang='lat' dir='ltr'><strong>c</strong></span> <span class='ocrx_word' id='word_1_952' title='bbox 3343 3809 3457 3865; x_wconf 90' lang='lat' dir='ltr'><strong>est,</strong></span> <span class='ocrx_word' id='word_1_953' title='bbox 3486 3798 3516 3851; x_wconf 73' lang='grc' dir='ltr'><strong><em>ὸ</em></strong></span> <span class='ocrx_word' id='word_1_954' title='bbox 3541 3811 3647 3853; x_wconf 91' lang='lat' dir='ltr'><strong>non</strong></span> <span class='ocrx_word' id='word_1_955' title='bbox 3676 3796 3799 3851; x_wconf 89' lang='lat' dir='ltr'><strong>erit.</strong></span> 
     </span>
    </p>
   </div>
   <div class='ocr_carea' id='block_1_100' title="bbox 2220 3886 3806 3967">
    <p class='ocr_par' dir='ltr' id='par_1_100' title="bbox 2220 3886 3806 3967">
     <span class='ocr_line' id='line_1_100' title="bbox 2220 3886 3806 3967; baseline -0.006 -16"><span class='ocrx_word' id='word_1_956' title='bbox 2220 3896 2443 3967; x_wconf 80' lang='lat' dir='ltr'><strong>Negatio</strong></span> <span class='ocrx_word' id='word_1_957' title='bbox 2491 3911 2623 3951; x_wconf 87' lang='lat' dir='ltr'><strong>vero</strong></span> <span class='ocrx_word' id='word_1_958' title='bbox 2655 3912 2682 3949; x_wconf 87' lang='lat' dir='ltr'><strong>c</strong></span> <span class='ocrx_word' id='word_1_959' title='bbox 2726 3896 2858 3950; x_wconf 89' lang='lat' dir='ltr'><strong>nihil</strong></span> <span class='ocrx_word' id='word_1_960' title='bbox 2904 3894 3135 3965; x_wconf 83' lang='lat' dir='ltr'><strong>explicat</strong></span> <span class='ocrx_word' id='word_1_961' title='bbox 3174 3891 3530 3949; x_wconf 84' lang='lat' dir='ltr'><strong>necessitatis.</strong></span> <span class='ocrx_word' id='word_1_962' title='bbox 3584 3888 3719 3944; x_wconf 81' lang='lat' dir='ltr'><strong>Nam</strong></span> <span class='ocrx_word' id='word_1_963' title='bbox 3756 3886 3806 3943; x_wconf 84' lang='lat' dir='ltr'><strong>si</strong></span> 
     </span>
    </p>
   </div>
   <div class='ocr_carea' id='block_1_101' title="bbox 2219 3981 3804 4054">
    <p class='ocr_par' dir='ltr' id='par_1_101' title="bbox 2219 3981 3804 4054">
     <span class='ocr_line' id='line_1_101' title="bbox 2219 3981 3804 4054; baseline -0.005 -11"><span class='ocrx_word' id='word_1_964' title='bbox 2219 4002 2328 4043; x_wconf 90' lang='lat' dir='ltr'><strong>non</strong></span> <span class='ocrx_word' id='word_1_965' title='bbox 2358 3997 2442 4043; x_wconf 88' lang='lat' dir='ltr'><strong>est</strong></span> <span class='ocrx_word' id='word_1_966' title='bbox 2468 4004 2516 4054; x_wconf 87' lang='lat' dir='ltr'><strong>c,</strong></span> <span class='ocrx_word' id='word_1_967' title='bbox 2547 4003 2653 4042; x_wconf 92' lang='lat' dir='ltr'><strong>non</strong></span> <span class='ocrx_word' id='word_1_968' title='bbox 2682 4000 2903 4043; x_wconf 86' lang='lat' dir='ltr'><strong>necesse</strong></span> <span class='ocrx_word' id='word_1_969' title='bbox 2925 3998 3010 4043; x_wconf 90' lang='lat' dir='ltr'><strong>est</strong></span> <span class='ocrx_word' id='word_1_970' title='bbox 3048 4002 3168 4043; x_wconf 90' lang='lat' dir='ltr'><strong>esse</strong></span> <span class='ocrx_word' id='word_1_971' title='bbox 3198 3989 3284 4041; x_wconf 90' lang='lat' dir='ltr'><strong>vel</strong></span> <span class='ocrx_word' id='word_1_972' title='bbox 3313 4000 3421 4041; x_wconf 91' lang='lat' dir='ltr'><strong>non</strong></span> <span class='ocrx_word' id='word_1_973' title='bbox 3450 3998 3573 4041; x_wconf 88' lang='lat' dir='ltr'><strong>esse</strong></span> <span class='ocrx_word' id='word_1_974' title='bbox 3599 3999 3652 4036; x_wconf 86' lang='grc' dir='ltr'><strong>α.</strong></span> <span class='ocrx_word' id='word_1_975' title='bbox 3686 3981 3804 4050; x_wconf 92' lang='lat' dir='ltr'><strong>Quo</strong></span> 
     </span>
    </p>
   </div>
   <div class='ocr_carea' id='block_1_102' title="bbox 2220 4078 3802 4150">
    <p class='ocr_par' dir='ltr' id='par_1_102' title="bbox 2220 4078 3802 4150">
     <span class='ocr_line' id='line_1_102' title="bbox 2220 4078 3802 4150; baseline -0.004 -16"><span class='ocrx_word' id='word_1_976' title='bbox 2220 4081 2281 4134; x_wconf 93' lang='lat' dir='ltr'><strong>ﬁt</strong></span> <span class='ocrx_word' id='word_1_977' title='bbox 2317 4088 2375 4134; x_wconf 92' lang='lat' dir='ltr'><strong>ut</strong></span> <span class='ocrx_word' id='word_1_978' title='bbox 2422 4096 2489 4135; x_wconf 91' lang='lat' dir='ltr'><strong>ne</strong></span> <span class='ocrx_word' id='word_1_979' title='bbox 2530 4080 2560 4133; x_wconf 76' lang='grc' dir='ltr'><strong>ὁ</strong></span> <span class='ocrx_word' id='word_1_980' title='bbox 2605 4078 2821 4150; x_wconf 89' lang='lat' dir='ltr'><strong>quidem</strong></span> <span class='ocrx_word' id='word_1_981' title='bbox 2845 4122 2859 4144; x_wconf 89' lang='lat'><strong>,</strong></span> <span class='ocrx_word' id='word_1_982' title='bbox 2888 4095 3013 4134; x_wconf 86' lang='lat' dir='ltr'><strong>nam</strong></span> <span class='ocrx_word' id='word_1_983' title='bbox 3043 4080 3089 4134; x_wconf 88' lang='lat' dir='ltr'><strong>si</strong></span> <span class='ocrx_word' id='word_1_984' title='bbox 3125 4094 3231 4133; x_wconf 88' lang='lat' dir='ltr'><strong>non</strong></span> <span class='ocrx_word' id='word_1_985' title='bbox 3260 4078 3329 4134; x_wconf 89' lang='lat' dir='ltr'><strong>sit</strong></span> <span class='ocrx_word' id='word_1_986' title='bbox 3360 4087 3662 4141; x_wconf 91' lang='lat' dir='ltr'><strong>mortuum,</strong></span> <span class='ocrx_word' id='word_1_987' title='bbox 3694 4088 3802 4129; x_wconf 78' lang='lat' dir='ltr'><strong>non</strong></span> 
     </span>
    </p>
   </div>
   <div class='ocr_carea' id='block_1_103' title="bbox 2217 4165 3801 4233">
    <p class='ocr_par' dir='ltr' id='par_1_103' title="bbox 2217 4165 3801 4233">
     <span class='ocr_line' id='line_1_103' title="bbox 2217 4165 3801 4233; baseline -0.004 -6"><span class='ocrx_word' id='word_1_988' title='bbox 2217 4183 2296 4227; x_wconf 88' lang='lat' dir='ltr'><strong>est</strong></span> <span class='ocrx_word' id='word_1_989' title='bbox 2346 4185 2569 4228; x_wconf 86' lang='lat' dir='ltr'><strong>necesse</strong></span> <span class='ocrx_word' id='word_1_990' title='bbox 2613 4185 2733 4226; x_wconf 89' lang='lat' dir='ltr'><strong>esse</strong></span> <span class='ocrx_word' id='word_1_991' title='bbox 2780 4170 3072 4226; x_wconf 87' lang='lat' dir='ltr'><strong>animatum</strong></span> <span class='ocrx_word' id='word_1_992' title='bbox 3115 4170 3200 4225; x_wconf 89' lang='lat' dir='ltr'><strong>vel</strong></span> <span class='ocrx_word' id='word_1_993' title='bbox 3244 4184 3351 4224; x_wconf 91' lang='lat' dir='ltr'><strong>non</strong></span> <span class='ocrx_word' id='word_1_994' title='bbox 3378 4182 3516 4223; x_wconf 88' lang='lat' dir='ltr'><strong>esse.</strong></span> <span class='ocrx_word' id='word_1_995' title='bbox 3544 4165 3801 4233; x_wconf 69' lang='lat' dir='ltr'><strong>Quasdam</strong></span> 
     </span>
    </p>
   </div>
   <div class='ocr_carea' id='block_1_104' title="bbox 2219 4259 3801 4335">
    <p class='ocr_par' dir='ltr' id='par_1_104' title="bbox 2219 4259 3801 4335">
     <span class='ocr_line' id='line_1_104' title="bbox 2219 4259 3801 4335; baseline -0.006 -13"><span class='ocrx_word' id='word_1_996' title='bbox 2219 4268 2362 4322; x_wconf 89' lang='lat' dir='ltr'><strong>enim</strong></span> <span class='ocrx_word' id='word_1_997' title='bbox 2393 4266 2512 4335; x_wconf 63' lang='lat' dir='ltr'><strong>quae.</strong></span> <span class='ocrx_word' id='word_1_998' title='bbox 2538 4280 2646 4321; x_wconf 92' lang='lat' dir='ltr'><strong>non</strong></span> <span class='ocrx_word' id='word_1_999' title='bbox 2674 4274 2800 4319; x_wconf 91' lang='lat' dir='ltr'><strong>sunt</strong></span> <span class='ocrx_word' id='word_1_1000' title='bbox 2827 4273 3037 4320; x_wconf 88' lang='lat' dir='ltr'><strong>mortua</strong></span> <span class='ocrx_word' id='word_1_1001' title='bbox 3056 4305 3073 4333; x_wconf 90' lang='lat'><strong>,</strong></span> <span class='ocrx_word' id='word_1_1002' title='bbox 3105 4264 3338 4319; x_wconf 88' lang='lat' dir='ltr'><strong>animata</strong></span> <span class='ocrx_word' id='word_1_1003' title='bbox 3366 4272 3520 4328; x_wconf 88' lang='lat' dir='ltr'><strong>sunt,</strong></span> <span class='ocrx_word' id='word_1_1004' title='bbox 3551 4270 3609 4315; x_wconf 91' lang='lat' dir='ltr'><strong>ut</strong></span> <span class='ocrx_word' id='word_1_1005' title='bbox 3636 4259 3801 4314; x_wconf 87' lang='lat' dir='ltr'><strong>arbo-</strong></span> 
     </span>
    </p>
   </div>
   <div class='ocr_carea' id='block_1_105' title="bbox 2218 4354 3803 4425">
    <p class='ocr_par' dir='ltr' id='par_1_105' title="bbox 2218 4354 3803 4425">
     <span class='ocr_line' id='line_1_105' title="bbox 2218 4354 3803 4425; baseline -0.006 -11"><span class='ocrx_word' id='word_1_1006' title='bbox 2218 4374 2327 4415; x_wconf 90' lang='lat' dir='ltr'><strong>res.</strong></span> <span class='ocrx_word' id='word_1_1007' title='bbox 2357 4357 2613 4425; x_wconf 71' lang='lat' dir='ltr'><strong>Quaedatn</strong></span> <span class='ocrx_word' id='word_1_1008' title='bbox 2654 4373 2785 4412; x_wconf 87' lang='lat' dir='ltr'><strong>vero</strong></span> <span class='ocrx_word' id='word_1_1009' title='bbox 2829 4372 2951 4412; x_wconf 93' lang='lat' dir='ltr'><strong>cum</strong></span> <span class='ocrx_word' id='word_1_1010' title='bbox 2995 4366 3205 4412; x_wconf 86' lang='lat' dir='ltr'><strong>mortua</strong></span> <span class='ocrx_word' id='word_1_1011' title='bbox 3234 4369 3339 4410; x_wconf 88' lang='lat' dir='ltr'><strong>non</strong></span> <span class='ocrx_word' id='word_1_1012' title='bbox 3370 4354 3510 4422; x_wconf 90' lang='lat' dir='ltr'><strong>sint,</strong></span> <span class='ocrx_word' id='word_1_1013' title='bbox 3536 4365 3643 4407; x_wconf 91' lang='lat' dir='ltr'><strong>non</strong></span> <span class='ocrx_word' id='word_1_1014' title='bbox 3674 4358 3803 4405; x_wconf 88' lang='lat' dir='ltr'><strong>sunt</strong></span> 
     </span>
    </p>
   </div>
   <div class='ocr_carea' id='block_1_106' title="bbox 2219 4444 3802 4519">
    <p class='ocr_par' dir='ltr' id='par_1_106' title="bbox 2219 4444 3802 4519">
     <span class='ocr_line' id='line_1_106' title="bbox 2219 4444 3802 4519; baseline -0.004 -14"><span class='ocrx_word' id='word_1_1015' title='bbox 2219 4452 2487 4517; x_wconf 75' lang='lat' dir='ltr'><strong>animata,</strong></span> <span class='ocrx_word' id='word_1_1016' title='bbox 2500 4460 2559 4504; x_wconf 94' lang='lat' dir='ltr'><strong>ut</strong></span> <span class='ocrx_word' id='word_1_1017' title='bbox 2582 4448 2815 4519; x_wconf 88' lang='lat' dir='ltr'><strong>lapides,</strong></span> <span class='ocrx_word' id='word_1_1018' title='bbox 2843 4464 2951 4519; x_wconf 93' lang='lat' dir='ltr'><strong>quo</strong></span> <span class='ocrx_word' id='word_1_1019' title='bbox 2972 4449 3029 4502; x_wconf 92' lang='lat' dir='ltr'><strong>ﬁt</strong></span> <span class='ocrx_word' id='word_1_1020' title='bbox 3054 4458 3115 4503; x_wconf 90' lang='lat' dir='ltr'><strong>ut</strong></span> <span class='ocrx_word' id='word_1_1021' title='bbox 3134 4463 3203 4503; x_wconf 91' lang='lat' dir='ltr'><strong>ne</strong></span> <span class='ocrx_word' id='word_1_1022' title='bbox 3220 4445 3415 4501; x_wconf 89' lang='lat' dir='ltr'><strong>animal</strong></span> <span class='ocrx_word' id='word_1_1023' title='bbox 3436 4444 3651 4515; x_wconf 87' lang='lat' dir='ltr'><strong>quidem</strong></span> <span class='ocrx_word' id='word_1_1024' title='bbox 3676 4456 3802 4498; x_wconf 84' lang='lat' dir='ltr'><strong>esse</strong></span> 
     </span>
    </p>
   </div>
   <div class='ocr_carea' id='block_1_107' title="bbox 2222 4535 3799 4605">
    <p class='ocr_par' dir='ltr' id='par_1_107' title="bbox 2222 4535 3799 4605">
     <span class='ocr_line' id='line_1_107' title="bbox 2222 4535 3799 4605; baseline -0.005 -7"><span class='ocrx_word' id='word_1_1025' title='bbox 2222 4547 2307 4601; x_wconf 91' lang='lat' dir='ltr'><strong>vel</strong></span> <span class='ocrx_word' id='word_1_1026' title='bbox 2336 4560 2442 4600; x_wconf 94' lang='lat' dir='ltr'><strong>non</strong></span> <span class='ocrx_word' id='word_1_1027' title='bbox 2468 4558 2589 4599; x_wconf 91' lang='lat' dir='ltr'><strong>esse</strong></span> <span class='ocrx_word' id='word_1_1028' title='bbox 2618 4557 2843 4598; x_wconf 90' lang='lat' dir='ltr'><strong>necesse</strong></span> <span class='ocrx_word' id='word_1_1029' title='bbox 2869 4542 2958 4605; x_wconf 86' lang='lat' dir='ltr'><strong>sit.</strong></span> <span class='ocrx_word' id='word_1_1030' title='bbox 2989 4541 3035 4597; x_wconf 91' lang='lat' dir='ltr'><strong>si</strong></span> <span class='ocrx_word' id='word_1_1031' title='bbox 3064 4548 3332 4597; x_wconf 88' lang='lat' dir='ltr'><strong>mortuum</strong></span> <span class='ocrx_word' id='word_1_1032' title='bbox 3359 4539 3686 4593; x_wconf 83' lang='lat' dir='ltr'><strong>destruatur.</strong></span> <span class='ocrx_word' id='word_1_1033' title='bbox 3721 4535 3799 4590; x_wconf 77' lang='lat' dir='ltr'><strong>Es</strong></span> 
     </span>
    </p>
   </div>
   <div class='ocr_carea' id='block_1_108' title="bbox 2145 4626 3799 4705">
    <p class='ocr_par' dir='ltr' id='par_1_108' title="bbox 2145 4626 3799 4705">
     <span class='ocr_line' id='line_1_108' title="bbox 2145 4626 3799 4705; baseline -0.008 -11"><span class='ocrx_word' id='word_1_1034' title='bbox 2145 4631 2194 4694; x_wconf 79' lang='grc' dir='ltr'><strong>Ι)</strong></span> <span class='ocrx_word' id='word_1_1035' title='bbox 2222 4637 2459 4693; x_wconf 89' lang='lat' dir='ltr'><strong>secunda</strong></span> <span class='ocrx_word' id='word_1_1036' title='bbox 2510 4635 2877 4705; x_wconf 86' lang='lat' dir='ltr'><strong>propositione</strong></span> <span class='ocrx_word' id='word_1_1037' title='bbox 2922 4634 3009 4687; x_wconf 89' lang='lat' dir='ltr'><strong>hic</strong></span> <span class='ocrx_word' id='word_1_1038' title='bbox 3048 4629 3240 4687; x_wconf 91' lang='lat' dir='ltr'><strong>modus</strong></span> <span class='ocrx_word' id='word_1_1039' title='bbox 3280 4638 3364 4685; x_wconf 91' lang='lat' dir='ltr'><strong>est</strong></span> <span class='ocrx_word' id='word_1_1040' title='bbox 3409 4627 3725 4698; x_wconf 86' lang='lat' dir='ltr'><strong>colligendi,</strong></span> <span class='ocrx_word' id='word_1_1041' title='bbox 3752 4626 3799 4681; x_wconf 88' lang='lat' dir='ltr'><strong>si</strong></span> 
     </span>
    </p>
   </div>
   <div class='ocr_carea' id='block_1_109' title="bbox 2218 4718 3798 4795">
    <p class='ocr_par' dir='ltr' id='par_1_109' title="bbox 2218 4718 3798 4795">
     <span class='ocr_line' id='line_1_109' title="bbox 2218 4718 3798 4795; baseline -0.008 -10"><span class='ocrx_word' id='word_1_1042' title='bbox 2218 4739 2304 4786; x_wconf 91' lang='lat' dir='ltr'><strong>est</strong></span> <span class='ocrx_word' id='word_1_1043' title='bbox 2326 4729 2373 4795; x_wconf 72' lang='grc' dir='ltr'><strong>Ι),</strong></span> <span class='ocrx_word' id='word_1_1044' title='bbox 2425 4739 2509 4783; x_wconf 81' lang='grc' dir='ltr'><strong>εει</strong></span> <span class='ocrx_word' id='word_1_1045' title='bbox 2537 4745 2598 4790; x_wconf 80' lang='grc' dir='ltr'><strong>ιι,</strong></span> <span class='ocrx_word' id='word_1_1046' title='bbox 2628 4728 2671 4780; x_wconf 92' lang='lat' dir='ltr'><strong>si</strong></span> <span class='ocrx_word' id='word_1_1047' title='bbox 2705 4740 2807 4780; x_wconf 90' lang='lat' dir='ltr'><strong>non</strong></span> <span class='ocrx_word' id='word_1_1048' title='bbox 2836 4733 2918 4780; x_wconf 90' lang='lat' dir='ltr'><strong>est</strong></span> <span class='ocrx_word' id='word_1_1049' title='bbox 2946 4740 2996 4791; x_wconf 83' lang='grc' dir='ltr'><strong>ε,</strong></span> <span class='ocrx_word' id='word_1_1050' title='bbox 3026 4738 3129 4779; x_wconf 93' lang='lat' dir='ltr'><strong>non</strong></span> <span class='ocrx_word' id='word_1_1051' title='bbox 3158 4729 3242 4778; x_wconf 91' lang='lat' dir='ltr'><strong>est</strong></span> <span class='ocrx_word' id='word_1_1052' title='bbox 3264 4737 3332 4787; x_wconf 85' lang='lat' dir='ltr'><strong>a;</strong></span> <span class='ocrx_word' id='word_1_1053' title='bbox 3359 4721 3480 4777; x_wconf 92' lang='lat' dir='ltr'><strong>dico</strong></span> <span class='ocrx_word' id='word_1_1054' title='bbox 3508 4719 3723 4791; x_wconf 89' lang='lat' dir='ltr'><strong>quidem</strong></span> <span class='ocrx_word' id='word_1_1055' title='bbox 3752 4718 3798 4774; x_wconf 87' lang='lat' dir='ltr'><strong>si</strong></span> 
     </span>
    </p>
   </div>
   <div class='ocr_carea' id='block_1_110' title="bbox 2218 4812 3796 4885">
    <p class='ocr_par' dir='ltr' id='par_1_110' title="bbox 2218 4812 3796 4885">
     <span class='ocr_line' id='line_1_110' title="bbox 2218 4812 3796 4885; baseline -0.01 -8"><span class='ocrx_word' id='word_1_1056' title='bbox 2218 4832 2301 4877; x_wconf 90' lang='lat' dir='ltr'><strong>est</strong></span> <span class='ocrx_word' id='word_1_1057' title='bbox 2337 4821 2389 4885; x_wconf 82' lang='lat' dir='ltr'><strong>b,</strong></span> <span class='ocrx_word' id='word_1_1058' title='bbox 2413 4820 2516 4875; x_wconf 91' lang='lat' dir='ltr'><strong>erit</strong></span> <span class='ocrx_word' id='word_1_1059' title='bbox 2544 4835 2590 4872; x_wconf 78' lang='grc' dir='ltr'><strong>ο.</strong></span> <span class='ocrx_word' id='word_1_1060' title='bbox 2622 4817 2754 4872; x_wconf 85' lang='lat' dir='ltr'><strong>Nam</strong></span> <span class='ocrx_word' id='word_1_1061' title='bbox 2782 4817 2826 4871; x_wconf 90' lang='lat' dir='ltr'><strong>si</strong></span> <span class='ocrx_word' id='word_1_1062' title='bbox 2848 4826 2927 4871; x_wconf 88' lang='lat' dir='ltr'><strong>est</strong></span> <span class='ocrx_word' id='word_1_1063' title='bbox 2953 4815 3003 4883; x_wconf 89' lang='lat' dir='ltr'><strong>b,</strong></span> <span class='ocrx_word' id='word_1_1064' title='bbox 3031 4825 3114 4869; x_wconf 90' lang='lat' dir='ltr'><strong>est</strong></span> <span class='ocrx_word' id='word_1_1065' title='bbox 3134 4830 3198 4883; x_wconf 87' lang='lat' dir='ltr'><strong>a,</strong></span> <span class='ocrx_word' id='word_1_1066' title='bbox 3220 4812 3360 4885; x_wconf 88' lang='lat' dir='ltr'><strong>quod</strong></span> <span class='ocrx_word' id='word_1_1067' title='bbox 3384 4814 3429 4867; x_wconf 93' lang='lat' dir='ltr'><strong>si</strong></span> <span class='ocrx_word' id='word_1_1068' title='bbox 3451 4822 3534 4866; x_wconf 90' lang='lat' dir='ltr'><strong>est</strong></span> <span class='ocrx_word' id='word_1_1069' title='bbox 3552 4829 3614 4877; x_wconf 81' lang='grc' dir='ltr'>(ι,</span> <span class='ocrx_word' id='word_1_1070' title='bbox 3640 4818 3727 4865; x_wconf 83' lang='grc' dir='ltr'><strong>εει</strong></span> <span class='ocrx_word' id='word_1_1071' title='bbox 3748 4824 3796 4863; x_wconf 80' lang='lat' dir='ltr'><strong>c.</strong></span> 
     </span>
    </p>
   </div>
   <div class='ocr_carea' id='block_1_111' title="bbox 2222 4905 3800 4980">
    <p class='ocr_par' dir='ltr' id='par_1_111' title="bbox 2222 4905 3800 4980">
     <span class='ocr_line' id='line_1_111' title="bbox 2222 4905 3800 4980; baseline -0.008 -11"><span class='ocrx_word' id='word_1_1072' title='bbox 2222 4915 2296 4969; x_wconf 86' lang='lat' dir='ltr'><strong>Ita</strong></span> <span class='ocrx_word' id='word_1_1073' title='bbox 2330 4916 2474 4968; x_wconf 90' lang='lat' dir='ltr'><strong>enim</strong></span> <span class='ocrx_word' id='word_1_1074' title='bbox 2506 4913 2839 4967; x_wconf 89' lang='lat' dir='ltr'><strong>convertitur</strong></span> <span class='ocrx_word' id='word_1_1075' title='bbox 2868 4910 2988 4964; x_wconf 87' lang='lat' dir='ltr'><strong>talis</strong></span> <span class='ocrx_word' id='word_1_1076' title='bbox 3007 4907 3322 4980; x_wconf 89' lang='lat' dir='ltr'><strong>propositio,</strong></span> <span class='ocrx_word' id='word_1_1077' title='bbox 3347 4921 3465 4978; x_wconf 65' lang='lat' dir='ltr'><strong>qua:</strong></span> <span class='ocrx_word' id='word_1_1078' title='bbox 3493 4906 3587 4969; x_wconf 86' lang='lat' dir='ltr'><strong>ait,</strong></span> <span class='ocrx_word' id='word_1_1079' title='bbox 3613 4905 3657 4959; x_wconf 92' lang='lat' dir='ltr'><strong>si</strong></span> <span class='ocrx_word' id='word_1_1080' title='bbox 3690 4918 3800 4958; x_wconf 87' lang='lat' dir='ltr'><strong>nou</strong></span> 
     </span>
    </p>
   </div>
   <div class='ocr_carea' id='block_1_112' title="bbox 2216 4996 3801 5072">
    <p class='ocr_par' dir='ltr' id='par_1_112' title="bbox 2216 4996 3801 5072">
     <span class='ocr_line' id='line_1_112' title="bbox 2216 4996 3801 5072; baseline -0.007 -11"><span class='ocrx_word' id='word_1_1081' title='bbox 2216 5016 2304 5061; x_wconf 89' lang='lat' dir='ltr'><strong>est</strong></span> <span class='ocrx_word' id='word_1_1082' title='bbox 2330 5022 2356 5058; x_wconf 88' lang='lat' dir='ltr'><strong>c</strong></span> <span class='ocrx_word' id='word_1_1083' title='bbox 2374 5044 2389 5071; x_wconf 93' lang='lat'><strong>,</strong></span> <span class='ocrx_word' id='word_1_1084' title='bbox 2416 5019 2521 5059; x_wconf 90' lang='lat' dir='ltr'><strong>non</strong></span> <span class='ocrx_word' id='word_1_1085' title='bbox 2549 5013 2633 5058; x_wconf 90' lang='lat' dir='ltr'><strong>est</strong></span> <span class='ocrx_word' id='word_1_1086' title='bbox 2662 5020 2727 5068; x_wconf 90' lang='lat' dir='ltr'><strong>a,</strong></span> <span class='ocrx_word' id='word_1_1087' title='bbox 2754 5002 2799 5058; x_wconf 88' lang='lat' dir='ltr'><strong>si</strong></span> <span class='ocrx_word' id='word_1_1088' title='bbox 2832 5001 2992 5072; x_wconf 86' lang='lat' dir='ltr'><strong>igitur</strong></span> <span class='ocrx_word' id='word_1_1089' title='bbox 3016 5010 3099 5055; x_wconf 89' lang='lat' dir='ltr'><strong>est</strong></span> <span class='ocrx_word' id='word_1_1090' title='bbox 3126 5001 3175 5066; x_wconf 88' lang='lat' dir='ltr'><strong>b,</strong></span> <span class='ocrx_word' id='word_1_1091' title='bbox 3207 5008 3291 5055; x_wconf 88' lang='lat' dir='ltr'><strong>est</strong></span> <span class='ocrx_word' id='word_1_1092' title='bbox 3315 5014 3363 5053; x_wconf 76' lang='grc' dir='ltr'><strong>ο.</strong></span> <span class='ocrx_word' id='word_1_1093' title='bbox 3392 4997 3544 5065; x_wconf 87' lang='lat' dir='ltr'><strong>Quod</strong></span> <span class='ocrx_word' id='word_1_1094' title='bbox 3566 4996 3609 5050; x_wconf 91' lang='lat' dir='ltr'><strong>si</strong></span> <span class='ocrx_word' id='word_1_1095' title='bbox 3636 4997 3663 5048; x_wconf 88' lang='lat' dir='ltr'><strong>b</strong></span> <span class='ocrx_word' id='word_1_1096' title='bbox 3696 5006 3801 5050; x_wconf 83' lang='lat' dir='ltr'><strong>ter-</strong></span> 
     </span>
    </p>
   </div>
   <div class='ocr_carea' id='block_1_113' title="bbox 2220 5088 3797 5165">
    <p class='ocr_par' dir='ltr' id='par_1_113' title="bbox 2220 5088 3797 5165">
     <span class='ocr_line' id='line_1_113' title="bbox 2220 5088 3797 5165; baseline -0.008 -13"><span class='ocrx_word' id='word_1_1097' title='bbox 2220 5097 2400 5153; x_wconf 86' lang='lat' dir='ltr'><strong>minus</strong></span> <span class='ocrx_word' id='word_1_1098' title='bbox 2430 5106 2679 5165; x_wconf 88' lang='lat' dir='ltr'><strong>negetur,</strong></span> <span class='ocrx_word' id='word_1_1099' title='bbox 2712 5094 2852 5149; x_wconf 89' lang='lat' dir='ltr'><strong>nulla</strong></span> <span class='ocrx_word' id='word_1_1100' title='bbox 2884 5094 2942 5147; x_wconf 87' lang='lat' dir='ltr'><strong>lit</strong></span> <span class='ocrx_word' id='word_1_1101' title='bbox 2984 5092 3278 5149; x_wconf 89' lang='lat' dir='ltr'><strong>necessitas</strong></span> <span class='ocrx_word' id='word_1_1102' title='bbox 3321 5088 3635 5161; x_wconf 85' lang='lat' dir='ltr'><strong>syllogismi.</strong></span> <span class='ocrx_word' id='word_1_1103' title='bbox 3669 5089 3797 5141; x_wconf 75' lang='lat' dir='ltr'><strong>Nam</strong></span> 
     </span>
    </p>
   </div>
   <div class='ocr_carea' id='block_1_114' title="bbox 2219 5182 3795 5265">
    <p class='ocr_par' dir='ltr' id='par_1_114' title="bbox 2219 5182 3795 5265">
     <span class='ocr_line' id='line_1_114' title="bbox 2219 5182 3795 5265; baseline -0.008 -21"><span class='ocrx_word' id='word_1_1104' title='bbox 2219 5191 2264 5245; x_wconf 88' lang='lat' dir='ltr'><strong>si</strong></span> <span class='ocrx_word' id='word_1_1105' title='bbox 2297 5204 2406 5244; x_wconf 90' lang='lat' dir='ltr'><strong>non</strong></span> <span class='ocrx_word' id='word_1_1106' title='bbox 2430 5198 2510 5243; x_wconf 85' lang='lat' dir='ltr'><strong>est</strong></span> <span class='ocrx_word' id='word_1_1107' title='bbox 2542 5189 2592 5254; x_wconf 88' lang='lat' dir='ltr'><strong>b,</strong></span> <span class='ocrx_word' id='word_1_1108' title='bbox 2638 5202 2746 5242; x_wconf 90' lang='lat' dir='ltr'><strong>non</strong></span> <span class='ocrx_word' id='word_1_1109' title='bbox 2777 5200 3001 5241; x_wconf 86' lang='lat' dir='ltr'><strong>necesse</strong></span> <span class='ocrx_word' id='word_1_1110' title='bbox 3030 5195 3113 5241; x_wconf 91' lang='lat' dir='ltr'><strong>est</strong></span> <span class='ocrx_word' id='word_1_1111' title='bbox 3154 5199 3277 5240; x_wconf 90' lang='lat' dir='ltr'><strong>esse</strong></span> <span class='ocrx_word' id='word_1_1112' title='bbox 3314 5182 3405 5265; x_wconf 83' lang='lat' dir='ltr'><strong>vel</strong></span> <span class='ocrx_word' id='word_1_1113' title='bbox 3448 5197 3552 5237; x_wconf 93' lang='lat' dir='ltr'><strong>non</strong></span> <span class='ocrx_word' id='word_1_1114' title='bbox 3595 5195 3714 5236; x_wconf 78' lang='lat' dir='ltr'><strong>esse</strong></span> <span class='ocrx_word' id='word_1_1115' title='bbox 3744 5196 3795 5233; x_wconf 81' lang='grc' dir='ltr'><strong>α.</strong></span> 
     </span>
    </p>
   </div>
   <div class='ocr_carea' id='block_1_115' title="bbox 2220 5274 3797 5349">
    <p class='ocr_par' dir='ltr' id='par_1_115' title="bbox 2220 5274 3797 5349">
     <span class='ocr_line' id='line_1_115' title="bbox 2220 5274 3797 5349; baseline -0.007 -12"><span class='ocrx_word' id='word_1_1116' title='bbox 2220 5282 2483 5349; x_wconf 87' lang='lat' dir='ltr'><strong>Quocirca</strong></span> <span class='ocrx_word' id='word_1_1117' title='bbox 2529 5296 2597 5335; x_wconf 91' lang='lat' dir='ltr'><strong>ne</strong></span> <span class='ocrx_word' id='word_1_1118' title='bbox 2632 5280 2697 5334; x_wconf 90' lang='lat' dir='ltr'><strong>ad</strong></span> <span class='ocrx_word' id='word_1_1119' title='bbox 2729 5295 2755 5333; x_wconf 87' lang='lat' dir='ltr'><strong>c</strong></span> <span class='ocrx_word' id='word_1_1120' title='bbox 2785 5278 3003 5349; x_wconf 90' lang='lat' dir='ltr'><strong>quidem</strong></span> <span class='ocrx_word' id='word_1_1121' title='bbox 3034 5278 3141 5333; x_wconf 90' lang='lat' dir='ltr'><strong>ulla</strong></span> <span class='ocrx_word' id='word_1_1122' title='bbox 3167 5276 3457 5331; x_wconf 88' lang='lat' dir='ltr'><strong>necessitas</strong></span> <span class='ocrx_word' id='word_1_1123' title='bbox 3488 5274 3797 5343; x_wconf 87' lang='lat' dir='ltr'><strong>perveniet,</strong></span> 
     </span>
    </p>
   </div>
   <div class='ocr_carea' id='block_1_116' title="bbox 2223 5367 3799 5443">
    <p class='ocr_par' dir='ltr' id='par_1_116' title="bbox 2223 5367 3799 5443">
     <span class='ocr_line' id='line_1_116' title="bbox 2223 5367 3799 5443; baseline -0.006 -14"><span class='ocrx_word' id='word_1_1124' title='bbox 2223 5384 2281 5429; x_wconf 90' lang='lat' dir='ltr'><strong>ut</strong></span> <span class='ocrx_word' id='word_1_1125' title='bbox 2310 5378 2361 5430; x_wconf 90' lang='lat' dir='ltr'><strong>in</strong></span> <span class='ocrx_word' id='word_1_1126' title='bbox 2394 5375 2479 5430; x_wconf 92' lang='lat' dir='ltr'><strong>his</strong></span> <span class='ocrx_word' id='word_1_1127' title='bbox 2510 5375 2752 5429; x_wconf 88' lang='lat' dir='ltr'><strong>terminis</strong></span> <span class='ocrx_word' id='word_1_1128' title='bbox 2780 5382 2957 5443; x_wconf 86' lang='lat' dir='ltr'><strong>patet,</strong></span> <span class='ocrx_word' id='word_1_1129' title='bbox 2992 5386 3114 5426; x_wconf 91' lang='lat' dir='ltr'><strong>nam</strong></span> <span class='ocrx_word' id='word_1_1130' title='bbox 3139 5371 3186 5425; x_wconf 88' lang='lat' dir='ltr'><strong>si</strong></span> <span class='ocrx_word' id='word_1_1131' title='bbox 3208 5371 3281 5425; x_wconf 88' lang='lat' dir='ltr'><strong>sit</strong></span> <span class='ocrx_word' id='word_1_1132' title='bbox 3307 5369 3336 5423; x_wconf 88' lang='lat' dir='ltr'><strong>b</strong></span> <span class='ocrx_word' id='word_1_1133' title='bbox 3365 5368 3596 5431; x_wconf 85' lang='lat' dir='ltr'><strong>animal,</strong></span> <span class='ocrx_word' id='word_1_1134' title='bbox 3629 5384 3659 5418; x_wconf 85' lang='grc' dir='ltr'><em>α</em></span> <span class='ocrx_word' id='word_1_1135' title='bbox 3690 5367 3799 5419; x_wconf 84' lang='lat' dir='ltr'><strong>atti-</strong></span> 
     </span>
    </p>
   </div>
   <div class='ocr_carea' id='block_1_117' title="bbox 2226 5459 3792 5537">
    <p class='ocr_par' dir='ltr' id='par_1_117' title="bbox 2226 5459 3792 5537">
     <span class='ocr_line' id='line_1_117' title="bbox 2226 5459 3792 5537; baseline -0.006 -15"><span class='ocrx_word' id='word_1_1136' title='bbox 2226 5481 2458 5534; x_wconf 87' lang='lat' dir='ltr'><strong>tnatum,</strong></span> <span class='ocrx_word' id='word_1_1137' title='bbox 2486 5484 2513 5521; x_wconf 82' lang='grc' dir='ltr'><em>ο</em></span> <span class='ocrx_word' id='word_1_1138' title='bbox 2541 5481 2891 5537; x_wconf 89' lang='lat' dir='ltr'><strong>corporeum,</strong></span> <span class='ocrx_word' id='word_1_1139' title='bbox 2924 5474 2978 5520; x_wconf 91' lang='lat' dir='ltr'><strong>et</strong></span> <span class='ocrx_word' id='word_1_1140' title='bbox 3008 5473 3334 5535; x_wconf 88' lang='lat' dir='ltr'><strong>proponatur</strong></span> <span class='ocrx_word' id='word_1_1141' title='bbox 3378 5462 3423 5517; x_wconf 92' lang='lat' dir='ltr'><strong>si</strong></span> <span class='ocrx_word' id='word_1_1142' title='bbox 3453 5474 3535 5516; x_wconf 88' lang='lat' dir='ltr'><strong>est</strong></span> <span class='ocrx_word' id='word_1_1143' title='bbox 3562 5459 3792 5524; x_wconf 86' lang='lat' dir='ltr'><strong>animal,</strong></span> 
     </span>
    </p>
   </div>
   <div class='ocr_carea' id='block_1_118' title="bbox 2219 5559 3798 5637">
    <p class='ocr_par' dir='ltr' id='par_1_118' title="bbox 2219 5559 3798 5637">
     <span class='ocr_line' id='line_1_118' title="bbox 2219 5559 3798 5637; baseline -0.006 -13"><span class='ocrx_word' id='word_1_1144' title='bbox 2219 5581 2302 5625; x_wconf 91' lang='lat' dir='ltr'><strong>cst</strong></span> <span class='ocrx_word' id='word_1_1145' title='bbox 2331 5566 2657 5634; x_wconf 85' lang='lat' dir='ltr'><strong>animatum,</strong></span> <span class='ocrx_word' id='word_1_1146' title='bbox 2688 5572 2731 5625; x_wconf 91' lang='lat' dir='ltr'><strong>si</strong></span> <span class='ocrx_word' id='word_1_1147' title='bbox 2763 5584 2869 5624; x_wconf 93' lang='lat' dir='ltr'><strong>non</strong></span> <span class='ocrx_word' id='word_1_1148' title='bbox 2899 5576 2981 5623; x_wconf 90' lang='lat' dir='ltr'><strong>est</strong></span> <span class='ocrx_word' id='word_1_1149' title='bbox 3011 5580 3361 5637; x_wconf 87' lang='lat' dir='ltr'><strong>corporeum,</strong></span> <span class='ocrx_word' id='word_1_1150' title='bbox 3409 5580 3513 5618; x_wconf 90' lang='lat' dir='ltr'><strong>non</strong></span> <span class='ocrx_word' id='word_1_1151' title='bbox 3562 5572 3645 5616; x_wconf 89' lang='grc' dir='ltr'><strong>εει</strong></span> <span class='ocrx_word' id='word_1_1152' title='bbox 3686 5559 3798 5615; x_wconf 88' lang='lat' dir='ltr'><strong>ani-</strong></span> 
     </span>
    </p>
   </div>
   <div class='ocr_carea' id='block_1_119' title="bbox 2223 5667 3798 5743">
    <p class='ocr_par' dir='ltr' id='par_1_119' title="bbox 2223 5667 3798 5743">
     <span class='ocr_line' id='line_1_119' title="bbox 2223 5667 3798 5743; baseline -0.007 -15"><span class='ocrx_word' id='word_1_1153' title='bbox 2223 5685 2465 5743; x_wconf 87' lang='lat' dir='ltr'><strong>matum,</strong></span> <span class='ocrx_word' id='word_1_1154' title='bbox 2499 5682 2554 5729; x_wconf 88' lang='lat' dir='ltr'><strong>et</strong></span> <span class='ocrx_word' id='word_1_1155' title='bbox 2580 5686 2901 5741; x_wconf 75' lang='lat' dir='ltr'><strong>assumatur,</strong></span> <span class='ocrx_word' id='word_1_1156' title='bbox 2944 5669 3090 5741; x_wconf 90' lang='lat' dir='ltr'><strong>atqui</strong></span> <span class='ocrx_word' id='word_1_1157' title='bbox 3134 5685 3243 5724; x_wconf 91' lang='lat' dir='ltr'><strong>non</strong></span> <span class='ocrx_word' id='word_1_1158' title='bbox 3286 5677 3367 5723; x_wconf 89' lang='lat' dir='ltr'><strong>est</strong></span> <span class='ocrx_word' id='word_1_1159' title='bbox 3412 5667 3642 5729; x_wconf 86' lang='lat' dir='ltr'><strong>animal,</strong></span> <span class='ocrx_word' id='word_1_1160' title='bbox 3693 5679 3798 5718; x_wconf 87' lang='lat' dir='ltr'><strong>non</strong></span> 
     </span>
    </p>
   </div>
   <div class='ocr_carea' id='block_1_120' title="bbox 2222 5775 3798 5840">
    <p class='ocr_par' dir='ltr' id='par_1_120' title="bbox 2222 5775 3798 5840">
     <span class='ocr_line' id='line_1_120' title="bbox 2222 5775 3798 5840; baseline -0.009 -8"><span class='ocrx_word' id='word_1_1161' title='bbox 2222 5792 2443 5832; x_wconf 85' lang='grc' dir='ltr'>ιιεεεεεε</span> <span class='ocrx_word' id='word_1_1162' title='bbox 2492 5788 2574 5832; x_wconf 73' lang='lat' dir='ltr'><strong>CSl.</strong></span> <span class='ocrx_word' id='word_1_1163' title='bbox 2615 5790 2735 5832; x_wconf 89' lang='lat' dir='ltr'><strong>esse</strong></span> <span class='ocrx_word' id='word_1_1164' title='bbox 2783 5775 2866 5829; x_wconf 69' lang='grc' dir='ltr'><strong>νϐί</strong></span> <span class='ocrx_word' id='word_1_1165' title='bbox 2907 5790 3013 5830; x_wconf 89' lang='lat' dir='ltr'><strong>non</strong></span> <span class='ocrx_word' id='word_1_1166' title='bbox 3061 5786 3181 5827; x_wconf 85' lang='lat' dir='ltr'><strong>esse</strong></span> <span class='ocrx_word' id='word_1_1167' title='bbox 3229 5785 3578 5840; x_wconf 83' lang='lat' dir='ltr'><strong>corporeum,</strong></span> <span class='ocrx_word' id='word_1_1168' title='bbox 3613 5784 3640 5820; x_wconf 85' lang='lat' dir='ltr'><strong><em>C</em></strong></span> <span class='ocrx_word' id='word_1_1169' title='bbox 3675 5780 3798 5821; x_wconf 81' lang='lat' dir='ltr'><strong>vero</strong></span> 
     </span>
    </p>
   </div>
   <div class='ocr_carea' id='block_1_121' title="bbox 2229 5870 3796 5953">
    <p class='ocr_par' dir='ltr' id='par_1_121' title="bbox 2229 5870 3796 5953">
     <span class='ocr_line' id='line_1_121' title="bbox 2229 5870 3796 5953; baseline -0.008 -14"><span class='ocrx_word' id='word_1_1170' title='bbox 2229 5882 2488 5939; x_wconf 86' lang='lat' dir='ltr'><strong>terminus</strong></span> <span class='ocrx_word' id='word_1_1171' title='bbox 2519 5881 2565 5940; x_wconf 85' lang='lat' dir='ltr'><strong>si</strong></span> <span class='ocrx_word' id='word_1_1172' title='bbox 2594 5893 2837 5953; x_wconf 76' lang='lat' dir='ltr'><strong>negetur,</strong></span> <span class='ocrx_word' id='word_1_1173' title='bbox 2868 5880 2972 5938; x_wconf 87' lang='lat' dir='ltr'><strong>erit</strong></span> <span class='ocrx_word' id='word_1_1174' title='bbox 2998 5877 3291 5937; x_wconf 83' lang='lat' dir='ltr'><strong>necessitas</strong></span> <span class='ocrx_word' id='word_1_1175' title='bbox 3316 5873 3634 5949; x_wconf 81' lang='lat' dir='ltr'><strong>syllogismi.</strong></span> <span class='ocrx_word' id='word_1_1176' title='bbox 3666 5870 3796 5927; x_wconf 73' lang='lat' dir='ltr'><strong>Nam</strong></span> 
     </span>
    </p>
   </div>
  </div>
