4064 6336
321 305 426 363 865

1394 303 1482 359 DE
1519 302 1943 360 SYLLOGISMO
1984 304 2482 364 llYPO-l‘llETiCO.

3473 315 3574 371 866

317 425 361 475 si
393 436 496 476 non
522 429 602 476 est
630 437 676 486 c,
708 435 812 475 non
839 427 920 475 est
947 436 996 473 α.
1026 419 1178 485 Quod
1201 419 1247 474 si
1273 435 1375 474 non
1406 429 1490 474 est
1512 437 1572 486 a,
1603 435 1707 474 non
1733 429 1813 474 est
1837 419 1886 472 b.
1916 421 1971 480 Α
1995 429 2075 473 εει
2123 423 2432 489 propositio,
2487 423 2531 476 si
2563 431 2644 478 est
2678 423 2727 487 b,
2775 437 2879 478 non
2919 432 3000 479 est
3029 440 3060 477 a
3080 466 3094 491 ,
3126 425 3171 480 si
3204 435 3286 480 est
3313 442 3368 492 c,
3399 437 3482 484 est
3507 448 3572 496 a;

319 514 391 568 Ita
438 515 580 569 enim
619 512 860 567 c0uverti
910 521 1103 580 potest.
1148 511 1205 566 Si
1250 512 1406 580 igitur
1449 528 1554 566 non
1597 521 1679 566 est
1708 528 1755 576 c,
1787 527 1894 565 non

320 609 428 661 erit
475 609 522 660 b.
555 607 612 661 Si
643 607 956 670 altirmetur,
991 623 1015 658 c
1045 605 1190 659 nulla
1219 615 1302 660 est
1333 605 1623 659 necessitas
1644 645 1658 669 ,
1691 620 1811 658 nam
1852 603 1895 657 si

318 708 404 754 est
447 713 797 767 corporeum,
833 712 935 750 non
981 710 1200 752 necesse
1231 707 1315 752 est
1343 699 1633 750 animatum
1665 711 1785 750 esse
1817 695 1896 748 vel

321 808 426 846 non
453 805 592 845 esse.
635 789 896 858 Quocirca
929 804 1026 844 nec
1053 790 1249 844 animal
1279 789 1494 859 quidem
1530 805 1650 844 esse
1679 789 1760 842 vel
1792 804 1896 843 non

319 901 441 942 esse
465 898 684 938 necesse
714 891 814 936 est.
845 882 1022 937 Tertia
1050 881 1341 953 propositio
1363 881 1521 937 talem
1547 882 1738 950 recipit
1763 897 1892 935 con-

318 967 648 1041 clusionem,
680 978 722 1029 si
757 992 859 1029 non
891 985 974 1032 est
1003 976 1050 1042 b,
1085 986 1167 1031 est
1195 992 1255 1040 a,
1288 977 1333 1031 si
1365 984 1444 1028 est
1473 992 1521 1040 c,
1558 989 1663 1028 non
1704 983 1788 1029 est
1827 991 1893 1038 a;

317 1066 440 1120 dico
465 1067 584 1135 quia
626 1067 668 1118 si
711 1081 814 1119 non
858 1075 940 1120 est
966 1066 1017 1130 ὁ,
1050 1081 1154 1120 ιιοιι
1185 1065 1287 1120 erit
1315 1081 1363 1130 c,
1397 1067 1441 1120 si
1473 1067 1614 1120 enim
1648 1081 1754 1119 non
1789 1065 1890 1134 sit,

317 1171 401 1216 est
443 1163 490 1226 ὁ,
522 1170 603 1215 εει
630 1180 680 1214 a.
722 1162 872 1229 Quod
901 1163 946 1215 si
985 1160 1050 1214 sit
1077 1178 1138 1227 a,
1169 1177 1275 1214 non
1304 1160 1408 1215 erit
1434 1178 1492 1226 c,
1528 1161 1597 1214 ita
1626 1159 1768 1214 enim
1803 1173 1897 1229 po-

321 1264 457 1307 terat
487 1255 721 1309 converti
751 1271 809 1307 ea
841 1270 960 1322 pars
992 1255 1370 1323 propositionis
1391 1296 1404 1319 ,
1434 1269 1576 1324 quat,
1609 1254 1655 1307 si
1690 1260 1837 1307 esset
1869 1268 1896 1306 c

321 1346 610 1412 terminus,
640 1363 669 1398 α
697 1347 980 1400 terminum
1009 1361 1112 1399 non
1141 1361 1261 1401 esse
1287 1346 1519 1400 dicebat.
1548 1347 1633 1400 Fit
1659 1345 1819 1414 igitur
1843 1352 1900 1400 ut

318 1441 363 1492 si
396 1456 499 1492 non
531 1440 600 1492 sit
635 1440 684 1505 b,
721 1456 823 1493 non
861 1440 931 1495 sit
959 1455 1005 1503 ε,
1039 1439 1180 1509 quod
1211 1441 1256 1494 si
1285 1439 1557 1494 altirment
1583 1454 1703 1494 esse
1731 1441 1758 1492 b
1792 1448 1899 1494 ter-

320 1532 558 1596 minum,
609 1532 749 1586 nulla
797 1539 879 1587 est
923 1534 1215 1587 necessitas
1257 1531 1632 1587 conclusionis.
1677 1532 1806 1585 Nam
1851 1531 1896 1586 si

317 1625 387 1678 sit
435 1625 483 1690 b,
514 1639 744 1679 necesse
766 1633 848 1678 est
885 1624 1100 1694 quidem
1133 1640 1238 1678 non
1281 1639 1401 1678 esse
1439 1641 1503 1690 a,
1535 1625 1628 1678 sed
1662 1638 1764 1677 nou
1799 1640 1895 1679 nc-

316 1730 470 1770 cesse
495 1725 577 1769 est
602 1730 722 1770 esse
749 1731 798 1779 c,
822 1725 879 1769 ut
906 1715 956 1768 in
980 1715 1063 1768 itis
1088 1715 1350 1779 terminis,
1373 1713 1418 1768 si
1441 1715 1511 1768 sit
1531 1714 1559 1767 b
1581 1714 1892 1778 animatum,

1996 511 2116 565 dice
2157 513 2299 580 quia,
2343 515 2386 568 si
2426 525 2505 567 est
2538 514 2599 579 ὸ,
2645 529 2748 569 ιιοιι
2798 525 2880 570 εει
2927 534 2982 583 c,
3017 533 3135 570 nam
3183 519 3228 572 si
3273 531 3354 573 est
3387 523 3433 585 ὁ,
3469 537 3573 574 ιιοιι

1997 610 2078 654 est
2109 619 2156 652 (ι.
2192 601 2247 656 Si
2279 619 2405 657 vero
2436 619 2538 657 non
2570 605 2636 659 sit
2667 621 2730 669 a,
2762 622 2867 659 non
2912 615 2995 660 est
3039 623 3086 666 ε.
3122 606 3176 661 ld
3223 610 3361 662 enim
3413 612 3571 665 talem

1999 693 2417 760 propositionem
2469 678 2916 765 consequebatur,
2949 714 3067 765 qure
3107 701 3151 753 si
3197 711 3336 754 esset
3365 719 3425 766 c,
3461 713 3570 758 ter-

1998 782 2174 837 minus
2221 801 2251 836 α
2291 801 2500 855 quoque
2545 802 2664 841 esse
2710 787 2954 853 dicebat,
2995 791 3037 843 si
3074 801 3152 844 est
3185 792 3342 859 igitur
3385 794 3434 858 ὁ,
3469 811 3573 848 ιιοιι

1999 885 2082 930 εει
2127 893 2172 930 c.
2208 877 2277 931 At
2324 881 2368 932 si
2422 889 2641 949 negetur
2685 881 2734 944 ὁ,
2780 883 2954 936 nullus
2995 893 3078 938 est
3124 885 3498 953 syllogismus,
3532 889 3576 942 si

1999 970 2142 1022 enim
2189 986 2292 1023 non
2339 971 2407 1024 sit
2450 971 2497 1034 b,
2539 987 2641 1025 non
2689 989 2907 1030 necesse
2952 983 3034 1029 est
3062 992 3181 1031 esse
3208 994 3257 1029 α.
3293 978 3407 1044 Quo
3437 980 3490 1033 lit
3521 990 3578 1035 ttt

1999 1075 2099 1114 nec
2129 1061 2194 1114 ad
2222 1079 2248 1114 c
2275 1061 2485 1130 quidem
2519 1065 2805 1118 necessitas
2835 1066 2938 1118 ulla
2969 1070 3278 1134 perveniat,
3312 1079 3366 1122 et
3395 1070 3444 1121 in
3471 1080 3578 1124 ter-

2001 1151 2159 1206 minis
2206 1152 2344 1206 idem
2377 1164 2552 1222 patet,
2586 1171 2708 1208 nam
2755 1157 2800 1208 si
2850 1157 2919 1210 sit
2958 1159 2983 1208 ί)
3031 1160 3243 1227 quidem
3276 1171 3574 1232 mortuum,

2000 1261 2032 1298 α
2059 1245 2382 1310 animatum,
2414 1263 2440 1299 c
2468 1248 2694 1312 animal,
2723 1260 2773 1302 et
2805 1250 2872 1303 sit
2916 1249 2985 1304 ita
3029 1256 3351 1321 propositio,
3401 1257 3445 1309 si
3496 1268 3580 1312 est

2003 1346 2292 1403 mortuum,
2328 1352 2429 1391 non
2465 1349 2547 1392 est
2576 1341 2868 1395 animatum
2891 1385 2904 1406 ,
2943 1343 2986 1396 si
3016 1345 3210 1399 animal
3239 1351 3340 1411 es‘t,
3375 1349 3579 1403 anima-

2003 1436 2112 1482 tum
2135 1438 2216 1482 est
2237 1470 2250 1493 ,
2279 1439 2332 1483 et
2361 1446 2692 1488 assumamus
2725 1450 2827 1487 non
2859 1449 2978 1490 esse
3009 1448 3270 1491 mortuum
3296 1481 3308 1503 ,
3344 1457 3446 1495 non
3477 1457 3577 1496 tte-

2000 1535 2151 1575 cesse
2196 1531 2279 1576 est
2324 1539 2442 1578 esse
2471 1527 2550 1579 vel
2582 1543 2684 1581 non
2715 1542 2834 1582 esse
2865 1530 3158 1584 animatum
3185 1573 3197 1596 ,
3232 1547 3350 1586 nam
3380 1543 3428 1586 et
3461 1550 3580 1604 qute

2000 1613 2174 1667 adhuc
2202 1615 2435 1669 animata
2467 1628 2621 1682 sunt,
2655 1629 2710 1673 et
2741 1636 2858 1689 qua:
2892 1637 3159 1691 nunquam
3194 1623 3436 1689 fuerunt,
3472 1643 3577 1681 non

2000 1718 2125 1762 sunt
2155 1719 2392 1774 mortua,
2424 1712 2669 1780 quocirca
2718 1730 2820 1767 non
2866 1718 3104 1785 sequitur
3149 1728 3203 1772 ut
3241 1719 3312 1772 sit
3359 1721 3443 1774 vel
3472 1736 3576 1775 non

318 1826 350 1861 α
379 1809 758 1873 inanimatum,
785 1823 813 1861 ε
841 1808 1060 1862 animal.
1088 1807 1144 1863 Si
1173 1807 1290 1876 quis
1323 1809 1480 1877 igitur
1507 1808 1584 1862 sic
1613 1817 1894 1876 proponat,
1930 1794 1979 1858 Β
2004 1800 2070 1855 sil
2095 1803 2310 1856 animal.
2340 1805 2489 1870 Quod
2520 1807 2662 1860 enim
2689 1819 2953 1862 mortuum
2980 1801 3223 1874 nou—est,
3257 1821 3432 1880 potest
3459 1829 3578 1869 esse

319 1902 364 1956 si
393 1917 496 1956 non
522 1911 606 1956 est
630 1903 952 1968 animatum,
982 1903 1328 1958 inanimatum
1357 1910 1437 1956 est
1456 1941 1472 1968 ,
1497 1901 1544 1956 si
1569 1910 1652 1955 est
1675 1902 1894 1967 animal,

318 2010 423 2047 non
457 2003 538 2048 est
566 1994 933 2048 inanimatum.
980 1994 1038 2049 Si
1081 1994 1238 2066 igitur
1262 2008 1520 2063 ponamus
1547 2009 1665 2049 esse
1695 1995 1898 2048 anima-

318 2098 453 2155 tum,
471 2091 718 2164 _sequitur
740 2090 952 2158 quidem
977 2098 1034 2144 ut
1058 2104 1163 2144 non
1190 2089 1256 2144 sit
1279 2090 1645 2152 inanimatum,
1675 2089 1765 2145 sed
1791 2104 1894 2144 non

316 2195 538 2235 necesse
564 2191 644 2234 est
665 2191 722 2235 ut
751 2181 819 2235 sit
850 2181 1069 2236 animal.
1095 2181 1152 2236 Si
1181 2197 1206 2234 c
1234 2196 1360 2236 vero
1383 2181 1642 2236 terminus
1668 2181 1896 2236 afﬁrme-

316 2282 423 2337 tur,
449 2272 538 2326 ﬁet
560 2273 860 2326 necessaria
881 2272 1157 2328 conclusio
1180 2272 1283 2327 hoc
1303 2271 1484 2327 modo.
1509 2271 1640 2327 Nam
1667 2274 1708 2326 si
1737 2282 1814 2326 εει
1845 2288 1893 2339 c,

317 2383 421 2420 non
452 2373 535 2420 est
564 2383 594 2418 a
614 2407 629 2430 ,
674 2365 718 2419 si
765 2381 869 2419 non
900 2375 981 2418 cst
1021 2383 1074 2433 a,
1104 2374 1185 2419 εει
1212 2365 1260 2418 b.
1295 2364 1350 2418 ld
1398 2364 1543 2419 enim
1575 2365 1897 2434 sequebatur

314 2472 433 2512 eam
461 2456 902 2526 propositionem,
935 2473 1088 2526 quze,
1125 2457 1168 2510 si
1203 2471 1310 2512 non
1356 2465 1498 2511 esset
1543 2456 1570 2508 ὸ
1604 2457 1894 2521 terminus,

315 2569 349 2603 a
377 2551 659 2604 terminum
689 2565 810 2604 esse
842 2549 1076 2604 dicebat.
1109 2549 1163 2604 Si
1195 2549 1353 2619 igitur
1382 2549 1453 2603 sit
1481 2564 1524 2610 c,
1554 2558 1634 2602 est
1663 2548 1724 2612 b;
1756 2547 1895 2616 quod

317 2644 362 2698 si
395 2643 534 2697 idem
564 2659 590 2696 ο
619 2643 880 2697 terminus
909 2643 1197 2704 abnuatur,
1226 2641 1406 2696 nullus
1427 2649 1512 2694 est
1531 2639 1891 2710 syllogismus.

315 2733 446 2788 Nam
475 2733 522 2787 si
549 2747 654 2787 non
677 2734 746 2787 sit
775 2750 823 2797 ε,
853 2748 958 2786 ιιοιι
985 2747 1205 2786 necesse
1228 2743 1309 2785 est
1330 2745 1449 2785 esse
1471 2731 1550 2784 vel
1577 2744 1678 2784 non
1703 2744 1820 2783 esse
1841 2747 1892 2783 a.

315 2827 433 2893 Quo
463 2825 520 2879 ﬁt
547 2833 604 2879 ut
634 2839 701 2878 ne
732 2827 760 2878 ὁ
788 2823 1024 2892 quidem.
1055 2821 1187 2877 Nam
1217 2823 1262 2878 si
1288 2836 1392 2877 non
1422 2829 1505 2875 est
1534 2821 1759 2883 animal,
1790 2836 1892 2873 non

318 2933 540 2974 necesse
580 2926 663 2973 est
696 2933 816 2972 esse
848 2918 932 2972 vel
961 2932 1065 2970 non
1090 2931 1211 2971 esse
1236 2915 1606 2970 inanimatam.
1635 2916 1892 2981 Quocirca

317 3029 386 3069 ne
428 3014 720 3068 animatum
759 3011 998 3082 quidem.
1041 3010 1120 3065 Ex
1151 3020 1338 3080 quarta
1371 3009 1732 3078 propositione
1779 3009 1894 3063 talis

315 3114 399 3160 est
443 3104 821 3176 syllogismus,
868 3103 913 3156 si
953 3116 1058 3156 non
1102 3109 1183 3156 est
1221 3101 1272 3165 ὁ,
1299 3113 1380 3154 εει
1409 3118 1472 3164 a,
1505 3101 1550 3155 si
1583 3114 1684 3153 non
1723 3108 1801 3152 est
1830 3116 1890 3165 c,

317 3213 422 3252 non
452 3205 534 3252 est
563 3214 624 3261 a;
659 3197 779 3250 dico
803 3197 923 3264 quia
952 3194 997 3248 si
1019 3208 1134 3247 non
1164 3201 1246 3246 est
1277 3192 1326 3258 b,
1357 3200 1437 3246 est
1474 3208 1520 3246 ε.
1555 3191 1682 3244 Nam
1713 3192 1754 3243 si
1787 3175 1966 3244 non'C

314 3298 397 3343 est
427 3289 477 3354 ὁ,
508 3297 590 3343 εει
615 3304 681 3355 a_,
712 3287 756 3340 si
781 3301 914 3340 vero
943 3302 972 3337 a
1000 3283 1190 3349 fuerit,
1227 3297 1446 3337 necesse
1485 3290 1567 3336 est
1596 3298 1716 3336 esse
1745 3297 1791 3334 c.
1841 3282 1894 3335 Id

316 3383 458 3438 enim
481 3380 830 3450 consequitur
853 3394 973 3433 eam
1003 3377 1385 3448 propositionis
1415 3386 1617 3445 partem
1650 3391 1770 3444 qum
1799 3377 1892 3441 ait,

315 3478 360 3530 si
392 3490 498 3530 non
527 3483 611 3529 est
637 3491 691 3540 c,
720 3488 825 3528 non
853 3482 936 3526 est
962 3489 1014 3527 a.
1043 3471 1097 3524 Si
1129 3469 1288 3540 igitur
1318 3485 1422 3522 non
1455 3470 1525 3522 sit
1555 3468 1604 3534 ὁ,
1637 3478 1714 3522 εει
1747 3484 1792 3522 c.
1829 3471 1896 3521 At

315 3572 361 3625 si
395 3571 422 3624 ὑ
451 3571 710 3625 terminus
739 3567 1058 3632 aiﬁrmetur,
1091 3563 1266 3618 nullus
1297 3572 1378 3616 est
1409 3564 1769 3634 syllogismus.
1797 3560 1895 3617 Sc-

315 3662 498 3732 quitur
525 3661 667 3715 enim
700 3668 757 3714 ut
785 3675 889 3714 non
915 3659 984 3712 sit
1011 3674 1072 3722 a,
1105 3658 1196 3710 sed
1232 3671 1333 3708 non
1364 3655 1602 3724 sequitur
1631 3665 1685 3708 ιιι
1711 3654 1778 3707 sit
1810 3654 1892 3709 vel

317 3768 423 3808 non
451 3755 520 3807 sit
551 3769 600 3822 c,
625 3751 773 3807 velut
803 3753 852 3804 in
884 3752 966 3804 bis
998 3750 1260 3804 terminis.
1294 3747 1422 3801 Nam
1454 3749 1497 3800 si
1526 3749 1594 3800 sit
1625 3749 1652 3800 b
1678 3747 1892 3816 quidem

316 3844 644 3911 insensibile,
689 3861 720 3896 ε
761 3843 984 3906 animal,
1035 3857 1060 3894 c
1107 3841 1423 3904 animatum,
1455 3848 1509 3895 et
1540 3849 1890 3908 proponatur,

314 3936 358 3990 si
385 3952 490 3990 non
522 3945 602 3989 est
629 3934 969 3998 insensibile,
999 3942 1082 3987 est
1112 3932 1305 3986 animal
1326 3973 1339 3995 ,
1371 3935 1413 3986 si
1450 3946 1552 3984 non
1586 3940 1666 3984 est
1689 3933 1893 3983 anima-

313 4036 462 4091 tum,
501 4041 608 4080 non
651 4035 734 4081 est
782 4026 1016 4089 animal,
1067 4025 1109 4078 si
1152 4024 1222 4078 sit
1265 4023 1609 4086 insensibile,
1661 4038 1762 4076 non
1810 4032 1894 4077 est

314 4117 548 4181 animal,
597 4115 690 4172 sed
738 4131 843 4170 non
891 4129 1111 4169 necesse
1157 4123 1239 4167 est
1297 4129 1417 4168 esse
1475 4115 1554 4167 vel
1620 4128 1723 4167 non
1773 4127 1893 4168 esse

312 4209 625 4272 animatum,
654 4224 681 4260 c
731 4221 860 4261 vero
889 4208 1148 4261 terminus
1180 4205 1221 4258 si
1254 4216 1495 4273 negetur,
1533 4208 1623 4258 liet
1651 4215 1892 4274 protinus

313 4299 673 4372 syllogismus.
698 4298 833 4353 Nam
878 4299 922 4352 si
972 4313 1075 4352 non
1125 4307 1206 4351 est
1237 4314 1296 4364 c,
1331 4311 1436 4349 non
1466 4308 1547 4351 est
1581 4313 1610 4346 (ι
1634 4337 1648 4361 ,
1695 4297 1738 4349 si
1787 4311 1889 4350 non

314 4400 398 4444 est
424 4407 455 4443 a
478 4430 494 4455 ,
528 4390 630 4444 erit
657 4389 708 4443 ὁ.
740 4389 792 4442 ld
822 4389 963 4442 enim
988 4388 1335 4455 consequitur
1359 4401 1476 4440 eam
1513 4385 1892 4454 propositionis

313 4492 516 4552 partem
564 4495 682 4550 qua:
728 4479 883 4543 dicit,
914 4480 956 4532 si
1000 4493 1104 4532 non
1137 4487 1217 4532 est
1261 4477 1288 4530 ὁ
1317 4487 1401 4531 εει
1429 4495 1479 4533 a.
1512 4479 1565 4531 Si
1601 4477 1758 4547 igitur
1784 4493 1888 4531 non

2000 1897 2232 1962 animal,
2282 1909 2340 1952 ttt
2382 1900 2529 1953 canis
2575 1902 2792 1965 vivens,
2839 1912 2892 1956 et
2922 1917 3027 1955 non
3073 1918 3193 1957 esse
3237 1914 3294 1958 ut
3325 1907 3479 1974 lapis.
3516 1908 3585 1960 At

2001 1988 2043 2042 si
2077 2006 2103 2040 c
2133 1990 2394 2044 terminus
2422 1992 2738 2058 allirmetur,
2777 1993 2879 2047 erit
2911 1995 3142 2063 perfecta
3171 1997 3444 2050 ceuclusiu
3474 2014 3580 2053 non

1998 2096 2120 2138 esse
2149 2084 2209 2148 b;
2240 2099 2360 2138 nam
2395 2086 2434 2136 si
2467 2086 2535 2139 sit
2561 2103 2620 2151 c,
2655 2096 2736 2141 est
2764 2104 2823 2151 α,
2855 2089 2898 2141 si
2925 2103 3052 2142 vero
3083 2090 3151 2143 sit
3177 2108 3238 2155 η,
3270 2106 3371 2144 ιιοιι
3401 2063 3503 2146 erit
3530 2093 3578 2145 ιι.

1999 2173 2056 2228 Id
2085 2178 2224 2229 enim
2267 2180 2612 2247 consequitur
2655 2181 2899 2248 superius
2933 2181 3161 2249 positum
3195 2183 3575 2252 propositionis

1999 2269 2246 2334 modum;
2281 2271 2324 2324 si
2358 2271 2514 2340 igitur
2543 2271 2609 2326 sit
2639 2289 2694 2337 c,
2729 2287 2832 2326 non
2859 2274 2962 2327 erit
3001 2274 3048 2338 ὁ,
3095 2284 3148 2328 at
3194 2275 3237 2328 si
3270 2288 3490 2346 negetur
3515 2293 3581 2343 ε,

2001 2375 2174 2428 neque
2221 2362 2285 2414 ad
2332 2379 2363 2413 a
2411 2378 2584 2431 neque
2609 2363 2674 2417 ad
2705 2365 2733 2416 ὸ
2762 2366 3052 2420 necessitas
3104 2366 3205 2419 ulla
3251 2367 3577 2436 perducitur,

1996 2453 2144 2506 velut
2171 2456 2220 2507 in
2252 2453 2336 2507 bis
2369 2456 2640 2520 terminis,
2677 2472 2796 2509 nam
2829 2458 2873 2510 si
2905 2474 3008 2512 non
3033 2470 3111 2513 εει
3147 2459 3374 2523 animal,
3404 2475 3578 2528 neque

1997 2543 2323 2610 animatum,
2361 2560 2533 2614 neque
2580 2557 2847 2601 mortuum
2901 2549 2986 2603 vel
3024 2563 3143 2604 esse
3189 2550 3270 2604 vel
3323 2566 3428 2606 non
3457 2568 3580 2608 esse

2000 2649 2220 2690 necesse
2283 2647 2384 2690 est.
2454 2637 2633 2691 Sextze
2699 2639 3076 2707 pr0positionis
3142 2640 3255 2696 haec
3305 2645 3494 2698 conclu
3528 2645 3581 2698 io

1998 2737 2108 2793 est,
2157 2730 2201 2782 si
2255 2738 2335 2783 est
2380 2729 2447 2794 b,
2493 2745 2597 2783 non
2649 2737 2732 2783 est
2773 2748 2846 2794 α,
2900 2731 2942 2784 si
2998 2747 3104 2785 non
3148 2742 3231 2788 est
3275 2750 3331 2799 c,
3379 2746 3460 2790 εει
3509 2754 3575 2802 α;

1999 2820 2118 2874 dico
2146 2821 2264 2892 quia
2313 2821 2357 2875 si
2404 2830 2484 2875 est
2510 2823 2567 2887 b,
2605 2822 2710 2876 erit
2749 2839 2812 2887 ο,
2847 2837 2966 2877 nam
2997 2823 3041 2878 si
3069 2832 3152 2878 est
3178 2825 3238 2889 ὁ,
3269 2841 3374 2879 ιιοιι
3403 2837 3485 2882 εει
3510 2845 3575 2896 a,

1998 2915 2043 2968 si
2091 2931 2193 2969 non
2237 2916 2306 2970 sit
2345 2932 2407 2981 a,
2455 2917 2558 2970 erit
2603 2932 2650 2968 ε.
2702 2915 2846 2970 Talis
2891 2917 3032 2972 enim
3065 2919 3116 2972 in
3145 2917 3244 2974 hac
3274 2929 3424 2988 parte
3454 2936 3579 2991 pro-

1999 3009 2280 3077 positionis
2309 3017 2395 3062 est
2437 3010 2838 3078 consequentia.
2887 3009 2943 3064 Si
2976 3010 3134 3079 igitur
3178 3012 3248 3066 sit
3272 3013 3334 3077 b,
3363 3014 3466 3068 erit
3510 3032 3537 3067 c
3564 3055 3581 3081 ,

1999 3103 2138 3171 quod
2170 3103 2212 3155 si
2238 3103 2266 3154 b
2295 3103 2552 3156 terminus
2581 3102 2869 3171 abnuatur,
2899 3103 3032 3158 nihil
3061 3107 3419 3162 necessarium
3472 3109 3582 3174 liet,

2000 3209 2120 3248 nam
2168 3196 2210 3247 si
2258 3209 2362 3247 non
2394 3195 2463 3248 sit
2491 3195 2541 3258 ι»,
2574 3209 2671 3249 nec
2727 3211 2759 3248 a
2803 3209 2902 3249 nec
2930 3211 2957 3247 ε
2987 3196 3242 3251 terminos
3272 3198 3354 3252 vel
3393 3198 3583 3258 adesse

2000 3287 2082 3340 vel
2116 3302 2220 3340 non
2249 3286 2437 3341 adesse
2467 3287 2708 3356 sequitur
2739 3287 2843 3340 ulla
2870 3289 3158 3342 necessitas
3179 3330 3194 3354 ,
3225 3298 3282 3344 ut
3312 3291 3366 3344 in
3395 3292 3579 3345 termi-

1999 3381 2082 3432 nis
2114 3387 2287 3445 patet,
2315 3394 2436 3432 nam
2465 3379 2510 3432 si
2539 3379 2608 3433 sit
2637 3378 2665 3431 Ι)
2696 3386 2996 3445 mortuum,
3027 3396 3059 3432 a
3087 3380 3408 3447 animatum,
3443 3399 3470 3433 c
3499 3383 3581 3436 itt-

1998 3472 2322 3538 animatum,
2353 3481 2412 3526 et
2439 3482 2790 3541 proponatur,
2821 3473 2868 3527 si
2908 3482 3174 3528 mortuum
3213 3483 3328 3540 est,
3359 3492 3463 3530 non
3496 3487 3580 3531 est

1997 3566 2326 3629 animatum,
2373 3566 2418 3619 si
2450 3565 2797 3620 inanimatum
2846 3579 2951 3619 non
2995 3575 3108 3630 est,
3153 3577 3239 3620 εει
3263 3567 3578 3634 animatum,

1997 3656 2040 3716 si
2069 3671 2173 3708 non
2196 3655 2265 3709 sit
2288 3664 2578 3724 mortuum,
2607 3670 2710 3710 non
2735 3669 2958 3710 necesse
2979 3667 3060 3711 εει
3082 3671 3201 3712 εεεε
3224 3659 3302 3712 vel
3331 3673 3437 3713 non
3460 3674 3582 3716 esse

1996 3744 2307 3800 animatum.
2336 3746 2593 3812 Quocirca
2626 3762 2693 3802 ne
2729 3747 3077 3802 inanimatum
3103 3748 3355 3818 quidem;
3388 3758 3442 3805 at
3467 3751 3511 3805 si
3552 3767 3580 3806 c

1996 3840 2256 3892 terminus
2281 3848 2607 3904 assumatur,
2640 3840 2682 3893 si
2707 3838 2922 3908 quidem
2956 3840 3006 3894 in
3041 3840 3319 3910 negatione
3339 3841 3405 3896 sit
3428 3843 3574 3910 posi-

1997 3940 2100 3997 tus,
2135 3930 2223 3984 lict
2271 3941 2381 3985 rata
2429 3931 2706 3986 conclusio
2757 3948 2860 3985 non
2902 3947 3021 3987 esse
3052 3934 3079 3986 b
3111 3934 3419 4001 terminum,
3452 3950 3574 3991 nam

1995 4022 2247 4091 quoniam
2282 4039 2387 4076 non
2415 4032 2500 4077 est
2551 4039 2597 4088 c,
2624 4031 2707 4078 est
2735 4041 2787 4090 a,
2835 4032 2889 4078 at
2919 4024 2964 4078 si
3012 4025 3080 4079 sit
3109 4042 3158 4089 a,
3195 4041 3298 4080 non
3331 4037 3412 4080 est
3454 4027 3504 4093 ὸ,
3534 4027 3580 4084 si

1995 4116 2154 4184 igitur
2185 4132 2289 4170 non
2322 4116 2390 4170 sit
2419 4133 2466 4184 c,
2499 4132 2604 4172 non
2635 4118 2737 4172 erit
2760 4118 2810 4171 ὁ.
2842 4117 2995 4184 Quod
3026 4119 3070 4172 si
3093 4118 3385 4174 alﬂrmetur
3414 4137 3440 4173 c
3469 4130 3580 4177 ter-
3645 4117 3648 4121 ’

1996 4208 2192 4272 minus,
2225 4209 2357 4262 nihil
2389 4219 2471 4264 est
2520 4211 2904 4275 necessarium,
2938 4226 3111 4279 neque
3143 4212 3283 4266 enim
3338 4214 3382 4268 si
3427 4217 3498 4269 sit
3525 4234 3574 4283 τ,

1995 4300 2236 4368 quamvis
2263 4317 2294 4352 a
2326 4315 2429 4354 non
2475 4316 2595 4356 esse
2638 4317 2860 4357 necesse
2899 4304 2992 4368 sit,
3020 4302 3085 4357 ad
3110 4305 3138 4357 ὁ
3169 4306 3452 4361 terminum
3482 4324 3576 4364 ne-

1995 4391 2218 4444 cessitas
2259 4393 2399 4445 nulla
2431 4393 2743 4461 perveniet,
2777 4403 2834 4447 ut
2863 4396 3021 4448 etiam
3055 4396 3105 4449 in
3138 4397 3380 4451 terminis
3407 4408 3574 4468 patet,

1999 4499 2119 4536 nam
2147 4484 2190 4536 si
2223 4485 2290 4537 sit
2319 4484 2692 4547 inanimatum.
2722 4500 2945 4541 necesse
2973 4495 3055 4541 est
3085 4500 3190 4540 non
3219 4503 3341 4546 esse
3371 4491 3575 4545 anima—

314 4575 382 4628 sit
407 4588 464 4637 ο,
497 4573 597 4628 erit
633 4573 682 4638 b,
714 4570 852 4640 quod
893 4569 937 4623 si
967 4570 1034 4623 sit
1061 4585 1108 4633 c,
1143 4584 1245 4622 non
1281 4582 1498 4622 necesse
1527 4576 1609 4620 est
1647 4582 1765 4621 esse
1806 4567 1887 4622 vel

2001 4588 2133 4641 tum,
2179 4578 2273 4631 sed
2318 4593 2424 4632 non
2456 4593 2677 4633 necesse
2721 4588 2804 4633 est
2841 4593 2961 4634 esse
2990 4590 3277 4636 mortuum.
3322 4581 3576 4652 Septima:

314 4683 419 4721 non
457 4680 575 4721 esse
601 4682 652 4718 α.
686 4664 802 4731 Quo
832 4664 886 4716 ﬁt
917 4672 971 4716 ut
1000 4679 1066 4716 ne
1099 4662 1126 4714 b
1155 4661 1390 4731 quidem.
1432 4661 1562 4714 Nam
1593 4662 1636 4714 si
1662 4670 1745 4714 εει
1770 4664 1887 4714 ani-

313 4766 511 4809 matum
533 4797 547 4821 ,
588 4770 691 4809 non
732 4768 950 4809 necesse
988 4761 1072 4806 est
1100 4767 1221 4807 esse
1265 4753 1460 4806 animal
1493 4752 1572 4806 vel
1606 4767 1710 4806 non
1742 4766 1884 4806 esse.

312 4851 430 4918 Quo
473 4853 530 4902 tit
561 4859 615 4902 ut
648 4864 714 4902 ne
745 4847 1054 4903 insensibile
1083 4847 1295 4915 quidem
1324 4862 1443 4901 esse
1491 4847 1573 4901 vel
1620 4862 1725 4899 non
1766 4861 1886 4900 esse

315 4959 535 4998 necesse
562 4942 649 4996 sit.
688 4942 751 4996 Et
792 4941 1050 4995 hactenus
1079 4940 1292 5010 quidem
1323 4951 1547 5008 quatuor
1576 4943 1764 4994 modos
1814 4941 1882 4994 ita

311 5037 695 5106 disposuimus,
721 5044 779 5089 ιιι
803 5035 870 5089 ad
893 5035 918 5087 b
949 5036 1253 5100 terminum,
1283 5047 1496 5104 quoquo
1522 5049 1580 5087 se
1607 5034 1766 5088 modo
1790 5033 1884 5087 ha-

312 5129 442 5192 bet,
470 5145 501 5181 a
527 5130 784 5182 terminus
810 5141 930 5182 esse
958 5134 1267 5194 poneretur,
1299 5124 1366 5177 ad
1391 5141 1416 5176 c
1445 5140 1570 5178 vero
1601 5141 1704 5178 non
1737 5139 1879 5180 esse.

313 5222 459 5274 Nunc
509 5223 577 5274 ita
627 5229 950 5284 statuamus,
1002 5225 1059 5272 ut
1097 5235 1126 5270 a
1158 5215 1416 5271 terminus
1443 5216 1508 5268 ad
1537 5217 1565 5268 b
1598 5217 1881 5271 terminum

315 5329 421 5367 non
471 5327 591 5366 esse
640 5311 868 5377 dicatur,
916 5309 981 5362 ad
1031 5323 1058 5362 c
1104 5322 1230 5362 vero
1266 5322 1413 5372 esse,
1447 5308 1634 5361 ordine
1680 5308 1886 5364 scilicet

309 5417 657 5463 commutato.
689 5407 889 5460 Omnes
918 5418 1046 5459 vero
1092 5416 1211 5458 esse
1254 5417 1358 5455 non
1402 5401 1727 5468 aequitnodas
1760 5416 1886 5470 pro-

314 5501 602 5570 positiones
645 5498 772 5553 illttd
821 5496 1056 5551 ostendit
1099 5496 1237 5563 quod
1268 5511 1298 5546 a
1325 5493 1535 5563 quidem
1566 5494 1888 5550 al’lirmative

309 5596 376 5650 ad
411 5599 436 5648 b
465 5605 579 5659 est,
609 5593 675 5648 ad
713 5610 739 5646 c
768 5591 1013 5660 ncgative
1058 5587 1391 5657 proponitur,
1421 5593 1511 5639 aut
1551 5587 1594 5638 si
1642 5585 1885 5655 negative

312 5691 375 5741 ad
406 5690 455 5753 b,
483 5687 853 5742 altirmativam
878 5683 942 5737 ad
967 5699 993 5735 c
1017 5682 1209 5737 retinet
1229 5681 1667 5736 enuntiationem.
1690 5667 1887 5746 Quinta

316 5786 473 5852 igitur
500 5781 791 5854 propositio
825 5778 985 5834 talem
1024 5774 1148 5832 iacit
1175 5773 1576 5846 syllogismum.
1610 5784 1730 5828 cum
1765 5771 1888 5829 tallt'

2001 4669 2381 4738 propositionis
2412 4669 2534 4724 talis
2555 4677 2636 4724 est
2663 4671 3022 4741 syllogismus.
3056 4671 3372 4727 Enuntietur
3403 4676 3574 4741 enim,

1997 4761 2042 4814 si
2087 4774 2191 4813 non
2235 4769 2316 4813 est
2346 4759 2394 4822 ὁ,
2429 4775 2533 4814 ιιοιι
2566 4767 2649 4814 εει
2675 4776 2727 4827 α,
2771 4761 2815 4814 si
2846 4770 2928 4816 est
2966 4777 3010 4826 c,
3039 4770 3121 4816 εει
3152 4779 3216 4828 α;
3239 4763 3360 4819 dico
3382 4766 3501 4834 quia
3530 4765 3578 4820 si

1997 4867 2101 4907 non
2137 4863 2217 4906 est
2245 4852 2296 4918 b,
2329 4868 2431 4905 non
2466 4860 2548 4906 est
2578 4867 2624 4916 ε,
2657 4853 2700 4906 si
2727 4852 2867 4906 enim
2915 4869 3018 4907 non
3061 4854 3127 4907 sit
3157 4854 3206 4921 b,
3245 4870 3350 4910 non
3384 4856 3485 4909 erit
3519 4874 3571 4923 a,

1995 4945 2134 5013 quod
2165 4946 2208 4998 si
2240 4961 2269 4996 a
2297 4959 2398 4998 non
2431 4944 2606 5008 fuerit,
2633 4959 2739 4998 non
2763 4944 2866 4999 erit
2895 4961 2943 5000 c.
2975 4943 3119 5000 Idem
3148 4945 3289 5000 enim
3315 4946 3577 5015 sequeba-

1993 5046 2080 5091 tur
2103 5051 2220 5091 eam
2252 5036 2671 5106 propositionem
2697 5052 2801 5105 qua
2831 5035 3127 5102 dicebatur,
3161 5038 3203 5090 si
3236 5045 3378 5091 esset
3406 5053 3433 5090 c
3456 5046 3569 5092 ter-
3601 5073 3610 5086 .ι

1993 5130 2190 5192 minus,
2221 5148 2251 5181 a
2291 5145 2502 5199 quoque
2528 5130 2779 5197 consequi
2808 5138 2865 5184 ut
2894 5140 3066 5194 esset;
3107 5129 3153 5185 si
3181 5130 3340 5198 igitur
3367 5145 3471 5184 non
3502 5130 3575 5186 sit

1993 5222 2044 5289 ὁ,
2077 5235 2180 5275 ιιοιι
2211 5222 2310 5275 erit
2338 5236 2385 5282 r;
2411 5219 2549 5290 quod
2582 5219 2624 5274 si
2655 5219 2952 5274 aftirmetur
2982 5220 3031 5287 b,
3065 5219 3195 5274 niltil
3224 5228 3306 5274 est
3329 5235 3571 5275 necessa-

1992 5315 2151 5380 rium,
2181 5328 2352 5381 neque
2378 5314 2519 5366 enim
2542 5310 2585 5364 si
2627 5312 2694 5366 sit
2721 5313 2771 5376 ὸ,
2804 5312 2887 5366 vel
2918 5329 2980 5377 a,
3012 5312 3093 5365 vel
3122 5327 3171 5375 c,
3201 5325 3323 5365 esse
3349 5323 3439 5367 aut
3464 5327 3572 5369 non

1995 5422 2116 5462 esse
2149 5419 2369 5460 necesse
2409 5413 2512 5470 est,
2547 5413 2606 5458 ut
2647 5405 2698 5458 in
2743 5403 2983 5458 terminis
3014 5410 3180 5472 patet,
3214 5418 3334 5458 nam
3374 5405 3418 5459 si
3449 5405 3518 5458 sit
3544 5405 3575 5459 b

1997 5481 2308 5563 animatum,
2337 5514 2367 5550 a
2394 5497 2612 5561 animal,
2641 5513 2668 5549 c
2691 5475 2966 5559 sensibile,
2999 5503 3052 5550 et
3075 5494 3144 5548 sit
3172 5495 3484 5564 propositio,
3512 5496 3557 5550 si

1998 5597 2284 5649 animatum
2318 5608 2420 5646 non
2452 5601 2553 5657 est,
2584 5607 2687 5645 non
2715 5598 2798 5644 est
2827 5588 3044 5653 animal,
3091 5589 3134 5641 si
3179 5590 3430 5644 sensibile
3471 5599 3574 5656 est,

1996 5685 2192 5740 animal
2217 5692 2315 5746 est,
2345 5682 2392 5737 si
2417 5688 2716 5736 assumatur
2743 5691 2865 5734 esse
2907 5677 3216 5742 animatum,
3259 5694 3430 5748 neque
3459 5678 3579 5732 ani-

1999 5778 2103 5832 mal
2134 5790 2353 5831 ttecesae
2382 5781 2465 5829 est
2493 5785 2636 5837 esse,
2687 5777 2861 5836 nequ
2912 5766 3186 5826 sensibile.
3235 5769 3302 5823 At
3331 5770 3376 5824 si
3426 5781 3518 5838 per
3545 5775 3573 5822 σ
