4064 6336
502 325 600 381 867

1721 314 1832 371 ΑΝ.
1873 314 2081 371 MANL.
2122 312 2278 372 SEV.
2321 310 2540 368 ΒΟΕἻΙΙ

3677 311 3779 367 868

462 510 465 513 _
500 444 788 502 terminum
813 442 904 497 liat
924 436 1242 509 assumptio,
1271 438 1315 493 si
1338 434 1553 509 quidem
1578 433 1949 496 aflirmabitur,
1974 430 2079 486 erit
2106 427 2160 488 Λ
2181 428 2577 500 consequentia:
2606 427 2797 484 similis
2829 428 3018 513 modus
3040 434 3142 496 est,
3170 435 3229 483 ut
3259 428 3313 483 in
3336 429 3421 485 bis
3445 416 3776 501 pr0positio-

505 539 653 592 lit'ina
683 534 952 590 conclusio
978 548 992 597 ;
1025 532 1069 586 si
1120 541 1365 600 negetur,
1394 528 1571 583 nullus
1602 536 1682 580 εει
1713 524 2077 595 syllogismus,

505 647 625 684 nam
657 629 699 681 si
732 634 812 681 est
835 642 883 691 c,
916 634 999 680 est
1029 640 1080 691 α,
1112 622 1154 676 si
1206 622 1352 685 sita,
1384 620 1485 674 erit
1532 619 1579 672 b.
1619 616 1675 672 Id
1719 616 1862 669 enim
1895 628 2084 669 conse-

505 723 763 792 quebatur
794 732 912 772 eam
954 716 1374 787 propositionem
1423 700 1540 783 qua:
1573 710 1669 777 ait,
1696 712 1740 765 si
1791 726 1899 762 tton
1939 708 2007 761 sit
2033 709 2084 773 ὸ,

506 830 608 868 non
641 826 761 867 esse
788 828 849 876 a;
877 812 918 865 si
943 810 1102 879 igitur
1125 809 1191 863 sit
1214 824 1263 872 c,
1297 808 1401 863 erit
1429 807 1477 861 b.
1507 807 1574 878 ᾼι
1604 804 1648 859 si
1678 803 1823 857 idem
1848 819 1874 855 c
1906 802 2090 856 termi-

503 923 603 960 nus
630 906 913 969 abnuatttr,
950 900 1078 956 nihil
1109 909 1190 956 est
1217 897 1607 961 necessarium,
1639 910 1759 949 nam
1792 893 1835 947 si
1868 909 1974 947 non
2021 892 2089 946 sit

502 1014 549 1060 c,
588 1013 758 1064 neque
798 995 860 1049 ad
891 1013 921 1047 a
950 1008 1122 1063 neque
1150 991 1217 1045 ad
1257 989 1285 1043 b
1320 988 1605 1043 terminum
1649 986 1943 1041 necessitas
1978 983 2089 1037 ulla

502 1087 839 1153 constringit,
867 1084 1010 1138 velut
1036 1084 1079 1138 si
1104 1098 1207 1137 nou
1237 1084 1306 1136 sit
1329 1079 1602 1146 sensibile,
1638 1094 1740 1133 non
1772 1079 1841 1132 sit
1867 1076 2089 1131 forsitan

502 1178 719 1244 animal,
753 1177 846 1234 sed
876 1192 984 1231 non
1028 1190 1245 1230 necesse
1275 1182 1356 1228 est
1395 1188 1516 1227 esse
1556 1172 1870 1225 animatum.
1915 1169 2091 1238 Repe-

503 1287 530 1324 r
551 1279 706 1324 entur
739 1285 862 1322 vero
896 1267 1111 1322 termini
1142 1266 1194 1320 iu
1218 1265 1413 1336 quibus
1436 1280 1500 1318 ne
1530 1281 1561 1317 a
1587 1262 1804 1333 quidem
1836 1276 1939 1315 non
1968 1274 2090 1315 esse

505 1375 721 1418 necesse
749 1369 851 1414 est.
884 1361 1114 1415 Octavus
1153 1358 1343 1413 modus
1373 1369 1455 1412 est
1504 1359 1552 1410 in
1586 1372 1693 1427 quo
1725 1356 1798 1409 ita
1841 1355 2091 1424 pr0poui-

505 1466 614 1523 tur,
654 1455 699 1510 si
743 1469 849 1509 non
881 1462 964 1509 est
1006 1452 1057 1522 b,
1085 1468 1191 1508 non
1229 1458 1311 1505 est
1338 1468 1391 1517 a,
1423 1459 1475 1503 et
1502 1448 1545 1502 si
1573 1463 1677 1503 non
1707 1458 1788 1503 est
1818 1464 1865 1513 c,
1910 1456 1993 1501 est
2027 1462 2086 1510 τις

503 1548 623 1604 dico
659 1546 779 1617 quia
811 1545 854 1600 si
883 1562 984 1601 non
1021 1555 1102 1600 est
1144 1544 1192 1611 b,
1223 1558 1327 1598 non
1358 1552 1438 1598 est
1469 1561 1514 1610 c,
1566 1542 1609 1595 si
1634 1543 1775 1597 enim
1811 1556 1917 1595 non
1944 1540 2013 1593 sit
2041 1539 2092 1605 b,

505 1654 612 1695 non
642 1638 743 1693 erit
769 1654 820 1690 a.
845 1636 995 1704 Quod
1026 1637 1070 1691 si
1101 1652 1208 1690 non
1240 1636 1308 1690 sit
1334 1652 1386 1701 α,
1425 1635 1528 1688 erit
1552 1651 1598 1698 c,
1631 1632 1681 1687 id
1713 1632 1855 1686 enim
1900 1646 2094 1684 conse-

504 1730 764 1802 quebatur
795 1744 910 1783 eam
953 1738 1156 1799 parte.n
1193 1726 1571 1798 propositionis
1592 1771 1604 1794 ,
1639 1742 1755 1791 qua:
1786 1723 2019 1788 dicebat,
2052 1720 2096 1777 si

2191 523 2348 578 nibus
2371 540 2487 594 qua:
2515 540 2577 579 ex
2612 523 2817 578 duabus
2848 503 3164 594 categoricis
3201 539 3265 579 ac
3294 524 3634 597 simplicibus
3657 525 3779 582 effl-

2191 617 2487 672 ciebantur.
2542 617 2595 670 In
2657 616 2904 671 omnibus
2950 616 3092 671 enim
3160 615 3203 669 si
3267 617 3484 685 quidem
3546 618 3780 673 velimus

2192 721 2455 777 astruere,
2508 710 2733 779 primam
2788 710 2949 763 totius
3005 709 3388 778 propositionis
3447 725 3782 765 assumemus

2193 813 2419 871 partem,
2451 801 2496 856 si
2530 817 2657 856 vero
2687 802 2737 855 in
2768 800 3116 855 conclus'imte
3157 801 3358 869 aliquid
3389 810 3471 856 est
3501 801 3785 856 destruen-

2193 892 2340 960 dum,
2369 893 2599 947 secunda
2643 892 2940 961 negabitur.
2974 891 3097 947 Sive
3129 906 3307 946 autem
3342 893 3513 960 prima
3555 893 3786 961 denege-

2195 994 2298 1051 tur,
2343 986 2455 1041 sive
2501 986 2770 1055 poserior
2805 984 3124 1049 allirmetur,
3156 984 3390 1038 nulla'iit
3429 985 3652 1039 omnino
3689 1003 3782 1039 ne-

2194 1080 2434 1141 cessitas,
2469 1078 2566 1131 nisi
2622 1078 2673 1131 itt
2727 1076 2938 1147 quinta,
2970 1077 3224 1143 septima,
3279 1075 3434 1131 tertia
3489 1075 3702 1130 decima
3733 1086 3787 1132 et

2194 1171 2374 1241 quinta
2402 1169 2608 1225 decima
2649 1168 3039 1241 propositione.
3073 1167 3129 1222 In
3165 1167 3360 1239 quibus
3410 1182 3515 1223 non
3548 1174 3785 1238 contp'e-

2198 1263 2369 1318 xionis
2416 1275 2636 1329 natura,
2688 1261 2782 1314 Sed
2835 1262 3186 1316 terminorum
3235 1259 3537 1330 pr0prietas
3592 1275 3788 1314 conse-

2196 1357 2463 1424 quentiam
2498 1354 2646 1420 facit,
2672 1353 2808 1407 sicut
2839 1353 2889 1407 in
2915 1351 2996 1407 his
3023 1351 3349 1423 syllogismis
3374 1352 3486 1404 lieri
3507 1350 3787 1405 docuimus

2198 1448 2285 1519 qui
2315 1450 2368 1502 in
2397 1448 2476 1500 his
2502 1446 2955 1516 pronositionibus
2983 1454 3250 1509 constant,
3284 1459 3403 1514 qua:
3425 1443 3633 1500 duabus
3657 1445 3785 1499 sim-

2200 1538 2423 1609 plicibus
2464 1537 2839 1603 continentur;
2887 1536 3075 1591 horum
3104 1546 3287 1592 autem
3314 1538 3553 1591 omnium
3582 1538 3670 1607 qui
3715 1552 3785 1592 ex

2198 1633 2405 1687 duabus
2431 1631 2793 1704 bynutheticis
2815 1638 3082 1694 constant,
3110 1629 3511 1699 prepositiones
3536 1631 3780 1698 apposui,

2198 1740 2421 1795 quarum
2449 1721 2778 1777 dill'erentias
2806 1737 2925 1775 cum
2968 1722 3137 1775 lector
3177 1720 3474 1791 agnoverit,
3503 1720 3570 1774 ad
3600 1735 3785 1775 earum

508 1837 612 1875 non
640 1831 720 1875 est
746 1836 793 1887 c,
822 1829 903 1875 est
924 1838 975 1873 α.
1005 1819 1061 1875 Si
1092 1820 1249 1891 igitur
1278 1834 1379 1873 non
1407 1818 1475 1873 sit
1504 1817 1554 1884 b,
1587 1818 1694 1872 erit
1720 1833 1781 1881 c;
1808 1816 1948 1886 quod
1991 1820 2032 1869 si
2066 1814 2095 1868 ὁ
2128 1828 2175 1887 Β
2201 1816 2448 1885 exempla
2483 1829 2704 1869 necesse
2735 1823 2817 1867 est
2852 1821 3175 1878 revertatur,
3206 1818 3325 1884 qua:
3355 1828 3419 1867 ex
3453 1811 3789 1881 simplicibus

510 1915 765 1970 terminus
809 1914 1123 1981 aflirmt-tur,
1171 1913 1303 1968 nihil
1354 1924 1433 1967 est
1465 1912 1850 1975 necessarium,
1882 1925 2005 1963 nam
2049 1907 2093 1962 si

509 2008 581 2060 sit
602 2006 654 2072 ὁ,
678 2022 852 2076 neque
875 2022 997 2062 esse
1022 2022 1195 2077 neque
1227 2021 1331 2059 non
1357 2020 1477 2059 esse
1506 2018 1725 2059 necesse
1753 2011 1837 2058 est
1859 2019 1889 2056 α
1917 2001 2097 2056 ιειειλί-

508 2117 658 2167 num,
689 2117 793 2171 quo
838 2101 895 2155 lit
943 2111 997 2154 ut
1044 2117 1110 2155 ue
1164 2116 1191 2153 c
1227 2099 1462 2170 quidem.
1518 2098 1570 2152 Id
1624 2113 1756 2152 vero
1801 2097 1888 2151 tali
1933 2096 2097 2166 liquet

511 2194 777 2264 exemplo,
808 2194 851 2248 si
882 2194 951 2249 sit
981 2193 1009 2246 ὁ
1032 2194 1349 2259 animatum,
1383 2211 1412 2247 a
1443 2192 1674 2261 animal,
1706 2209 1732 2245 c
1765 2192 2095 2257 insensibile,

482 2332 485 2335 λ
512 2294 562 2340 et
597 2294 942 2356 proponatur,
965 2285 1010 2339 si
1043 2300 1146 2339 non
1173 2284 1244 2339 sit
1273 2285 1591 2347 animatum,
1628 2299 1734 2337 non
1764 2292 1847 2338 est
1873 2280 2094 2349 a'uimal,

514 2375 558 2431 si
585 2392 688 2429 tton
712 2375 778 2429 sit
799 2374 1126 2438 insensibile,
1156 2384 1239 2428 est
1260 2374 1481 2429 animal.
1506 2374 1560 2429 Si
1586 2373 1748 2444 igitur
1769 2372 2098 2428 allirmemus

517 2469 571 2525 itt
617 2470 982 2540 assumptione
1013 2468 1040 2522 b
1084 2468 1390 2535 terminum,
1423 2475 1478 2521 et
1508 2466 1767 2535 dicamus,
1828 2467 1971 2538 atqui
2018 2475 2101 2522 est

516 2560 830 2626 animatum,
858 2576 962 2614 non
995 2574 1216 2615 necesse
1246 2569 1329 2614 est
1357 2574 1473 2613 esse
1506 2562 1584 2614 vel
1621 2578 1723 2613 non
1759 2574 1877 2614 esse
1903 2560 2099 2614 animal

519 2654 605 2710 vel
637 2653 965 2709 insensibile.
990 2653 1250 2722 Quocirca
1280 2652 1455 2706 nullus
1486 2663 1565 2706 est
1590 2652 1953 2721 syllogismus,
1981 2664 2033 2706 at
2055 2652 2100 2707 si

520 2760 547 2799 c
576 2745 833 2801 terminus
863 2744 1147 2809 abnuatur,
1180 2745 1269 2799 liet
1298 2744 1540 2814 proxinus
1568 2744 1935 2814 syllogismus,
1978 2760 2099 2799 nam

519 2836 565 2892 si
596 2854 698 2894 non
726 2848 807 2894 est
831 2856 874 2904 c,
909 2846 991 2893 εει
1015 2855 1067 2905 a,
1102 2837 1146 2893 si
1173 2853 1301 2893 vero
1333 2846 1413 2894 est
1441 2854 1492 2903 α,
1524 2836 1628 2892 erit
1660 2838 1710 2904 ιι,
1742 2838 1786 2891 si
1810 2836 1969 2907 igitur
1997 2854 2099 2892 non

520 2932 589 2988 sit
614 2948 661 2997 c,
690 2933 791 2987 erit
815 2932 877 2999 b;
905 2932 1047 3001 quod
1072 2932 1118 2987 si
1148 2948 1175 2985 c
1215 2932 1477 2987 terminus
1504 2928 1819 2995 aiﬁrmetur,
1854 2931 1983 2985 nihil
2022 2938 2105 2985 est

523 3025 908 3090 necessarium,
966 3040 1089 3079 nam
1121 3032 1175 3080 et
1214 3026 1258 3079 si
1304 3042 1336 3078 a
1369 3026 1661 3080 terminum
1710 3041 1813 3081 non
1844 3042 1964 3081 esse
2004 3044 2100 3081 nc-

522 3129 672 3172 oesse
698 3125 799 3182 est,
823 3124 1083 3186 quantum
1111 3114 1178 3169 ad
1205 3115 1233 3168 b
1266 3118 1553 3171 terminum
1580 3117 1713 3171 nihil
1743 3121 2100 3174 necessarimn

2198 1922 2252 1965 et
2279 1910 2595 1979 categoricis
2617 1908 2820 1978 juncta:
2841 1916 2989 1964 sunt.
3014 1906 3151 1963 Sunt
3176 1912 3351 1961 autem
3384 1922 3571 1963 omnes
3594 1922 3788 1977 prapo-

2199 2005 2451 2059 sitionum
2502 2002 2852 2068 dill‘erentiae,
2901 2018 3019 2073 qua:
3064 2018 3131 2058 ex
3171 2002 3379 2057 duabus
3424 1999 3793 2073 hypotheticis

2199 2097 2517 2165 capulantur
2546 2095 2849 2165 hujusmodi
2884 2112 2895 2147 :

2199 2182 2253 2245 Si
2278 2205 2395 2242 tum
2425 2199 2506 2244 est
2527 2207 2580 2257 a,
2611 2197 2693 2243 est
2717 2188 2769 2252 ὁ,
2803 2202 2923 2243 cum
2957 2188 3026 2243 sit
3057 2204 3103 2254 ο,
3127 2196 3211 2243 εει
3232 2191 3285 2241 d.

2204 2284 2257 2340 Si
2288 2298 2406 2337 cum
2432 2292 2515 2338 est
2536 2300 2588 2349 α,
2612 2293 2696 2338 εει
2716 2281 2767 2349 b,
2801 2297 2922 2337 cum
2954 2282 3021 2336 sit
3050 2298 3097 2345 c,
3135 2298 3238 2337 non
3266 2292 3349 2337 est
3380 2283 3433 2336 d.

2201 2377 2257 2434 Si
2289 2394 2407 2433 cum
2430 2388 2513 2433 est
2541 2395 2593 2443 a,
2625 2388 2707 2431 est
2734 2379 2784 2441 b,
2816 2393 2936 2430 cum
2962 2392 3066 2431 non
3091 2376 3161 2429 sit
3189 2393 3234 2440 c,
3267 2385 3349 2430 est
3377 2376 3431 2431 d.

2202 2469 2259 2525 Si
2293 2485 2411 2523 cum
2440 2480 2521 2524 est
2550 2486 2605 2533 a,
2632 2476 2715 2523 est
2740 2469 2791 2532 b,
2822 2483 2942 2523 cum
2974 2483 3079 2521 non
3107 2467 3174 2521 sit
3202 2476 3251 2531 ε,
3283 2484 3386 2520 non
3410 2475 3492 2523 est
3520 2465 3576 2523 ὀ.

2202 2562 2255 2617 Si
2285 2578 2405 2615 cum
2436 2562 2508 2615 sit
2537 2578 2590 2629 a,
2621 2576 2725 2613 non
2751 2569 2830 2614 εει
2862 2560 2912 2627 b,
2945 2574 3065 2614 cum
3102 2560 3171 2613 sit
3199 2575 3245 2624 c,
3277 2568 3359 2613 est
3385 2560 3441 2611 d.

2204 2657 2257 2709 Si
2284 2672 2405 2710 cum
2435 2654 2505 2709 sit
2529 2673 2581 2718 ιι,
2610 2670 2713 2708 non
2746 2662 2830 2708 est
2855 2653 2905 2718 ἃ,
2933 2667 3053 2707 cum
3086 2653 3158 2707 sit
3181 2669 3228 2718 c,
3261 2667 3365 2704 nntt
3395 2646 3476 2705 est
3501 2649 3555 2703 ά.

2205 2747 2261 2802 Si
2295 2763 2415 2801 cum
2441 2748 2511 2801 sit
2542 2765 2593 2812 a,
2624 2764 2728 2800 non
2760 2757 2843 2801 est
2869 2746 2920 2815 b,
2954 2762 3073 2801 eum
3100 2762 3206 2799 non
3237 2745 3306 2798 sit
3334 2760 3380 2808 c,
3405 2753 3488 2798 est
3513 2744 3566 2796 ιι.

2207 2841 2260 2895 Si
2283 2855 2404 2895 cum
2429 2840 2495 2893 sit
2526 2857 2575 2905 a,
2613 2854 2719 2893 non
2750 2849 2831 2892 est
2854 2837 2902 2903 ὁ,
2937 2853 3056 2892 cum
3088 2853 3192 2893 nun
3222 2837 3291 2891 sit
3317 2854 3363 2902 ε,
3397 2852 3499 2890 non
3522 2844 3605 2891 est
3627 2837 3682 2891 ά.

2205 2932 2262 2985 Si
2290 2947 2412 2985 cum
2445 2946 2550 2985 non
2581 2929 2724 2996 sita,
2755 2938 2836 2985 est
2862 2930 2910 2995 b,
2945 2946 3066 2983 cum
3096 2929 3168 2983 sit
3194 2946 3242 2995 ε,
3267 2937 3349 2982 εει
3379 2929 3435 2981 d.

2207 3024 2265 3080 Si
2295 3040 2415 3078 cum
2446 3039 2555 3079 non
2574 3023 2643 3078 sit
2670 3040 2723 3091 α,
2756 3032 2842 3076 εει
2872 3022 2921 3087 b,
2954 3039 3074 3076 Ctrlll
3098 3023 3168 3076 sit
3198 3037 3243 3082 ε,
3275 3037 3381 3075 non
3411 3022 3493 3073 εει
3524 3019 3580 3074 d.

2210 3117 2263 3171 Si
2295 3134 2415 3172 cum
2444 3133 2549 3171 non
2576 3116 2648 3171 sit
2675 3133 2727 3183 (ι,
2752 3124 2834 3169 εει
2869 3117 2917 3179 b,
2948 3129 3066 3169 cum
3104 3130 3208 3169 tton
3232 3115 3302 3167 sit
3327 3130 3375 3181 ε,
3408 3122 3489 3166 εει
3516 3114 3572 3166 d.

522 3204 695 3271 cadit;
729 3205 779 3261 i'd
806 3220 932 3261 vero
964 3205 1053 3261 tali
1084 3205 1483 3263 demonstratur
1511 3210 1763 3278 exemplo
1793 3227 1807 3263 :
1841 3211 1885 3265 si
1925 3212 1993 3265 sit
2023 3213 2105 3267 in-
2135 3196 2183 3269 C
2213 3211 2270 3267 Si
2294 3228 2411 3264 cum
2437 3225 2540 3264 non
2571 3210 2637 3263 sit
2667 3226 2719 3272 a,
2753 3220 2834 3263 εει
2856 3209 2904 3272 b,
2934 3225 3054 3262 eum
3080 3198 3182 3263 non
3214 3208 3283 3259 sit
3318 3224 3366 3273 c,
3398 3222 3498 3259 non
3523 3214 3604 3259 est
3631 3205 3690 3263 d.

523 3300 797 3367 sensibile,
829 3316 934 3355 non
962 3310 1044 3356 est
1070 3300 1291 3369 animal,
1324 3301 1465 3372 quod
1506 3302 1549 3356 si
1604 3319 1709 3357 non
1758 3314 1842 3359 est
1887 3306 2107 3375 animal,

524 3408 633 3451 non
664 3408 889 3449 necesse
915 3401 997 3448 est
1021 3396 1141 3449 esse
1171 3394 1252 3448 vel
1279 3386 1383 3448 nun
1415 3409 1537 3450 esse
1566 3397 1883 3451 animatum.
1917 3398 1971 3452 In
2004 3415 2107 3452 non

524 3487 840 3561 tequimodis
872 3486 1030 3559 igitur
1058 3486 1513 3558 propositionibus
1540 3488 1656 3543 sive
1680 3488 1708 3542 ὁ
1735 3490 1847 3544 sive
1876 3505 1902 3541 c
1929 3490 2111 3544 termi-

525 3586 626 3636 nus
643 3590 964 3645 assumatur,
989 3582 1112 3633 octo
1131 3593 1351 3634 necesse
1371 3586 1453 3634 est
1476 3595 1541 3633 ex
1567 3591 1793 3651 utraque
1825 3588 1972 3650 parte
1995 3580 2111 3637 ﬁeri

524 3672 883 3745 syllogiSmos.
918 3668 1157 3741 Reliqua:
1188 3686 1315 3727 vero
1346 3686 1409 3728 ex
1459 3680 1681 3741 utraque
1713 3683 1863 3743 parte
1903 3670 2111 3731 nitenti:

522 3763 921 3835 complexiones
969 3763 1288 3818 necessitate
1343 3764 1562 3834 privata:
1610 3776 1754 3819 sunt.
1788 3768 1856 3820 At
1896 3768 1939 3820 si
1992 3767 2101 3821 sint

524 3855 867 3924 tequimodaa,
926 3855 1101 3910 nullus
1156 3858 1375 3911 omnino
1418 3867 1500 3911 est
1520 3858 1887 3929 syllogismus.
1922 3859 2111 3929 IEqni-

523 3947 697 4005 tnodte
744 3960 875 4001 vero
904 3944 1155 4001 dicuntur
1202 3948 1409 4016 quoties
1438 3966 1470 4001 a
1520 3949 1779 4003 terminus
1836 3949 1903 4004 ad
1932 3961 2109 4007 utros-

453 4088 459 4093 .
522 4053 627 4109 que
654 4038 739 4093 vel
767 4052 889 4093 esse
934 4038 1013 4093 vel
1046 4054 1150 4093 non
1178 4054 1297 4093 esse
1322 4042 1661 4109 proponitur.
1692 4044 1891 4098 Omnes
1934 4054 2110 4100 autem

523 4131 839 4203 mquimoda:
865 4131 1264 4201 propositiones
1290 4143 1415 4186 sunt
1447 4131 1753 4206 hujusmodi
1790 4154 1807 4191 ξ

521 4221 579 4279 Si
606 4230 685 4277 est
714 4221 762 4287 b,
793 4230 873 4275 est
898 4238 951 4287 a,
984 4222 1029 4277 si
1060 4231 1141 4277 est
1170 4240 1217 4288 c,
1243 4231 1327 4277 est
1349 4240 1401 4277 α.

522 4312 578 4373 Si
603 4322 687 4370 est
714 4312 763 4381 b,
797 4318 880 4369 est
905 4330 957 4379 a,
983 4313 1027 4368 si
1058 4328 1163 4368 non
1189 4325 1269 4369 est
1297 4332 1346 4383 ε,
1373 4326 1453 4371 εει
1475 4333 1531 4371 a.

522 4407 579 4464 Si
608 4420 715 4460 non
745 4406 828 4460 est
854 4405 905 4474 b,
928 4414 1010 4461 est
1034 4422 1087 4474 a,
1110 4407 1154 4461 si
1181 4418 1261 4462 est
1291 4424 1338 4475 ο,
1369 4419 1453 4464 εει
1483 4426 1535 4463 a.

520 4496 577 4556 Si
610 4514 712 4553 non
744 4507 826 4555 est
852 4500 901 4567 ιν,
934 4506 1017 4555 εει
1044 4518 1105 4567 a,
1131 4504 1176 4556 si
1200 4517 1305 4556 non
1333 4510 1417 4557 est
1446 4520 1492 4570 ε,
1527 4514 1611 4559 εει
1633 4521 1687 4559 a.

517 4591 573 4645 Si
600 4600 682 4646 est
704 4590 752 4658 b,
778 4598 882 4645 nun
910 4600 992 4647 est
1015 4611 1067 4660 α,
1090 4594 1135 4648 si
1166 4602 1248 4648 est
1270 4610 1319 4659 ε,
1353 4609 1461 4649 non
1493 4606 1576 4650 est
1604 4615 1658 4651 a.

519 4683 574 4743 Si
602 4693 685 4739 est
712 4684 763 4752 ὁ,
799 4699 903 4739 ιιοη
934 4695 1015 4740 εει
1045 4701 1099 4751 α,
1122 4686 1165 4741 si
1200 4701 1306 4741 non
1337 4697 1421 4741 est
1451 4703 1500 4753 c,
1527 4703 1631 4743 non
1661 4698 1745 4743 est
1766 4706 1820 4744 a.

516 4775 572 4831 Si
603 4790 709 4832 non
741 4784 824 4831 est
845 4774 896 4839 ὁ,
923 4792 1026 4832 nou
1054 4787 1137 4832 est
1157 4794 1209 4843 a,
1240 4778 1283 4831 si
1312 4786 1395 4833 est
1415 4795 1463 4843 ε,
1496 4796 1603 4849 non
1627 4788 1711 4833 est
1732 4796 1788 4833 a.

515 4870 572 4926 Si
604 4885 708 4924 non
736 4878 819 4925 est
844 4869 894 4936 ὁ,
922 4884 1025 4923 non
1055 4868 1208 4939 εεια,
1243 4867 1287 4922 si
1319 4886 1424 4924 non
1448 4880 1528 4924 est
1548 4887 1598 4938 c,
1630 4886 1734 4924 non
1766 4879 1848 4926 est
1870 4888 1920 4925 a.

517 4960 574 5017 In
601 4961 792 5031 quibus
814 4973 866 5016 et
896 4976 989 5031 per
1009 4962 1452 5031 consequentiam
1481 4964 1912 5031 propositionum
1941 4979 2104 5035 supe-

486 5044 629 5108 ‘rius
661 5051 1013 5119 designatam,
1037 5061 1090 5107 et
1112 5068 1206 5122 per
1231 5053 1476 5122 exempla
1502 5065 1781 5109 currentes
1814 5071 2099 5124 possumus

516 5142 687 5197 lucide
726 5153 780 5198 et
816 5154 1125 5199 constanter
1168 5158 1490 5213 agnosceze,
1554 5146 1753 5200 nullam
1786 5148 2007 5202 omnino
2046 5149 2100 5203 in

514 5237 833 5307 stilogismis
861 5234 973 5290 ﬁeri
1022 5238 1416 5291 necessitatem.
1451 5238 1715 5305 Quocirca
1768 5255 1888 5295 cunt
1933 5242 2101 5298 tribus

517 5330 755 5384 terminis
782 5329 977 5383 texitur
1020 5328 1331 5398 propositio,
1383 5340 1433 5383 et
1476 5346 1541 5383 ex
1578 5334 1744 5397 prima
1795 5331 2008 5401 quidem
2041 5332 2100 5384 li-

513 5438 640 5491 gura
670 5419 802 5477 ﬁunt
830 5419 1128 5491 syllogismi
1156 5419 1411 5481 sedecim,
1442 5435 1508 5475 ex
1536 5423 1768 5476 secunda
1798 5423 2098 5494 syllogismi

514 5516 769 5583 sedecim,
801 5532 864 5571 ex
899 5514 1055 5570 tertia
1099 5516 1259 5571 etiam
1290 5516 1510 5572 totidem
1538 5518 1885 5588 colliguntur,
1916 5533 2102 5573 omnes

446 5644 469 5663 ς
512 5626 576 5665 ex
609 5610 774 5666 tribus
806 5609 1048 5688 terminis
1077 5609 1371 5688 syllogismi
1404 5609 1752 5680 quadraginta
1801 5620 1925 5663 octo
1956 5618 2100 5664 sunt.

523 5702 704 5754 Itestat
748 5714 878 5754 vero
926 5710 980 5754 ιιι
1019 5701 1085 5755 de
1113 5697 1195 5755 bis
1228 5698 1549 5770 syllogismis
1580 5714 1717 5753 nunc
1744 5699 1985 5754 dicamus
2017 5699 2105 5770 qui

517 5792 725 5847 duabus
767 5790 1123 5862 hypotbetiCis
1164 5798 1572 5859 connectuntur,
1606 5807 1834 5861 quorum
1887 5791 2101 5862 quidem

2215 3305 2270 3359 Si
2293 3319 2413 3357 cum
2442 3318 2545 3356 non
2578 3302 2647 3356 sit
2668 3320 2721 3367 ιι,
2753 3317 2856 3355 non
2892 3312 2970 3354 est
3001 3301 3048 3362 ί),
3082 3315 3203 3353 cunt
3227 3299 3300 3354 sit
3328 3316 3377 3363 c,
3397 3309 3476 3352 est
3507 3298 3563 3350 d.

2213 3397 2269 3451 Si
2294 3413 2411 3448 eun:
2438 3412 2544 3450 non
2568 3397 2639 3449 sit
2666 3412 2719 3460 ι,
2744 3409 2847 3448 non
2879 3405 2959 3448 est
2989 3394 3036 3455 ὁ,
3066 3409 3186 3447 cum
3217 3392 3288 3446 sit
3325 3409 3373 3457 ε,
3408 3407 3511 3445 non
3553 3402 3635 3444 est
3674 3402 3727 3441 α.

2216 3490 2271 3545 Si
2291 3503 2411 3543 cum
2438 3503 2540 3542 non
2574 3486 2643 3540 sit
2668 3504 2715 3550 η,
2749 3502 2853 3541 non
2877 3495 2959 3539 est
2986 3485 3033 3551 b,
3070 3499 3189 3539 cum
3215 3500 3320 3537 non
3351 3484 3418 3537 sit
3444 3500 3490 3545 ε,
3521 3494 3601 3535 εει
3632 3482 3690 3535 d.

2214 3584 2271 3642 Si
2292 3598 2411 3639 cum
2442 3598 2547 3636 non
2573 3582 2645 3636 sit
2666 3599 2719 3647 α,
2740 3597 2843 3634 nun
2874 3590 2958 3635 est
2979 3579 3025 3642 b,
3050 3593 3172 3633 cum
3197 3593 3303 3631 non
3325 3577 3395 3632 sit
3423 3594 3470 3641 ε,
3506 3591 3612 3631 non
3635 3586 3719 3631 est
3744 3574 3801 3630 ἁ.

2216 3677 2268 3729 In
2300 3673 2383 3728 his
2415 3687 2625 3743 quoque
2655 3669 3107 3741 ptopositionibns
3132 3668 3264 3725 illud
3298 3668 3688 3736 inspiciendum
3716 3666 3800 3722 est

2213 3768 2353 3837 quod
2381 3782 2499 3820 cum
2530 3762 2773 3821 sedecim
2807 3763 2947 3826 sint,
2997 3774 3118 3817 octo
3162 3760 3376 3830 quidem
3407 3762 3475 3813 ita
3502 3760 3805 3825 Variantur,

2214 3871 2271 3915 ut
2302 3872 2477 3916 tamen
2510 3860 2560 3913 itt
2587 3858 2835 3913 omnibus
2866 3873 2895 3911 a
2940 3858 3202 3911 terminus
3236 3871 3357 3911 esse
3403 3864 3654 3925 ponatur,
3685 3868 3810 3910 oco

2213 3968 2343 4006 vero
2368 3952 2464 4015 ita,
2498 3961 2555 4005 ut
2599 3950 2741 4006 idem
2771 3966 2803 4002 a
2838 3950 3100 4005 terminus
3147 3964 3251 4003 non
3284 3964 3405 4003 esse
3428 3948 3657 4001 dicatur.
3691 3946 3809 4017 Non

2214 4059 2343 4099 vero
2372 4059 2582 4114 quoquo
2608 4044 2768 4099 modo
2790 4042 2975 4112 positae
3007 4042 3204 4098 fuerint
3232 4040 3504 4096 habebunt
3533 4041 3639 4095 vim
3668 4057 3803 4095 con-

2213 4136 2546 4191 ditionalium
2596 4135 3021 4205 propositionum
3076 4150 3138 4188 ex
3187 4132 3397 4189 duabus
3441 4131 3808 4203 hypotlirticis

2213 4226 2593 4281 constantiam.
2615 4225 2747 4281 Nam
2777 4228 2819 4280 si
2852 4227 2969 4295 quis
2990 4227 3067 4280 sic
3094 4224 3259 4294 dicat,
3286 4225 3329 4278 si
3359 4239 3479 4279 cum
3510 4224 3675 4278 homo
3704 4234 3807 4291 est,

2214 4317 2413 4372 animal
2440 4329 2540 4381 est.
2569 4332 2689 4373 cum
2721 4317 2791 4372 sit
2820 4317 3133 4381 animatum,
3166 4331 3363 4387 corpus
3389 4323 3489 4383 est,
3539 4332 3647 4370 non
3682 4315 3811 4369 fecit

2214 4426 2331 4465 eam
2365 4411 2782 4480 propositionem
2831 4426 2949 4479 qua:
2999 4424 3062 4464 ει
3095 4407 3304 4463 duabus
3346 4407 3811 4473 conditionalibus

2215 4512 2444 4559 constat.
2465 4502 2648 4573 Neque
2672 4502 2815 4557 enim
2844 4500 3045 4569 ideirco
3074 4499 3218 4572 quod
3245 4499 3540 4555 animatum
3565 4510 3671 4564 est,
3697 4498 3813 4552 ani-

2136 4582 2190 4645 D
2213 4596 2319 4651 mal
2344 4605 2459 4661 est,
2480 4596 2605 4665 quia
2630 4596 2720 4665 qui
2746 4594 2904 4649 homo
2937 4602 3041 4659 est,
3070 4592 3269 4648 animal
3296 4601 3402 4660 est,
3432 4607 3530 4647 nec
3567 4590 3810 4646 conditio

2209 4689 2451 4760 sequitur
2465 4688 2844 4752 conditionem;
2861 4686 2957 4742 sed
2973 4688 3015 4741 si
3030 4700 3121 4741 eas
3136 4700 3379 4756 separes,
3395 4699 3491 4755 per
3506 4699 3674 4753 seque
3699 4699 3817 4753 pro-

2210 4784 2441 4846 nunties,
2474 4794 2696 4849 utraque
2729 4779 2893 4834 habet
2942 4779 2993 4833 itt
3037 4780 3387 4833 terminorum
3421 4777 3812 4845 consequentia

2209 4874 2601 4928 necessitatem.
2638 4869 2769 4924 Nam
2824 4878 2879 4925 et
2922 4869 3010 4939 qui
3065 4868 3223 4923 homo
3254 4879 3336 4925 est
3380 4868 3582 4923 anim-1
3614 4881 3719 4933 est,
3747 4878 3802 4923 et

2207 4964 2349 5037 quod
2375 4965 2665 5019 animatum
2693 4974 2775 5019 est
2801 4977 2998 5032 corpus
3040 4972 3143 5028 est,
3169 4970 3224 5017 et
3247 4978 3341 5033 per
3370 4978 3429 5017 se
3457 4962 3574 5017 ista
3606 4978 3805 5032 ιιι-«φο.

2208 5058 2433 5113 sitiones
2457 5073 2597 5111 verte
2614 5065 2757 5121 sunt,
2782 5071 2878 5110 nec
2897 5056 3203 5111 conditione
3220 5053 3537 5127 junguntur.
3560 5054 3629 5109 Ut
3654 5055 3813 5124 igitur

2208 5150 2555 5220 singularium
2581 5159 2767 5203 natura
2791 5149 3079 5215 clarescat,
3102 5146 3173 5203 de
3195 5162 3511 5216 utraquaque
3530 5160 3613 5201 εει
3641 5146 3813 5201 disse-

2210 5242 2458 5296 rendum.
2494 5242 2668 5295 Prima
2698 5241 2857 5309 igitur
2880 5239 3175 5310 propositio
3196 5239 3314 5293 talis
3343 5252 3463 5294 esse
3487 5236 3666 5301 debet,
3692 5247 3744 5289 ut
3766 5237 3814 5292 si

2211 5335 2330 5389 sita
2363 5335 2499 5404 posit
2524 5352 2613 5401 .tn,
2641 5335 2668 5388 b
2692 5334 2951 5388 terminus
2984 5348 3089 5387 non
3132 5332 3389 5388 continuo
3420 5332 3805 5401 subsequatur,

2212 5428 2447 5496 itemque
2468 5428 2555 5483 sic
2586 5438 2833 5497 ponatur,
2858 5444 2962 5481 non
2987 5441 3210 5482 necesse
3232 5426 3300 5480 sit
3316 5425 3349 5478 ά
3372 5426 3660 5479 terminum
3679 5440 3812 5478 eon-

2208 5520 2385 5590 seqni,
2406 5520 2496 5574 sed
2516 5519 2690 5587 posito
2710 5518 2920 5589 quidem
2948 5535 2977 5571 a
2999 5519 3250 5584 termino,
3268 5516 3554 5571 terminum
3571 5532 3616 5581 c,
3636 5516 3811 5583 posito

2210 5627 2337 5666 vero
2366 5611 2416 5677 b,
2446 5610 2729 5666 terminum
2758 5610 2791 5662 ά
2820 5625 2941 5667 esse
2970 5624 3191 5664 necesse
3212 5608 3301 5663 sit.
3329 5607 3478 5663 Tunc
3507 5608 3652 5661 enim
3681 5622 3809 5661 eve-

2212 5704 2320 5758 niet
2350 5714 2403 5758 ut
2428 5703 2495 5771 si,
2524 5703 2696 5771 posito
2722 5719 2773 5769 a,
2806 5700 2965 5756 luerit
2991 5701 3039 5764 b,
3075 5715 3299 5755 necesse
3329 5699 3399 5755 sit
3424 5716 3450 5753 c
3477 5699 3650 5770 posito
3672 5696 3807 5753 sub-

2212 5798 2361 5865 sequi
2391 5794 2445 5863 ό,
2478 5806 2534 5850 ut
2569 5796 2613 5850 si
2638 5794 2743 5850 sint
2768 5794 2979 5851 termini
3006 5810 3038 5847 a
3067 5792 3248 5860 homo,
3281 5792 3309 5845 b
3337 5792 3597 5861 medicus,
3628 5808 3655 5845 ο
3691 5790 3811 5845 ani-
