4064 6336
292 338 396 393 869

1382 340 1468 398 DE
1508 339 1939 399 SYLLOGISMO
1978 341 2475 405 HYPOTIIETICO.

3447 363 3549 434 βπ)

288 467 515 524 malum,
542 457 577 510 ά
617 454 829 511 artifex.
871 454 1055 511 Posito
1080 456 1225 512 enim
1266 455 1484 513 homine
1514 474 1617 513 non
1652 473 1873 514 necesse
1902 460 1952 520 Α
1978 468 2120 522 sunt,
2155 468 2211 514 ut
2236 479 2267 515 a
2288 460 2501 532 quidem
2531 477 2729 536 praeter
2754 444 2927 525 besse
2958 473 3144 540 possit,
3177 488 3205 527 c
3227 490 3353 532 vero
3377 494 3553 549 neque

291 560 375 603 est
400 558 455 603 ut
478 547 716 603 medicus
744 548 834 614 sit,
866 555 923 603 et
941 562 1062 603 cum
1084 549 1154 603 sit
1183 548 1493 617 animatum,
1520 566 1625 605 non
1649 566 1872 607 necesse

290 654 373 698 est
406 654 461 696 ut
491 641 680 696 artifex
722 642 809 696 sit.
847 641 914 696 At
944 642 988 695 si
1038 641 1197 695 homo
1226 642 1324 708 sit,
1358 657 1580 698 necesse
1609 651 1694 698 est
1722 652 1780 698 ut
1806 645 1874 698 sit

290 737 606 804 animatum,
638 743 692 790 et
717 735 761 787 si
805 734 1042 789 medicus
1072 743 1175 799 est,
1216 748 1437 790 necesse
1466 746 1546 790 est
1588 744 1644 789 ut
1673 735 1871 792 artifex

264 830 384 884 sit.
420 827 528 881 lloc
556 826 735 896 itaque
764 826 960 893 posito,
1005 824 1217 879 eveniet
1257 834 1311 880 ut
1342 824 1389 879 si
1413 840 1534 880 cum
1580 825 1740 880 homo
1780 829 1868 893 sit,

290 918 533 975 medicus
552 929 655 983 est,
677 932 797 972 cum
840 918 910 972 sit
939 918 1253 984 animatum,
1283 918 1351 972 sit
1379 918 1591 973 artifex.
1627 918 1871 975 Secunda

292 1011 586 1084 propositio
610 1010 680 1066 ita
706 1000 826 1065 esse
855 1009 1035 1075 debet,
1064 1019 1122 1064 ut
1160 1027 1192 1063 a
1217 1021 1375 1081 atque
1403 1009 1453 1077 ὁ,
1486 1010 1613 1066 item
1646 1028 1671 1063 c
1714 1022 1872 1083 atque

290 1106 326 1158 d
375 1111 566 1173 prteter
606 1117 666 1157 se
714 1115 834 1156 esse
875 1101 1100 1169 possint,
1131 1100 1224 1156 sed
1251 1120 1283 1156 ιι
1326 1112 1520 1173 praeter
1546 1119 1573 1155 ε
1614 1098 1735 1159 esse
1763 1119 1869 1159 non

292 1195 493 1262 possit,
544 1198 571 1246 b
608 1202 783 1248 autem
826 1203 985 1263 atque
1032 1192 1066 1245 ά
1113 1192 1273 1249 simul
1320 1209 1439 1250 esse
1488 1210 1593 1249 non
1640 1195 1867 1264 possint.

289 1290 439 1342 Tunc
467 1284 607 1341 enitn
653 1284 865 1339 eveniet
909 1291 968 1338 ut
1018 1285 1060 1339 si
1109 1286 1282 1353 posito
1331 1302 1361 1338 a
1398 1288 1649 1349 termino,
1683 1287 1712 1341 b
1758 1288 1872 1343 fue-

290 1400 354 1439 l'tl
386 1394 754 1449 consecutum,
793 1382 965 1452 posito
1003 1398 1031 1435 c
1070 1396 1174 1436 non
1206 1396 1326 1437 esse
1357 1382 1392 1436 ά
1437 1397 1657 1439 necesse
1682 1383 1780 1448 sit,
1815 1394 1872 1439 ut

290 1478 333 1526 si
366 1478 435 1528 sit
470 1493 497 1524 η
541 1474 730 1542 homo,
764 1475 791 1527 b
815 1474 987 1544 niger,
1010 1491 1038 1527 c
1065 1474 1376 1539 animatum,
1412 1473 1445 1526 ά
1468 1474 1677 1542 album;
1710 1475 1870 1530 homo

290 1583 520 1637 namque
556 1552 750 1637 prater
782 1568 1011 1637 nigrum,
1051 1576 1106 1623 et
1148 1568 1434 1622 animatum
1465 1577 1662 1637 praeter
1690 1567 1868 1622 album

290 1670 345 1714 et
370 1675 488 1715 esse
515 1670 694 1715 etnon
724 1675 845 1715 esse
870 1669 1067 1728 potest,
1101 1659 1259 1714 homo
1287 1674 1417 1714 vero
1448 1670 1642 1729 prmter
1665 1660 1871 1715 anima-

290 1762 404 1809 tum
438 1754 644 1825 nigrum
668 1762 758 1808 aut
788 1770 910 1809 cum
932 1752 1055 1808 albo
1086 1768 1205 1808 esse
1231 1770 1334 1807 non
1362 1752 1551 1823 possit,
1580 1753 1867 1824 evenitqne

1978 565 2098 604 cum
2121 552 2155 603 d
2180 569 2349 624 neque
2375 571 2493 611 cum
2519 576 2551 611 a
2579 575 2698 615 esse
2730 562 2916 630 possit,
2945 563 2973 618 ιν
2996 567 3155 621 etiam
3183 583 3303 623 cum
3334 587 3361 623 c
3388 572 3549 627 simul

1976 657 2095 697 esse
2119 660 2221 698 non
2249 646 2442 713 possit;
2469 649 2535 703 ita
2556 666 2785 723 namque
2807 656 2983 709 evenit
2999 664 3053 710 ut
3081 657 3144 725 si,
3164 661 3335 728 posito
3358 680 3388 716 a
3404 679 3544 729 esse,

1976 733 2331 823 odencgetnr,
2358 750 2547 809 negato
2570 759 2592 793 c
2614 742 2862 813 termino,
2892 746 2926 797 d
2944 760 3216 818 sequatur,
3240 764 3291 805 ut
3311 753 3354 806 si
3377 772 3407 805 α
3432 756 3547 823 qui-

1973 822 2095 879 dem
2117 826 2189 880 sit
2211 828 2525 899 animatum,
2542 832 2569 885 b
2592 848 2797 899 sanum,
2824 854 2851 889 ο
2882 837 3251 909 inanimatnm,
3269 846 3302 895 d
3323 822 3545 915 aegrum.

1974 920 2278 975 Animatum
2294 923 2506 993 quidem
2528 936 2721 995 praeter
2740 930 3019 986 sanitatem
3038 943 3090 987 et
3103 949 3222 989 esse
3239 948 3286 991 et
3309 954 3411 991 non
3428 955 3547 995 esse

1974 1012 2525 1079 potest.lnanimatum
2540 1032 2665 1072 vero
2680 1035 2851 1090 neque
2863 1037 2981 1076 cum
2997 1025 3231 1080 animato
3245 1044 3415 1098 neque
3428 1046 3546 1085 cum

1972 1118 2116 1173 agro
2130 1108 2414 1163 convenire
2433 1121 2622 1179 p0test.
2640 1112 2755 1180 Quo
2774 1112 2830 1167 lit
2847 1125 2902 1168 ιιι
2924 1116 2965 1169 si
2992 1126 3109 1171 cum
3128 1121 3415 1176 animatum
3441 1134 3543 1191 est,

1973 1210 2161 1286 sanum
2195 1214 2299 1254 non
2328 1210 2431 1266 est,
2454 1218 2571 1257 cum
2597 1221 2702 1259 non
2733 1196 3199 1281 sitinanimatum,
3230 1230 3429 1286 mgrum
3457 1219 3545 1272 sit.

1972 1280 2103 1341 Item
2126 1298 2313 1345 octava
2343 1296 2636 1363 propositio
2665 1296 2746 1351 his
2775 1300 3017 1364 terminis
3043 1280 3338 1374 copulanda
3361 1318 3463 1376 est,
3495 1320 3549 1366 ut

1972 1394 2004 1431 a
2034 1380 2247 1449 quidem
2296 1395 2489 1453 praeter
2540 1387 2567 1439 b
2621 1390 2904 1445 terminum
2945 1405 2994 1447 et
3048 1410 3167 1450 esse
3197 1406 3382 1453 etnon
3428 1415 3548 1457 esse

1974 1472 2163 1541 possit,
2190 1491 2215 1526 ε
2257 1490 2383 1529 vero
2411 1484 2584 1547 neque
2623 1496 2743 1534 cum
2788 1499 2820 1535 a
2864 1498 3037 1553 neque
3063 1500 3182 1540 cum
3214 1488 3248 1540 d
3277 1502 3395 1546 esse
3422 1507 3547 1561 pos-

1973 1564 2065 1633 sit,
2095 1565 2188 1621 sed
2213 1567 2245 1619 d
2275 1577 2470 1637 praeter
2500 1571 2526 1622 ll
2556 1585 2674 1627 esse
2704 1588 2805 1627 non
2854 1575 3039 1645 possit.
3073 1576 3184 1633 Hoc
3222 1580 3364 1636 enim
3394 1591 3548 1655 pacto

1973 1658 2182 1712 eveniet
2225 1670 2281 1712 ut
2316 1661 2358 1713 si
2388 1678 2416 1712 τι
2451 1663 2644 1730 posito,
2679 1662 2707 1716 b
2738 1666 3049 1737 denegetur,
3092 1668 3352 1742 denegato
3386 1691 3412 1727 c
3440 1683 3546 1733 ter-

1974 1746 2142 1828 nlino,
2169 1749 2202 1801 ά
2227 1754 2488 1807 terminus
2520 1768 2624 1807 non
2654 1754 2743 1823 sit,
2772 1766 2829 1810 ut
2850 1757 2894 1811 si
2922 1746 2994 1811 sit
3019 1776 3050 1811 ιι
3070 1761 3385 1828 animatum,
3410 1762 3437 1817 b
3459 1764 3549 1820 'ar-

287 1856 350 1900 ut
378 1846 423 1900 si
450 1862 568 1899 cum
596 1844 869 1912 sithomo,
903 1844 1052 1914 niger
1073 1854 1177 1909 est,
1201 1860 1321 1898 cum
1350 1845 1419 1898 sit
1444 1844 1734 1898 animatum
1765 1860 1868 1899 non
1900 1842 1948 1904 Β
1976 1813 2133 1902 ιπθιι,
2185 1856 2212 1892 c
2252 1841 2630 1913 inanimatnm,
2675 1850 2708 1899 ά
2747 1836 3008 1904 medicus.
3056 1850 3361 1908 Animatum
3407 1858 3549 1912 enim

287 1938 359 1993 sit
380 1938 552 1993 albus.
579 1938 706 1993 Item
727 1938 897 1992 tertiac
917 1935 1296 2006 propositionis
1321 1937 1451 1991 tales
1476 1938 1730 1991 terminos
1751 1952 1872 1992 esse

286 2027 577 2097 oportebit,
609 2037 719 2083 uta
748 2038 943 2097 praeter
975 2029 1002 2081 b
1026 2042 1145 2083 esse
1178 2028 1363 2097 possit,
1395 2044 1421 2079 c
1463 2042 1589 2083 vero
1630 2027 1713 2081 vel
1742 2043 1862 2082 cum

285 2139 318 2175 a
350 2121 434 2176 vel
463 2136 583 2176 cum
616 2122 649 2173 ά
691 2136 811 2176 esse
838 2137 945 2175 non
980 2119 1180 2189 possit;
1219 2122 1468 2190 quocirca
1517 2122 1700 2175 evenit
1740 2130 1796 2175 ut
1826 2121 1871 2176 si

287 2212 466 2282 posito
508 2229 541 2266 α
587 2212 813 2267 termino
858 2210 1016 2266 fuerit
1047 2212 1106 2276 b,
1139 2225 1330 2282 negato
1362 2228 1387 2264 ο
1419 2214 1649 2266 termino
1688 2215 1720 2264 d
1747 2226 1871 2267 esse

286 2319 511 2360 necesse
538 2305 630 2371 sit,
668 2315 722 2358 ιιι
750 2305 794 2359 si
824 2305 894 2359 sit
915 2321 944 2356 a
966 2304 1182 2374 quidem
1211 2304 1526 2371 animatum,
1554 2305 1581 2357 b
1609 2304 1866 2371 medicus,

288 2414 319 2452 c
349 2397 714 2462 inanimatnm,
750 2399 783 2449 ά
811 2396 1337 2458 artifex,animatum
1363 2397 1504 2452 enim
1532 2406 1731 2465 printer
1758 2408 1871 2451 me-

289 2490 466 2544 dicum
490 2504 611 2544 esse
640 2496 836 2559 pctest,
862 2489 1212 2543 inanimatnm
1245 2504 1374 2543 vero
1400 2504 1569 2556 neque
1596 2504 1715 2543 cum
1750 2491 1868 2542 ani-

289 2589 437 2636 mato
485 2596 656 2650 neque
685 2595 806 2634 cum
836 2581 1028 2635 artifici
1048 2580 1195 2650 iungi
1238 2590 1441 2649 potest;
1472 2583 1650 2649 itaque
1678 2581 1721 2635 si
1747 2597 1869 2637 eum

290 2672 586 2726 animatum
617 2680 736 2738 est,
781 2672 1019 2727 medicus
1066 2682 1179 2739 est,
1212 2688 1331 2727 cum
1366 2673 1712 2728 inanimatnm
1764 2691 1869 2729 non

293 2766 386 2834 sit,
420 2765 605 2820 artifex
652 2774 753 2820 est.
786 2764 985 2831 Quarta
1021 2765 1310 2835 propositio
1340 2765 1422 2819 bis
1463 2766 1705 2821 terminis
1739 2780 1869 2820 con-

252 2856 255 2857 ⁷
292 2858 517 2914 texenda
566 2867 678 2924 est,
722 2866 779 2912 ut
821 2877 850 2911 a
882 2858 1095 2928 quidem
1129 2875 1248 2913 cum
1281 2860 1308 2912 b
1340 2861 1603 2926 termino,
1635 2876 1661 2912 c
1693 2868 1869 2915 autem

289 2969 413 3008 cum
456 2954 489 3006 d
533 2953 611 3008 vel
662 2968 781 3009 esse
814 2953 895 3007 vel
940 2969 1043 3008 non
1085 2968 1205 3007 esse
1237 2953 1421 3022 possit.
1464 2951 1646 3024 Neque
1694 2969 1873 3007 veroa

289 3024 411 3099 cum
439 3060 488 3111 c,
514 3059 685 3113 neque
714 3044 742 3097 b
766 3059 888 3098 cum
914 3043 970 3111 ά,
1000 3044 1108 3099 ullo
1133 3046 1291 3100 modo
1337 3060 1458 3099 esse
1484 3045 1737 3114 possibile
1776 3047 1866 3100 sit.

291 3134 441 3189 Tunc
485 3133 625 3189 enim
675 3137 857 3189 evenit
886 3144 941 3189 ιιι
971 3136 1014 3190 si
1056 3152 1087 3188 a
1129 3135 1334 3204 posito,
1366 3138 1391 3189 b
1424 3138 1812 3206 subsequatur,
1843 3153 1870 3189 c

1977 1942 2169 2001 praeter
2212 1935 2492 1991 artificium
2524 1949 2576 1993 et
2603 1954 2724 1995 esse
2753 1951 2806 1996 et
2837 1958 2942 1998 non
2973 1957 3093 1999 esse
3142 1956 3336 2015 potest.
3372 1947 3551 2005 Inani-

1974 2039 2174 2081 matum
2207 2042 2334 2082 vero
2362 2044 2535 2099 neque
2559 2046 2679 2086 cum
2705 2034 2959 2099 animato,
2988 2038 3161 2107 neque
3190 2055 3311 2095 cum
3342 2042 3550 2098 medico

1975 2116 2244 2173 convenit.
2292 2118 2527 2175 Medicus
2570 2137 2699 2178 vero
2744 2133 2939 2192 praeter
2974 2127 3257 2186 artificium
3287 2146 3407 2189 esse
3442 2149 3548 2190 non

1974 2221 2185 2282 potest,
2212 2213 2351 2268 unde
2382 2214 2560 2269 evenit
2588 2224 2645 2270 ut
2668 2214 2713 2270 si
2736 2231 2856 2271 cum
2887 2220 3178 2277 animatum
3203 2231 3317 2293 est,
3351 2240 3454 2281 non
3480 2226 3553 2283 sit

1974 2305 2187 2369 artifex,
2220 2321 2340 2360 cum
2386 2321 2491 2360 non
2523 2309 2595 2362 sit
2637 2308 3009 2378 inanimatum,
3050 2329 3155 2369 non
3186 2315 3257 2370 sit
3287 2317 3548 2375 medicus.

1974 2396 2122 2451 Nona
2151 2398 2445 2467 propositio
2478 2399 2585 2468 lict,
2625 2400 2672 2454 si
2701 2417 2732 2453 a
2761 2401 2977 2471 quidem
3005 2416 3161 2477 atque
3184 2406 3213 2459 b
3241 2407 3399 2463 simul
3429 2424 3551 2466 esse

1975 2503 2082 2543 non
2111 2490 2335 2557 possint,
2368 2506 2396 2543 ο
2417 2504 2546 2544 vero
2578 2492 2745 2559 p0ssit
2767 2508 2886 2548 esse
2912 2505 3105 2563 praeter
3134 2496 3190 2563 d,
3218 2512 3339 2554 cum
3361 2517 3394 2553 a
3421 2506 3549 2557 vero

1975 2594 2094 2633 esse
2127 2593 2231 2633 non
2260 2574 2463 2648 possit.’
2482 2579 2631 2635 Tunc
2654 2581 2794 2635 enim
2819 2586 3033 2639 eveniet
3054 2595 3110 2641 ut
3130 2585 3176 2642 si
3206 2605 3236 2641 a
3262 2588 3549 2661 denegata,

1975 2669 2004 2723 ὁ
2030 2685 2152 2725 esse
2192 2670 2557 2741 coiisequitur,
2591 2688 2617 2725 ε
2646 2673 2839 2742 posito,
2874 2675 2908 2725 α
2947 2685 3233 2747 sequatur,
3262 2688 3321 2735 ut
3350 2681 3393 2735 si
3426 2684 3491 2737 sit
3519 2700 3551 2737 a

1974 2762 2187 2830 quidem
2223 2762 2593 2829 inanimatnm,
2624 2763 2651 2816 b
2679 2765 2938 2831 medicus,
2969 2782 2996 2820 c
3016 2767 3332 2839 animatum,
3364 2771 3401 2824 ά
3423 2771 3553 2825 arti-

1976 2854 2084 2909 fex.
2120 2853 2470 2909 Inanimatum
2503 2856 2699 2925 quippe
2747 2858 2987 2913 medicus
3032 2873 3153 2917 esse
3195 2876 3301 2918 non
3345 2874 3550 2934 potest,

1978 2946 2275 3002 animatum
2307 2962 2434 3003 vero
2468 2959 2642 3018 potest
2670 2965 2774 3006 non
2805 2965 2924 3006 esse
2948 2953 3165 3019 artifex,
3202 2955 3547 3011 inanimatnm

1974 3057 2102 3096 vero
2125 3052 2286 3110 atque
2308 3042 2598 3097 animatum
2631 3044 2788 3097 simul
2816 3058 2936 3103 esse
2966 3056 3068 3099 non
3120 3055 3315 3115 potest.
3348 3047 3463 3115 Quo
3493 3050 3553 3106 lit

1974 3146 2033 3188 ut
2061 3136 2107 3189 si
2130 3149 2250 3189 cum
2275 3149 2380 3189 non
2414 3144 2497 3189 est
2527 3135 2896 3206 inanimatnm,
2932 3137 3167 3193 medicus
3198 3141 3290 3205 sit,
3321 3153 3440 3197 cum
3483 3142 3556 3198 sit

290 3237 506 3299 negato,
531 3236 753 3297 negetur
779 3227 941 3284 etiam
972 3228 1026 3290 ά,
1062 3237 1118 3283 ιιι
1140 3228 1183 3282 si
1215 3228 1334 3282 sita
1379 3230 1558 3295 homo,
1588 3230 1615 3284 ὁ
1644 3230 1814 3301 niger,
1843 3248 1870 3286 ο
1899 3224 1946 3290 C
1976 3226 2270 3281 animatum
2302 3227 2374 3281 sit
2410 3225 2622 3282 artifex.
2672 3228 2944 3283 Decimam
2978 3231 3394 3300 propositionem
3419 3233 3553 3291 tales

292 3322 663 3391 inanimatnm,
694 3324 728 3374 ά
754 3323 954 3385 album,
984 3325 1143 3377 homo
1173 3323 1387 3393 quidem
1415 3335 1607 3393 pra-ter
1632 3328 1861 3395 nigrum,

254 3412 257 3415 λ
293 3413 641 3469 inanimatnm
673 3431 798 3471 vero
843 3423 1037 3485 praeter
1067 3416 1242 3472 album
1271 3427 1323 3472 et
1372 3433 1491 3473 esse
1521 3433 1572 3472 et
1614 3435 1717 3473 non
1750 3435 1870 3477 esse

292 3516 498 3577 potest;
545 3522 718 3577 neque
766 3517 942 3563 tamen
974 3507 1135 3562 homo
1175 3525 1295 3564 cum
1327 3511 1657 3583 inanimato,
1700 3530 1873 3584 neque

292 3598 504 3668 nigrum
534 3614 656 3652 cum
710 3597 831 3652 albo
861 3613 979 3653 esse
1023 3600 1277 3669 possibile
1326 3611 1436 3668 est;
1471 3604 1513 3657 si
1543 3612 1718 3659 tamen
1748 3620 1870 3661 cum

291 3690 455 3747 homo
483 3691 582 3758 sit,
610 3692 1150 3763 nigerest,sequitur
1192 3703 1248 3746 ut
1294 3710 1414 3748 eum
1462 3709 1565 3748 non
1607 3696 1676 3749 sit
1704 3697 1871 3751 inani-

295 3796 527 3849 matnm,
572 3800 674 3839 non
704 3784 774 3839 sit
820 3783 1020 3839 album.
1070 3784 1280 3852 Quinta:
1329 3786 1708 3854 ιιι-ονοείιῑωιίε
1759 3787 1874 3843 haec

294 3878 535 3933 membra
567 3888 723 3945 sunt,
753 3886 811 3932 ut
839 3895 870 3931 a
901 3887 1093 3946 printer
1135 3876 1185 3943 b,
1218 3887 1272 3930 et
1298 3892 1324 3930 c
1371 3888 1569 3946 praeter
1596 3879 1629 3929 d
1674 3894 1792 3933 esse
1821 3891 1875 3932 et

293 3984 402 4024 non
432 3983 550 4023 esse
577 3968 816 4038 possint,
842 3966 937 4021 sed
978 3984 1010 4021 a
1041 3976 1232 4035 praeter
1260 3982 1286 4018 c
1328 3982 1448 4021 esse
1476 3984 1582 4021 non
1617 3966 1799 4037 possit,
1845 3968 1873 4021 ὁ

292 4068 455 4131 atque
478 4060 512 4113 ά
534 4074 802 4129 nunquam
826 4058 984 4113 simul
1008 4072 1129 4112 esse
1152 4058 1377 4128 possint,
1406 4059 1478 4111 ita
1503 4066 1558 4111 ut
1579 4059 1621 4111 si
1648 4059 1872 4113 alterum

297 4168 406 4206 non
438 4153 524 4218 sit,
552 4153 776 4207 alterum
808 4167 926 4207 esse
972 4166 1191 4206 necesse
1222 4152 1308 4217 sit,
1342 4160 1466 4206 tunc
1492 4152 1635 4207 enim
1666 4157 1877 4207 eveniet

297 4257 355 4302 ut
400 4247 444 4301 si
480 4264 511 4300 a
539 4248 714 4317 posito
748 4247 775 4301 ὁ
807 4255 1049 4318 negetur,
1084 4263 1109 4298 c
1135 4244 1310 4313 posito
1337 4247 1371 4297 d
1397 4245 1751 4315 subsequatur
1775 4287 1788 4309 ,
1821 4254 1877 4300 ut

293 4338 341 4392 si
365 4340 433 4392 sit
460 4354 494 4391 a
520 4338 732 4409 quidem
757 4337 939 4401 homo,
975 4336 1002 4391 b
1034 4351 1199 4406 aeger,
1230 4352 1255 4388 c
1275 4335 1589 4402 animatutn,
1623 4336 1657 4388 d
1688 4352 1874 4401 sanus,

250 4416 255 4421 ’
297 4429 458 4485 homo
484 4430 701 4499 quidem
734 4444 928 4499 praeter
972 4431 1341 4503 :egritudinem
1368 4474 1382 4497 ,
1413 4432 1706 4487 animatum
1749 4447 1878 4487 vero

299 4534 493 4593 prmtcr
518 4524 800 4579 sanitatem
850 4536 903 4581 et
929 4540 1048 4581 esse
1074 4534 1128 4581 et
1159 4541 1263 4581 non
1309 4541 1430 4582 esse
1466 4535 1640 4595 potest
1667 4542 1681 4591 ;
1710 4525 1802 4580 sed
1830 4525 1873 4581 si

1979 3320 2188 3373 termini
2219 3319 2575 3389 copu‘labunt,
2607 3329 2662 3374 ut
2694 3336 2726 3373 a
2747 3319 2959 3389 quidem
3009 3331 3203 3391 praeter
3232 3323 3299 3397 ὁ»,
3336 3332 3389 3379 at
3425 3340 3555 3383 vero

1976 3429 2002 3466 c
2033 3423 2229 3483 praeter
2257 3413 2290 3465 ά
2321 3426 2440 3467 esse
2469 3413 2653 3481 possit,
2687 3413 2781 3469 sed
2811 3432 2841 3467 a
2869 3428 2989 3469 cum
3022 3433 3069 3483 ε,
3094 3424 3144 3472 et
3174 3418 3201 3471 b
3228 3426 3347 3473 cuin
3370 3420 3404 3472 ά
3435 3434 3556 3477 esse

1977 3518 2080 3557 non
2115 3505 2312 3573 possit,
2347 3502 2421 3558 ita
2448 3504 2591 3559 enim
2646 3506 2921 3573 proveniet
2960 3514 3017 3559 ut
3042 3509 3085 3560 si
3114 3518 3306 3577 negato
3336 3526 3367 3561 a
3394 3524 3553 3578 esse,

1942 3598 1947 3601 “
1977 3594 2004 3648 b
2029 3601 2411 3663 consequatur,
2441 3594 2615 3663 posito
2646 3609 2671 3646 ο
2696 3596 2947 3661 termino,
2980 3596 3014 3648 ἀ
3040 3610 3144 3652 non
3184 3612 3305 3654 esse
3332 3611 3557 3657 necesse

1978 3690 2064 3752 sit,
2097 3688 2219 3742 utsi
2269 3688 2396 3741 sita
2426 3686 2772 3741 inanimatnm
2798 3732 2811 3755 ,
2846 3688 2872 3740 b
2902 3690 3143 3756 nigrum,
3178 3707 3203 3743 c
3229 3692 3550 3761 animatum,

1976 3781 2009 3833 ιι
2040 3782 2244 3833 album.
2281 3778 2632 3833 luanitnatum
2662 3779 2860 3851 quippe
2884 3792 3076 3849 prazter
3100 3780 3330 3852 uig'rum,
3362 3792 3413 3838 et
3441 3785 3559 3839 ani-

1979 3883 2177 3925 matum
2215 3880 2409 3942 pra-tur
2440 3870 2619 3925 album
2661 3881 2717 3926 et
2772 3887 2893 3927 esse
2923 3882 2977 3928 et
3008 3884 3113 3929 non
3143 3889 3265 3931 esse
3308 3885 3553 3945 possunt.

1977 3964 2082 4020 Sed
2119 3964 2465 4019 inanimatnm
2507 3979 2626 4018 cum
2676 3964 2930 4029 animato,
2965 3977 3017 4020 et
3044 3967 3251 4035 nigrum
3287 3982 3405 4021 cutn
3435 3966 3560 4025 albo

1948 4058 1951 4059 ⁷
1978 4059 2131 4112 simul
2155 4072 2272 4111 esse
2303 4064 2406 4111 non
2432 4067 2671 4128 possunt.
2704 4058 2806 4113 Sed
2835 4058 2879 4113 si
2906 4068 3156 4129 negatum
3197 4059 3353 4115 fuerit
3379 4061 3558 4118 inani-

1981 4160 2179 4204 matu‘in
2228 4159 2284 4204 ct
2325 4159 2669 4204 consecutum
2718 4151 2787 4204 sit
2830 4150 3071 4220 nigrum,
3104 4151 3276 4221 posito
3325 4154 3559 4212 animato

1980 4245 2155 4298 album
2187 4260 2304 4299 esse
2334 4245 2631 4314 negabitur.
2670 4246 2797 4299 item
2841 4245 3123 4300 undecima
3176 4248 3468 4317 propositio
3494 4263 3557 4305 ea

1981 4338 2078 4401 sit,
2114 4348 2166 4407 ut
2212 4352 2383 4404 neque
2420 4352 2450 4387 a
2480 4342 2599 4389 eum
2632 4335 2897 4406 b,'neqite
2928 4352 2955 4389 c
2996 4353 3115 4391 cum
3147 4338 3209 4403 ά,
3252 4338 3406 4392 simul
3437 4354 3559 4396 esse

1984 4428 2168 4496 possit,
2198 4445 2227 4479 a
2254 4441 2381 4481 vero
2412 4427 2526 4481 sine
2559 4442 2607 4493 c,
2632 4435 2687 4482 et
2717 4427 2745 4480 b
2774 4428 2890 4483 sine
2928 4427 2962 4481 ά
2992 4440 3111 4483 esse
3138 4444 3240 4482 non
3267 4428 3455 4499 possit,
3490 4429 3559 4485 ita

1982 4521 2189 4577 enimsi
2228 4537 2345 4575 cum
2381 4538 2411 4573 α
2432 4521 2504 4574 ‘sit
2536 4529 2815 4590 negatum,
2851 4519 2878 4573 b
2907 4530 3178 4591 sequatur,
3205 4534 3323 4575 cum
3354 4536 3385 4574 a
3411 4535 3562 4591 nega-

298 4614 459 4669 homo
488 4615 585 4687 sit,
614 4616 904 4671 animatum
937 4632 1055 4671 esse
1090 4632 1311 4673 necesse
1341 4625 1445 4685 est,
1477 4627 1531 4672 et
1579 4618 1623 4672 si
1654 4633 1759 4672 non
1808 4618 1879 4673 sit
1906 4610 1960 4672 D
1986 4612 2144 4677 bitur,
2179 4613 2213 4665 d
2253 4626 2371 4666 esse
2422 4625 2644 4667 necesse
2671 4621 2775 4679 est,
2811 4618 2867 4665 ut
2906 4611 2951 4666 si
2996 4611 3123 4665 sita
3172 4610 3517 4665 inanimatnm
3542 4650 3559 4677 ,

250 4702 253 4707 λ
297 4722 464 4777 reget,
494 4722 683 4762 sanum
714 4722 834 4763 esse
864 4723 1084 4763 necesse
1111 4719 1195 4764 est
1225 4728 1236 4762 :
1278 4710 1455 4781 itaque
1480 4711 1569 4765 fiet
1599 4718 1654 4765 ιιι
1684 4711 1727 4765 si
1755 4725 1878 4765 cum

300 4798 465 4853 homo
515 4799 614 4865 sit,
669 4814 773 4855 non
808 4801 877 4854 sit
922 4816 1092 4871 aeger,
1144 4817 1264 4855 cum
1310 4803 1380 4857 sit
1427 4803 1757 4869 animatum,
1812 4803 1883 4857 sit

298 4905 488 4947 sanus.
522 4890 680 4947 Sexta
709 4891 999 4961 propositio
1026 4892 1121 4947 bos
1152 4894 1407 4947 terminos
1437 4892 1637 4948 habere
1668 4892 1883 4948 deside-

297 4992 404 5049 rat,
434 4994 547 5036 uta
570 4992 764 5051 praeter
792 4981 841 5048 b,
875 4992 928 5037 et
956 4998 983 5036 c
1014 4982 1207 5052 praeter
1234 4986 1268 5035 ά
1293 4994 1348 5039 et
1375 5000 1496 5039 esse
1525 4994 1579 5039 et
1626 5001 1731 5040 non
1762 4999 1883 5041 esse

252 5148 255 5149 ν
299 5078 492 5148 possit.
522 5078 665 5133 ldem
693 5091 821 5132 vero
846 5093 878 5129 a
903 5087 1098 5148 prmter
1119 5096 1165 5146 c,
1188 5087 1242 5133 et
1272 5079 1305 5132 d
1333 5090 1527 5148 praeter
1554 5080 1604 5146 b,
1633 5093 1757 5134 esse
1778 5095 1882 5135 non

302 5169 491 5240 possit.
524 5168 674 5225 Tunc
699 5172 843 5225 enim
887 5169 1099 5225 eveniet
1130 5180 1183 5225 ιιι
1213 5170 1257 5223 si
1289 5187 1316 5222 (ι
1348 5172 1523 5239 posito
1568 5187 1672 5224 non
1704 5182 1784 5226 est
1819 5173 1879 5241 b,

300 5262 479 5333 posito
504 5277 533 5316 c
554 5277 658 5317 non
682 5261 750 5318 sit
780 5264 834 5331 ά,
863 5271 919 5316 ιιι
949 5260 993 5317 si
1025 5263 1096 5317 sit
1122 5280 1153 5315 a
1185 5263 1365 5329 homo,
1400 5262 1428 5315 b
1458 5263 1679 5328 artifex,
1710 5280 1736 5315 c
1765 5264 1881 5317 ani-

301 5364 525 5422 matum,
550 5355 583 5407 ά
610 5354 869 5423 medicus,
903 5354 1063 5409 homo
1104 5353 1318 5425 quidem
1350 5364 1540 5423 prmter
1571 5355 1880 5421 artificium,

299 5454 354 5499 et
375 5443 665 5499 animatum
686 5459 815 5500 vero
839 5455 1031 5514 praeter
1059 5444 1380 5500 medicinam
1402 5460 1522 5500 esse
1553 5456 1605 5501 et
1633 5462 1738 5500 non
1763 5463 1883 5504 esse
1936 5444 1945 5449 ’

304 5545 509 5606 potest,
551 5550 725 5606 neque
756 5551 883 5591 vero
922 5535 1082 5589 homo
1132 5544 1327 5606 prazter
1356 5535 1646 5590 animatum
1666 5578 1679 5600 ,
1708 5552 1880 5608 neque

252 5642 255 5645 ‘
303 5630 546 5686 medicus
572 5644 768 5700 praeter
808 5627 1088 5684 artificium
1126 5644 1244 5683 esse
1273 5639 1471 5699 potest.
1507 5630 1623 5696 Quo
1656 5630 1710 5683 lit
1754 5641 1809 5683 ut
1837 5631 1882 5686 si
1946 5642 1949 5645 ‘

301 5739 425 5779 cum
459 5723 619 5778 homo
646 5732 760 5788 est,
791 5721 980 5777 artifex
1006 5737 1111 5775 non
1150 5729 1261 5789 est,
1293 5736 1413 5777 cum
1451 5723 1518 5776 sit
1543 5722 1834 5776 animatum
1862 5761 1878 5787 ,

304 5829 411 5870 non
443 5812 515 5869 sit
543 5813 803 5871 medicus.
852 5814 1104 5886 Septima!
1152 5814 1526 5886 pr0positionis
1566 5814 1621 5871 hi
1669 5814 1885 5871 termini

1988 4706 2292 4773 bmedicus,
2320 4724 2343 4760 c
2378 4705 2617 4772 invitale,
2650 4705 2683 4757 ά
2714 4688 2929 4772 artifex,
2967 4704 3315 4759 inanimatum
3346 4702 3563 4774 quidem

1989 4805 2225 4859 medicus
2262 4817 2382 4857 esse
2415 4817 2516 4855 non
2550 4809 2752 4871 potest,
2798 4798 3049 4870 quocirca
3099 4814 3167 4855 ne
3196 4796 3419 4853 invitale
3447 4799 3565 4869 qui-

1987 4895 2106 4950 dem
2144 4893 2335 4949 artifex
2374 4912 2386 4945 :
2426 4892 2518 4948 sed
2552 4892 2693 4961 quod
2735 4891 3085 4946 inanimatnm
3117 4900 3221 4960 est,
3253 4902 3357 4945 non
3388 4895 3566 4959 potest

1990 5004 2092 5041 non
2125 5002 2246 5041 esse
2272 4984 2509 5053 invitale,
2557 4984 2791 5055 itemque
2824 4985 2913 5056 qui
2957 4985 3195 5040 medicus
3224 4993 3305 5039 est
3334 4998 3446 5038 non
3467 4997 3567 5052 po-

1990 5089 2093 5135 test
2135 5094 2239 5134 non
2275 5094 2393 5134 esse
2424 5076 2636 5133 artifex.
2665 5076 2721 5133 Si
2755 5077 2915 5149 igitur
2961 5077 3305 5133 inanimatnm
3343 5087 3566 5147 negetur

1988 5184 2040 5229 et
2066 5173 2329 5229 medicum
2362 5188 2484 5228 esse
2532 5183 2927 5244 consequatur,
2975 5184 3093 5229 cum
3127 5173 3403 5245 negabitur
3448 5188 3566 5227 esse

1989 5268 2225 5335 invitale,
2260 5268 2449 5323 artifex
2478 5283 2597 5322 esse
2628 5268 2997 5337 consequitur.
3020 5266 3348 5323 ‘DuOdecima
3376 5278 3569 5337 prapo-

1987 5360 2109 5415 sitio
2133 5371 2213 5429 est
2245 5375 2401 5431 quam
2427 5361 2622 5416 talibus
2654 5363 2893 5416 terminis
2918 5370 3166 5417 constare
3193 5360 3477 5431 oportebit,
3512 5371 3567 5415 ut

1990 5469 2020 5505 a
2049 5451 2261 5522 quidem
2314 5462 2511 5520 praeter
2541 5453 2591 5517 b,
2630 5461 2683 5505 at
2717 5458 2843 5507 Vero
2875 5454 2902 5504 ὲ
2927 5452 3121 5522 βιωτόν
3152 5452 3189 5504 d
3214 5453 3295 5507 vel
3327 5466 3445 5507 esse
3485 5456 3569 5507 vel

1990 5560 2095 5600 non
2124 5558 2243 5598 esse
2276 5544 2471 5613 possit;
2497 5561 2528 5597 a
2556 5558 2682 5598 vero
2708 5544 2822 5598 sine
2852 5560 2899 5611 ε,
2931 5554 2981 5598 et
3022 5543 3050 5596 lo
3081 5558 3200 5598 cum
3247 5545 3281 5598 ά
3321 5558 3438 5598 esse
3465 5558 3567 5598 non

1992 5636 2216 5706 possint,
2253 5636 2322 5688 ita
2364 5637 2505 5691 enim
2564 5634 2717 5689 cadet
2760 5644 2814 5688 ut
2844 5635 2886 5688 si
2915 5650 2946 5687 a
2978 5644 3191 5703 negato,
3226 5634 3253 5688 b
3280 5644 3563 5707 sequatur,

1992 5743 2017 5778 ε
2046 5736 2255 5797 negato,
2288 5728 2321 5780 ά
2344 5728 2503 5782 etiam
2528 5735 2771 5798 negetur,
2803 5735 2859 5780 ut
2881 5726 2924 5781 si
2952 5726 3112 5781 fuerit
3137 5743 3168 5779 a
3194 5727 3565 5796 inanimatnm,

1996 5820 2023 5871 b
2056 5820 2253 5886 album,
2285 5836 2311 5871 c
2338 5818 2559 5874 invitale
2580 5862 2595 5887 ,
2628 5820 2663 5871 ιι
2692 5819 2931 5890 nigrum,
2968 5818 3315 5876 inanimatnm
3354 5822 3568 5891 quidem
