4064 6336
581 217 677 273 871
1778 209 1889 267 AN.
1929 210 2135 268 MANL.

2248 211 2329 268 iV.
2370 213 2590 270 BOETII
3740 216 3826 273 872

584 331 780 409 prieter
803 336 1003 397 album,
1025 333 1239 389 invitale
1263 340 1440 388 autem
1468 339 1662 402 praeter
1686 330 1896 402 nigrum
1928 332 2011 385 vel
2038 345 2158 386 esse
2187 331 2242 393 Α
2264 332 2364 388 bus
2403 341 2635 400 constet,
2684 333 2883 390 idcirco
2915 334 3033 405 qts'a
3080 336 3226 404 prior
3246 333 3485 391 conditio
3513 349 3619 390 non
3650 345 3734 391 est
3755 352 3827 393 εεα

582 434 665 487 vel
699 448 801 487 non
827 446 947 485 esse
972 436 1165 500 potest.
1198 427 1255 482 Si
1289 437 1467 481 tamen
1499 426 1847 481 inanimatum
1878 425 2037 480 homo
2060 425 2153 494 sit,

581 537 635 581 et
664 528 728 579 sit
762 525 937 578 album
961 562 977 585 ,
1000 538 1123 577 cum
1147 521 1365 575 invitale
1394 535 1501 574 non
1526 518 1614 586 sit,
1653 535 1759 574 non
1785 522 1887 574 erit
1921 519 2152 590 nigrum.

582 618 757 672 Tertia
787 616 993 670 decima
1043 611 1334 683 propositio
1381 610 1467 665 bis
1514 611 1756 666 terminis
1789 610 2154 665 conuectenda

581 720 695 774 est,
730 718 785 763 ut
822 726 852 761 a
881 706 1094 777 quidem
1134 715 1327 776 praeter
1367 705 1418 769 b,
1452 712 1508 759 at
1537 718 1667 759 vero
1693 719 1719 757 ε
1748 713 1943 774 pra:ter
1974 704 2010 757 ά
2034 718 2155 759 εεεε

581 801 777 874 possit,
806 817 840 853 α
877 813 1006 852 vero
1035 778 1196 866 atque
1223 813 1250 850 c
1273 836 1288 862 ,
1317 805 1373 851 et
1403 795 1431 849 b
1458 804 1617 866 atque
1638 795 1673 848 ά
1695 838 1709 862 ,
1734 795 1806 849 ita
1838 795 1993 848 simul
2034 808 2154 851 esse

583 912 685 948 non
718 891 940 961 possint,
976 899 1033 944 ut
1060 889 1107 944 si
1135 890 1361 943 alterum
1388 903 1574 943 eorum
1607 902 1711 942 non
1743 893 1902 942 tuertt
1931 887 2154 943 alterum

580 1002 699 1043 esse
728 998 950 1040 necesse
979 984 1070 1049 sit,
1102 983 1173 1037 ita
1216 996 1444 1052 namque
1475 982 1565 1035 (iet
1615 991 1671 1034 ut
1702 980 1747 1034 si
1787 995 1908 1034 cum
1942 997 1975 1033 a
1997 994 2158 1050 nega-

582 1089 691 1136 tum
713 1080 800 1145 sit,
834 1077 863 1132 b
895 1085 1137 1148 negetur,
1166 1090 1288 1133 cum
1318 1092 1344 1129 ε
1371 1073 1696 1129 afﬁrmatum
1734 1074 1917 1140 fuerit,
1948 1074 1983 1127 τι
2011 1073 2157 1127 affir-

582 1180 773 1239 inetur,
810 1178 867 1223 ut
896 1168 939 1222 si
967 1168 1092 1222 sita
1132 1165 1515 1230 irrationabile,
1545 1165 1572 1219 b
1602 1181 1838 1235 aegrum,
1869 1181 1895 1218 c
1922 1165 2155 1221 rationa-

580 1264 705 1330 bile,
734 1263 767 1316 d
796 1276 1007 1321 sanum.
1040 1258 1412 1315 lrrationabile
1457 1273 1682 1328 namque
1710 1266 1907 1326 praeter
1933 1271 2155 1326 aegrum,

580 1365 635 1411 ct
658 1353 972 1410 rationabile
994 1359 1188 1422 prteter
1210 1350 1493 1418 sanitatem
1517 1363 1636 1404 esse
1656 1357 1851 1417 potest,
1873 1345 2158 1402 irrationa-

580 1448 688 1505 bile
718 1460 845 1501 vero
873 1454 1033 1514 atque
1063 1441 1382 1497 rationabile
1403 1482 1418 1506 ,
1446 1449 1501 1497 et
1542 1456 1743 1510 aegrum
1775 1451 1932 1511 atque
1968 1454 2155 1495 sanum

579 1539 739 1595 simul
764 1552 882 1594 esse
906 1552 1011 1591 non
1036 1522 1287 1606 possunt;
1315 1534 1362 1590 si
1386 1543 1561 1589 tamen
1584 1533 1811 1589 alterum
1835 1548 2019 1588 eorum
2049 1548 2155 1589 non

580 1630 757 1694 fuerit,
789 1630 1013 1684 alterum
1041 1641 1160 1683 esse
1192 1641 1411 1681 necesse
1441 1634 1544 1693 est,
1573 1626 1749 1695 itaque
1776 1626 1833 1681 tit
1868 1635 1925 1679 ut
1948 1626 1990 1681 si
2016 1626 2154 1680 irra-

2262 425 2451 481 cundae
2479 441 2639 481 causa
2666 426 3012 491 conditionis,
3048 426 3149 482 hoc
3176 425 3336 498 igitur
3364 427 3614 498 superius
3643 430 3827 497 posita-

2263 527 2434 575 tarum
2470 519 2894 590 protrositionum
2936 517 3072 575 ratio
3113 520 3465 586 demonstrat,
3496 522 3825 590 quemadmo-

2260 610 2387 665 dum
2416 612 2496 677 tit,
2527 620 2584 665 ut
2628 610 2993 667 conditionem
3022 611 3262 666 conditio
3301 622 3682 682 consequatur.
3713 616 3826 679 Qua:

2261 719 2382 759 cum
2428 705 2499 757 ita
2537 692 2644 757 sint
2688 703 2756 758 de
2799 718 2984 758 earum
3033 703 3317 759 dicendum
3368 714 3452 760 est
3492 705 3822 775 syllogismis.

2263 795 2347 851 Fit
2393 796 2555 864 igitur
2604 810 2672 851 ex
2728 795 2895 865 prima
2930 797 3295 866 propositione
3348 796 3695 868 syllogismus
3740 797 3829 853 hoc

2262 890 2423 943 modo
2466 907 2478 942 :
2521 890 2567 943 si
2616 904 2735 943 cum
2778 897 2862 943 est
2907 905 2969 954 α,
3021 900 3104 945 εει
3152 890 3213 955 b,
3265 904 3388 944 uim
3432 890 3500 945 sit
3538 907 3598 956 c,
3650 900 3736 946 est
3778 894 3825 946 d.

2261 982 2419 1051 Atqui
2451 995 2574 1037 cum
2603 982 2670 1034 sit
2695 997 2754 1047 a,
2781 988 2865 1035 est
2895 980 2945 1047 b,
2979 995 3098 1035 cum
3132 980 3294 1052 igitur
3323 982 3392 1036 sit
3440 998 3490 1045 ε,
3520 981 3620 1037 erit
3663 982 3731 1046 d;
3753 985 3826 1039 vel

2261 1076 2355 1141 ita,
2389 1075 2535 1146 atqui
2565 1089 2685 1130 cum
2715 1076 2785 1130 sit
2809 1092 2857 1141 c,
2890 1090 2994 1130 non
3022 1084 3105 1130 est
3132 1076 3188 1143 ά,
3219 1091 3341 1131 cum
3374 1076 3531 1146 igitur
3557 1077 3625 1131 sit
3652 1090 3704 1143 α,
3735 1093 3826 1133 non

2259 1177 2341 1223 est
2372 1169 2421 1222 ὁ.
2455 1168 2619 1224 Posse
2646 1182 2773 1222 vero
2800 1167 2939 1224 hanc
2968 1182 3092 1223 esse
3128 1170 3551 1240 assumptionem
3592 1186 3675 1237 sui
3696 1171 3829 1225 erius

2260 1260 2523 1331 descripta
2555 1260 2977 1331 propositionum
3009 1270 3199 1315 natura
3223 1260 3577 1317 demonstrat.
3611 1261 3742 1317 Item
3766 1277 3824 1317 ex

2259 1352 2490 1408 secunda
2532 1353 2915 1422 propositione,
2939 1351 2983 1408 si
3005 1367 3129 1407 cum
3154 1360 3241 1408 est
3264 1370 3316 1416 a,
3346 1364 3429 1408 est
3451 1354 3500 1417 b,
3533 1369 3656 1409 cum
3688 1355 3756 1408 sit
3783 1369 3826 1418 c,

2260 1462 2366 1503 non
2397 1455 2480 1502 est
2514 1448 2568 1501 d.
2605 1446 2764 1516 Atqui
2794 1461 2916 1501 cum
2946 1446 3015 1500 sit
3042 1463 3103 1510 a,
3127 1455 3209 1501 est
3232 1444 3281 1515 b,
3312 1459 3432 1499 cum
3481 1445 3645 1515 igitur
3669 1446 3739 1501 sit
3775 1463 3827 1514 ι,

2259 1554 2365 1595 non
2387 1548 2471 1595 est
2510 1540 2576 1603 d;
2605 1538 2689 1593 vel
2722 1539 2815 1604 ita,
2838 1539 2981 1608 atqui
3010 1554 3129 1592 cum
3157 1537 3227 1592 sit
3249 1554 3299 1603 c,
3322 1547 3404 1593 est
3425 1537 3492 1605 ά,
3526 1553 3649 1593 cum
3682 1538 3829 1611 igitur

2259 1632 2328 1685 sit
2355 1647 2407 1697 a,
2450 1644 2555 1684 non
2589 1640 2671 1683 est
2702 1630 2750 1683 b.
2787 1628 2861 1682 Ex
2893 1627 3069 1690 tertia,
3095 1628 3139 1682 si
3162 1642 3282 1682 cum
3313 1628 3384 1682 sit
3424 1645 3477 1697 a,
3507 1638 3591 1684 est
3615 1629 3676 1696 b,
3719 1647 3827 1687 cum

582 1723 823 1780 tionabili
846 1722 1109 1792 denegato
1137 1736 1336 1791 mgrum
1358 1721 1674 1792 denegetur,
1707 1721 1947 1775 rationali
1979 1722 2154 1791 posito
2181 1709 2231 1771 Β
2260 1740 2365 1780 non
2394 1723 2464 1779 sit
2492 1740 2550 1789 c,
2591 1730 2674 1777 est
2711 1722 2765 1774 ά.
2793 1721 2950 1791 Atqui
2997 1736 3117 1775 cum
3140 1721 3209 1776 sit
3246 1740 3298 1789 a,
3330 1732 3413 1777 est
3443 1723 3491 1789 ι,
3516 1738 3639 1777 cum
3683 1723 3831 1794 igitur

526 1830 529 1833 '
580 1831 769 1872 sanum
786 1821 1027 1885 ponatur.
1052 1814 1246 1882 Quarta
1270 1812 1475 1868 decima
1502 1813 1793 1883 propositio
1815 1813 1899 1867 his
1923 1815 2150 1871 texenda

580 1907 833 1963 membris
857 1914 959 1971 est,
986 1913 1094 1959 uta
1116 1903 1330 1974 quidem
1355 1913 1548 1974 prteter
1574 1905 1621 1969 ὁ,
1641 1914 1743 1959 etc
1766 1916 1959 1982 praster
1981 1908 2015 1961 ά
2032 1921 2152 1963 εεεε

582 1998 814 2071 possint,
846 1997 940 2052 sed
964 2014 996 2049 a
1022 2004 1179 2066 atque
1204 2010 1231 2048 c
1260 1995 1415 2049 simul
1441 2010 1561 2051 esse
1592 2011 1697 2050 non
1730 1998 1956 2067 possint,
1988 1996 2059 2055 ita
2095 2007 2153 2054 ut

576 2109 699 2149 cum
726 2092 953 2149 alterum
983 2105 1090 2146 non
1132 2088 1313 2156 fuerit,
1360 2089 1584 2149 alterum
1627 2104 1750 2146 esse
1798 2106 2020 2147 necesse
2048 2091 2148 2158 sit,

578 2188 612 2239 ά
642 2201 767 2241 vero
799 2195 993 2255 praeter
1023 2184 1050 2236 b
1081 2197 1202 2238 85:8
1228 2197 1331 2236 non
1362 2182 1550 2251 possit.
1580 2182 1662 2237 Fit
1690 2182 1850 2253 igitur
1872 2194 1928 2238 ut
1953 2183 1997 2238 si
2028 2200 2149 2240 cum

575 2279 695 2333 sita
715 2276 1055 2346 denegatum,
1084 2274 1112 2329 b
1134 2274 1445 2342 denegetur,
1465 2288 1584 2329 cum
1612 2274 1683 2330 sit
1708 2292 1755 2340 c,
1785 2291 1887 2330 non
1918 2275 1987 2331 sit
2017 2276 2073 2341 d,
2094 2285 2153 2332 ut

576 2368 620 2423 si
642 2368 713 2421 sit
737 2385 769 2421 a
797 2367 1167 2433 inanimatum,
1199 2364 1227 2417 b
1252 2363 1468 2431 artifex,
1514 2380 1541 2417 c
1570 2365 1883 2434 animatum,
1918 2367 1954 2419 ιι
1982 2367 2152 2421 medi-

574 2479 689 2520 cus.
717 2464 1065 2519 lnanimatum
1096 2462 1311 2533 quidem
1337 2472 1532 2532 praeter
1554 2463 1835 2529 artiticcm,
1860 2463 2148 2519 animatum

575 2572 701 2612 vero
730 2566 922 2626 praeter
948 2555 1212 2612 medicum
1257 2570 1381 2611 esse
1408 2564 1607 2626 potest,
1643 2556 1989 2612 inanimatum
2021 2572 2149 2612 vero

571 2664 692 2705 cum
735 2650 971 2704 animato
1002 2663 1106 2703 non
1155 2647 1439 2711 convenit,
1472 2657 1525 2702 et
1554 2637 1899 2703 medicus'ab
1942 2638 2149 2704 arnittCe

571 2741 719 2798 nullo
766 2740 924 2795 modo
969 2749 1268 2812 separatur.
1305 2739 1389 2794 Fit
1420 2738 1579 2811 igitur
1607 2748 1664 2794 ut
1693 2740 1737 2794 si
1764 2755 1885 2794 cum
1929 2755 2034 2795 non
2065 2750 2149 2796 est

574 2833 944 2896 lnanimatum,
978 2848 1085 2887 non
1115 2831 1181 2886 sit
1211 2832 1431 2898 artifex,
1460 2845 1581 2887 cum
1612 2833 1685 2887 sit
1718 2833 2007 2887 animatum
2040 2848 2147 2889 non

572 2929 642 2983 sit
669 2927 925 2982 medicus.
959 2925 1151 2993 Quinta
1180 2924 1386 2979 decima
1430 2925 1729 2995 propositio
1767 2925 1860 2979 lms
1890 2925 2147 2983 terminos

572 3021 768 3076 habere
793 3020 973 3085 debet,
1012 3028 1068 3073 ut
1097 3035 1130 3072 a
1154 3018 1365 3087 quidem
1390 3018 1433 3072 si
1462 3033 1569 3073 non
1592 3019 1679 3086 sit,
1723 3035 1750 3071 c
1773 3034 1880 3073 non
1910 3035 2031 3074 esse
2059 3034 2147 3076 ne-

2258 1832 2365 1872 nou
2388 1816 2459 1873 sit
2485 1832 2533 1881 c,
2557 1822 2641 1870 est
2672 1816 2738 1879 d;
2771 1814 2851 1869 vel
2878 1814 2970 1878 ita,
2993 1814 3137 1883 atqui
3160 1830 3279 1868 cum
3305 1829 3409 1869 non
3437 1816 3505 1869 sit
3534 1833 3582 1880 ε,
3616 1832 3727 1870 non
3753 1826 3830 1872 est

2257 1912 2312 1977 d,
2343 1925 2463 1965 cum
2493 1909 2652 1981 igitur
2672 1910 2814 1976 sita,
2843 1923 2946 1963 non
2973 1918 3054 1964 est
3075 1908 3126 1965 ὁ.
3151 1908 3281 1963 Item
3306 1924 3374 1964 ex
3403 1918 3610 1978 quarta,
3644 1908 3689 1963 si
3715 1924 3828 1965 cum

2256 2004 2326 2059 sit
2352 2018 2407 2068 a,
2438 2008 2521 2057 est
2548 2002 2608 2069 b,
2635 2016 2757 2060 cum
2783 2016 2886 2055 non
2910 2000 2981 2055 sit
3000 2017 3047 2064 ιτ,
3079 2016 3186 2054 non
3208 2009 3290 2055 est
3314 2000 3367 2056 d.
3398 2000 3503 2056 Sed
3532 2015 3656 2055 cum
3684 2001 3751 2054 sit
3777 2018 3829 2070 a,

2256 2108 2340 2153 est
2368 2096 2419 2161 ὸ,
2446 2112 2565 2151 cttm
2613 2095 2774 2166 igitur
2799 2110 2907 2149 non
2936 2095 3005 2149 sit
3033 2111 3081 2163 ε,
3109 2109 3215 2149 non
3249 2104 3331 2149 est
3354 2094 3421 2159 d;
3448 2095 3531 2150 vel
3565 2096 3664 2161 ita,
3694 2098 3831 2165 atqui

2254 2202 2376 2244 cum
2406 2202 2511 2241 non
2538 2186 2609 2241 sit
2639 2202 2688 2251 c,
2722 2194 2805 2240 εει
2834 2186 2898 2249 d,
2929 2200 3047 2240 cum
3090 2185 3249 2255 igitur
3268 2185 3338 2239 sit
3362 2203 3416 2250 a,
3441 2198 3549 2240 non
3570 2194 3658 2241 est
3680 2187 3727 2240 b.
3759 2187 3829 2242 Ex

2254 2277 2442 2346 quinta
2490 2275 2854 2347 propositione
2902 2275 3035 2331 fiunt
3075 2287 3305 2347 quatuor
3333 2276 3714 2345 collectiones,
3765 2280 3829 2333 ita

2257 2382 2488 2438 namque
2516 2366 2727 2421 termini
2771 2376 3159 2436 proponuntur,
3207 2375 3265 2421 ut
3291 2368 3575 2438 utrobique
3603 2371 3695 2423 fiat
3724 2379 3830 2425 rata

2253 2460 2525 2518 conclusio
2563 2459 2663 2515 hoc
2694 2460 2851 2515 modo
2877 2477 2889 2513 :
2916 2446 2963 2515 isi
2994 2474 3116 2515 cum
3144 2469 3225 2515 est
3255 2479 3307 2527 α,
3350 2477 3456 2515 non
3486 2472 3568 2517 est
3612 2460 3663 2525 b,
3713 2478 3825 2517 cum

2253 2556 2319 2609 sit
2343 2570 2389 2621 ε,
2418 2563 2497 2609 εει
2524 2553 2577 2607 d.
2608 2552 2765 2624 Atqui
2791 2567 2910 2607 cum
2940 2554 3009 2607 sit
3037 2570 3089 2618 a,
3121 2568 3227 2607 non
3251 2562 3331 2607 est
3359 2552 3405 2616 b,
3435 2552 3743 2622 cumigitur
3765 2554 3829 2610 sit

2253 2666 2301 2716 τ,
2330 2657 2412 2703 εει
2455 2648 2522 2711 d;
2551 2646 2633 2703 vel
2663 2646 2733 2702 ita
2754 2692 2768 2713 ,
2816 2648 2960 2717 atqui
2988 2661 3107 2701 cum
3136 2648 3282 2711 sita,
3316 2658 3397 2701 est
3434 2649 3484 2711 ὁ,
3515 2661 3638 2701 cum
3678 2648 3829 2716 igitur

2251 2744 2322 2797 sit
2350 2758 2400 2807 ε,
2431 2756 2536 2796 non
2563 2748 2645 2795 est
2669 2740 2735 2804 d;
2767 2741 2849 2795 vel
2877 2740 2946 2795 ita
2966 2779 2983 2806 ,
3012 2741 3157 2811 atqui
3187 2754 3305 2795 cum
3338 2740 3407 2793 sit
3436 2756 3491 2805 c,
3526 2755 3634 2795 non
3662 2750 3744 2796 est
3773 2743 3823 2805 d,

2251 2836 2555 2906 cumigitur
2576 2835 2645 2890 sit
2673 2852 2725 2899 a,
2756 2842 2841 2891 est
2862 2834 2924 2898 b;
2943 2834 3026 2889 vel
3057 2836 3152 2899 ita,
3183 2835 3328 2905 atqui
3348 2849 3468 2889 cum
3492 2836 3563 2889 sit
3589 2851 3640 2900 c,
3664 2846 3745 2890 est
3771 2837 3821 2901 d,

2252 2943 2373 2983 cum
2424 2927 2586 2999 igitur
2612 2927 2681 2983 sit
2706 2945 2770 2992 a,
2802 2942 2905 2982 non
2933 2936 3017 2982 est
3044 2926 3092 2980 ὁ.
3126 2927 3202 2981 Ex
3227 2936 3400 2993 sexta,
3443 2926 3486 2981 si
3508 2942 3631 2982 cum
3657 2936 3737 2983 est
3765 2944 3823 2993 ι,

2251 3035 2356 3075 non
2386 3028 2471 3075 est
2497 3020 2548 3087 ὁ,
2578 3033 2698 3075 cum
2722 3019 2793 3074 sit
2816 3036 2864 3085 ε,
2897 3033 3004 3074 non
3032 3027 3114 3074 est
3135 3017 3190 3072 σι.
3216 3017 3379 3089 Atqui
3403 3034 3522 3074 cum
3549 3020 3697 3085 sita,
3722 3035 3825 3076 non

572 3129 721 3171 cesse
745 3115 838 3179 sit,
866 3113 895 3166 b
928 3126 1056 3168 vero
1082 3120 1243 3182 atque
1287 3111 1321 3164 ά
1345 3111 1467 3168 talia
1507 3112 1636 3178 sint,
1666 3122 1722 3167 ut
1753 3113 1922 3168 altera
1958 3130 2143 3171 eorum
2172 3094 2222 3162 ο
2250 3122 2327 3167 εει
2352 3111 2403 3177 b,
2434 3125 2557 3166 eum
2584 3111 2745 3182 igitur
2767 3111 2836 3165 sit
2857 3127 2907 3176 c,
2936 3126 3040 3165 non
3068 3119 3151 3165 est
3178 3112 3243 3174 d;
3276 3109 3361 3164 vel
3395 3110 3497 3177 ita,
3531 3111 3678 3181 atqui
3706 3125 3825 3167 cum

571 3214 781 3275 negato,
806 3203 1030 3258 alterum
1056 3217 1239 3257 eorum
1270 3217 1391 3259 esse
1431 3218 1650 3259 necesse
1680 3204 1769 3259 sit.
1801 3204 1872 3260 lta
1915 3221 2145 3276 namque

571 3300 660 3353 liet
691 3305 747 3351 ut
768 3296 814 3353 si
843 3306 962 3351 cum
994 3293 1114 3350 sita
1137 3294 1457 3365 denegatum
1504 3298 1531 3350 Ι)
1562 3307 1808 3368 negetur,
1834 3313 1955 3354 cum
1984 3314 2144 3370 nega-

568 3390 713 3446 bitur
737 3406 783 3456 c,
809 3388 1108 3444 affirmetur
1138 3389 1194 3455 Δ,
1225 3397 1283 3444 ιιι
1306 3370 1361 3444 εἷ
1380 3390 1450 3445 sit
1473 3406 1504 3442 (ι
1534 3389 1747 3459 quidem
1789 3390 2098 3448 irrationale
2125 3434 2140 3457 ,

566 3482 596 3536 ὁ
641 3496 851 3544 sanum,
879 3495 906 3533 c
936 3480 1305 3545 lnanimatum,
1339 3480 1375 3533 ά
1401 3495 1599 3550 aegrum
1619 3523 1633 3548 ,
1670 3482 1981 3538 irrationale
2017 3484 2143 3554 qui-

566 3576 686 3631 dem
717 3575 761 3629 si
792 3588 898 3629 non
925 3572 1017 3639 sit,
1064 3586 1168 3628 non
1200 3581 1283 3628 est
1330 3572 1703 3641 inanimatam,
1748 3588 1938 3630 sanum
1979 3576 2139 3630 etiam

563 3675 723 3736 atque
750 3680 950 3736 atgrum
979 3666 1141 3720 simul
1165 3680 1285 3722 esse
1314 3681 1420 3722 non
1463 3676 1703 3732 possunt,
1738 3676 1792 3721 et
1817 3667 1908 3739 qui
1948 3683 2139 3723 sanum

563 3755 836 3826 negaverit
861 3770 1059 3825 aegrum
1088 3771 1306 3813 necesse
1334 3766 1417 3813 est
1442 3756 1672 3813 affirmet
1692 3798 1705 3821 ,
1740 3758 1973 3829 itemque
2004 3774 2035 3815 ε
2057 3759 2140 3815 di-

562 3857 873 3911 verso;est
907 3847 1065 3919 igitur
1111 3856 1167 3902 ut
1201 3848 1247 3903 si
1291 3859 1481 3919 negato
1521 3850 1874 3905 irratmnabili
1915 3861 2140 3923 negetur

560 3949 775 4008 Sanum,
805 3950 995 4010 negato
1018 3940 1310 3996 inanimato
1338 3957 1540 4014 aegrum
1573 3951 1824 4013 ponatur.
1853 3942 2019 3999 Sexta
2038 3944 2139 4001 de-

560 4032 697 4087 cima
749 4032 1040 4101 propositio
1077 4042 1160 4089 est
1185 4048 1304 4104 quas
1353 4033 1435 4089 his
1467 4034 1711 4090 terminis
1740 4045 1975 4103 constat,
2020 4047 2140 4093 uta

560 4123 772 4195 quidem
802 4133 995 4195 praeter
1020 4142 1067 4190 c,
1093 4134 1147 4180 at
1176 4141 1305 4183 vero
1330 4127 1364 4180 ά
1392 4137 1587 4197 praeter
1610 4130 1640 4182 b
1665 4144 1785 4186 esse
1806 4145 1911 4186 non
1943 4131 2134 4202 possit,

556 4236 592 4274 a
617 4233 746 4273 vero
771 4232 891 4272 cum
917 4218 967 4284 b,
998 4229 1051 4273 et
1079 4234 1106 4271 c
1144 4233 1265 4274 cum
1293 4220 1359 4285 ά,
1382 4235 1501 4277 εεεε
1529 4220 1676 4277 nullo
1720 4224 1880 4279 modo
1912 4234 2132 4294 queant.

562 4309 752 4366 Evenit
778 4309 935 4378 igitur
955 4319 1011 4364 ut
1033 4311 1077 4365 si
1108 4327 1143 4364 α
1167 4310 1384 4381 quidem
1414 4322 1625 4383 negato,
1660 4315 1939 4384 negabitur
1962 4316 2010 4383 b,
2042 4315 2136 4371 de-

557 4411 752 4472 negato
772 4416 799 4455 c
817 4404 1075 4456 terminus
1101 4402 1135 4455 ά
1157 4402 1439 4467 abnuatur,
1465 4415 1518 4457 ut
1542 4405 1588 4459 si
1613 4405 1731 4459 sita
1754 4406 2129 4477 inanimatum,

2249 3206 2317 3260 sit
2339 3220 2388 3271 c,
2422 3219 2526 3260 non
2553 3214 2635 3259 εει
2663 3205 2716 3258 d.
2747 3203 2878 3258 Cum
2925 3204 3085 3274 igitur
3110 3206 3268 3269 sita,
3300 3213 3382 3257 est
3408 3205 3457 3260 ὸ.
3494 3204 3572 3260 Ex
3599 3206 3824 3276 septima

2249 3298 2375 3354 item
2410 3297 2541 3352 fiunt
2570 3305 2797 3367 quatuor
2820 3296 3111 3368 syllogismi
3141 3297 3243 3351 hoc
3272 3296 3430 3353 modo
3450 3339 3466 3364 ,
3495 3298 3540 3351 si
3578 3313 3700 3353 cum
3744 3307 3825 3355 est

2246 3406 2298 3456 α,
2328 3405 2433 3444 non
2454 3398 2539 3444 cst
2580 3388 2629 3454 ὁ,
2658 3403 2779 3443 cum
2810 3402 2915 3443 non
2956 3389 3025 3443 sit
3054 3404 3105 3455 ε,
3128 3396 3213 3444 εει
3231 3388 3285 3442 d.
3318 3388 3476 3459 Atqui
3505 3404 3628 3443 cum
3656 3398 3740 3445 est
3766 3406 3817 3453 tt,

2247 3498 2351 3536 non
2374 3489 2458 3536 est
2484 3481 2535 3548 ὁ,
2572 3495 2691 3535 cum
2737 3478 2896 3550 igitur
2926 3495 3029 3534 non
3058 3479 3127 3534 sit
3156 3496 3203 3547 ε,
3233 3489 3317 3535 εει
3338 3480 3407 3544 d;
3434 3481 3520 3534 vel
3550 3481 3646 3546 ita,
3675 3478 3823 3551 atqui

2245 3588 2367 3629 cum
2398 3575 2469 3629 sit
2494 3591 2546 3642 (ι,
2577 3582 2659 3629 εει
2686 3573 2737 3640 b,
2763 3587 2883 3627 cum
2916 3572 3076 3642 igitur
3097 3587 3201 3628 non
3224 3574 3293 3628 sit
3320 3588 3369 3639 ε,
3406 3587 3513 3628 non
3537 3582 3623 3629 est
3650 3575 3718 3640 d;
3739 3571 3822 3629 vel

2247 3666 2341 3733 ita,
2366 3667 2511 3736 atqui
2542 3680 2663 3720 cum
2698 3678 2801 3718 non
2828 3663 2897 3718 sit
2925 3680 2972 3731 ε,
3007 3679 3110 3719 non
3149 3674 3231 3719 est
3261 3665 3317 3729 d,
3339 3680 3467 3727 cum.
3489 3662 3655 3734 igitur
3673 3666 3748 3720 sit
3769 3681 3822 3730 α,

2245 3768 2328 3813 εει
2353 3760 2414 3824 b;
2442 3758 2527 3812 vel
2557 3756 2648 3824 ita,
2680 3756 2826 3827 atqui
2856 3770 2975 3810 cum
3010 3771 3115 3810 non
3142 3756 3213 3811 sit
3237 3771 3287 3824 ε,
3318 3757 3474 3821 estd,
3501 3770 3628 3811 cum
3665 3755 3825 3825 igitur

2245 3868 2278 3906 a
2302 3851 2392 3917 sit,
2417 3865 2523 3905 non
2552 3858 2638 3906 est
2663 3849 2709 3903 b.
2758 3848 2831 3904 Ev
2865 3857 3054 3904 octava
3083 3849 3470 3919 propositione,
3503 3847 3549 3902 si
3578 3863 3701 3903 cum
3742 3856 3824 3903 est

2242 3960 2292 4010 a,
2319 3956 2423 3998 non
2454 3950 2537 3996 cst
2558 3941 2607 4008 ὁ,
2639 3955 2762 3996 cum
2791 3955 2897 3995 non
2926 3940 2997 3995 sit
3023 3956 3070 4004 c,
3101 3955 3207 3994 non
3229 3949 3311 3996 est
3336 3942 3390 3995 d.
3417 3940 3576 4010 Atqui
3602 3955 3726 3995 cum
3754 3938 3823 3995 sit

2242 4052 2295 4103 a,
2323 4050 2427 4091 non
2449 4045 2531 4089 est
2554 4035 2603 4099 b,
2627 4048 2748 4088 cum
2772 4033 2931 4104 igitur
2951 4047 3056 4087 non
3080 4030 3149 4086 sit
3170 4048 3217 4098 c,
3241 4039 3323 4087 est
3346 4032 3380 4084 ά
3395 4047 3415 4096 ;
3435 4031 3521 4087 vel
3554 4032 3649 4096 ita,
3667 4035 3819 4111 atqui

2241 4144 2362 4185 cum
2393 4143 2497 4183 non
2521 4128 2590 4184 sit
2611 4144 2656 4193 ε,
2682 4135 2764 4182 εει
2785 4127 2839 4190 ιι,
2864 4140 2986 4180 cum
3014 4124 3174 4194 igitur
3194 4125 3262 4179 sit
3286 4140 3337 4187 a,
3361 4132 3445 4179 εει
3466 4124 3514 4177 b.
3548 4124 3821 4181 Hactenus

2240 4222 2455 4294 quidem
2484 4236 2552 4276 ex
2592 4218 2897 4291 ltujusmodi
2942 4218 3436 4289 propositionibus,
3467 4233 3587 4289 qua:
3626 4236 3660 4271 α
3702 4234 3823 4275 esse

2240 4315 2638 4389 proponebant,
2672 4321 2831 4383 atque
2858 4312 2929 4366 ita
2956 4319 3182 4367 caeteros
3211 4311 3470 4365 terminos
3498 4309 3821 4365 afﬁrmando

2240 4411 2591 4483 negandoque
2617 4406 2916 4471 variabant,
2948 4403 3280 4459 ostendimus
3308 4403 3396 4473 qui
3424 4401 3616 4458 ﬁerent
3649 4403 3820 4475 syllo-

556 4494 584 4547 b
613 4493 821 4559 artifex,
850 4509 877 4546 c
906 4493 1144 4559 invitale,
1189 4494 1223 4547 ά
1262 4494 1536 4560 medicus;
1584 4495 1937 4552 inanimatam
1968 4498 2132 4569 igitur
2160 4478 2213 4541 Ῐ)
2236 4478 2416 4573 gisini.
2440 4478 2589 4555 Nunc
2604 4514 2666 4552 ex
2698 4497 2780 4552 his
2801 4495 3253 4568 propositionibus
3276 4494 3491 4565 quinam
3516 4494 3820 4567 syllogismi

557 4592 749 4654 praeter
779 4583 993 4640 invitale
1023 4592 1077 4639 et
1106 4583 1346 4640 medicus
1374 4593 1570 4653 praeter
1586 4588 1849 4642 artificem
1876 4604 1997 4644 esse
2022 4605 2130 4646 non

556 4686 751 4749 potest,
772 4677 1118 4735 inanimatum
1149 4693 1276 4732 vero
1303 4692 1423 4733 cum
1444 4678 1657 4736 artiﬁce
1677 4687 1732 4734 et
1766 4681 1978 4736 invitale
2007 4697 2128 4739 cum

554 4769 761 4827 medico
790 4784 911 4827 esse
938 4785 1044 4825 nou
1072 4769 1285 4841 poterit.
1312 4768 1367 4824 Si
1399 4768 1580 4839 igitur,
1617 4781 1812 4839 negato
1836 4772 2130 4829 inanimato

528 4874 776 4938 negetur
817 4864 1037 4930 artifex,
1087 4874 1280 4934 negato
1327 4865 1532 4919 invitali
1589 4875 1819 4935 negetur
1867 4866 2129 4924 medicus.

551 4961 723 5029 Atque
742 4959 857 5013 haec
886 4955 1099 5026 quidem
1123 4957 1255 5010 ratio
1288 4957 1739 5026 propositionum,
1777 4973 2004 5027 quarum
2034 4975 2125 5014 su-

550 5055 729 5123 perius
752 5051 993 5120 exempla
1021 5048 1427 5119 descripsimus,
1462 5049 1667 5105 ideirco
1691 5050 2014 5120 intelligatur
2041 5066 2127 5106 as-

547 5153 778 5214 sumpta,
805 5152 861 5197 ut
883 5156 1066 5197 earmn
1104 5147 1289 5195 natura
1320 5142 1665 5209 claresceret,
1702 5158 1808 5197 non
1833 5158 1939 5213 quo
1969 5143 2126 5198 aliter

546 5238 723 5291 inesse
752 5232 965 5289 termini
988 5247 1109 5288 esse
1149 5248 1253 5287 nou
1296 5235 1521 5303 possint.
1556 5234 1689 5290 Nam
1716 5275 1731 5301 ,
1780 5245 1837 5290 ut
1880 5236 2126 5305 superius

544 5331 741 5387 dictum
774 5339 879 5395 est,
909 5342 1015 5383 non
1061 5327 1259 5383 sufficit
1295 5329 1539 5399 quolibet
1574 5329 1736 5383 modo
1760 5330 1989 5399 iungere
2020 5340 2127 5384 ter-

544 5424 739 5490 minos,
775 5433 826 5477 ut
872 5422 999 5477 tiant
1021 5421 1381 5492 hypetheticaa
1410 5422 1806 5491 propositiones
1826 5437 1892 5477 ex
1915 5421 2123 5478 duabus

542 5514 989 5569 conditionalibus
1017 5514 1333 5586 conjugatae.
1377 5515 1492 5568 Non
1538 5514 1681 5569 enim
1710 5514 1756 5568 si
1784 5515 1906 5583 quis
1937 5514 2119 5580 dicat,

542 5606 587 5658 si
618 5618 740 5657 cum
770 5603 926 5657 homo
957 5614 1067 5668 est,
1114 5605 1311 5657 animal
1338 5613 1448 5671 est,
1494 5620 1617 5659 cum
1648 5604 1765 5658 dies
1794 5613 1908 5667 est,
1942 5604 2118 5672 lucet,

545 5694 703 5749 talum
734 5688 917 5749 fecerit
956 5686 1374 5762 propositionem
1417 5708 1534 5763 qua:
1562 5689 1767 5751 duabus
1792 5695 2123 5753 conditioni-

2239 4596 2369 4649 liant
2386 4589 2668 4647 dicendum
2691 4598 2794 4658 est,
2813 4604 2931 4659 qua:
2958 4588 3030 4643 ita
3052 4596 3279 4643 caeteros
3302 4586 3558 4642 terminos
3579 4588 3819 4654 variant,

2237 4695 2295 4740 ut
2351 4703 2381 4739 α
2424 4684 2637 4754 quidem
2686 4697 2790 4737 non
2826 4697 2948 4737 esse
2988 4691 3308 4752 proponant.
3345 4680 3425 4736 Ex
3483 4696 3624 4735 nona
3673 4683 3818 4738 enim

2239 4776 2603 4846 propositime
2651 4774 2709 4829 fit
2736 4773 3076 4845 syllogismus
3118 4773 3222 4838 ita,
3263 4773 3454 4837 si,cum
3485 4788 3591 4828 non
3623 4785 3709 4827 est
3752 4792 3817 4841 α,

2236 4877 2320 4923 εει
2348 4868 2399 4935 b,
2432 4882 2552 4921 cum
2584 4865 2719 4930 sitc,
2747 4874 2830 4920 εει
2861 4866 2917 4918 d.
2950 4865 3107 4937 Atqui
3146 4880 3268 4921 cum
3296 4881 3403 4920 non
3439 4865 3511 4920 sit
3558 4883 3609 4930 a,
3642 4876 3727 4922 est
3757 4868 3817 4933 ὸ,

2234 4976 2353 5017 cum
2386 4960 2543 5031 igitur
2572 4959 2639 5013 sit
2660 4974 2708 5024 c,
2734 4967 2817 5012 εει
2845 4956 2913 5023 d;
2934 4957 3016 5011 vel
3061 4959 3155 5023 ita,
3182 4957 3325 5028 atqui
3357 4972 3475 5012 cum
3504 4958 3573 5012 sit
3596 4975 3659 5022 ε,
3705 4973 3814 5014 non

2232 5070 2315 5115 est
2357 5061 2425 5128 ά,
2476 5073 2596 5114 cum
2639 5057 2798 5128 igitur
2849 5072 2952 5110 non
3001 5056 3071 5112 sit
3114 5072 3185 5122 α,
3217 5071 3320 5110 non
3346 5067 3430 5110 est
3460 5057 3509 5111 b.
3556 5056 3686 5113 Item
3747 5074 3816 5114 ex

2232 5152 2461 5215 decima,
2495 5150 2539 5205 si
2569 5163 2689 5205 cum
2722 5163 2827 5203 non
2855 5157 2936 5204 est
2965 5164 3015 5211 a,
3045 5157 3127 5202 est
3154 5147 3183 5201 b
3202 5188 3218 5213 ,
3250 5162 3368 5203 cum
3397 5148 3466 5201 sit
3490 5164 3538 5217 ε,
3575 5165 3679 5203 non
3730 5158 3818 5206 est

2234 5246 2287 5299 d.
2319 5244 2475 5312 Atqui
2503 5258 2621 5297 cum
2656 5256 2759 5295 non
2783 5250 2935 5307 csta,
2969 5250 3051 5296 est
3072 5241 3123 5305 b,
3155 5256 3276 5294 cum
3309 5240 3469 5310 igitur
3496 5242 3568 5296 sit
3596 5259 3654 5311 c,
3700 5258 3812 5298 non

2233 5347 2317 5394 est
2342 5340 2409 5402 d;
2438 5338 2518 5392 vel
2551 5336 2645 5400 ita,
2678 5336 2821 5405 atqui
2851 5350 2970 5390 cum
3003 5334 3071 5390 sit
3092 5351 3143 5400 c,
3166 5342 3247 5389 εει
3268 5336 3322 5402 d,
3356 5350 3474 5388 cum
3507 5334 3672 5404 igitur
3702 5349 3811 5390 non

2229 5429 2295 5482 sit
2324 5445 2377 5491 a,
2410 5445 2513 5482 non
2537 5437 2620 5482 est
2643 5427 2692 5481 ὁ.
2720 5425 2793 5480 Ex
2828 5425 3133 5492 undecima,
3157 5429 3199 5480 si
3233 5441 3354 5481 cum
3386 5440 3492 5481 non
3521 5436 3603 5481 est
3630 5444 3692 5492 a,
3727 5434 3815 5482 est

2228 5517 2278 5583 ὁ,
2300 5533 2419 5571 cum
2444 5532 2547 5571 non
2588 5518 2657 5572 sit
2685 5534 2742 5585 c,
2775 5527 2858 5571 εει
2886 5517 2940 5571 d.
2976 5517 3134 5586 Atqui
3166 5531 3287 5571 curn
3332 5532 3437 5571 non
3459 5516 3608 5585 sita,
3639 5527 3725 5572 εει
3756 5519 3807 5581 b,

2226 5625 2346 5665 cum
2378 5609 2536 5685 igitur
2575 5624 2680 5663 non
2708 5610 2778 5663 sit
2812 5626 2859 5672 c,
2891 5617 2972 5663 est
3000 5607 3067 5674 d;
3101 5608 3185 5663 vel
3207 5607 3278 5664 ita
3300 5648 3315 5673 ,
3346 5616 3403 5663 at
3429 5622 3550 5663 cum
3592 5623 3702 5662 non
3734 5609 3807 5661 sit

2226 5713 2274 5767 ε,
2326 5716 2431 5756 non
2482 5709 2566 5755 est
2592 5701 2651 5763 ά,
2692 5713 2812 5755 cum
2853 5699 3010 5770 igitur
3050 5714 3153 5754 nou
3196 5700 3339 5765 sita,
3371 5713 3475 5755 non
3514 5706 3599 5753 est
3640 5700 3692 5752 ὁ.
3723 5695 3803 5752 Es
