4056 6330
220 344 322 399 875

1323 344 1408 401 DE
1443 341 1869 401 εγιιοειειιο
1910 339 2407 399 ιιγρυτιιετιεο.

3394 343 3495 397 874

217 455 558 523 dnodeclma,
591 455 637 512 si
665 469 791 513 cum
817 469 923 513 non
968 459 1041 514 sit
1074 474 1137 526 ι,
1169 466 1253 514 εει
1277 458 1331 526 b,
1358 473 1478 515 cum
1507 474 1616 514 non
1647 468 1717 514 stt
1739 475 1798 526 c,
1827 465 1880 527 Α
1903 472 1951 525 c,
1974 472 2078 511 non
2112 469 2194 511 est
2238 463 2271 509 ά
2293 499 2309 525 ,
2340 470 2460 511 cum
2510 457 2670 526 igitur
2695 469 2801 511 non
2842 457 2912 510 sit
2937 472 2991 520 a,
3033 463 3118 510 est
3158 473 3219 520 o;
3250 457 3337 512 vel
3383 457 3455 513 ita
3477 501 3493 521 ,

221 564 328 604 non
355 559 437 605 est
464 549 520 619 d,
549 551 696 619 atqui
716 563 837 607 cum
867 567 973 608 non
1003 553 1075 608 sit
1096 569 1149 620 α,
1177 559 1263 609 est
1279 554 1334 620 ι,
1357 553 1664 625 cumigitur
1690 569 1798 610 non

219 643 292 698 sit
339 659 388 708 c,
420 657 526 699 non
554 655 636 701 est
657 646 722 710 d;
745 646 830 703 vel
859 647 954 716 ita,
983 648 1130 718 atqui
1158 665 1280 706 cum
1313 665 1420 705 non
1449 650 1518 706 sit
1536 667 1584 718 c,
1617 660 1700 706 est
1751 650 1808 718 ά,

219 747 342 790 eum
368 736 528 807 igitur
559 749 665 792 non
697 738 765 792 sit
792 755 844 802 a,
889 754 994 794 non
1041 750 1125 797 est
1162 741 1212 796 ὁ.
1253 740 1332 796 Ex
1375 742 1531 798 tertia
1562 741 1809 810 decima,

221 841 341 898 qua
368 839 597 898 quatuor
627 831 831 901 Colligit
852 832 1197 902 syllogismos
1225 834 1327 890 hoc
1359 835 1519 890 modo
1550 851 1566 890 :
1601 834 1646 891 si
1683 849 1808 891 cum

221 933 329 975 non
381 930 462 976 est
499 938 553 988 a,
600 938 705 977 non
751 931 834 980 est
859 926 910 990 ὁ,
943 940 1064 980 cum
1094 927 1166 982 sit
1203 943 1261 994 c,
1291 937 1371 982 est
1393 927 1448 982 ά.
1487 915 1646 999 Atqui
1687 943 1809 985 cum

222 1027 332 1068 non
361 1015 432 1069 sit
459 1031 512 1079 a,
539 1029 644 1070 non
675 1026 756 1071 est
787 1017 838 1085 b,
864 1033 984 1072 cum
1010 1018 1080 1072 sit
1101 1034 1152 1082 c,
1180 1027 1264 1073 est
1283 1019 1350 1085 d;
1375 1019 1460 1075 vel
1507 1020 1610 1086 ita,
1661 1020 1808 1091 atqui

225 1122 349 1164 cu.n
385 1124 488 1164 nou
519 1109 589 1164 sit
618 1127 670 1173 a,
693 1119 776 1165 est
805 1113 854 1172 ὁ.
887 1111 1192 1181 cumigitur
1219 1114 1288 1166 sit
1308 1129 1365 1177 c,
1398 1127 1503 1168 non
1533 1111 1703 1179 estd;
1726 1112 1812 1168 vel

223 1201 319 1268 ita,
343 1202 491 1273 atqui
518 1217 639 1256 cum
670 1205 739 1258 sit
768 1220 816 1270 ε,
851 1215 935 1259 εει
963 1206 1018 1267 d,
1044 1220 1164 1260 cum
1192 1205 1356 1275 igitur
1381 1221 1485 1261 non
1513 1206 1584 1263 sit
1613 1223 1667 1271 a,
1700 1223 1808 1264 non

225 1306 310 1351 est
335 1295 399 1360 ὸς
430 1295 512 1350 vel
547 1296 638 1360 ita,
666 1297 811 1362 alqui
839 1313 957 1352 cum
993 1298 1065 1352 sit
1093 1315 1140 1363 ε,
1167 1312 1272 1353 non
1302 1310 1385 1355 est
1415 1301 1473 1364 ά,
1500 1302 1810 1370 cumigitur

225 1401 333 1442 non
361 1388 428 1442 sit
452 1403 504 1451 ιι,
537 1397 621 1442 εει
647 1386 694 1441 b.
729 1387 860 1443 Item
895 1404 963 1444 ex
994 1389 1445 1459 quartadecima,
1473 1389 1518 1445 si
1547 1406 1668 1444 cum
1702 1406 1809 1447 non

225 1489 306 1535 εει
334 1496 400 1541 a,
451 1493 556 1533 non
587 1489 668 1534 cst
709 1478 760 1543 ὁ,
791 1496 910 1535 cum
955 1483 1023 1536 sit
1050 1497 1098 1547 ο,
1133 1498 1240 1536 non
1269 1492 1349 1538 est
1383 1483 1434 1537 d.
1484 1482 1644 1552 Atqui
1688 1498 1810 1537 cum

225 1584 333 1626 non
354 1580 437 1626 est
457 1587 510 1636 α,
543 1583 650 1625 non
677 1580 760 1626 est
790 1571 839 1639 ὁ,
861 1586 982 1627 cum
1009 1572 1168 1644 igitur
1193 1575 1261 1628 sit
1292 1589 1338 1639 c,
1376 1589 1481 1628 non
1521 1584 1602 1629 est
1637 1573 1706 1640 d;
1730 1573 1814 1629 vel

226 1659 322 1728 ita,
353 1663 497 1736 atqui
520 1679 642 1720 cum
666 1667 904 1730 sitc,cst
925 1667 978 1724 ά.
998 1683 1120 1722 cum
1149 1667 1313 1738 igitur
1334 1686 1438 1724 non
1469 1669 1539 1724 sit
1570 1685 1623 1736 α,
1650 1678 1732 1724 εει
1759 1668 1808 1721 b.

227 1752 422 1823 Quinta
475 1755 681 1812 decima
715 1773 898 1814 rursm
925 1768 1155 1830 quatuor
1181 1759 1387 1830 colligit
1428 1761 1769 1831 syllogismos
1793 1802 1809 1826 ,

1915 551 2059 621 atqui
2081 565 2202 604 cum
2231 563 2336 604 non
2366 550 2437 604 sit
2457 566 2507 613 c,
2536 558 2620 605 est
2642 548 2700 616 ά,
2726 563 2846 603 cum
2872 547 3031 618 igitur
3056 564 3162 603 non
3202 549 3272 604 sit
3300 567 3350 617 α,
3387 567 3495 605 non

1914 654 1994 701 εει
2026 643 2075 696 ό.
2114 643 2190 697 Ex
2241 651 2392 697 sexta
2416 641 2622 698 decima
2652 643 3018 712 propositione
3045 659 3057 694 :
3083 642 3126 695 si
3149 656 3269 698 eum
3299 659 3402 700 non
3428 648 3500 700 sit

1915 755 1970 804 α,
1997 753 2102 793 non
2119 746 2200 793 est
2225 735 2276 802 ὸ,
2304 752 2425 791 cum
2443 752 2550 792 non
2577 736 2646 791 sit
2671 754 2719 803 ε,
2747 753 2852 791 non
2876 746 2958 792 est
2983 737 3035 791 d.
3059 736 3217 806 Atqui
3243 751 3361 791 cum
3391 753 3500 793 non

1916 834 1985 888 sit
2016 849 2071 897 a,
2104 847 2208 887 non
2240 840 2322 887 est
2345 832 2397 898 b,
2427 847 2548 886 cum
2580 831 2739 903 igitur
2769 849 2874 886 non
2905 833 2973 888 sit
2995 849 3041 896 c,
3073 848 3178 888 non
3200 843 3283 887 est
3311 833 3381 898 d;
3411 834 3498 888 vel

1916 923 2010 994 ita,
2045 923 2191 990 atqui
2219 937 2340 978 cum
2369 938 2477 977 non
2505 922 2575 977 sit
2605 939 2652 988 c,
2681 933 2764 978 est
2793 924 2849 978 τι.
2877 922 3008 978 Cum
3033 923 3191 993 igitur
3213 938 3317 979 non
3349 925 3418 978 sit
3445 942 3499 990 α,

1915 1027 1997 1072 εει
2024 1017 2074 1069 b.
2121 1015 2194 1068 Ex
2229 1014 2423 1082 quibus
2447 1015 2699 1069 omnibus
2726 1015 3072 1086 quadraginta
3122 1019 3500 1073 conclusiones
3542 1026 3549 1033 '

1916 1107 2069 1165 ﬁunt.
2102 1107 2347 1164 Sedecim
2380 1109 2596 1178 quidem
2639 1098 2908 1176 assumpta
2949 1108 3114 1175 prima
3156 1108 3501 1170 conditione.

1917 1202 1987 1256 ita
2011 1210 2071 1255 ut
2103 1202 2153 1255 in
2186 1201 2356 1271 prima
2381 1201 2750 1271 propositione
2779 1214 2862 1254 εει
2885 1201 3079 1267 posita.
3104 1198 3350 1256 Sedecim
3373 1217 3502 1256 vero

1917 1304 2192 1361 assumpta
2233 1294 2463 1347 secunda
2498 1291 2805 1346 conditione
2849 1293 3118 1346 contrario
3159 1292 3316 1346 ntodo
3342 1301 3503 1361 atque

1917 1386 1971 1441 in
2004 1385 2371 1456 pr0positione
2412 1393 2496 1440 est
2526 1385 2808 1439 collocata.
2860 1382 2993 1439 Octo
3027 1399 3155 1439 vero
3191 1398 3257 1438 ex
3284 1383 3500 1454 quinta.

1918 1481 2146 1549 septima
2169 1521 2185 1545 ,
2218 1479 2372 1534 tertia
2404 1478 2607 1534 decima
2639 1489 2691 1532 et
2721 1477 2905 1546 quinta
2936 1476 3144 1532 decima
3176 1477 3501 1545 propositio~

1919 1572 2075 1627 nibus
2122 1572 2252 1626 fiunt
2299 1573 2590 1641 assumptis
2639 1571 2824 1641 primis
2847 1570 3064 1642 quidem
3099 1569 3500 1627 conditionibus

1918 1668 2188 1724 contrario
2210 1667 2390 1730 modo.
2418 1676 2578 1737 atque
2604 1666 2655 1721 in
2679 1666 3046 1737 prepositione
3071 1663 3500 1732 proferebantur,

1919 1759 2171 1817 secuuds
2200 1775 2330 1815 vero
2358 1759 2758 1816 conditionibus
2783 1758 2974 1815 eodem
3005 1756 3165 1812 modo
3187 1755 3502 1824 assumptis,

228 1844 331 1902 hoc
356 1847 514 1903 modo
543 1866 556 1902 :
588 1849 631 1903 si
656 1865 775 1905 cum
799 1865 906 1904 non
935 1858 1021 1905 est
1047 1868 1101 1916 ιι,
1126 1867 1232 1906 non
1260 1862 1344 1906 εει
1371 1852 1420 1912 b.
1454 1867 1576 1906 cum
1607 1868 1710 1906 non
1744 1852 1812 1906 sit
1845 1864 1894 1926 Β
1922 1861 1983 1908 ut
2009 1854 2060 1906 in
2089 1851 2454 1923 propositione
2502 1853 2712 1908 fut-rant
2758 1852 3056 1907 collocatr.
3089 1848 3160 1906 Ut
3204 1848 3362 1924 igitur
3389 1861 3501 1902 om-

229 1953 276 2008 s,
309 1950 391 1996 εει
417 1942 471 1995 d.
505 1943 663 2013 Atqui
692 1958 812 1997 cum
837 1957 944 1998 non
973 1944 1045 1998 sit
1070 1961 1135 2010 α,
1163 1959 1267 1998 ron
1299 1952 1382 2000 est
1407 1945 1458 2010 ὸ,
1480 1959 1601 1998 cum
1647 1944 1812 2015 igitur

235 2046 333 2088 Ion
354 2033 425 2089 sit
465 2050 516 2099 ε,
548 2045 629 2090 εει
653 2035 716 2099 tl,-
743 2035 824 2090 vel
848 2036 919 2091 ita
941 2075 957 2101 ,
999 2036 1146 2106 atqui
1174 2051 1297 2090 cum
1329 2052 1434 2090 non
1457 2037 1526 2092 sit
1555 2053 1615 2102 a,
1649 2048 1728 2092 est
1759 2037 1810 2105 b,

241 2136 347 2184 nim
373 2128 530 2199 igitur
556 2143 660 2183 non
687 2130 756 2182 sit
777 2145 825 2192 ε.
855 2139 937 2184 εει
958 2130 1025 2193 d;
1056 2129 1139 2184 vcl
1169 2131 1262 2195 ita,
1295 2130 1440 2207 atqui
1464 2144 1586 2186 cum
1614 2148 1716 2184 non
1745 2133 1816 2187 sit

1923 1947 2067 2001 nium
2092 1946 2518 2014 propositionum
2536 1947 3045 2014 conclusionumque
3060 1945 3197 1999 ratio
3217 1943 3502 2008 clarescat,

1922 2049 2111 2091 omnes
2143 2035 2446 2106 lmiusmodi
2471 2035 2868 2093 enuntiationes
2898 2049 3021 2092 cum
3055 2033 3286 2106 propriis
3311 2047 3503 2104 propo-

1923 2134 2129 2189 suimus
2156 2132 2436 2203 exemplis.

449 2221 506 2296 Si
535 2236 656 2277 cum
685 2222 754 2278 sit
781 2240 812 2276 a
843 2223 1034 2285 homo,
1057 2232 1140 2278 est
1170 2223 1197 2275 b
1220 2222 1480 2288 medicus,
1513 2237 1634 2277 cum
1667 2223 1738 2278 sit
1770 2239 1795 2276 c
1822 2222 2150 2290 animatum,
2176 2235 2259 2280 est
2289 2227 2323 2280 d
2350 2224 2560 2281 artifex.

444 2312 499 2368 Si
521 2325 640 2367 cum
659 2314 729 2368 sit
756 2331 788 2368 a
818 2312 1002 2379 homo,
1031 2322 1114 2368 est
1143 2313 1172 2366 ὑ
1195 2314 1368 2384 niger,
1400 2331 1520 2368 cum
1552 2317 1620 2369 sit
1645 2331 1672 2368 c
1702 2315 1991 2381 animatus,
2021 2333 2128 2372 non
2158 2327 2240 2372 est
2267 2318 2302 2370 d
2331 2318 2507 2374 allnus.

446 2402 499 2459 Si
526 2418 645 2459 cum
674 2405 744 2460 sit
787 2423 817 2458 a
847 2409 1161 2468 animatum,
1192 2416 1276 2459 est
1301 2406 1328 2458 ὁ
1352 2406 1614 2468 medicus,
1642 2421 1762 2462 cum
1793 2423 1900 2463 non
1932 2408 2000 2463 sit
2021 2425 2048 2461 c
2080 2409 2450 2477 inanimatum,
2484 2419 2568 2465 est
2596 2411 2630 2462 ά
2657 2411 2867 2467 artifex.

448 2495 503 2552 Si
528 2511 648 2552 cum
671 2499 741 2553 sit
768 2516 801 2552 a
831 2499 1011 2567 homo,
1039 2510 1122 2557 est
1149 2503 1176 2556 ὁ
1203 2503 1375 2571 niger,
1405 2519 1524 2556 cum
1558 2518 1665 2557 non
1687 2503 1757 2558 sit
1782 2519 1809 2557 c
1838 2503 2180 2570 inanimatus,
2213 2522 2319 2560 non
2349 2515 2433 2561 est
2461 2506 2494 2558 d
2517 2506 2687 2562 albus.

445 2590 500 2646 Si
531 2607 651 2646 cum
684 2595 753 2648 sit
781 2610 812 2646 a
844 2596 1024 2660 homo,
1059 2611 1162 2649 non
1193 2603 1277 2651 est
1299 2597 1325 2648 b
1350 2610 1511 2665 arger,
1538 2611 1658 2652 eum
1688 2599 1756 2652 sit
1787 2613 1813 2650 c
1842 2599 2127 2665 animatus,
2159 2607 2241 2654 est
2272 2599 2306 2652 ά
2335 2613 2516 2655 sanus.

449 2685 502 2740 Si
535 2699 654 2738 cum
683 2686 751 2739 sit
779 2703 811 2739 a
838 2687 1020 2752 homo,
1053 2704 1158 2742 non
1181 2698 1263 2743 est
1288 2688 1316 2741 b
1345 2690 1558 2752 artifex,
1583 2703 1706 2741 cum
1731 2686 1802 2742 sit
1830 2704 1857 2741 c
1887 2689 2176 2755 animatus,
2203 2704 2308 2744 non
2333 2699 2415 2746 est
2446 2689 2481 2742 ά
2506 2687 2762 2744 medicus.

444 2775 500 2830 Si
527 2790 648 2830 cum
680 2777 750 2830 sit
777 2792 808 2828 a
837 2778 1054 2843 animal,
1081 2795 1184 2833 non
1209 2789 1290 2833 est
1322 2780 1348 2832 ὁ
1371 2795 1563 2844 sanus,
1593 2794 1714 2834 cum
1745 2796 1852 2834 non
1874 2781 1946 2835 sit
1975 2797 2002 2834 c
2027 2781 2411 2847 iuanimatum,
2437 2791 2519 2837 εει
2549 2781 2583 2834 d
2612 2797 2830 2852 a'grum.

446 2867 502 2924 Si
534 2882 654 2922 cum
677 2869 747 2923 sit
779 2886 809 2922 a
833 2870 1148 2935 animatum,
1176 2887 1278 2925 non
1307 2882 1391 2926 est
1413 2872 1441 2924 ὁ
1471 2870 1688 2936 artifex,
1719 2887 1841 2927 cum
1871 2889 1978 2927 non
2010 2874 2080 2928 sit
2101 2891 2126 2928 c
2155 2875 2528 2939 inanimatum,
2565 2891 2668 2928 non
2694 2885 2776 2930 εει
2801 2875 2836 2928 d
2860 2874 3117 2932 medicus.

449 2957 506 3014 Si
538 2973 658 3014 cum
685 2976 789 3014 non
818 2961 882 3015 sit
915 2978 945 3014 a
976 2961 1347 3028 inanimatum,
1375 2974 1457 3017 est
1479 2964 1507 3017 b
1535 2963 1807 3030 medicus,
1838 2979 1959 3021 cum
1989 2965 2058 3020 sit
2089 2983 2116 3020 c
2141 2967 2466 3034 animalum,
2500 2978 2582 3022 est
2604 2969 2636 3020 ιι
2657 2967 2872 3024 artifex.

443 3049 508 3108 Si
528 3065 648 3108 cum
674 3069 778 3109 non
807 3055 876 3109 sit
903 3072 934 3108 a
960 3056 1332 3124 inanimatam,
1365 3068 1446 3113 est
1475 3060 1504 3112 ὁ
1527 3060 1698 3130 niger,
1731 3074 1852 3114 cum
1882 3064 1953 3114 sit
1982 3076 2008 3113 c
2030 3061 2401 3128 inanimatum,
2431 3077 2538 3117 non
2563 3075 2642 3118 est
2673 3063 2707 3115 ά
2733 3064 2932 3118 album.

445 3144 502 3204 Si
530 3162 653 3203 cum
683 3164 785 3203 non
816 3152 885 3204 sit
911 3169 943 3205 a
973 3152 1340 3220 inanimatutn,
1367 3162 1449 3208 est
1475 3154 1500 3204 b
1524 3153 1782 3220 medicus,
1809 3169 1931 3210 cum
1958 3170 2062 3208 non
2095 3155 2164 3209 sit
2194 3171 2218 3209 ε
2250 3156 2499 3222 invitale,
2532 3165 2612 3210 est
2641 3155 2675 3209 ά
2699 3156 2912 3212 artifex.

445 3238 500 3296 Si
532 3254 654 3296 cum
686 3258 789 3297 non
823 3244 892 3298 sit
917 3261 948 3296 a
978 3246 1347 3310 inani-natum,
1376 3257 1457 3300 est
1482 3245 1511 3298 ὁ
1543 3247 1744 3310 album,
1775 3260 1896 3300 cum
1931 3262 2037 3301 non
2066 3247 2135 3301 sit
2164 3262 2191 3300 c
2220 3247 2469 3315 invitale,
2497 3263 2601 3303 non
2626 3258 2706 3303 est
2735 3251 2771 3302 ιι
2799 3250 3026 3317 nigrum.

443 3333 502 3390 Si
527 3347 646 3389 cum
678 3350 782 3391 non
815 3337 884 3391 sit
911 3355 943 3392 a
965 3338 1292 3400 irratiOuale,
1323 3355 1428 3393 non
1461 3340 1590 3392 estb
1613 3355 1838 3408 :egrum,
1873 3356 1996 3394 cum
2030 3339 2097 3394 sit
2131 3357 2157 3393 c
2182 3340 2463 3406 rationale.
2487 3349 2569 3397 εει
2597 3342 2632 3395 d
2669 3357 2879 3396 sanum.

445 3429 501 3486 Si
525 3444 646 3486 cum
677 3446 780 3486 non
802 3431 869 3485 sit
898 3449 930 3485 a
959 3431 1328 3498 inanimatnm,
1362 3449 1463 3486 non
1497 3444 1578 3488 est
1601 3434 1630 3488 ὸ
1658 3432 1882 3496 artifex,
1911 3449 2031 3487 cum
2063 3433 2134 3488 sit
2163 3449 2189 3486 c
2217 3433 2535 3498 animatum,
2565 3450 2668 3488 non
2697 3441 2780 3488 est
2805 3434 2839 3487 ά
2869 3433 3127 3490 medicus.

442 3524 501 3582 Si
523 3538 644 3579 cum
678 3539 781 3579 non
808 3524 877 3579 sit
899 3539 931 3577 a
961 3524 1292 3588 irrationale,
1323 3540 1430 3580 nou
1459 3537 1536 3581 est
1569 3529 1596 3578 ὁ
1627 3542 1839 3594 sanum,
1869 3541 1990 3581 cum
2027 3543 2132 3582 non
2164 3523 2233 3583 sit
2262 3543 2287 3579 c
2315 3527 2691 3591 inauimatum,
2720 3537 2803 3582 est
2832 3527 2867 3580 d
2894 3543 3112 3598 mgrum.

449 3617 504 3676 Si
531 3633 651 3674 cum
678 3633 782 3672 non
810 3617 879 3672 sit
903 3633 936 3671 α
967 3619 1337 3683 inanimatum,
1369 3628 1580 3671 nonest
1608 3616 1635 3670 ὁ
1660 3619 1878 3687 artifex,
1904 3634 2025 3674 cum
2050 3635 2154 3674 non
2177 3621 2248 3676 sit
2271 3636 2299 3674 ε
2330 3619 2570 3686 invitale,
2596 3635 2698 3674 non
2727 3628 2809 3674 est
2836 3621 2870 3673 ά
2902 3620 3156 3679 medicus.

307 3737 385 3792 Ac
407 3731 475 3812 de
503 3731 586 3788 his
613 3732 827 3803 quidem
850 3732 938 3800 qui
979 3746 1073 3801 per
1102 3732 1494 3788 connexionetn
1528 3734 1659 3786 fiunt
1700 3734 1813 3786 haec

1927 3733 1978 3786 iu
2011 3734 2298 3790 contrariis
2326 3735 2612 3791 medietate
2640 3737 2976 3804 carentibus,
3005 3737 3302 3806 similisque
3327 3749 3411 3796 est
3456 3742 3508 3797 ei

246 3827 376 3881 licia
419 3809 541 3880 sint.
591 3825 652 3880 lli
684 3839 810 3880 vero
851 3825 940 3890 qui
993 3825 1044 3877 in
1075 3823 1437 3892 disinnetiOne
1479 3833 1598 3879 sunt
1658 3823 1819 3894 positi
1849 3807 1896 3868 (ἶ
1930 3827 2278 3896 propositioni
2330 3843 2448 3896 qua:
2492 3828 2623 3884 dicit
2657 3846 2669 3881 :
2699 3829 2746 3883 si
2779 3846 2883 3885 non
2931 3841 3016 3886 est
3043 3848 3095 3897 a,
3148 3840 3232 3885 est
3273 3832 3326 3886 ιι.
3375 3832 3509 3899 Quae

246 3917 346 3975 illis
375 3919 624 3975 videntur
648 3917 918 3988 adiuncti,
946 3933 1242 3986 eorumque
1271 3917 1458 3972 modos
1512 3916 1824 3987 formasque

245 4010 565 4080 suscipiunt,
611 4026 747 4081 quos
769 4010 1016 4078 superius
1046 4011 1096 4065 in
1126 4008 1464 4066 connexione
1497 4011 1705 4076 positos
1757 4026 1822 4065 ex

246 4098 325 4157 bis
365 4101 812 4171 proiiositionibus
841 4099 957 4155 fieri
995 4099 1232 4155 diximus
1261 4117 1381 4170 qua:
1436 4101 1647 4156 duabus
1698 4103 1824 4157 sim-

247 4190 472 4263 plicibus
496 4191 863 4262 iungerentur.
887 4193 943 4247 Si
969 4193 1128 4262 igitur
1155 4193 1210 4246 in
1234 4192 1593 4261 disiunctione
1619 4208 1821 4263 propo-

247 4283 466 4340 sitarum
516 4286 934 4354 propositionum
975 4286 1042 4340 ad
1082 4301 1364 4340 causarum
1411 4287 1816 4342 similitudinem

249 4388 615 4436 monstravero
643 4396 762 4450 qua:
793 4379 846 4434 in
881 4378 1217 4435 conuexione
1259 4381 1446 4448 positas
1493 4396 1558 4436 ex
1608 4381 1815 4448 simpli-

250 4469 398 4526 cibus
423 4472 683 4541 ropulatae
711 4481 857 4538 sunt,
881 4480 1008 4538 quot
1035 4471 1174 4525 modi
1198 4510 1213 4535 ,
1254 4473 1652 4542 qualescunque
1691 4486 1825 4526 con-

251 4562 512 4620 clusiones
541 4574 664 4618 sunt
690 4563 744 4617 in
791 4577 1104 4633 unaquaque
1135 4561 1365 4628 illarum,
1391 4577 1511 4632 quae
1561 4577 1656 4631 per
1693 4577 1824 4615 con-

253 4653 531 4709 uexionem
561 4654 692 4708 liuut
716 4653 1158 4724 propositionum,
1191 4662 1267 4706 tot
1292 4654 1453 4708 etiam
1485 4653 1537 4707 iu
1586 4653 1668 4708 liis
1705 4668 1830 4707 esse

254 4760 472 4801 necesse
525 4754 608 4800 est
675 4762 792 4816 qmc
865 4762 957 4811 per
1008 4745 1421 4813 disiunctionem
1477 4744 1837 4813 ντοιιυιιιὶειίε

254 4836 495 4894 eamdem
526 4839 632 4891 vim
655 4836 1002 4892 connexionis
1027 4837 1222 4891 habere
1253 4844 1643 4892 monstrantur.
1689 4837 1832 4902 Qua-

255 4938 377 4987 tuor
431 4933 589 5002 igitur
618 4931 862 5001 superius
904 4929 1234 4985 ditiereutias
1289 4945 1383 4997 per
1434 4929 1830 4984 connexiouem

1930 3918 2076 3972 enim
2129 3917 2375 3987 proponit
2411 3929 2503 3972 aut
2549 3929 2633 3975 est
2672 3937 2738 3985 α,
2773 3931 2864 3977 aut
2887 3931 2971 3977 est
2995 3925 3051 3988 ὁ,
3115 3923 3165 3977 id
3218 3924 3512 3996 intelligit,

1933 4026 2103 4081 neque
2125 4011 2281 4065 simul
2309 4021 2532 4080 utraque
2556 4028 2677 4068 esse
2703 4028 2884 4083 posse,
2907 4023 2962 4068 et
2991 4015 3036 4069 si
3067 4030 3228 4068 unum
3259 4031 3364 4070 non
3394 4017 3512 4070 fue-

1934 4104 2021 4169 rit,
2049 4106 2305 4173 consequi
2348 4114 2404 4159 ut
2431 4106 2777 4161 sit'alternm.
2806 4105 2989 4176 Itaque
3019 4107 3064 4160 si
3091 4123 3195 4162 non
3221 4107 3291 4161 sit
3316 4125 3370 4170 a,
3400 4110 3514 4163 erit

1936 4196 1985 4261 b,
2012 4196 2104 4251 sed
2136 4195 2250 4251 haec
2282 4212 2382 4251 una
2411 4206 2493 4251 est
2523 4211 2705 4252 earum
2731 4198 3154 4267 propositionum
3183 4213 3316 4266 quas
3346 4199 3399 4254 in
3433 4201 3515 4256 liis

1936 4302 2054 4356 qua:
2086 4301 2180 4354 per
2210 4287 2602 4342 connexionem
2656 4288 2787 4341 fiunt
2823 4288 3069 4357 superius
3093 4290 3513 4344 numeravimus.

1936 4377 2250 4448 Quicunque
2300 4377 2463 4449 igitur
2488 4380 2784 4449 syllogismi
2810 4380 2860 4432 in
2881 4395 2944 4435 ea
2968 4380 3332 4450 propositione
3359 4384 3516 4447 fiunt.

1935 4483 2055 4536 qua:
2080 4477 2182 4534 est,
2217 4467 2263 4522 si
2291 4484 2395 4522 non
2441 4476 2525 4522 est
2562 4485 2616 4533 α,
2642 4479 2726 4523 εει
2753 4468 2805 4532 b,
2836 4469 2887 4522 lii
2923 4470 3085 4524 etiam
3115 4469 3166 4524 in
3197 4485 3258 4526 ea
3291 4471 3516 4530 faciendi

1935 4568 2058 4612 sunt
2103 4574 2220 4627 quin
2266 4573 2362 4628 per
2406 4557 2820 4625 disiunctionem
2861 4569 3222 4629 pr0ponetur,
3280 4572 3336 4616 ut
3391 4578 3513 4618 eum

1941 4648 2186 4712 dicimus,
2218 4659 2309 4704 aut
2349 4659 2432 4704 est
2462 4668 2493 4702 a
2514 4691 2529 4717 ,
2573 4661 2663 4704 aut
2691 4660 2774 4705 est
2803 4650 2852 4704 b.
2893 4650 3053 4706 Fiunt
3088 4654 3246 4722 igitur
3272 4653 3324 4707 in
3353 4667 3516 4722 supe-

1944 4741 2084 4796 riore
2105 4755 2330 4811 quatuor
2355 4743 2545 4796 modis.
2572 4742 2876 4809 Quamlibet
2910 4744 3053 4797 enim
3085 4752 3290 4812 partem
3321 4760 3519 4814 proptr

1945 4835 2156 4890 sitionts
2185 4836 2562 4905 assumpseris,
2611 4837 2724 4890 sive
2755 4835 3174 4904 prazcedentem,
3207 4836 3323 4890 sive
3355 4837 3515 4891 etiam

1945 4937 2382 4998 consequentem,
2414 4931 2526 4983 sive
2551 4926 2796 4997 negativo
2819 4927 2978 4984 modo
2999 4969 3014 4995 ,
3043 4929 3156 4985 sive
3176 4928 3517 4986 afflrmativo.

257 5028 648 5084 enuntiatarum
700 5026 1124 5096 propositionum
1172 5039 1297 5080 esse
1343 5024 1576 5079 diximus
1599 5064 1616 5088 ,
1671 5022 1718 5078 si
1771 5040 1834 5079 ex
1864 5011 1917 5072 D
1944 5020 2103 5076 faciet
2127 5021 2519 5092 syllogismum.
2545 5021 2675 5075 Nam
2701 5020 2744 5075 si
2774 5020 2886 5077 haec
2914 5023 3208 5092 pt0positio
3231 5021 3321 5087 sit,
3353 5025 3520 5078 sinon

259 5118 588 5197 simplicibus
612 5118 1058 5188 propositionibus
1086 5118 1492 5187 Copularentur,
1511 5120 1609 5172 hoc
1639 5118 1830 5172 modo:

262 5214 308 5266 si
350 5220 433 5266 est
475 5227 538 5275 a,
586 5221 668 5266 est
715 5211 777 5274 b;
810 5211 852 5265 si
898 5225 999 5264 non
1031 5219 1116 5265 est
1162 5225 1228 5276 α,
1265 5225 1368 5265 non
1411 5220 1493 5264 est
1556 5213 1619 5274 b;
1665 5212 1708 5263 si
1759 5221 1842 5265 est

262 5319 314 5369 a,
349 5311 558 5358 nonest
586 5303 614 5356 ὁ
635 5318 652 5368 ;
676 5301 720 5358 si
751 5317 854 5358 non
879 5313 962 5357 est
987 5319 1037 5367 a,
1070 5312 1150 5358 est
1173 5303 1222 5356 b.
1256 5303 1374 5367 _Per
1423 5301 1838 5371 disiunctionem

263 5411 473 5468 quoque
529 5396 918 5464 propositiones
972 5403 1200 5465 quatuor
1262 5403 1445 5450 tenent
1499 5393 1834 5449 dili'erentias

268 5486 368 5542 hoc
420 5487 578 5542 modo
629 5505 641 5539 :
698 5497 790 5542 aut
828 5494 910 5543 est
953 5502 1004 5553 α,
1049 5497 1140 5540 aut
1175 5495 1256 5542 est
1285 5489 1344 5551 b;
1381 5494 1471 5539 aut
1519 5495 1739 5540 nonest
1787 5502 1840 5552 a,

268 5591 359 5637 aut
388 5590 596 5637 nonest
625 5582 683 5644 b;
707 5592 796 5636 aut
821 5592 902 5636 est
937 5597 989 5646 a,
1023 5589 1114 5635 aut
1143 5597 1247 5635 non
1273 5589 1355 5636 est
1377 5580 1434 5645 b;
1477 5591 1567 5634 aut
1605 5596 1707 5633 non
1764 5591 1846 5635 est

270 5689 323 5739 α,
353 5683 444 5728 aut
477 5685 560 5730 εει
607 5676 657 5728 b.
684 5675 915 5742 Quarum
944 5672 1159 5744 quidem
1212 5689 1272 5729 ea
1315 5688 1432 5743 qua:
1466 5674 1634 5741 prima
1673 5681 1757 5727 est
1799 5682 1853 5726 et

275 5767 544 5836 proponit,
578 5775 666 5822 aut
692 5776 774 5822 est
803 5785 854 5830 α,
883 5774 976 5821 aut
1004 5778 1082 5820 est
1115 5766 1163 5821 b.
1191 5766 1241 5820 lu
1277 5766 1358 5820 liis
1383 5775 1586 5820 tantum
1617 5764 1723 5820 dici
1753 5779 1850 5832 po-

277 5865 381 5917 tcst
407 5860 460 5918 in
491 5862 682 5933 quibus
726 5864 954 5914 alterum
978 5875 1161 5915 eorum
1189 5874 1308 5916 esse
1332 5872 1551 5916 necesse
1572 5865 1674 5924 est,
1709 5856 1846 5914 velut

645 5956 916 6018 Ρηιοι..
947 5950 1164 6014 LXIV.

1942 5121 2024 5166 est
2045 5130 2097 5177 (ι,
2122 5121 2204 5166 εει
2234 5111 2284 5178 b,
2316 5111 2434 5166 sive
2463 5126 2566 5166 non
2597 5111 2664 5166 sit
2691 5129 2745 5179 a,
2770 5117 2870 5168 erit
2891 5112 2920 5165 ὁ
2945 5128 2960 5177 ;
2985 5113 3097 5167 sive
3119 5113 3260 5176 sita,
3287 5128 3391 5166 non
3417 5114 3524 5166 erit.

1947 5205 2011 5270 b;
2040 5206 2152 5260 sive
2182 5219 2288 5259 non
2335 5207 2404 5259 sit
2445 5205 2494 5270 ὁ,
2528 5205 2627 5260 erit
2651 5222 2712 5270 a;
2745 5206 2858 5260 sive
2895 5208 2963 5259 sit
2993 5205 3044 5270 b,
3093 5221 3196 5258 non
3228 5212 3330 5257 erit
3367 5221 3419 5256 a.
3465 5203 3525 5257 lo

1949 5299 2312 5369 pr0positione
2333 5313 2545 5367 quoque
2583 5297 2898 5368 disiunctiva
2929 5298 3068 5350 idem
3106 5305 3206 5350 est.
3237 5294 3368 5348 Nam
3400 5311 3526 5349 cum

1950 5393 2162 5456 dicitur,
2192 5400 2282 5445 aut
2310 5400 2390 5446 est
2411 5407 2462 5456 α,
2497 5401 2586 5445 aut
2613 5400 2694 5446 est
2726 5390 2776 5458 ὁ,
2809 5389 3118 5458 siquidema
3148 5387 3329 5451 fuerit,
3353 5388 3380 5442 b
3415 5406 3525 5448 non

1955 5485 2094 5550 erit;
2129 5483 2269 5555 quod
2298 5483 2342 5538 si
2370 5501 2400 5538 a
2422 5499 2526 5539 non
2552 5484 2727 5544 fuerit,
2757 5485 2859 5538 erit
2887 5482 2946 5543 b;
2971 5488 3026 5536 et
3054 5479 3149 5536 sib
3178 5497 3283 5536 non
3309 5480 3398 5544 sit.
3430 5481 3527 5540 erit

1957 5598 2017 5646 a;
2046 5580 2088 5634 si
2118 5579 2146 5632 b
2173 5595 2280 5634 non
2311 5579 2490 5642 fuerit,
2520 5594 2625 5632 non
2649 5577 2746 5632 exit
2773 5593 2826 5630 ο.
2855 5575 2908 5629 ld
2937 5590 3148 5645 quoque
3179 5575 3269 5630 tali
3291 5573 3526 5631 declare.

1962 5682 2045 5726 tur
2071 5671 2347 5741 exemplo;
2379 5685 2500 5725 nam
2524 5670 2568 5724 si
2600 5674 2668 5724 sit
2697 5667 3007 5736 propOsitio,
3031 5677 3122 5723 aut
3150 5684 3290 5738 inger
3315 5677 3528 5731 est,aut

1960 5778 2143 5828 sanus,
2175 5762 2428 5833 quidquid
2457 5761 2646 5817 borum
2692 5758 2744 5814 in
2787 5759 3154 5828 assdmptione
3193 5770 3528 5829 assumptum

1965 5854 2142 5920 fuerit,
2174 5855 2259 5911 vel
2291 5862 2564 5925 negatum,
2597 5851 2760 5908 altera
2785 5864 2905 5919 pars
2932 5851 3014 5906 vel
3041 5851 3420 5922 affirmabitur,
3448 5852 3530 5910 vel
