  <div class='ocr_page' id='page_1' title='image "/cluster/home/n/w/nwhite01/storage/ocr_20150623/64/hvd.32044024222309/445.png"; bbox 0 0 4056 6330; ppageno 0'>
   <div class='ocr_carea' id='block_1_1' title="bbox 550 281 653 339">
    <p class='ocr_par' dir='ltr' id='par_1_1' title="bbox 550 281 653 339">
     <span class='ocr_line' id='line_1_1' title="bbox 550 281 653 339; baseline -0.01 0"><span class='ocrx_word' id='word_1_1' title='bbox 550 281 653 339; x_wconf 81' lang='grc'><strong>875</strong></span> 
     </span>
    </p>
   </div>
   <div class='ocr_carea' id='block_1_2' title="bbox 1778 278 2600 341">
    <p class='ocr_par' dir='ltr' id='par_1_2' title="bbox 1778 278 2600 341">
     <span class='ocr_line' id='line_1_2' title="bbox 1778 278 2600 341; baseline 0.002 -4"><span class='ocrx_word' id='word_1_2' title='bbox 1778 279 1888 337; x_wconf 80' lang='grc' dir='ltr'><strong>ΔΝ.</strong></span> <span class='ocrx_word' id='word_1_3' title='bbox 1930 279 2139 341; x_wconf 69' lang='grc' dir='ltr'>ΜΑΝιι.</span> <span class='ocrx_word' id='word_1_4' title='bbox 2180 278 2334 339; x_wconf 78' lang='lat' dir='ltr'><strong>SEY.</strong></span> <span class='ocrx_word' id='word_1_5' title='bbox 2375 278 2600 339; x_wconf 81' lang='lat' dir='ltr'><strong>BOETll</strong></span> 
     </span>
    </p>
   </div>
   <div class='ocr_carea' id='block_1_3' title="bbox 3740 274 3845 339">
    <p class='ocr_par' dir='ltr' id='par_1_3' title="bbox 3740 274 3845 339">
     <span class='ocr_line' id='line_1_3' title="bbox 3740 274 3845 339; baseline 0.038 -4"><span class='ocrx_word' id='word_1_6' title='bbox 3740 274 3845 339; x_wconf 63' lang='lat'><strong>876</strong></span> 
     </span>
    </p>
   </div>
   <div class='ocr_carea' id='block_1_4' title="bbox 549 366 3845 471">
    <p class='ocr_par' dir='ltr' id='par_1_4' title="bbox 549 366 3845 471">
     <span class='ocr_line' id='line_1_4' title="bbox 549 366 3845 471; baseline -0.001 -18"><span class='ocrx_word' id='word_1_7' title='bbox 549 384 828 468; x_wconf 83' lang='lat' dir='ltr'><strong>negabitur</strong></span> <span class='ocrx_word' id='word_1_8' title='bbox 851 396 950 451; x_wconf 90' lang='lat' dir='ltr'><strong>hoc</strong></span> <span class='ocrx_word' id='word_1_9' title='bbox 973 394 1132 451; x_wconf 88' lang='lat' dir='ltr'><strong>modo</strong></span> <span class='ocrx_word' id='word_1_10' title='bbox 1154 409 1168 447; x_wconf 92' lang='lat'><strong>:</strong></span> <span class='ocrx_word' id='word_1_11' title='bbox 1196 393 1326 449; x_wconf 84' lang='lat' dir='ltr'><strong>Nam</strong></span> <span class='ocrx_word' id='word_1_12' title='bbox 1356 393 1402 449; x_wconf 89' lang='lat' dir='ltr'><strong>si</strong></span> <span class='ocrx_word' id='word_1_13' title='bbox 1420 406 1583 449; x_wconf 90' lang='lat' dir='ltr'><strong>sanus</strong></span> <span class='ocrx_word' id='word_1_14' title='bbox 1604 401 1711 461; x_wconf 90' lang='lat' dir='ltr'><strong>est,</strong></span> <span class='ocrx_word' id='word_1_15' title='bbox 1734 409 1840 455; x_wconf 89' lang='lat' dir='ltr'><strong>non</strong></span> <span class='ocrx_word' id='word_1_16' title='bbox 1860 404 2136 471; x_wconf 72' lang='lat' dir='ltr'><strong>estatger;</strong></span> <span class='ocrx_word' id='word_1_17' title='bbox 2164 370 2377 467; x_wconf 26' lang='lat' dir='ltr'><strong>A‘niliil</strong></span> <span class='ocrx_word' id='word_1_18' title='bbox 2404 372 2487 452; x_wconf 86' lang='lat' dir='ltr'><strong>est</strong></span> <span class='ocrx_word' id='word_1_19' title='bbox 2512 366 2901 457; x_wconf 81' lang='lat' dir='ltr'><strong>necessarium.</strong></span> <span class='ocrx_word' id='word_1_20' title='bbox 2931 393 2984 465; x_wconf 82' lang='lat' dir='ltr'><strong>Id</strong></span> <span class='ocrx_word' id='word_1_21' title='bbox 3015 408 3143 459; x_wconf 83' lang='lat' dir='ltr'><strong>vero</strong></span> <span class='ocrx_word' id='word_1_22' title='bbox 3169 393 3227 463; x_wconf 80' lang='lat' dir='ltr'><strong>in</strong></span> <span class='ocrx_word' id='word_1_23' title='bbox 3256 408 3341 459; x_wconf 72' lang='lat' dir='ltr'><strong>nis</strong></span> <span class='ocrx_word' id='word_1_24' title='bbox 3365 394 3621 453; x_wconf 85' lang='lat' dir='ltr'><strong>terminis</strong></span> <span class='ocrx_word' id='word_1_25' title='bbox 3640 408 3845 467; x_wconf 80' lang='lat' dir='ltr'><strong>appro-</strong></span> 
     </span>
    </p>
   </div>
   <div class='ocr_carea' id='block_1_5' title="bbox 548 486 2136 559">
    <p class='ocr_par' dir='ltr' id='par_1_5' title="bbox 548 486 2136 559">
     <span class='ocr_line' id='line_1_5' title="bbox 548 486 2136 559; baseline -0.001 -12"><span class='ocrx_word' id='word_1_26' title='bbox 548 492 595 547; x_wconf 86' lang='lat' dir='ltr'><strong>si</strong></span> <span class='ocrx_word' id='word_1_27' title='bbox 622 498 726 545; x_wconf 81' lang='lat' dir='ltr'><strong>u‘on</strong></span> <span class='ocrx_word' id='word_1_28' title='bbox 746 498 828 545; x_wconf 91' lang='lat' dir='ltr'><strong>est</strong></span> <span class='ocrx_word' id='word_1_29' title='bbox 843 502 1025 555; x_wconf 86' lang='lat' dir='ltr'><strong>sanus,</strong></span> <span class='ocrx_word' id='word_1_30' title='bbox 1048 494 1129 543; x_wconf 88' lang='lat' dir='ltr'><strong>est</strong></span> <span class='ocrx_word' id='word_1_31' title='bbox 1153 501 1322 559; x_wconf 72' lang='lat' dir='ltr'><strong>(eger;</strong></span> <span class='ocrx_word' id='word_1_32' title='bbox 1348 486 1393 543; x_wconf 91' lang='lat' dir='ltr'><strong>si</strong></span> <span class='ocrx_word' id='word_1_33' title='bbox 1418 500 1561 559; x_wconf 78' lang='lat' dir='ltr'><strong>aeger</strong></span> <span class='ocrx_word' id='word_1_34' title='bbox 1581 499 1688 557; x_wconf 89' lang='lat' dir='ltr'><strong>est,</strong></span> <span class='ocrx_word' id='word_1_35' title='bbox 1706 503 1812 543; x_wconf 93' lang='lat' dir='ltr'><strong>non</strong></span> <span class='ocrx_word' id='word_1_36' title='bbox 1834 497 1918 544; x_wconf 90' lang='lat' dir='ltr'><strong>est</strong></span> <span class='ocrx_word' id='word_1_37' title='bbox 1940 505 2136 559; x_wconf 82' lang='lat' dir='ltr'><strong>sanus;</strong></span> 
     </span>
    </p>
   </div>
   <div class='ocr_carea' id='block_1_6' title="bbox 526 578 2139 655">
    <p class='ocr_par' dir='ltr' id='par_1_6' title="bbox 526 578 2139 655">
     <span class='ocr_line' id='line_1_6' title="bbox 526 578 2139 655; baseline 0.001 -16"><span class='ocrx_word' id='word_1_38' title='bbox 526 583 574 640; x_wconf 89' lang='lat' dir='ltr'><strong>si</strong></span> <span class='ocrx_word' id='word_1_39' title='bbox 620 598 725 638; x_wconf 90' lang='lat' dir='ltr'><strong>non</strong></span> <span class='ocrx_word' id='word_1_40' title='bbox 750 598 891 652; x_wconf 82' lang='lat' dir='ltr'><strong>:eger</strong></span> <span class='ocrx_word' id='word_1_41' title='bbox 940 588 1051 648; x_wconf 87' lang='lat' dir='ltr'><strong>est,</strong></span> <span class='ocrx_word' id='word_1_42' title='bbox 1104 595 1181 636; x_wconf 75' lang='grc' dir='ltr'><strong>ες·</strong></span> <span class='ocrx_word' id='word_1_43' title='bbox 1211 593 1398 636; x_wconf 80' lang='lat' dir='ltr'><strong>sanus.</strong></span> <span class='ocrx_word' id='word_1_44' title='bbox 1432 578 1564 636; x_wconf 82' lang='lat' dir='ltr'><strong>item</strong></span> <span class='ocrx_word' id='word_1_45' title='bbox 1592 597 1653 638; x_wconf 88' lang='lat' dir='ltr'><strong>ca</strong></span> <span class='ocrx_word' id='word_1_46' title='bbox 1688 583 1983 655; x_wconf 87' lang='lat' dir='ltr'><strong>prepositio</strong></span> <span class='ocrx_word' id='word_1_47' title='bbox 2020 584 2139 641; x_wconf 84' lang='lat' dir='ltr'><strong>dis-</strong></span> 
     </span>
    </p>
   </div>
   <div class='ocr_carea' id='block_1_7' title="bbox 545 675 2137 746">
    <p class='ocr_par' dir='ltr' id='par_1_7' title="bbox 545 675 2137 746">
     <span class='ocr_line' id='line_1_7' title="bbox 545 675 2137 746; baseline 0.003 -17"><span class='ocrx_word' id='word_1_48' title='bbox 545 676 777 746; x_wconf 77' lang='lat' dir='ltr'><strong>iunctiva</strong></span> <span class='ocrx_word' id='word_1_49' title='bbox 819 689 940 745; x_wconf 71' lang='lat' dir='ltr'><strong>quae</strong></span> <span class='ocrx_word' id='word_1_50' title='bbox 983 675 1269 745; x_wconf 77' lang='lat' dir='ltr'><strong>proponit,</strong></span> <span class='ocrx_word' id='word_1_51' title='bbox 1312 684 1461 729; x_wconf 90' lang='lat' dir='ltr'><strong>auta</strong></span> <span class='ocrx_word' id='word_1_52' title='bbox 1494 690 1604 731; x_wconf 91' lang='lat' dir='ltr'><strong>non</strong></span> <span class='ocrx_word' id='word_1_53' title='bbox 1654 686 1770 745; x_wconf 89' lang='lat' dir='ltr'><strong>est,</strong></span> <span class='ocrx_word' id='word_1_54' title='bbox 1796 686 1891 739; x_wconf 80' lang='lat' dir='ltr'><strong>aut</strong></span> <span class='ocrx_word' id='word_1_55' title='bbox 1938 679 1967 732; x_wconf 75' lang='grc' dir='ltr'><strong>ὁ</strong></span> <span class='ocrx_word' id='word_1_56' title='bbox 2029 692 2137 733; x_wconf 88' lang='lat' dir='ltr'><strong>non</strong></span> 
     </span>
    </p>
   </div>
   <div class='ocr_carea' id='block_1_8' title="bbox 544 765 2132 839">
    <p class='ocr_par' dir='ltr' id='par_1_8' title="bbox 544 765 2132 839">
     <span class='ocr_line' id='line_1_8' title="bbox 544 765 2132 839; baseline 0.002 -16"><span class='ocrx_word' id='word_1_57' title='bbox 544 778 659 835; x_wconf 77' lang='lat' dir='ltr'><strong>est,</strong></span> <span class='ocrx_word' id='word_1_58' title='bbox 692 767 747 822; x_wconf 87' lang='lat' dir='ltr'><strong>lit</strong></span> <span class='ocrx_word' id='word_1_59' title='bbox 789 766 1002 838; x_wconf 83' lang='lat' dir='ltr'><strong>quidem</strong></span> <span class='ocrx_word' id='word_1_60' title='bbox 1049 766 1119 822; x_wconf 88' lang='lat' dir='ltr'><strong>de</strong></span> <span class='ocrx_word' id='word_1_61' title='bbox 1159 765 1240 822; x_wconf 85' lang='lat' dir='ltr'><strong>Itis</strong></span> <span class='ocrx_word' id='word_1_62' title='bbox 1289 783 1409 839; x_wconf 74' lang='lat' dir='ltr'><strong>quae</strong></span> <span class='ocrx_word' id='word_1_63' title='bbox 1471 766 1711 839; x_wconf 90' lang='lat' dir='ltr'><strong>quolibet</strong></span> <span class='ocrx_word' id='word_1_64' title='bbox 1754 768 1915 825; x_wconf 88' lang='lat' dir='ltr'><strong>modo</strong></span> <span class='ocrx_word' id='word_1_65' title='bbox 1969 766 2132 826; x_wconf 84' lang='lat' dir='ltr'><strong>simul</strong></span> 
     </span>
    </p>
   </div>
   <div class='ocr_carea' id='block_1_9' title="bbox 544 860 2137 930">
    <p class='ocr_par' dir='ltr' id='par_1_9' title="bbox 544 860 2137 930">
     <span class='ocr_line' id='line_1_9' title="bbox 544 860 2137 930; baseline 0.004 -16"><span class='ocrx_word' id='word_1_66' title='bbox 544 874 662 915; x_wconf 90' lang='lat' dir='ltr'><strong>esse</strong></span> <span class='ocrx_word' id='word_1_67' title='bbox 713 875 819 915; x_wconf 92' lang='lat' dir='ltr'><strong>non</strong></span> <span class='ocrx_word' id='word_1_68' title='bbox 877 868 1147 930; x_wconf 88' lang='lat' dir='ltr'><strong>possunt,</strong></span> <span class='ocrx_word' id='word_1_69' title='bbox 1218 860 1426 917; x_wconf 90' lang='lat' dir='ltr'><strong>etiamsi</strong></span> <span class='ocrx_word' id='word_1_70' title='bbox 1487 878 1593 918; x_wconf 91' lang='lat' dir='ltr'><strong>non</strong></span> <span class='ocrx_word' id='word_1_71' title='bbox 1650 863 1878 919; x_wconf 89' lang='lat' dir='ltr'><strong>alterum</strong></span> <span class='ocrx_word' id='word_1_72' title='bbox 1948 878 2137 921; x_wconf 86' lang='lat' dir='ltr'><strong>eorum</strong></span> 
     </span>
    </p>
   </div>
   <div class='ocr_carea' id='block_1_10' title="bbox 542 953 2136 1031">
    <p class='ocr_par' dir='ltr' id='par_1_10' title="bbox 542 953 2136 1031">
     <span class='ocr_line' id='line_1_10' title="bbox 542 953 2136 1031; baseline 0.005 -24"><span class='ocrx_word' id='word_1_73' title='bbox 542 966 665 1008; x_wconf 89' lang='lat' dir='ltr'><strong>esse</strong></span> <span class='ocrx_word' id='word_1_74' title='bbox 695 966 913 1009; x_wconf 90' lang='lat' dir='ltr'><strong>necesse</strong></span> <span class='ocrx_word' id='word_1_75' title='bbox 943 954 1035 1019; x_wconf 91' lang='lat' dir='ltr'><strong>sit,</strong></span> <span class='ocrx_word' id='word_1_76' title='bbox 1079 953 1376 1025; x_wconf 85' lang='lat' dir='ltr'><strong>similisque</strong></span> <span class='ocrx_word' id='word_1_77' title='bbox 1401 963 1484 1010; x_wconf 89' lang='lat' dir='ltr'><strong>est</strong></span> <span class='ocrx_word' id='word_1_78' title='bbox 1511 957 1560 1011; x_wconf 92' lang='lat' dir='ltr'><strong>ei</strong></span> <span class='ocrx_word' id='word_1_79' title='bbox 1598 957 1954 1031; x_wconf 72' lang='lat' dir='ltr'><strong>propositioni</strong></span> <span class='ocrx_word' id='word_1_80' title='bbox 2004 972 2136 1014; x_wconf 89' lang='lat' dir='ltr'><strong>con-</strong></span> 
     </span>
    </p>
   </div>
   <div class='ocr_carea' id='block_1_11' title="bbox 542 1048 2131 1119">
    <p class='ocr_par' dir='ltr' id='par_1_11' title="bbox 542 1048 2131 1119">
     <span class='ocr_line' id='line_1_11' title="bbox 542 1048 2131 1119; baseline 0.003 -16"><span class='ocrx_word' id='word_1_81' title='bbox 542 1062 695 1103; x_wconf 67' lang='lat' dir='ltr'><strong>nexa:</strong></span> <span class='ocrx_word' id='word_1_82' title='bbox 725 1063 821 1109; x_wconf 84' lang='lat' dir='ltr'><strong>per</strong></span> <span class='ocrx_word' id='word_1_83' title='bbox 848 1063 1005 1117; x_wconf 87' lang='lat' dir='ltr'><strong>quam</strong></span> <span class='ocrx_word' id='word_1_84' title='bbox 1035 1049 1105 1101; x_wconf 89' lang='lat' dir='ltr'><strong>ita</strong></span> <span class='ocrx_word' id='word_1_85' title='bbox 1139 1048 1474 1119; x_wconf 90' lang='lat' dir='ltr'><strong>proponitur,</strong></span> <span class='ocrx_word' id='word_1_86' title='bbox 1526 1048 1571 1104; x_wconf 93' lang='lat' dir='ltr'><strong>si</strong></span> <span class='ocrx_word' id='word_1_87' title='bbox 1605 1061 1685 1105; x_wconf 91' lang='lat' dir='ltr'><strong>est</strong></span> <span class='ocrx_word' id='word_1_88' title='bbox 1729 1068 1784 1116; x_wconf 92' lang='lat' dir='ltr'><strong>a,</strong></span> <span class='ocrx_word' id='word_1_89' title='bbox 1828 1065 1937 1107; x_wconf 89' lang='lat' dir='ltr'><strong>non</strong></span> <span class='ocrx_word' id='word_1_90' title='bbox 1964 1062 2048 1106; x_wconf 91' lang='lat' dir='ltr'><strong>est</strong></span> <span class='ocrx_word' id='word_1_91' title='bbox 2075 1051 2131 1107; x_wconf 88' lang='lat' dir='ltr'><strong>b.</strong></span> 
     </span>
    </p>
   </div>
   <div class='ocr_carea' id='block_1_12' title="bbox 544 1141 2128 1212">
    <p class='ocr_par' dir='ltr' id='par_1_12' title="bbox 544 1141 2128 1212">
     <span class='ocr_line' id='line_1_12' title="bbox 544 1141 2128 1212; baseline 0.001 -15"><span class='ocrx_word' id='word_1_92' title='bbox 544 1141 674 1210; x_wconf 66' lang='lat' dir='ltr'><strong>Quae</strong></span> <span class='ocrx_word' id='word_1_93' title='bbox 702 1142 845 1197; x_wconf 90' lang='lat' dir='ltr'><strong>enim</strong></span> <span class='ocrx_word' id='word_1_94' title='bbox 877 1142 956 1196; x_wconf 88' lang='lat' dir='ltr'><strong>sic</strong></span> <span class='ocrx_word' id='word_1_95' title='bbox 981 1142 1241 1209; x_wconf 77' lang='lat' dir='ltr'><strong>enuntiat,</strong></span> <span class='ocrx_word' id='word_1_96' title='bbox 1272 1150 1364 1197; x_wconf 91' lang='lat' dir='ltr'><strong>aut</strong></span> <span class='ocrx_word' id='word_1_97' title='bbox 1391 1157 1495 1197; x_wconf 91' lang='lat' dir='ltr'><strong>non</strong></span> <span class='ocrx_word' id='word_1_98' title='bbox 1522 1151 1604 1198; x_wconf 91' lang='lat' dir='ltr'><strong>est</strong></span> <span class='ocrx_word' id='word_1_99' title='bbox 1636 1158 1688 1209; x_wconf 90' lang='lat' dir='ltr'><strong>a,</strong></span> <span class='ocrx_word' id='word_1_100' title='bbox 1719 1152 1809 1197; x_wconf 92' lang='lat' dir='ltr'><strong>aut</strong></span> <span class='ocrx_word' id='word_1_101' title='bbox 1831 1158 1937 1199; x_wconf 94' lang='lat' dir='ltr'><strong>non</strong></span> <span class='ocrx_word' id='word_1_102' title='bbox 1968 1153 2052 1199; x_wconf 88' lang='lat' dir='ltr'><strong>est</strong></span> <span class='ocrx_word' id='word_1_103' title='bbox 2079 1145 2128 1212; x_wconf 89' lang='lat' dir='ltr'><strong>b,</strong></span> 
     </span>
    </p>
   </div>
   <div class='ocr_carea' id='block_1_13' title="bbox 541 1235 2133 1310">
    <p class='ocr_par' dir='ltr' id='par_1_13' title="bbox 541 1235 2133 1310">
     <span class='ocr_line' id='line_1_13' title="bbox 541 1235 2133 1310; baseline -0.001 -15"><span class='ocrx_word' id='word_1_104' title='bbox 541 1237 595 1295; x_wconf 88' lang='lat' dir='ltr'><strong>id</strong></span> <span class='ocrx_word' id='word_1_105' title='bbox 628 1237 877 1294; x_wconf 86' lang='lat' dir='ltr'><strong>nimirum</strong></span> <span class='ocrx_word' id='word_1_106' title='bbox 908 1240 1099 1306; x_wconf 89' lang='lat' dir='ltr'><strong>sentit,</strong></span> <span class='ocrx_word' id='word_1_107' title='bbox 1130 1236 1273 1308; x_wconf 87' lang='lat' dir='ltr'><strong>quod</strong></span> <span class='ocrx_word' id='word_1_108' title='bbox 1302 1239 1346 1292; x_wconf 90' lang='lat' dir='ltr'><strong>si</strong></span> <span class='ocrx_word' id='word_1_109' title='bbox 1377 1255 1411 1291; x_wconf 92' lang='lat' dir='ltr'><strong>a</strong></span> <span class='ocrx_word' id='word_1_110' title='bbox 1435 1240 1536 1302; x_wconf 78' lang='lat' dir='ltr'><strong>sit,</strong></span> <span class='ocrx_word' id='word_1_111' title='bbox 1572 1235 1601 1290; x_wconf 89' lang='lat' dir='ltr'><strong>b</strong></span> <span class='ocrx_word' id='word_1_112' title='bbox 1636 1252 1757 1293; x_wconf 89' lang='lat' dir='ltr'><strong>esse</strong></span> <span class='ocrx_word' id='word_1_113' title='bbox 1790 1253 1896 1293; x_wconf 93' lang='lat' dir='ltr'><strong>non</strong></span> <span class='ocrx_word' id='word_1_114' title='bbox 1927 1239 2133 1310; x_wconf 81' lang='lat' dir='ltr'><strong>possit,</strong></span> 
     </span>
    </p>
   </div>
   <div class='ocr_carea' id='block_1_14' title="bbox 539 1329 2127 1403">
    <p class='ocr_par' dir='ltr' id='par_1_14' title="bbox 539 1329 2127 1403">
     <span class='ocr_line' id='line_1_14' title="bbox 539 1329 2127 1403; baseline -0.001 -16"><span class='ocrx_word' id='word_1_115' title='bbox 539 1332 594 1387; x_wconf 88' lang='lat' dir='ltr'><strong>id</strong></span> <span class='ocrx_word' id='word_1_116' title='bbox 629 1332 702 1388; x_wconf 90' lang='lat' dir='ltr'><strong>ita</strong></span> <span class='ocrx_word' id='word_1_117' title='bbox 742 1331 1074 1403; x_wconf 74' lang='lat' dir='ltr'><strong>probabitur.</strong></span> <span class='ocrx_word' id='word_1_118' title='bbox 1108 1329 1241 1385; x_wconf 89' lang='lat' dir='ltr'><strong>Cum</strong></span> <span class='ocrx_word' id='word_1_119' title='bbox 1271 1334 1415 1388; x_wconf 91' lang='lat' dir='ltr'><strong>enim</strong></span> <span class='ocrx_word' id='word_1_120' title='bbox 1452 1332 1768 1403; x_wconf 73' lang='lat' dir='ltr'><strong>proponitur</strong></span> <span class='ocrx_word' id='word_1_121' title='bbox 1800 1332 1903 1387; x_wconf 86' lang='lat' dir='ltr'><strong>hoc</strong></span> <span class='ocrx_word' id='word_1_122' title='bbox 1938 1331 2127 1401; x_wconf 90' lang='lat' dir='ltr'><strong>modo,</strong></span> 
     </span>
    </p>
   </div>
   <div class='ocr_carea' id='block_1_15' title="bbox 538 1423 2130 1492">
    <p class='ocr_par' dir='ltr' id='par_1_15' title="bbox 538 1423 2130 1492">
     <span class='ocr_line' id='line_1_15' title="bbox 538 1423 2130 1492; baseline 0.001 -14"><span class='ocrx_word' id='word_1_123' title='bbox 538 1432 630 1478; x_wconf 86' lang='lat' dir='ltr'><strong>aut</strong></span> <span class='ocrx_word' id='word_1_124' title='bbox 652 1438 756 1479; x_wconf 93' lang='lat' dir='ltr'><strong>non</strong></span> <span class='ocrx_word' id='word_1_125' title='bbox 786 1432 870 1478; x_wconf 89' lang='lat' dir='ltr'><strong>est</strong></span> <span class='ocrx_word' id='word_1_126' title='bbox 898 1440 953 1492; x_wconf 88' lang='lat' dir='ltr'><strong>a,</strong></span> <span class='ocrx_word' id='word_1_127' title='bbox 987 1430 1079 1478; x_wconf 87' lang='lat' dir='ltr'><strong>aut</strong></span> <span class='ocrx_word' id='word_1_128' title='bbox 1112 1438 1218 1478; x_wconf 93' lang='lat' dir='ltr'><strong>non</strong></span> <span class='ocrx_word' id='word_1_129' title='bbox 1251 1433 1334 1479; x_wconf 88' lang='lat' dir='ltr'><strong>est</strong></span> <span class='ocrx_word' id='word_1_130' title='bbox 1362 1423 1415 1491; x_wconf 73' lang='grc' dir='ltr'><strong>ὁ,</strong></span> <span class='ocrx_word' id='word_1_131' title='bbox 1448 1440 1568 1478; x_wconf 92' lang='lat' dir='ltr'><strong>cum</strong></span> <span class='ocrx_word' id='word_1_132' title='bbox 1597 1423 1641 1479; x_wconf 88' lang='lat' dir='ltr'><strong>si</strong></span> <span class='ocrx_word' id='word_1_133' title='bbox 1673 1432 1979 1479; x_wconf 80' lang='lat' dir='ltr'><strong>assumatur</strong></span> <span class='ocrx_word' id='word_1_134' title='bbox 2007 1438 2130 1480; x_wconf 88' lang='lat' dir='ltr'><strong>esse</strong></span> 
     </span>
    </p>
   </div>
   <div class='ocr_carea' id='block_1_16' title="bbox 537 1504 2129 1591">
    <p class='ocr_par' dir='ltr' id='par_1_16' title="bbox 537 1504 2129 1591">
     <span class='ocr_line' id='line_1_16' title="bbox 537 1504 2129 1591; baseline 0.001 -19"><span class='ocrx_word' id='word_1_135' title='bbox 537 1504 601 1584; x_wconf 79' lang='grc' dir='ltr'><strong>ἁ,</strong></span> <span class='ocrx_word' id='word_1_136' title='bbox 640 1532 747 1574; x_wconf 90' lang='lat' dir='ltr'><strong>non</strong></span> <span class='ocrx_word' id='word_1_137' title='bbox 774 1518 877 1573; x_wconf 88' lang='lat' dir='ltr'><strong>erit</strong></span> <span class='ocrx_word' id='word_1_138' title='bbox 905 1517 953 1573; x_wconf 89' lang='lat' dir='ltr'><strong>b.</strong></span> <span class='ocrx_word' id='word_1_139' title='bbox 986 1518 1245 1591; x_wconf 78' lang='lat' dir='ltr'><strong>Quocirca</strong></span> <span class='ocrx_word' id='word_1_140' title='bbox 1278 1520 1327 1575; x_wconf 91' lang='lat' dir='ltr'><strong>ei</strong></span> <span class='ocrx_word' id='word_1_141' title='bbox 1360 1518 1711 1590; x_wconf 88' lang='lat' dir='ltr'><strong>propositioni</strong></span> <span class='ocrx_word' id='word_1_142' title='bbox 1747 1534 2011 1576; x_wconf 67' lang='lat' dir='ltr'><strong>conuexm</strong></span> <span class='ocrx_word' id='word_1_143' title='bbox 2051 1518 2129 1574; x_wconf 89' lang='lat' dir='ltr'><strong>si-</strong></span> 
     </span>
    </p>
   </div>
   <div class='ocr_carea' id='block_1_17' title="bbox 534 1608 2130 1683">
    <p class='ocr_par' dir='ltr' id='par_1_17' title="bbox 534 1608 2130 1683">
     <span class='ocr_line' id='line_1_17' title="bbox 534 1608 2130 1683; baseline -0.001 -15"><span class='ocrx_word' id='word_1_144' title='bbox 534 1608 681 1668; x_wconf 84' lang='lat' dir='ltr'><strong>milis</strong></span> <span class='ocrx_word' id='word_1_145' title='bbox 708 1618 794 1667; x_wconf 89' lang='lat' dir='ltr'><strong>est</strong></span> <span class='ocrx_word' id='word_1_146' title='bbox 842 1626 963 1683; x_wconf 70' lang='lat' dir='ltr'><strong>qua:</strong></span> <span class='ocrx_word' id='word_1_147' title='bbox 992 1611 1065 1665; x_wconf 90' lang='lat' dir='ltr'><strong>ita</strong></span> <span class='ocrx_word' id='word_1_148' title='bbox 1104 1612 1366 1679; x_wconf 77' lang='lat' dir='ltr'><strong>enuntiat,</strong></span> <span class='ocrx_word' id='word_1_149' title='bbox 1398 1613 1443 1666; x_wconf 92' lang='lat' dir='ltr'><strong>si</strong></span> <span class='ocrx_word' id='word_1_150' title='bbox 1489 1611 1560 1667; x_wconf 90' lang='lat' dir='ltr'><strong>sit</strong></span> <span class='ocrx_word' id='word_1_151' title='bbox 1608 1630 1671 1677; x_wconf 84' lang='grc' dir='ltr'><strong>α,</strong></span> <span class='ocrx_word' id='word_1_152' title='bbox 1705 1627 1810 1667; x_wconf 91' lang='lat' dir='ltr'><strong>non</strong></span> <span class='ocrx_word' id='word_1_153' title='bbox 1840 1626 1963 1667; x_wconf 89' lang='lat' dir='ltr'><strong>esse</strong></span> <span class='ocrx_word' id='word_1_154' title='bbox 1992 1611 2041 1665; x_wconf 75' lang='grc' dir='ltr'><strong>ὸ.</strong></span> <span class='ocrx_word' id='word_1_155' title='bbox 2071 1610 2130 1666; x_wconf 84' lang='grc' dir='ltr'><strong>1η</strong></span> 
     </span>
    </p>
   </div>
   <div class='ocr_carea' id='block_1_18' title="bbox 534 1702 2130 1775">
    <p class='ocr_par' dir='ltr' id='par_1_18' title="bbox 534 1702 2130 1775">
     <span class='ocr_line' id='line_1_18' title="bbox 534 1702 2130 1775; baseline -0.001 -13"><span class='ocrx_word' id='word_1_156' title='bbox 534 1705 638 1762; x_wconf 83' lang='lat' dir='ltr'><strong>hac</strong></span> <span class='ocrx_word' id='word_1_157' title='bbox 676 1718 808 1760; x_wconf 92' lang='lat' dir='ltr'><strong>vero</strong></span> <span class='ocrx_word' id='word_1_158' title='bbox 849 1702 1249 1775; x_wconf 86' lang='lat' dir='ltr'><strong>propositione,</strong></span> <span class='ocrx_word' id='word_1_159' title='bbox 1302 1704 1422 1759; x_wconf 70' lang='lat' dir='ltr'><strong>dure</strong></span> <span class='ocrx_word' id='word_1_160' title='bbox 1467 1712 1673 1759; x_wconf 90' lang='lat' dir='ltr'><strong>tantum</strong></span> <span class='ocrx_word' id='word_1_161' title='bbox 1723 1704 2130 1775; x_wconf 75' lang='lat' dir='ltr'><strong>complexiones</strong></span> 
     </span>
    </p>
   </div>
   <div class='ocr_carea' id='block_1_19' title="bbox 2242 479 3845 565">
    <p class='ocr_par' dir='ltr' id='par_1_19' title="bbox 2242 479 3845 565">
     <span class='ocr_line' id='line_1_19' title="bbox 2242 479 3845 565; baseline -0.003 -19"><span class='ocrx_word' id='word_1_162' title='bbox 2242 490 2526 565; x_wconf 87' lang='lat' dir='ltr'><strong>babimur,</strong></span> <span class='ocrx_word' id='word_1_163' title='bbox 2554 489 2598 545; x_wconf 90' lang='lat' dir='ltr'><strong>si</strong></span> <span class='ocrx_word' id='word_1_164' title='bbox 2627 489 2748 565; x_wconf 90' lang='lat' dir='ltr'><strong>quis</strong></span> <span class='ocrx_word' id='word_1_165' title='bbox 2789 488 2863 557; x_wconf 72' lang='lat' dir='ltr'><strong>ita</strong></span> <span class='ocrx_word' id='word_1_166' title='bbox 2904 479 3198 563; x_wconf 76' lang='lat' dir='ltr'><strong>proponat,</strong></span> <span class='ocrx_word' id='word_1_167' title='bbox 3230 496 3323 553; x_wconf 82' lang='lat' dir='ltr'><strong>aut</strong></span> <span class='ocrx_word' id='word_1_168' title='bbox 3350 488 3555 549; x_wconf 80' lang='lat' dir='ltr'><strong>animal</strong></span> <span class='ocrx_word' id='word_1_169' title='bbox 3595 497 3721 553; x_wconf 83' lang='lat' dir='ltr'><strong>est,</strong></span> <span class='ocrx_word' id='word_1_170' title='bbox 3748 495 3845 544; x_wconf 75' lang='lat' dir='ltr'><strong>aut</strong></span> 
     </span>
    </p>
   </div>
   <div class='ocr_carea' id='block_1_20' title="bbox 2244 578 3845 653">
    <p class='ocr_par' dir='ltr' id='par_1_20' title="bbox 2244 578 3845 653">
     <span class='ocr_line' id='line_1_20' title="bbox 2244 578 3845 653; baseline -0.005 -12"><span class='ocrx_word' id='word_1_171' title='bbox 2244 599 2351 641; x_wconf 87' lang='lat' dir='ltr'><strong>non</strong></span> <span class='ocrx_word' id='word_1_172' title='bbox 2377 584 2563 651; x_wconf 89' lang='lat' dir='ltr'><strong>homo,</strong></span> <span class='ocrx_word' id='word_1_173' title='bbox 2593 581 2639 637; x_wconf 91' lang='lat' dir='ltr'><strong>si</strong></span> <span class='ocrx_word' id='word_1_174' title='bbox 2667 578 2827 653; x_wconf 91' lang='lat' dir='ltr'><strong>igitur</strong></span> <span class='ocrx_word' id='word_1_175' title='bbox 2857 578 3054 635; x_wconf 87' lang='lat' dir='ltr'><strong>animal</strong></span> <span class='ocrx_word' id='word_1_176' title='bbox 3092 595 3198 635; x_wconf 92' lang='lat' dir='ltr'><strong>non</strong></span> <span class='ocrx_word' id='word_1_177' title='bbox 3226 578 3317 648; x_wconf 87' lang='lat' dir='ltr'><strong>sit,</strong></span> <span class='ocrx_word' id='word_1_178' title='bbox 3352 593 3460 635; x_wconf 92' lang='lat' dir='ltr'><strong>non</strong></span> <span class='ocrx_word' id='word_1_179' title='bbox 3492 578 3602 635; x_wconf 89' lang='lat' dir='ltr'><strong>erit</strong></span> <span class='ocrx_word' id='word_1_180' title='bbox 3636 578 3845 647; x_wconf 79' lang='lat' dir='ltr'><strong>homo;</strong></span> 
     </span>
    </p>
   </div>
   <div class='ocr_carea' id='block_1_21' title="bbox 2244 672 3848 749">
    <p class='ocr_par' dir='ltr' id='par_1_21' title="bbox 2244 672 3848 749">
     <span class='ocr_line' id='line_1_21' title="bbox 2244 672 3848 749; baseline -0.004 -15"><span class='ocrx_word' id='word_1_181' title='bbox 2244 678 2289 734; x_wconf 93' lang='lat' dir='ltr'><strong>si</strong></span> <span class='ocrx_word' id='word_1_182' title='bbox 2322 681 2485 741; x_wconf 88' lang='lat' dir='ltr'><strong>homo</strong></span> <span class='ocrx_word' id='word_1_183' title='bbox 2513 678 2605 749; x_wconf 82' lang='lat' dir='ltr'><strong>sit,</strong></span> <span class='ocrx_word' id='word_1_184' title='bbox 2634 672 2833 733; x_wconf 85' lang='lat' dir='ltr'><strong>animal</strong></span> <span class='ocrx_word' id='word_1_185' title='bbox 2858 684 2975 747; x_wconf 78' lang='lat' dir='ltr'><strong>est;</strong></span> <span class='ocrx_word' id='word_1_186' title='bbox 3001 674 3115 730; x_wconf 83' lang='lat' dir='ltr'><strong>sive</strong></span> <span class='ocrx_word' id='word_1_187' title='bbox 3154 681 3336 737; x_wconf 86' lang='lat' dir='ltr'><strong>autem</strong></span> <span class='ocrx_word' id='word_1_188' title='bbox 3376 673 3580 730; x_wconf 88' lang='lat' dir='ltr'><strong>animal</strong></span> <span class='ocrx_word' id='word_1_189' title='bbox 3612 672 3712 738; x_wconf 81' lang='lat' dir='ltr'><strong>sit,</strong></span> <span class='ocrx_word' id='word_1_190' title='bbox 3738 687 3848 733; x_wconf 81' lang='lat' dir='ltr'><strong>non</strong></span> 
     </span>
    </p>
   </div>
   <div class='ocr_carea' id='block_1_22' title="bbox 2243 765 3849 839">
    <p class='ocr_par' dir='ltr' id='par_1_22' title="bbox 2243 765 3849 839">
     <span class='ocr_line' id='line_1_22' title="bbox 2243 765 3849 839; baseline -0.002 -13"><span class='ocrx_word' id='word_1_191' title='bbox 2243 776 2463 827; x_wconf 80' lang='lat' dir='ltr'><strong>necesse</strong></span> <span class='ocrx_word' id='word_1_192' title='bbox 2487 781 2572 839; x_wconf 87' lang='grc' dir='ltr'><strong>εει</strong></span> <span class='ocrx_word' id='word_1_193' title='bbox 2598 785 2721 825; x_wconf 91' lang='grc' dir='ltr'>εεεε</span> <span class='ocrx_word' id='word_1_194' title='bbox 2746 766 3043 839; x_wconf 86' lang='lat' dir='ltr'><strong>hominem,</strong></span> <span class='ocrx_word' id='word_1_195' title='bbox 3093 768 3209 827; x_wconf 84' lang='lat' dir='ltr'><strong>sive</strong></span> <span class='ocrx_word' id='word_1_196' title='bbox 3252 766 3417 823; x_wconf 89' lang='lat' dir='ltr'><strong>homo</strong></span> <span class='ocrx_word' id='word_1_197' title='bbox 3455 780 3570 821; x_wconf 88' lang='lat' dir='ltr'><strong>non</strong></span> <span class='ocrx_word' id='word_1_198' title='bbox 3608 765 3710 834; x_wconf 89' lang='lat' dir='ltr'><strong>sit,</strong></span> <span class='ocrx_word' id='word_1_199' title='bbox 3738 777 3849 823; x_wconf 77' lang='lat' dir='ltr'><strong>non</strong></span> 
     </span>
    </p>
   </div>
   <div class='ocr_carea' id='block_1_23' title="bbox 2242 856 3850 929">
    <p class='ocr_par' dir='ltr' id='par_1_23' title="bbox 2242 856 3850 929">
     <span class='ocr_line' id='line_1_23' title="bbox 2242 856 3850 929; baseline -0.003 -11"><span class='ocrx_word' id='word_1_200' title='bbox 2242 878 2465 919; x_wconf 84' lang='lat' dir='ltr'><strong>necesse</strong></span> <span class='ocrx_word' id='word_1_201' title='bbox 2495 870 2578 925; x_wconf 83' lang='lat' dir='ltr'><strong>est</strong></span> <span class='ocrx_word' id='word_1_202' title='bbox 2617 861 2813 929; x_wconf 82' lang='lat' dir='ltr'><strong>animal</strong></span> <span class='ocrx_word' id='word_1_203' title='bbox 2852 860 3093 916; x_wconf 89' lang='lat' dir='ltr'><strong>interire.</strong></span> <span class='ocrx_word' id='word_1_204' title='bbox 3127 858 3199 914; x_wconf 87' lang='lat' dir='ltr'><strong>Ea</strong></span> <span class='ocrx_word' id='word_1_205' title='bbox 3232 873 3359 915; x_wconf 92' lang='lat' dir='ltr'><strong>vero</strong></span> <span class='ocrx_word' id='word_1_206' title='bbox 3388 856 3704 929; x_wconf 82' lang='lat' dir='ltr'><strong>prepositio</strong></span> <span class='ocrx_word' id='word_1_207' title='bbox 3727 869 3850 927; x_wconf 68' lang='lat' dir='ltr'><strong>qua</strong></span> 
     </span>
    </p>
   </div>
   <div class='ocr_carea' id='block_1_24' title="bbox 2241 947 3854 1025">
    <p class='ocr_par' dir='ltr' id='par_1_24' title="bbox 2241 947 3854 1025">
     <span class='ocr_line' id='line_1_24' title="bbox 2241 947 3854 1025; baseline -0.007 -12"><span class='ocrx_word' id='word_1_208' title='bbox 2241 955 2388 1025; x_wconf 82' lang='lat' dir='ltr'><strong>dicit,</strong></span> <span class='ocrx_word' id='word_1_209' title='bbox 2416 964 2509 1009; x_wconf 93' lang='lat' dir='ltr'><strong>aut</strong></span> <span class='ocrx_word' id='word_1_210' title='bbox 2538 968 2647 1010; x_wconf 93' lang='lat' dir='ltr'><strong>non</strong></span> <span class='ocrx_word' id='word_1_211' title='bbox 2669 963 2752 1013; x_wconf 52' lang='grc' dir='ltr'><strong>εει</strong></span> <span class='ocrx_word' id='word_1_212' title='bbox 2778 970 2832 1021; x_wconf 88' lang='lat' dir='ltr'><strong>a_,</strong></span> <span class='ocrx_word' id='word_1_213' title='bbox 2860 962 2951 1007; x_wconf 89' lang='lat' dir='ltr'><strong>aut</strong></span> <span class='ocrx_word' id='word_1_214' title='bbox 2979 961 3061 1008; x_wconf 89' lang='lat' dir='ltr'><strong>est</strong></span> <span class='ocrx_word' id='word_1_215' title='bbox 3090 950 3142 1019; x_wconf 85' lang='lat' dir='ltr'><strong>b,</strong></span> <span class='ocrx_word' id='word_1_216' title='bbox 3188 952 3239 1005; x_wconf 91' lang='lat' dir='ltr'><strong>in</strong></span> <span class='ocrx_word' id='word_1_217' title='bbox 3273 950 3355 1005; x_wconf 90' lang='lat' dir='ltr'><strong>his</strong></span> <span class='ocrx_word' id='word_1_218' title='bbox 3378 964 3500 1020; x_wconf 72' lang='lat' dir='ltr'><strong>qua:</strong></span> <span class='ocrx_word' id='word_1_219' title='bbox 3521 948 3635 1004; x_wconf 90' lang='lat' dir='ltr'><strong>sibi</strong></span> <span class='ocrx_word' id='word_1_220' title='bbox 3663 947 3854 1003; x_wconf 56' lang='lat' dir='ltr'><strong>adhe-</strong></span> 
     </span>
    </p>
   </div>
   <div class='ocr_carea' id='block_1_25' title="bbox 2242 1040 3851 1121">
    <p class='ocr_par' dir='ltr' id='par_1_25' title="bbox 2242 1040 3851 1121">
     <span class='ocr_line' id='line_1_25' title="bbox 2242 1040 3851 1121; baseline -0.004 -19"><span class='ocrx_word' id='word_1_221' title='bbox 2242 1056 2361 1109; x_wconf 90' lang='lat' dir='ltr'><strong>rent</strong></span> <span class='ocrx_word' id='word_1_222' title='bbox 2389 1047 2615 1121; x_wconf 82' lang='lat' dir='ltr'><strong>proponi</strong></span> <span class='ocrx_word' id='word_1_223' title='bbox 2647 1053 2861 1119; x_wconf 83' lang='lat' dir='ltr'><strong>potest,</strong></span> <span class='ocrx_word' id='word_1_224' title='bbox 2893 1054 2948 1099; x_wconf 92' lang='lat' dir='ltr'><strong>et</strong></span> <span class='ocrx_word' id='word_1_225' title='bbox 2973 1059 3002 1097; x_wconf 89' lang='lat' dir='ltr'><strong>a</strong></span> <span class='ocrx_word' id='word_1_226' title='bbox 3030 1042 3328 1103; x_wconf 87' lang='lat' dir='ltr'><strong>minoribus</strong></span> <span class='ocrx_word' id='word_1_227' title='bbox 3354 1040 3425 1097; x_wconf 88' lang='lat' dir='ltr'><strong>ad</strong></span> <span class='ocrx_word' id='word_1_228' title='bbox 3454 1040 3676 1112; x_wconf 84' lang='lat' dir='ltr'><strong>majora</strong></span> <span class='ocrx_word' id='word_1_229' title='bbox 3718 1055 3851 1095; x_wconf 80' lang='lat' dir='ltr'><strong>con-</strong></span> 
     </span>
    </p>
   </div>
   <div class='ocr_carea' id='block_1_26' title="bbox 2242 1134 3854 1208">
    <p class='ocr_par' dir='ltr' id='par_1_26' title="bbox 2242 1134 3854 1208">
     <span class='ocr_line' id='line_1_26' title="bbox 2242 1134 3854 1208; baseline -0.002 -15"><span class='ocrx_word' id='word_1_230' title='bbox 2242 1138 2412 1206; x_wconf 87' lang='lat' dir='ltr'><strong>tendi,</strong></span> <span class='ocrx_word' id='word_1_231' title='bbox 2458 1149 2511 1197; x_wconf 91' lang='lat' dir='ltr'><strong>et</strong></span> <span class='ocrx_word' id='word_1_232' title='bbox 2555 1148 2636 1195; x_wconf 88' lang='lat' dir='ltr'><strong>est</strong></span> <span class='ocrx_word' id='word_1_233' title='bbox 2664 1138 2859 1193; x_wconf 84' lang='lat' dir='ltr'><strong>similis</strong></span> <span class='ocrx_word' id='word_1_234' title='bbox 2904 1136 2952 1193; x_wconf 88' lang='lat' dir='ltr'><strong>ei</strong></span> <span class='ocrx_word' id='word_1_235' title='bbox 3003 1134 3355 1208; x_wconf 84' lang='lat' dir='ltr'><strong>prepositioni</strong></span> <span class='ocrx_word' id='word_1_236' title='bbox 3399 1150 3679 1192; x_wconf 70' lang='lat' dir='ltr'><strong>connexa:</strong></span> <span class='ocrx_word' id='word_1_237' title='bbox 3729 1149 3854 1205; x_wconf 65' lang='lat' dir='ltr'><strong>qua</strong></span> 
     </span>
    </p>
   </div>
   <div class='ocr_carea' id='block_1_27' title="bbox 2240 1225 3851 1299">
    <p class='ocr_par' dir='ltr' id='par_1_27' title="bbox 2240 1225 3851 1299">
     <span class='ocr_line' id='line_1_27' title="bbox 2240 1225 3851 1299; baseline -0.004 -13"><span class='ocrx_word' id='word_1_238' title='bbox 2240 1229 2407 1286; x_wconf 88' lang='lat' dir='ltr'><strong>dicit:</strong></span> <span class='ocrx_word' id='word_1_239' title='bbox 2440 1231 2483 1286; x_wconf 90' lang='lat' dir='ltr'><strong>si</strong></span> <span class='ocrx_word' id='word_1_240' title='bbox 2513 1239 2594 1286; x_wconf 87' lang='lat' dir='ltr'><strong>est</strong></span> <span class='ocrx_word' id='word_1_241' title='bbox 2621 1247 2675 1296; x_wconf 87' lang='lat' dir='ltr'><strong>a,</strong></span> <span class='ocrx_word' id='word_1_242' title='bbox 2707 1241 2789 1285; x_wconf 90' lang='grc' dir='ltr'><strong>εει</strong></span> <span class='ocrx_word' id='word_1_243' title='bbox 2816 1228 2864 1283; x_wconf 85' lang='lat' dir='ltr'><strong>b.</strong></span> <span class='ocrx_word' id='word_1_244' title='bbox 2897 1227 3029 1285; x_wconf 84' lang='lat' dir='ltr'><strong>Nam</strong></span> <span class='ocrx_word' id='word_1_245' title='bbox 3065 1244 3187 1283; x_wconf 91' lang='lat' dir='ltr'><strong>cum</strong></span> <span class='ocrx_word' id='word_1_246' title='bbox 3215 1229 3287 1283; x_wconf 84' lang='lat' dir='ltr'><strong>ita</strong></span> <span class='ocrx_word' id='word_1_247' title='bbox 3316 1228 3436 1299; x_wconf 88' lang='lat' dir='ltr'><strong>quis</strong></span> <span class='ocrx_word' id='word_1_248' title='bbox 3457 1228 3746 1293; x_wconf 84' lang='lat' dir='ltr'><strong>enuntiet,</strong></span> <span class='ocrx_word' id='word_1_249' title='bbox 3780 1225 3851 1280; x_wconf 87' lang='lat' dir='ltr'><strong>si-</strong></span> 
     </span>
    </p>
   </div>
   <div class='ocr_carea' id='block_1_28' title="bbox 2239 1318 3846 1396">
    <p class='ocr_par' dir='ltr' id='par_1_28' title="bbox 2239 1318 3846 1396">
     <span class='ocr_line' id='line_1_28' title="bbox 2239 1318 3846 1396; baseline 0.001 -20"><span class='ocrx_word' id='word_1_250' title='bbox 2239 1323 2455 1396; x_wconf 81' lang='lat' dir='ltr'><strong>quidem</strong></span> <span class='ocrx_word' id='word_1_251' title='bbox 2480 1332 2783 1378; x_wconf 83' lang='lat' dir='ltr'><strong>assumatur</strong></span> <span class='ocrx_word' id='word_1_252' title='bbox 2805 1338 2921 1378; x_wconf 23' lang='lat' dir='ltr'><strong>ess&quot;.</strong></span> <span class='ocrx_word' id='word_1_253' title='bbox 2951 1340 3001 1386; x_wconf 90' lang='lat' dir='ltr'><strong>a,</strong></span> <span class='ocrx_word' id='word_1_254' title='bbox 3030 1321 3208 1376; x_wconf 80' lang='lat' dir='ltr'><strong>statim</strong></span> <span class='ocrx_word' id='word_1_255' title='bbox 3231 1321 3586 1391; x_wconf 81' lang='lat' dir='ltr'><strong>consequitur</strong></span> <span class='ocrx_word' id='word_1_256' title='bbox 3616 1330 3685 1374; x_wconf 89' lang='lat' dir='ltr'><strong>ut</strong></span> <span class='ocrx_word' id='word_1_257' title='bbox 3705 1319 3777 1374; x_wconf 85' lang='lat' dir='ltr'><strong>sit</strong></span> <span class='ocrx_word' id='word_1_258' title='bbox 3796 1318 3846 1379; x_wconf 76' lang='grc' dir='ltr'><strong>ό.</strong></span> 
     </span>
    </p>
   </div>
   <div class='ocr_carea' id='block_1_29' title="bbox 2240 1411 3848 1487">
    <p class='ocr_par' dir='ltr' id='par_1_29' title="bbox 2240 1411 3848 1487">
     <span class='ocr_line' id='line_1_29' title="bbox 2240 1411 3848 1487; baseline -0.006 -15"><span class='ocrx_word' id='word_1_259' title='bbox 2240 1412 2347 1473; x_wconf 86' lang='lat' dir='ltr'><strong>Sed</strong></span> <span class='ocrx_word' id='word_1_260' title='bbox 2370 1417 2423 1471; x_wconf 92' lang='lat' dir='ltr'><strong>in</strong></span> <span class='ocrx_word' id='word_1_261' title='bbox 2451 1415 2550 1471; x_wconf 85' lang='lat' dir='ltr'><strong>bac</strong></span> <span class='ocrx_word' id='word_1_262' title='bbox 2570 1416 2934 1487; x_wconf 85' lang='lat' dir='ltr'><strong>propositione</strong></span> <span class='ocrx_word' id='word_1_263' title='bbox 2955 1412 3220 1484; x_wconf 89' lang='lat' dir='ltr'><strong>siquidem</strong></span> <span class='ocrx_word' id='word_1_264' title='bbox 3243 1411 3619 1469; x_wconf 81' lang='lat' dir='ltr'><strong>aﬂirmaretur</strong></span> <span class='ocrx_word' id='word_1_265' title='bbox 3642 1426 3772 1467; x_wconf 82' lang='lat' dir='ltr'><strong>esse</strong></span> <span class='ocrx_word' id='word_1_266' title='bbox 3792 1428 3848 1484; x_wconf 77' lang='grc' dir='ltr'><em>α,</em></span> 
     </span>
    </p>
   </div>
   <div class='ocr_carea' id='block_1_30' title="bbox 2238 1505 3847 1580">
    <p class='ocr_par' dir='ltr' id='par_1_30' title="bbox 2238 1505 3847 1580">
     <span class='ocr_line' id='line_1_30' title="bbox 2238 1505 3847 1580; baseline -0.003 -13"><span class='ocrx_word' id='word_1_267' title='bbox 2238 1509 2564 1580; x_wconf 80' lang='lat' dir='ltr'><strong>sequebatur</strong></span> <span class='ocrx_word' id='word_1_268' title='bbox 2593 1518 2650 1562; x_wconf 91' lang='lat' dir='ltr'><strong>ut</strong></span> <span class='ocrx_word' id='word_1_269' title='bbox 2680 1515 2824 1562; x_wconf 85' lang='lat' dir='ltr'><strong>esset</strong></span> <span class='ocrx_word' id='word_1_270' title='bbox 2854 1507 2901 1560; x_wconf 86' lang='lat' dir='ltr'><strong>b.</strong></span> <span class='ocrx_word' id='word_1_271' title='bbox 2935 1506 3088 1575; x_wconf 80' lang='lat' dir='ltr'><strong>Quod</strong></span> <span class='ocrx_word' id='word_1_272' title='bbox 3126 1507 3169 1560; x_wconf 87' lang='lat' dir='ltr'><strong>si</strong></span> <span class='ocrx_word' id='word_1_273' title='bbox 3218 1515 3509 1576; x_wconf 78' lang='lat' dir='ltr'><strong>negaretur</strong></span> <span class='ocrx_word' id='word_1_274' title='bbox 3536 1505 3590 1573; x_wconf 72' lang='grc' dir='ltr'><strong>ὁ,</strong></span> <span class='ocrx_word' id='word_1_275' title='bbox 3650 1519 3847 1576; x_wconf 84' lang='lat' dir='ltr'><strong>seque-</strong></span> 
     </span>
    </p>
   </div>
   <div class='ocr_carea' id='block_1_31' title="bbox 2238 1599 3847 1673">
    <p class='ocr_par' dir='ltr' id='par_1_31' title="bbox 2238 1599 3847 1673">
     <span class='ocr_line' id='line_1_31' title="bbox 2238 1599 3847 1673; baseline -0.001 -16"><span class='ocrx_word' id='word_1_276' title='bbox 2238 1601 2395 1659; x_wconf 83' lang='lat' dir='ltr'><strong>batur</strong></span> <span class='ocrx_word' id='word_1_277' title='bbox 2441 1611 2499 1657; x_wconf 90' lang='lat' dir='ltr'><strong>ut</strong></span> <span class='ocrx_word' id='word_1_278' title='bbox 2543 1616 2647 1657; x_wconf 89' lang='lat' dir='ltr'><strong>non</strong></span> <span class='ocrx_word' id='word_1_279' title='bbox 2675 1610 2818 1657; x_wconf 49' lang='lat' dir='ltr'><strong>esset</strong></span> <span class='ocrx_word' id='word_1_280' title='bbox 2846 1618 2898 1655; x_wconf 91' lang='lat' dir='ltr'><strong>a.</strong></span> <span class='ocrx_word' id='word_1_281' title='bbox 2932 1599 3056 1655; x_wconf 87' lang='lat' dir='ltr'><strong>Sive</strong></span> <span class='ocrx_word' id='word_1_282' title='bbox 3086 1610 3262 1659; x_wconf 86' lang='lat' dir='ltr'><strong>autem</strong></span> <span class='ocrx_word' id='word_1_283' title='bbox 3303 1610 3599 1673; x_wconf 80' lang='lat' dir='ltr'><strong>negaretur</strong></span> <span class='ocrx_word' id='word_1_284' title='bbox 3643 1617 3701 1669; x_wconf 72' lang='grc' dir='ltr'><em>α,</em></span> <span class='ocrx_word' id='word_1_285' title='bbox 3736 1601 3847 1665; x_wconf 65' lang='lat' dir='ltr'><strong>sive</strong></span> 
     </span>
    </p>
   </div>
   <div class='ocr_carea' id='block_1_32' title="bbox 2237 1690 3841 1759">
    <p class='ocr_par' dir='ltr' id='par_1_32' title="bbox 2237 1690 3841 1759">
     <span class='ocr_line' id='line_1_32' title="bbox 2237 1690 3841 1759; baseline -0.001 -11"><span class='ocrx_word' id='word_1_286' title='bbox 2237 1692 2599 1748; x_wconf 80' lang='lat' dir='ltr'><strong>afﬁrmaretnr</strong></span> <span class='ocrx_word' id='word_1_287' title='bbox 2631 1692 2680 1759; x_wconf 72' lang='grc' dir='ltr'><strong>ὁ,</strong></span> <span class='ocrx_word' id='word_1_288' title='bbox 2714 1692 2845 1748; x_wconf 84' lang='lat' dir='ltr'><strong>nihil</strong></span> <span class='ocrx_word' id='word_1_289' title='bbox 2873 1694 3234 1749; x_wconf 88' lang='lat' dir='ltr'><strong>necessarium</strong></span> <span class='ocrx_word' id='word_1_290' title='bbox 3263 1690 3537 1751; x_wconf 85' lang='lat' dir='ltr'><strong>videbitur</strong></span> <span class='ocrx_word' id='word_1_291' title='bbox 3561 1692 3841 1753; x_wconf 80' lang='lat' dir='ltr'><strong>accidere.</strong></span> 
     </span>
    </p>
   </div>
   <div class='ocr_carea' id='block_1_33' title="bbox 535 1784 3841 1871">
    <p class='ocr_par' dir='ltr' id='par_1_33' title="bbox 535 1784 3841 1871">
     <span class='ocr_line' id='line_1_33' title="bbox 535 1784 3841 1871; baseline -0.003 -16"><span class='ocrx_word' id='word_1_292' title='bbox 535 1797 877 1871; x_wconf 69' lang='lat' dir='ltr'><strong>syllogismos</strong></span> <span class='ocrx_word' id='word_1_293' title='bbox 902 1797 1272 1868; x_wconf 88' lang='lat' dir='ltr'><strong>procreabant.</strong></span> <span class='ocrx_word' id='word_1_294' title='bbox 1296 1797 1429 1852; x_wconf 82' lang='lat' dir='ltr'><strong>Nam</strong></span> <span class='ocrx_word' id='word_1_295' title='bbox 1455 1798 1500 1854; x_wconf 92' lang='lat' dir='ltr'><strong>si</strong></span> <span class='ocrx_word' id='word_1_296' title='bbox 1530 1808 1675 1854; x_wconf 89' lang='lat' dir='ltr'><strong>esset</strong></span> <span class='ocrx_word' id='word_1_297' title='bbox 1704 1815 1757 1867; x_wconf 89' lang='lat' dir='ltr'><strong>a,</strong></span> <span class='ocrx_word' id='word_1_298' title='bbox 1792 1814 1900 1856; x_wconf 88' lang='lat' dir='ltr'><strong>non</strong></span> <span class='ocrx_word' id='word_1_299' title='bbox 1928 1809 2045 1856; x_wconf 87' lang='lat' dir='ltr'><strong>erat</strong></span> <span class='ocrx_word' id='word_1_300' title='bbox 2066 1800 2127 1869; x_wconf 84' lang='lat' dir='ltr'><strong>b;</strong></span> <span class='ocrx_word' id='word_1_301' title='bbox 2159 1808 2211 1870; x_wconf 78' lang='grc' dir='ltr'><strong>Β</strong></span> <span class='ocrx_word' id='word_1_302' title='bbox 2237 1784 2310 1842; x_wconf 66' lang='lat' dir='ltr'><strong>Et</strong></span> <span class='ocrx_word' id='word_1_303' title='bbox 2338 1786 2389 1840; x_wconf 74' lang='lat' dir='ltr'><strong>in</strong></span> <span class='ocrx_word' id='word_1_304' title='bbox 2420 1800 2482 1841; x_wconf 74' lang='lat' dir='ltr'><strong>ea</strong></span> <span class='ocrx_word' id='word_1_305' title='bbox 2514 1785 2671 1863; x_wconf 62' lang='grc' dir='ltr'>ίεὶῐιιτ</span> <span class='ocrx_word' id='word_1_306' title='bbox 2694 1785 3060 1855; x_wconf 75' lang='lat' dir='ltr'><strong>propositione</strong></span> <span class='ocrx_word' id='word_1_307' title='bbox 3082 1784 3372 1855; x_wconf 72' lang='lat' dir='ltr'><strong>disiuncta.</strong></span> <span class='ocrx_word' id='word_1_308' title='bbox 3404 1800 3530 1855; x_wconf 63' lang='lat' dir='ltr'><strong>qna</strong></span> <span class='ocrx_word' id='word_1_309' title='bbox 3557 1784 3719 1850; x_wconf 79' lang='lat' dir='ltr'><strong>dicit.</strong></span> <span class='ocrx_word' id='word_1_310' title='bbox 3752 1794 3841 1841; x_wconf 82' lang='lat' dir='ltr'><strong>aut</strong></span> 
     </span>
    </p>
   </div>
   <div class='ocr_carea' id='block_1_34' title="bbox 534 1878 2124 1963">
    <p class='ocr_par' dir='ltr' id='par_1_34' title="bbox 534 1878 2124 1963">
     <span class='ocr_line' id='line_1_34' title="bbox 534 1878 2124 1963; baseline 0.003 -16"><span class='ocrx_word' id='word_1_311' title='bbox 534 1878 591 1947; x_wconf 81' lang='lat' dir='ltr'><strong>et</strong></span> <span class='ocrx_word' id='word_1_312' title='bbox 634 1893 680 1947; x_wconf 90' lang='lat' dir='ltr'><strong>si</strong></span> <span class='ocrx_word' id='word_1_313' title='bbox 722 1898 867 1947; x_wconf 84' lang='lat' dir='ltr'><strong>esset</strong></span> <span class='ocrx_word' id='word_1_314' title='bbox 895 1888 946 1959; x_wconf 71' lang='grc' dir='ltr'><strong>ὁ,</strong></span> <span class='ocrx_word' id='word_1_315' title='bbox 979 1888 1084 1947; x_wconf 89' lang='lat' dir='ltr'><strong>non</strong></span> <span class='ocrx_word' id='word_1_316' title='bbox 1124 1900 1242 1947; x_wconf 81' lang='lat' dir='ltr'><strong>erat</strong></span> <span class='ocrx_word' id='word_1_317' title='bbox 1267 1910 1317 1946; x_wconf 88' lang='lat' dir='ltr'><strong>a.</strong></span> <span class='ocrx_word' id='word_1_318' title='bbox 1349 1890 1407 1948; x_wconf 89' lang='lat' dir='ltr'><strong>Si</strong></span> <span class='ocrx_word' id='word_1_319' title='bbox 1451 1908 1572 1948; x_wconf 89' lang='lat' dir='ltr'><strong>cum</strong></span> <span class='ocrx_word' id='word_1_320' title='bbox 1605 1908 1716 1948; x_wconf 91' lang='lat' dir='ltr'><strong>non</strong></span> <span class='ocrx_word' id='word_1_321' title='bbox 1757 1903 1902 1950; x_wconf 91' lang='lat' dir='ltr'><strong>esset</strong></span> <span class='ocrx_word' id='word_1_322' title='bbox 1930 1911 1982 1963; x_wconf 84' lang='grc' dir='ltr'><strong>α,</strong></span> <span class='ocrx_word' id='word_1_323' title='bbox 2016 1910 2124 1951; x_wconf 92' lang='lat' dir='ltr'><strong>non</strong></span> 
     </span>
    </p>
   </div>
   <div class='ocr_carea' id='block_1_35' title="bbox 532 1976 2128 2057">
    <p class='ocr_par' dir='ltr' id='par_1_35' title="bbox 532 1976 2128 2057">
     <span class='ocr_line' id='line_1_35' title="bbox 532 1976 2128 2057; baseline 0.003 -18"><span class='ocrx_word' id='word_1_324' title='bbox 532 1986 756 2039; x_wconf 77' lang='lat' dir='ltr'><strong>necesse</strong></span> <span class='ocrx_word' id='word_1_325' title='bbox 785 1993 904 2039; x_wconf 90' lang='lat' dir='ltr'><strong>erat</strong></span> <span class='ocrx_word' id='word_1_326' title='bbox 943 1998 1063 2057; x_wconf 85' lang='lat' dir='ltr'><strong>esse</strong></span> <span class='ocrx_word' id='word_1_327' title='bbox 1121 1984 1204 2038; x_wconf 89' lang='lat' dir='ltr'><strong>vel</strong></span> <span class='ocrx_word' id='word_1_328' title='bbox 1236 1999 1345 2039; x_wconf 91' lang='lat' dir='ltr'><strong>non</strong></span> <span class='ocrx_word' id='word_1_329' title='bbox 1364 1998 1494 2039; x_wconf 85' lang='lat' dir='ltr'><strong>esse</strong></span> <span class='ocrx_word' id='word_1_330' title='bbox 1538 1984 1589 2039; x_wconf 76' lang='grc' dir='ltr'><strong>ὸ.</strong></span> <span class='ocrx_word' id='word_1_331' title='bbox 1641 1976 1770 2042; x_wconf 88' lang='lat' dir='ltr'><strong>Sive</strong></span> <span class='ocrx_word' id='word_1_332' title='bbox 1797 1996 1975 2042; x_wconf 90' lang='lat' dir='ltr'><strong>autem</strong></span> <span class='ocrx_word' id='word_1_333' title='bbox 2020 2002 2128 2044; x_wconf 92' lang='lat' dir='ltr'><strong>non</strong></span> 
     </span>
    </p>
   </div>
   <div class='ocr_carea' id='block_1_36' title="bbox 533 2062 2131 2151">
    <p class='ocr_par' dir='ltr' id='par_1_36' title="bbox 533 2062 2131 2151">
     <span class='ocr_line' id='line_1_36' title="bbox 533 2062 2131 2151; baseline 0.004 -21"><span class='ocrx_word' id='word_1_334' title='bbox 533 2062 678 2130; x_wconf 82' lang='lat' dir='ltr'><strong>esset</strong></span> <span class='ocrx_word' id='word_1_335' title='bbox 703 2072 753 2143; x_wconf 71' lang='lat' dir='ltr'><strong>b,</strong></span> <span class='ocrx_word' id='word_1_336' title='bbox 793 2074 896 2129; x_wconf 86' lang='lat' dir='ltr'><strong>nou</strong></span> <span class='ocrx_word' id='word_1_337' title='bbox 930 2070 1152 2132; x_wconf 85' lang='lat' dir='ltr'><strong>necesse</strong></span> <span class='ocrx_word' id='word_1_338' title='bbox 1178 2087 1294 2132; x_wconf 90' lang='lat' dir='ltr'><strong>erat</strong></span> <span class='ocrx_word' id='word_1_339' title='bbox 1324 2092 1446 2134; x_wconf 87' lang='lat' dir='ltr'><strong>esse</strong></span> <span class='ocrx_word' id='word_1_340' title='bbox 1473 2076 1556 2133; x_wconf 87' lang='lat' dir='ltr'><strong>vel</strong></span> <span class='ocrx_word' id='word_1_341' title='bbox 1583 2093 1691 2133; x_wconf 90' lang='lat' dir='ltr'><strong>non</strong></span> <span class='ocrx_word' id='word_1_342' title='bbox 1731 2093 1853 2134; x_wconf 88' lang='lat' dir='ltr'><strong>esse</strong></span> <span class='ocrx_word' id='word_1_343' title='bbox 1881 2092 1933 2134; x_wconf 79' lang='grc' dir='ltr'><em>α.</em></span> <span class='ocrx_word' id='word_1_344' title='bbox 1981 2082 2131 2151; x_wconf 79' lang='lat' dir='ltr'><strong>Quo-</strong></span> 
     </span>
    </p>
   </div>
   <div class='ocr_carea' id='block_1_37' title="bbox 534 2167 2126 2244">
    <p class='ocr_par' dir='ltr' id='par_1_37' title="bbox 534 2167 2126 2244">
     <span class='ocr_line' id='line_1_37' title="bbox 534 2167 2126 2244; baseline 0.003 -21"><span class='ocrx_word' id='word_1_345' title='bbox 534 2168 674 2223; x_wconf 88' lang='lat' dir='ltr'><strong>circa</strong></span> <span class='ocrx_word' id='word_1_346' title='bbox 704 2175 759 2222; x_wconf 89' lang='lat' dir='ltr'><strong>et</strong></span> <span class='ocrx_word' id='word_1_347' title='bbox 798 2168 852 2221; x_wconf 92' lang='lat' dir='ltr'><strong>in</strong></span> <span class='ocrx_word' id='word_1_348' title='bbox 889 2167 1211 2235; x_wconf 90' lang='lat' dir='ltr'><strong>disjunctiva</strong></span> <span class='ocrx_word' id='word_1_349' title='bbox 1255 2169 1626 2240; x_wconf 87' lang='lat' dir='ltr'><strong>propositione</strong></span> <span class='ocrx_word' id='word_1_350' title='bbox 1675 2171 1899 2227; x_wconf 86' lang='lat' dir='ltr'><strong>totidem</strong></span> <span class='ocrx_word' id='word_1_351' title='bbox 1952 2172 2126 2244; x_wconf 87' lang='lat' dir='ltr'><strong>syllo-</strong></span> 
     </span>
    </p>
   </div>
   <div class='ocr_carea' id='block_1_38' title="bbox 531 2258 2127 2330">
    <p class='ocr_par' dir='ltr' id='par_1_38' title="bbox 531 2258 2127 2330">
     <span class='ocr_line' id='line_1_38' title="bbox 531 2258 2127 2330; baseline 0.004 -17"><span class='ocrx_word' id='word_1_352' title='bbox 531 2258 731 2330; x_wconf 90' lang='lat' dir='ltr'><strong>gismos</strong></span> <span class='ocrx_word' id='word_1_353' title='bbox 757 2273 879 2316; x_wconf 90' lang='lat' dir='ltr'><strong>esse</strong></span> <span class='ocrx_word' id='word_1_354' title='bbox 906 2274 1131 2317; x_wconf 88' lang='lat' dir='ltr'><strong>necesse</strong></span> <span class='ocrx_word' id='word_1_355' title='bbox 1163 2270 1248 2317; x_wconf 86' lang='lat' dir='ltr'><strong>est</strong></span> <span class='ocrx_word' id='word_1_356' title='bbox 1267 2303 1282 2327; x_wconf 92' lang='lat'><strong>,</strong></span> <span class='ocrx_word' id='word_1_357' title='bbox 1311 2262 1538 2318; x_wconf 88' lang='lat' dir='ltr'><strong>totidem</strong></span> <span class='ocrx_word' id='word_1_358' title='bbox 1571 2278 1703 2320; x_wconf 89' lang='lat' dir='ltr'><strong>vero</strong></span> <span class='ocrx_word' id='word_1_359' title='bbox 1742 2262 1795 2321; x_wconf 90' lang='lat' dir='ltr'><strong>in</strong></span> <span class='ocrx_word' id='word_1_360' title='bbox 1822 2262 2127 2321; x_wconf 87' lang='lat' dir='ltr'><strong>collectibi-</strong></span> 
     </span>
    </p>
   </div>
   <div class='ocr_carea' id='block_1_39' title="bbox 535 2350 2127 2427">
    <p class='ocr_par' dir='ltr' id='par_1_39' title="bbox 535 2350 2127 2427">
     <span class='ocr_line' id='line_1_39' title="bbox 535 2350 2127 2427; baseline 0.004 -20"><span class='ocrx_word' id='word_1_361' title='bbox 535 2350 621 2407; x_wconf 87' lang='lat' dir='ltr'><strong>les</strong></span> <span class='ocrx_word' id='word_1_362' title='bbox 650 2352 1084 2425; x_wconf 81' lang='lat' dir='ltr'><strong>complexiones;</strong></span> <span class='ocrx_word' id='word_1_363' title='bbox 1117 2368 1240 2407; x_wconf 88' lang='lat' dir='ltr'><strong>nam</strong></span> <span class='ocrx_word' id='word_1_364' title='bbox 1270 2368 1391 2410; x_wconf 93' lang='lat' dir='ltr'><strong>cum</strong></span> <span class='ocrx_word' id='word_1_365' title='bbox 1424 2354 1496 2409; x_wconf 89' lang='lat' dir='ltr'><strong>ita</strong></span> <span class='ocrx_word' id='word_1_366' title='bbox 1526 2352 1871 2427; x_wconf 86' lang='lat' dir='ltr'><strong>proponitur,</strong></span> <span class='ocrx_word' id='word_1_367' title='bbox 1900 2366 1994 2412; x_wconf 89' lang='lat' dir='ltr'><strong>aut</strong></span> <span class='ocrx_word' id='word_1_368' title='bbox 2020 2372 2127 2413; x_wconf 92' lang='lat' dir='ltr'><strong>non</strong></span> 
     </span>
    </p>
   </div>
   <div class='ocr_carea' id='block_1_40' title="bbox 531 2444 2124 2521">
    <p class='ocr_par' dir='ltr' id='par_1_40' title="bbox 531 2444 2124 2521">
     <span class='ocr_line' id='line_1_40' title="bbox 531 2444 2124 2521; baseline 0.004 -21"><span class='ocrx_word' id='word_1_369' title='bbox 531 2452 681 2510; x_wconf 89' lang='lat' dir='ltr'><strong>esta,</strong></span> <span class='ocrx_word' id='word_1_370' title='bbox 715 2454 805 2500; x_wconf 91' lang='lat' dir='ltr'><strong>aut</strong></span> <span class='ocrx_word' id='word_1_371' title='bbox 841 2460 947 2500; x_wconf 92' lang='lat' dir='ltr'><strong>non</strong></span> <span class='ocrx_word' id='word_1_372' title='bbox 976 2452 1061 2500; x_wconf 90' lang='lat' dir='ltr'><strong>est</strong></span> <span class='ocrx_word' id='word_1_373' title='bbox 1089 2444 1141 2510; x_wconf 89' lang='lat' dir='ltr'><strong>b,</strong></span> <span class='ocrx_word' id='word_1_374' title='bbox 1172 2444 1243 2499; x_wconf 76' lang='lat' dir='ltr'><strong>ita</strong></span> <span class='ocrx_word' id='word_1_375' title='bbox 1267 2445 1482 2514; x_wconf 83' lang='lat' dir='ltr'><strong>dicitur,</strong></span> <span class='ocrx_word' id='word_1_376' title='bbox 1519 2447 1565 2503; x_wconf 90' lang='lat' dir='ltr'><strong>si</strong></span> <span class='ocrx_word' id='word_1_377' title='bbox 1595 2448 1664 2503; x_wconf 90' lang='lat' dir='ltr'><strong>sit</strong></span> <span class='ocrx_word' id='word_1_378' title='bbox 1692 2466 1745 2515; x_wconf 92' lang='lat' dir='ltr'><strong>a,</strong></span> <span class='ocrx_word' id='word_1_379' title='bbox 1779 2464 1888 2505; x_wconf 92' lang='lat' dir='ltr'><strong>non</strong></span> <span class='ocrx_word' id='word_1_380' title='bbox 1918 2450 2023 2506; x_wconf 85' lang='lat' dir='ltr'><strong>erit</strong></span> <span class='ocrx_word' id='word_1_381' title='bbox 2054 2452 2083 2521; x_wconf 68' lang='grc' dir='ltr'><strong><em>ὸ</em></strong></span> <span class='ocrx_word' id='word_1_382' title='bbox 2110 2468 2124 2517; x_wconf 91' lang='lat'><strong>;</strong></span> 
     </span>
    </p>
   </div>
   <div class='ocr_carea' id='block_1_41' title="bbox 529 2536 2128 2612">
    <p class='ocr_par' dir='ltr' id='par_1_41' title="bbox 529 2536 2128 2612">
     <span class='ocr_line' id='line_1_41' title="bbox 529 2536 2128 2612; baseline 0.007 -22"><span class='ocrx_word' id='word_1_383' title='bbox 529 2543 585 2591; x_wconf 86' lang='lat' dir='ltr'><strong>et</strong></span> <span class='ocrx_word' id='word_1_384' title='bbox 614 2536 659 2590; x_wconf 90' lang='lat' dir='ltr'><strong>si</strong></span> <span class='ocrx_word' id='word_1_385' title='bbox 679 2538 749 2593; x_wconf 92' lang='lat' dir='ltr'><strong>sit</strong></span> <span class='ocrx_word' id='word_1_386' title='bbox 769 2537 818 2602; x_wconf 87' lang='lat' dir='ltr'><strong>b,</strong></span> <span class='ocrx_word' id='word_1_387' title='bbox 848 2552 952 2593; x_wconf 89' lang='lat' dir='ltr'><strong>non</strong></span> <span class='ocrx_word' id='word_1_388' title='bbox 992 2539 1095 2591; x_wconf 90' lang='lat' dir='ltr'><strong>erit</strong></span> <span class='ocrx_word' id='word_1_389' title='bbox 1122 2554 1177 2592; x_wconf 88' lang='lat' dir='ltr'><strong>a.</strong></span> <span class='ocrx_word' id='word_1_390' title='bbox 1208 2538 1335 2594; x_wconf 89' lang='lat' dir='ltr'><strong>Sive</strong></span> <span class='ocrx_word' id='word_1_391' title='bbox 1360 2542 1539 2596; x_wconf 88' lang='lat' dir='ltr'><strong>autem</strong></span> <span class='ocrx_word' id='word_1_392' title='bbox 1570 2557 1676 2598; x_wconf 92' lang='lat' dir='ltr'><strong>non</strong></span> <span class='ocrx_word' id='word_1_393' title='bbox 1719 2542 1791 2599; x_wconf 90' lang='lat' dir='ltr'><strong>sit</strong></span> <span class='ocrx_word' id='word_1_394' title='bbox 1817 2561 1872 2612; x_wconf 86' lang='lat' dir='ltr'><strong>a,</strong></span> <span class='ocrx_word' id='word_1_395' title='bbox 1899 2560 2007 2601; x_wconf 90' lang='lat' dir='ltr'><strong>non</strong></span> <span class='ocrx_word' id='word_1_396' title='bbox 2030 2561 2128 2601; x_wconf 89' lang='lat' dir='ltr'><strong>ne-</strong></span> 
     </span>
    </p>
   </div>
   <div class='ocr_carea' id='block_1_42' title="bbox 529 2628 2126 2705">
    <p class='ocr_par' dir='ltr' id='par_1_42' title="bbox 529 2628 2126 2705">
     <span class='ocr_line' id='line_1_42' title="bbox 529 2628 2126 2705; baseline 0.006 -23"><span class='ocrx_word' id='word_1_397' title='bbox 529 2641 684 2683; x_wconf 86' lang='lat' dir='ltr'><strong>cesse</strong></span> <span class='ocrx_word' id='word_1_398' title='bbox 728 2628 833 2683; x_wconf 92' lang='lat' dir='ltr'><strong>erit</strong></span> <span class='ocrx_word' id='word_1_399' title='bbox 856 2641 977 2683; x_wconf 84' lang='lat' dir='ltr'><strong>esse</strong></span> <span class='ocrx_word' id='word_1_400' title='bbox 1006 2628 1089 2683; x_wconf 77' lang='lat' dir='ltr'><strong>vel</strong></span> <span class='ocrx_word' id='word_1_401' title='bbox 1130 2644 1234 2684; x_wconf 92' lang='lat' dir='ltr'><strong>nou</strong></span> <span class='ocrx_word' id='word_1_402' title='bbox 1265 2644 1388 2686; x_wconf 90' lang='lat' dir='ltr'><strong>esse</strong></span> <span class='ocrx_word' id='word_1_403' title='bbox 1411 2629 1461 2685; x_wconf 74' lang='grc' dir='ltr'><strong>ὁ.</strong></span> <span class='ocrx_word' id='word_1_404' title='bbox 1505 2629 1636 2688; x_wconf 89' lang='lat' dir='ltr'><strong>Sive</strong></span> <span class='ocrx_word' id='word_1_405' title='bbox 1680 2648 1791 2689; x_wconf 92' lang='lat' dir='ltr'><strong>non</strong></span> <span class='ocrx_word' id='word_1_406' title='bbox 1832 2634 1905 2690; x_wconf 90' lang='lat' dir='ltr'><strong>sit</strong></span> <span class='ocrx_word' id='word_1_407' title='bbox 1936 2638 1988 2705; x_wconf 82' lang='lat' dir='ltr'><strong>b,</strong></span> <span class='ocrx_word' id='word_1_408' title='bbox 2017 2650 2126 2692; x_wconf 91' lang='lat' dir='ltr'><strong>non</strong></span> 
     </span>
    </p>
   </div>
   <div class='ocr_carea' id='block_1_43' title="bbox 529 2722 2128 2804">
    <p class='ocr_par' dir='ltr' id='par_1_43' title="bbox 529 2722 2128 2804">
     <span class='ocr_line' id='line_1_43' title="bbox 529 2722 2128 2804; baseline 0.008 -30"><span class='ocrx_word' id='word_1_409' title='bbox 529 2722 754 2777; x_wconf 82' lang='lat' dir='ltr'><strong>necesse</strong></span> <span class='ocrx_word' id='word_1_410' title='bbox 781 2722 886 2778; x_wconf 90' lang='lat' dir='ltr'><strong>erit</strong></span> <span class='ocrx_word' id='word_1_411' title='bbox 905 2739 1026 2780; x_wconf 85' lang='lat' dir='ltr'><strong>esse</strong></span> <span class='ocrx_word' id='word_1_412' title='bbox 1049 2724 1134 2780; x_wconf 91' lang='lat' dir='ltr'><strong>vel</strong></span> <span class='ocrx_word' id='word_1_413' title='bbox 1182 2740 1288 2781; x_wconf 91' lang='lat' dir='ltr'><strong>non</strong></span> <span class='ocrx_word' id='word_1_414' title='bbox 1316 2740 1437 2783; x_wconf 87' lang='lat' dir='ltr'><strong>esse</strong></span> <span class='ocrx_word' id='word_1_415' title='bbox 1457 2744 1509 2795; x_wconf 82' lang='lat' dir='ltr'><strong>a,</strong></span> <span class='ocrx_word' id='word_1_416' title='bbox 1534 2729 1683 2784; x_wconf 90' lang='lat' dir='ltr'><strong>velut</strong></span> <span class='ocrx_word' id='word_1_417' title='bbox 1709 2732 1762 2787; x_wconf 92' lang='lat' dir='ltr'><strong>in</strong></span> <span class='ocrx_word' id='word_1_418' title='bbox 1790 2730 1876 2786; x_wconf 84' lang='lat' dir='ltr'><strong>bis</strong></span> <span class='ocrx_word' id='word_1_419' title='bbox 1901 2741 2128 2804; x_wconf 87' lang='lat' dir='ltr'><strong>apparet</strong></span> 
     </span>
    </p>
   </div>
   <div class='ocr_carea' id='block_1_44' title="bbox 530 2814 2120 2893">
    <p class='ocr_par' dir='ltr' id='par_1_44' title="bbox 530 2814 2120 2893">
     <span class='ocr_line' id='line_1_44' title="bbox 530 2814 2120 2893; baseline 0.009 -27"><span class='ocrx_word' id='word_1_420' title='bbox 530 2814 817 2884; x_wconf 76' lang='lat' dir='ltr'><strong>exemplis.</strong></span> <span class='ocrx_word' id='word_1_421' title='bbox 859 2814 917 2871; x_wconf 91' lang='lat' dir='ltr'><strong>Si</strong></span> <span class='ocrx_word' id='word_1_422' title='bbox 964 2817 1105 2871; x_wconf 86' lang='lat' dir='ltr'><strong>enim</strong></span> <span class='ocrx_word' id='word_1_423' title='bbox 1164 2817 1283 2888; x_wconf 88' lang='lat' dir='ltr'><strong>quis</strong></span> <span class='ocrx_word' id='word_1_424' title='bbox 1323 2819 1489 2892; x_wconf 90' lang='lat' dir='ltr'><strong>dicat,</strong></span> <span class='ocrx_word' id='word_1_425' title='bbox 1531 2828 1625 2876; x_wconf 89' lang='lat' dir='ltr'><strong>aut</strong></span> <span class='ocrx_word' id='word_1_426' title='bbox 1654 2836 1764 2877; x_wconf 93' lang='lat' dir='ltr'><strong>non</strong></span> <span class='ocrx_word' id='word_1_427' title='bbox 1804 2831 1885 2879; x_wconf 88' lang='lat' dir='ltr'><strong>est</strong></span> <span class='ocrx_word' id='word_1_428' title='bbox 1916 2828 2120 2893; x_wconf 79' lang='lat' dir='ltr'><strong>album,</strong></span> 
     </span>
    </p>
   </div>
   <div class='ocr_carea' id='block_1_45' title="bbox 528 2908 2121 2984">
    <p class='ocr_par' dir='ltr' id='par_1_45' title="bbox 528 2908 2121 2984">
     <span class='ocr_line' id='line_1_45' title="bbox 528 2908 2121 2984; baseline 0.009 -26"><span class='ocrx_word' id='word_1_429' title='bbox 528 2913 620 2958; x_wconf 85' lang='lat' dir='ltr'><strong>aut</strong></span> <span class='ocrx_word' id='word_1_430' title='bbox 647 2922 753 2959; x_wconf 90' lang='lat' dir='ltr'><strong>non</strong></span> <span class='ocrx_word' id='word_1_431' title='bbox 782 2915 865 2962; x_wconf 88' lang='lat' dir='ltr'><strong>est</strong></span> <span class='ocrx_word' id='word_1_432' title='bbox 906 2908 1138 2977; x_wconf 87' lang='lat' dir='ltr'><strong>nigrum,</strong></span> <span class='ocrx_word' id='word_1_433' title='bbox 1184 2910 1279 2964; x_wconf 92' lang='lat' dir='ltr'><strong>sed</strong></span> <span class='ocrx_word' id='word_1_434' title='bbox 1309 2922 1574 2981; x_wconf 85' lang='lat' dir='ltr'><strong>assumat,</strong></span> <span class='ocrx_word' id='word_1_435' title='bbox 1606 2913 1752 2984; x_wconf 90' lang='lat' dir='ltr'><strong>atqui</strong></span> <span class='ocrx_word' id='word_1_436' title='bbox 1801 2922 1885 2969; x_wconf 90' lang='lat' dir='ltr'><strong>est</strong></span> <span class='ocrx_word' id='word_1_437' title='bbox 1910 2915 2121 2980; x_wconf 83' lang='lat' dir='ltr'><strong>album,</strong></span> 
     </span>
    </p>
   </div>
   <div class='ocr_carea' id='block_1_46' title="bbox 526 2997 2121 3077">
    <p class='ocr_par' dir='ltr' id='par_1_46' title="bbox 526 2997 2121 3077">
     <span class='ocr_line' id='line_1_46' title="bbox 526 2997 2121 3077; baseline 0.007 -25"><span class='ocrx_word' id='word_1_438' title='bbox 526 3008 634 3052; x_wconf 84' lang='lat' dir='ltr'><strong>nou</strong></span> <span class='ocrx_word' id='word_1_439' title='bbox 664 2998 767 3051; x_wconf 90' lang='lat' dir='ltr'><strong>erit</strong></span> <span class='ocrx_word' id='word_1_440' title='bbox 803 2997 1046 3066; x_wconf 86' lang='lat' dir='ltr'><strong>nigrum;</strong></span> <span class='ocrx_word' id='word_1_441' title='bbox 1077 2999 1160 3053; x_wconf 86' lang='lat' dir='ltr'><strong>vel</strong></span> <span class='ocrx_word' id='word_1_442' title='bbox 1186 3016 1396 3070; x_wconf 84' lang='lat' dir='ltr'><strong>rursus,</strong></span> <span class='ocrx_word' id='word_1_443' title='bbox 1428 3005 1577 3071; x_wconf 89' lang='lat' dir='ltr'><strong>atqui</strong></span> <span class='ocrx_word' id='word_1_444' title='bbox 1617 3012 1705 3061; x_wconf 90' lang='lat' dir='ltr'><strong>est</strong></span> <span class='ocrx_word' id='word_1_445' title='bbox 1740 3006 1975 3077; x_wconf 90' lang='lat' dir='ltr'><strong>nigrum,</strong></span> <span class='ocrx_word' id='word_1_446' title='bbox 2010 3024 2121 3065; x_wconf 92' lang='lat' dir='ltr'><strong>nou</strong></span> 
     </span>
    </p>
   </div>
   <div class='ocr_carea' id='block_1_47' title="bbox 527 3087 2117 3171">
    <p class='ocr_par' dir='ltr' id='par_1_47' title="bbox 527 3087 2117 3171">
     <span class='ocr_line' id='line_1_47' title="bbox 527 3087 2117 3171; baseline 0.01 -30"><span class='ocrx_word' id='word_1_447' title='bbox 527 3087 630 3141; x_wconf 87' lang='lat' dir='ltr'><strong>erit</strong></span> <span class='ocrx_word' id='word_1_448' title='bbox 657 3087 859 3142; x_wconf 83' lang='lat' dir='ltr'><strong>album.</strong></span> <span class='ocrx_word' id='word_1_449' title='bbox 908 3088 1035 3144; x_wconf 86' lang='lat' dir='ltr'><strong>Sive</strong></span> <span class='ocrx_word' id='word_1_450' title='bbox 1078 3091 1257 3146; x_wconf 89' lang='lat' dir='ltr'><strong>album</strong></span> <span class='ocrx_word' id='word_1_451' title='bbox 1289 3109 1394 3149; x_wconf 92' lang='lat' dir='ltr'><strong>non</strong></span> <span class='ocrx_word' id='word_1_452' title='bbox 1436 3111 1557 3151; x_wconf 90' lang='lat' dir='ltr'><strong>esse</strong></span> <span class='ocrx_word' id='word_1_453' title='bbox 1597 3101 1977 3171; x_wconf 89' lang='lat' dir='ltr'><strong>assumpserit,</strong></span> <span class='ocrx_word' id='word_1_454' title='bbox 2009 3116 2117 3157; x_wconf 90' lang='lat' dir='ltr'><strong>non</strong></span> 
     </span>
    </p>
   </div>
   <div class='ocr_carea' id='block_1_48' title="bbox 527 3179 2206 3271">
    <p class='ocr_par' dir='ltr' id='par_1_48' title="bbox 527 3179 2206 3271">
     <span class='ocr_line' id='line_1_48' title="bbox 527 3179 2206 3271; baseline 0.01 -38"><span class='ocrx_word' id='word_1_455' title='bbox 527 3191 759 3234; x_wconf 86' lang='lat' dir='ltr'><strong>necesse</strong></span> <span class='ocrx_word' id='word_1_456' title='bbox 785 3179 889 3233; x_wconf 90' lang='lat' dir='ltr'><strong>erit</strong></span> <span class='ocrx_word' id='word_1_457' title='bbox 913 3193 1037 3235; x_wconf 91' lang='lat' dir='ltr'><strong>esse</strong></span> <span class='ocrx_word' id='word_1_458' title='bbox 1065 3182 1147 3235; x_wconf 87' lang='lat' dir='ltr'><strong>vel</strong></span> <span class='ocrx_word' id='word_1_459' title='bbox 1176 3197 1281 3238; x_wconf 91' lang='lat' dir='ltr'><strong>non</strong></span> <span class='ocrx_word' id='word_1_460' title='bbox 1310 3199 1431 3242; x_wconf 85' lang='lat' dir='ltr'><strong>esse</strong></span> <span class='ocrx_word' id='word_1_461' title='bbox 1481 3187 1728 3259; x_wconf 89' lang='lat' dir='ltr'><strong>nigrum;</strong></span> <span class='ocrx_word' id='word_1_462' title='bbox 1761 3189 1881 3246; x_wconf 87' lang='lat' dir='ltr'><strong>sive</strong></span> <span class='ocrx_word' id='word_1_463' title='bbox 1909 3193 2120 3263; x_wconf 87' lang='lat' dir='ltr'><strong>nigrum</strong></span> <span class='ocrx_word' id='word_1_464' title='bbox 2155 3199 2206 3271; x_wconf 64' lang='grc' dir='ltr'>(ι</span> 
     </span>
    </p>
   </div>
   <div class='ocr_carea' id='block_1_49' title="bbox 524 3273 2123 3349">
    <p class='ocr_par' dir='ltr' id='par_1_49' title="bbox 524 3273 2123 3349">
     <span class='ocr_line' id='line_1_49' title="bbox 524 3273 2123 3349; baseline 0.009 -25"><span class='ocrx_word' id='word_1_465' title='bbox 524 3284 638 3324; x_wconf 83' lang='lat' dir='ltr'><strong>non</strong></span> <span class='ocrx_word' id='word_1_466' title='bbox 665 3283 785 3324; x_wconf 79' lang='lat' dir='ltr'><strong>esse</strong></span> <span class='ocrx_word' id='word_1_467' title='bbox 814 3273 1182 3340; x_wconf 89' lang='lat' dir='ltr'><strong>assumpserit,</strong></span> <span class='ocrx_word' id='word_1_468' title='bbox 1210 3281 1267 3328; x_wconf 92' lang='lat' dir='ltr'><strong>ut</strong></span> <span class='ocrx_word' id='word_1_469' title='bbox 1295 3274 1367 3330; x_wconf 90' lang='lat' dir='ltr'><strong>sit</strong></span> <span class='ocrx_word' id='word_1_470' title='bbox 1397 3278 1480 3332; x_wconf 89' lang='lat' dir='ltr'><strong>vel</strong></span> <span class='ocrx_word' id='word_1_471' title='bbox 1518 3293 1624 3333; x_wconf 94' lang='lat' dir='ltr'><strong>non</strong></span> <span class='ocrx_word' id='word_1_472' title='bbox 1652 3279 1724 3335; x_wconf 88' lang='lat' dir='ltr'><strong>sit</strong></span> <span class='ocrx_word' id='word_1_473' title='bbox 1756 3280 1963 3349; x_wconf 88' lang='lat' dir='ltr'><strong>album,</strong></span> <span class='ocrx_word' id='word_1_474' title='bbox 1998 3284 2123 3339; x_wconf 89' lang='lat' dir='ltr'><strong>nul-</strong></span> 
     </span>
    </p>
   </div>
   <div class='ocr_carea' id='block_1_50' title="bbox 524 3358 2119 3446">
    <p class='ocr_par' dir='ltr' id='par_1_50' title="bbox 524 3358 2119 3446">
     <span class='ocr_line' id='line_1_50' title="bbox 524 3358 2119 3446; baseline 0.008 -28"><span class='ocrx_word' id='word_1_475' title='bbox 524 3358 635 3418; x_wconf 86' lang='lat' dir='ltr'><strong>lam</strong></span> <span class='ocrx_word' id='word_1_476' title='bbox 662 3360 820 3418; x_wconf 75' lang='lat' dir='ltr'><strong>faciet</strong></span> <span class='ocrx_word' id='word_1_477' title='bbox 845 3364 1242 3420; x_wconf 86' lang='lat' dir='ltr'><strong>necessitatem.</strong></span> <span class='ocrx_word' id='word_1_478' title='bbox 1274 3366 1404 3423; x_wconf 87' lang='lat' dir='ltr'><strong>item</strong></span> <span class='ocrx_word' id='word_1_479' title='bbox 1427 3384 1490 3423; x_wconf 89' lang='lat' dir='ltr'><strong>ea</strong></span> <span class='ocrx_word' id='word_1_480' title='bbox 1521 3371 1821 3442; x_wconf 87' lang='lat' dir='ltr'><strong>propositio</strong></span> <span class='ocrx_word' id='word_1_481' title='bbox 1843 3388 1938 3444; x_wconf 90' lang='lat' dir='ltr'><strong>per</strong></span> <span class='ocrx_word' id='word_1_482' title='bbox 1959 3390 2119 3446; x_wconf 87' lang='lat' dir='ltr'><strong>quam</strong></span> 
     </span>
    </p>
   </div>
   <div class='ocr_carea' id='block_1_51' title="bbox 522 3451 2124 3539">
    <p class='ocr_par' dir='ltr' id='par_1_51' title="bbox 522 3451 2124 3539">
     <span class='ocr_line' id='line_1_51' title="bbox 522 3451 2124 3539; baseline 0.007 -29"><span class='ocrx_word' id='word_1_483' title='bbox 522 3451 601 3510; x_wconf 84' lang='lat' dir='ltr'><strong>ita</strong></span> <span class='ocrx_word' id='word_1_484' title='bbox 633 3454 966 3525; x_wconf 89' lang='lat' dir='ltr'><strong>proponitur,</strong></span> <span class='ocrx_word' id='word_1_485' title='bbox 998 3468 1089 3511; x_wconf 89' lang='lat' dir='ltr'><strong>aut</strong></span> <span class='ocrx_word' id='word_1_486' title='bbox 1118 3465 1201 3512; x_wconf 90' lang='lat' dir='ltr'><strong>est</strong></span> <span class='ocrx_word' id='word_1_487' title='bbox 1228 3474 1283 3524; x_wconf 89' lang='lat' dir='ltr'><strong>a,</strong></span> <span class='ocrx_word' id='word_1_488' title='bbox 1317 3470 1412 3515; x_wconf 87' lang='lat' dir='ltr'><strong>aut</strong></span> <span class='ocrx_word' id='word_1_489' title='bbox 1437 3477 1543 3516; x_wconf 93' lang='lat' dir='ltr'><strong>non</strong></span> <span class='ocrx_word' id='word_1_490' title='bbox 1568 3472 1653 3519; x_wconf 90' lang='lat' dir='ltr'><strong>est</strong></span> <span class='ocrx_word' id='word_1_491' title='bbox 1694 3464 1743 3533; x_wconf 74' lang='grc' dir='ltr'><strong>ὁ,</strong></span> <span class='ocrx_word' id='word_1_492' title='bbox 1779 3465 1975 3521; x_wconf 91' lang='lat' dir='ltr'><strong>dicitur</strong></span> <span class='ocrx_word' id='word_1_493' title='bbox 2002 3468 2124 3539; x_wconf 90' lang='lat' dir='ltr'><strong>qui-</strong></span> 
     </span>
    </p>
   </div>
   <div class='ocr_carea' id='block_1_52' title="bbox 525 3545 2123 3630">
    <p class='ocr_par' dir='ltr' id='par_1_52' title="bbox 525 3545 2123 3630">
     <span class='ocr_line' id='line_1_52' title="bbox 525 3545 2123 3630; baseline 0.01 -28"><span class='ocrx_word' id='word_1_494' title='bbox 525 3545 646 3602; x_wconf 84' lang='lat' dir='ltr'><strong>dem</strong></span> <span class='ocrx_word' id='word_1_495' title='bbox 676 3548 745 3604; x_wconf 88' lang='lat' dir='ltr'><strong>de</strong></span> <span class='ocrx_word' id='word_1_496' title='bbox 765 3548 980 3606; x_wconf 89' lang='lat' dir='ltr'><strong>sibimet</strong></span> <span class='ocrx_word' id='word_1_497' title='bbox 1003 3549 1422 3622; x_wconf 64' lang='lat' dir='ltr'><strong>adnuentibus,</strong></span> <span class='ocrx_word' id='word_1_498' title='bbox 1468 3557 1901 3630; x_wconf 89' lang='lat' dir='ltr'><strong>proponiturque</strong></span> <span class='ocrx_word' id='word_1_499' title='bbox 1936 3561 1989 3617; x_wconf 92' lang='lat' dir='ltr'><strong>in</strong></span> <span class='ocrx_word' id='word_1_500' title='bbox 2036 3561 2123 3618; x_wconf 86' lang='lat' dir='ltr'><strong>his</strong></span> 
     </span>
    </p>
   </div>
   <div class='ocr_carea' id='block_1_53' title="bbox 522 3640 2122 3714">
    <p class='ocr_par' dir='ltr' id='par_1_53' title="bbox 522 3640 2122 3714">
     <span class='ocr_line' id='line_1_53' title="bbox 522 3640 2122 3714; baseline 0.009 -20"><span class='ocrx_word' id='word_1_501' title='bbox 522 3640 987 3710; x_wconf 81' lang='lat' dir='ltr'><strong>propositionibus</strong></span> <span class='ocrx_word' id='word_1_502' title='bbox 1032 3657 1151 3712; x_wconf 73' lang='lat' dir='ltr'><strong>quae</strong></span> <span class='ocrx_word' id='word_1_503' title='bbox 1188 3643 1257 3698; x_wconf 86' lang='lat' dir='ltr'><strong>de</strong></span> <span class='ocrx_word' id='word_1_504' title='bbox 1295 3645 1589 3714; x_wconf 84' lang='lat' dir='ltr'><strong>majoribus</strong></span> <span class='ocrx_word' id='word_1_505' title='bbox 1642 3647 1712 3702; x_wconf 89' lang='lat' dir='ltr'><strong>ad</strong></span> <span class='ocrx_word' id='word_1_506' title='bbox 1745 3650 1954 3706; x_wconf 87' lang='lat' dir='ltr'><strong>minora</strong></span> <span class='ocrx_word' id='word_1_507' title='bbox 2002 3661 2122 3709; x_wconf 90' lang='lat' dir='ltr'><strong>ten-</strong></span> 
     </span>
    </p>
   </div>
   <div class='ocr_carea' id='block_1_54' title="bbox 462 3732 2124 3812">
    <p class='ocr_par' dir='ltr' id='par_1_54' title="bbox 462 3732 2124 3812">
     <span class='ocr_line' id='line_1_54' title="bbox 462 3732 2124 3812; baseline 0.008 -23"><span class='ocrx_word' id='word_1_508' title='bbox 462 3788 467 3789; x_wconf 63' lang='lat'><strong><em>,</em></strong></span> <span class='ocrx_word' id='word_1_509' title='bbox 522 3732 681 3801; x_wconf 82' lang='lat' dir='ltr'><strong>dunt,</strong></span> <span class='ocrx_word' id='word_1_510' title='bbox 726 3733 1034 3804; x_wconf 84' lang='lat' dir='ltr'><strong>similisque</strong></span> <span class='ocrx_word' id='word_1_511' title='bbox 1073 3745 1157 3790; x_wconf 89' lang='lat' dir='ltr'><strong>est</strong></span> <span class='ocrx_word' id='word_1_512' title='bbox 1203 3736 1253 3791; x_wconf 91' lang='lat' dir='ltr'><strong>ei</strong></span> <span class='ocrx_word' id='word_1_513' title='bbox 1303 3739 1662 3807; x_wconf 81' lang='lat' dir='ltr'><strong>propositioni</strong></span> <span class='ocrx_word' id='word_1_514' title='bbox 1694 3755 1958 3799; x_wconf 73' lang='lat' dir='ltr'><strong>connexa:</strong></span> <span class='ocrx_word' id='word_1_515' title='bbox 1999 3760 2124 3812; x_wconf 61' lang='lat' dir='ltr'><strong>qua</strong></span> 
     </span>
    </p>
   </div>
   <div class='ocr_carea' id='block_1_55' title="bbox 524 3826 2120 3906">
    <p class='ocr_par' dir='ltr' id='par_1_55' title="bbox 524 3826 2120 3906">
     <span class='ocr_line' id='line_1_55' title="bbox 524 3826 2120 3906; baseline 0.006 -23"><span class='ocrx_word' id='word_1_516' title='bbox 524 3826 786 3890; x_wconf 86' lang='lat' dir='ltr'><strong>enuntiat,</strong></span> <span class='ocrx_word' id='word_1_517' title='bbox 814 3826 862 3880; x_wconf 91' lang='lat' dir='ltr'><strong>si</strong></span> <span class='ocrx_word' id='word_1_518' title='bbox 890 3841 1000 3880; x_wconf 89' lang='lat' dir='ltr'><strong>non</strong></span> <span class='ocrx_word' id='word_1_519' title='bbox 1022 3836 1105 3881; x_wconf 88' lang='lat' dir='ltr'><strong>est</strong></span> <span class='ocrx_word' id='word_1_520' title='bbox 1130 3844 1191 3893; x_wconf 79' lang='grc' dir='ltr'><strong>α,</strong></span> <span class='ocrx_word' id='word_1_521' title='bbox 1228 3844 1335 3883; x_wconf 87' lang='lat' dir='ltr'><strong>non</strong></span> <span class='ocrx_word' id='word_1_522' title='bbox 1376 3840 1460 3884; x_wconf 90' lang='lat' dir='ltr'><strong>est</strong></span> <span class='ocrx_word' id='word_1_523' title='bbox 1480 3830 1531 3883; x_wconf 88' lang='lat' dir='ltr'><strong>b.</strong></span> <span class='ocrx_word' id='word_1_524' title='bbox 1561 3831 1695 3887; x_wconf 84' lang='lat' dir='ltr'><strong>Nam</strong></span> <span class='ocrx_word' id='word_1_525' title='bbox 1737 3835 1781 3888; x_wconf 92' lang='lat' dir='ltr'><strong>si</strong></span> <span class='ocrx_word' id='word_1_526' title='bbox 1814 3836 1938 3905; x_wconf 89' lang='lat' dir='ltr'><strong>quis</strong></span> <span class='ocrx_word' id='word_1_527' title='bbox 1960 3837 2120 3906; x_wconf 88' lang='lat' dir='ltr'><strong>dicit,</strong></span> 
     </span>
    </p>
   </div>
   <div class='ocr_carea' id='block_1_56' title="bbox 524 3918 2116 3997">
    <p class='ocr_par' dir='ltr' id='par_1_56' title="bbox 524 3918 2116 3997">
     <span class='ocr_line' id='line_1_56' title="bbox 524 3918 2116 3997; baseline 0.008 -24"><span class='ocrx_word' id='word_1_528' title='bbox 524 3926 617 3975; x_wconf 86' lang='lat' dir='ltr'><strong>aut</strong></span> <span class='ocrx_word' id='word_1_529' title='bbox 657 3925 742 3974; x_wconf 89' lang='lat' dir='ltr'><strong>est</strong></span> <span class='ocrx_word' id='word_1_530' title='bbox 770 3933 823 3983; x_wconf 80' lang='grc' dir='ltr'><strong>α,</strong></span> <span class='ocrx_word' id='word_1_531' title='bbox 864 3925 958 3971; x_wconf 88' lang='lat' dir='ltr'><strong>aut</strong></span> <span class='ocrx_word' id='word_1_532' title='bbox 983 3932 1091 3972; x_wconf 92' lang='lat' dir='ltr'><strong>non</strong></span> <span class='ocrx_word' id='word_1_533' title='bbox 1136 3918 1187 3986; x_wconf 77' lang='grc' dir='ltr'><strong>ὸ,</strong></span> <span class='ocrx_word' id='word_1_534' title='bbox 1227 3919 1276 3973; x_wconf 88' lang='lat' dir='ltr'><strong>si</strong></span> <span class='ocrx_word' id='word_1_535' title='bbox 1305 3931 1566 3988; x_wconf 87' lang='lat' dir='ltr'><strong>assumat,</strong></span> <span class='ocrx_word' id='word_1_536' title='bbox 1612 3926 1762 3993; x_wconf 83' lang='lat' dir='ltr'><strong>atqui</strong></span> <span class='ocrx_word' id='word_1_537' title='bbox 1812 3941 1915 3983; x_wconf 89' lang='lat' dir='ltr'><strong>non</strong></span> <span class='ocrx_word' id='word_1_538' title='bbox 1950 3938 2034 3984; x_wconf 88' lang='lat' dir='ltr'><strong>est</strong></span> <span class='ocrx_word' id='word_1_539' title='bbox 2062 3948 2116 3997; x_wconf 87' lang='lat' dir='ltr'><strong>a,</strong></span> 
     </span>
    </p>
   </div>
   <div class='ocr_carea' id='block_1_57' title="bbox 522 4011 2119 4093">
    <p class='ocr_par' dir='ltr' id='par_1_57' title="bbox 522 4011 2119 4093">
     <span class='ocr_line' id='line_1_57' title="bbox 522 4011 2119 4093; baseline 0.008 -26"><span class='ocrx_word' id='word_1_540' title='bbox 522 4011 705 4070; x_wconf 86' lang='lat' dir='ltr'><strong>modis</strong></span> <span class='ocrx_word' id='word_1_541' title='bbox 731 4011 981 4066; x_wconf 88' lang='lat' dir='ltr'><strong>omnibus</strong></span> <span class='ocrx_word' id='word_1_542' title='bbox 1019 4025 1128 4066; x_wconf 89' lang='lat' dir='ltr'><strong>non</strong></span> <span class='ocrx_word' id='word_1_543' title='bbox 1155 4012 1258 4067; x_wconf 86' lang='lat' dir='ltr'><strong>erit</strong></span> <span class='ocrx_word' id='word_1_544' title='bbox 1282 4012 1332 4067; x_wconf 73' lang='grc' dir='ltr'><strong>ὸ.</strong></span> <span class='ocrx_word' id='word_1_545' title='bbox 1364 4013 1421 4069; x_wconf 90' lang='lat' dir='ltr'><strong>Si</strong></span> <span class='ocrx_word' id='word_1_546' title='bbox 1453 4015 1616 4086; x_wconf 80' lang='lat' dir='ltr'><strong>igitur</strong></span> <span class='ocrx_word' id='word_1_547' title='bbox 1656 4031 1763 4073; x_wconf 89' lang='lat' dir='ltr'><strong>non</strong></span> <span class='ocrx_word' id='word_1_548' title='bbox 1818 4021 1890 4075; x_wconf 86' lang='lat' dir='ltr'><strong>sit</strong></span> <span class='ocrx_word' id='word_1_549' title='bbox 1921 4038 1973 4093; x_wconf 87' lang='lat' dir='ltr'><strong>a,</strong></span> <span class='ocrx_word' id='word_1_550' title='bbox 2008 4038 2119 4080; x_wconf 88' lang='lat' dir='ltr'><strong>non</strong></span> 
     </span>
    </p>
   </div>
   <div class='ocr_carea' id='block_1_58' title="bbox 525 4100 2117 4179">
    <p class='ocr_par' dir='ltr' id='par_1_58' title="bbox 525 4100 2117 4179">
     <span class='ocr_line' id='line_1_58' title="bbox 525 4100 2117 4179; baseline 0.007 -19"><span class='ocrx_word' id='word_1_551' title='bbox 525 4106 628 4160; x_wconf 87' lang='lat' dir='ltr'><strong>erit</strong></span> <span class='ocrx_word' id='word_1_552' title='bbox 657 4104 710 4159; x_wconf 77' lang='lat' dir='ltr'><strong>lt.</strong></span> <span class='ocrx_word' id='word_1_553' title='bbox 750 4100 805 4158; x_wconf 90' lang='lat' dir='ltr'><strong>ld</strong></span> <span class='ocrx_word' id='word_1_554' title='bbox 832 4106 978 4160; x_wconf 88' lang='lat' dir='ltr'><strong>enim</strong></span> <span class='ocrx_word' id='word_1_555' title='bbox 1013 4104 1127 4160; x_wconf 66' lang='lat' dir='ltr'><strong>haec</strong></span> <span class='ocrx_word' id='word_1_556' title='bbox 1159 4104 1450 4174; x_wconf 89' lang='lat' dir='ltr'><strong>disjunctio</strong></span> <span class='ocrx_word' id='word_1_557' title='bbox 1482 4110 1867 4179; x_wconf 67' lang='lat' dir='ltr'><strong>prmmittebat,</strong></span> <span class='ocrx_word' id='word_1_558' title='bbox 1916 4113 1971 4169; x_wconf 89' lang='lat' dir='ltr'><strong>in</strong></span> <span class='ocrx_word' id='word_1_559' title='bbox 2015 4116 2117 4172; x_wconf 85' lang='lat' dir='ltr'><strong>hac</strong></span> 
     </span>
    </p>
   </div>
   <div class='ocr_carea' id='block_1_59' title="bbox 523 4197 2122 4273">
    <p class='ocr_par' dir='ltr' id='par_1_59' title="bbox 523 4197 2122 4273">
     <span class='ocr_line' id='line_1_59' title="bbox 523 4197 2122 4273; baseline 0.007 -20"><span class='ocrx_word' id='word_1_560' title='bbox 523 4210 655 4254; x_wconf 82' lang='lat' dir='ltr'><strong>vero</strong></span> <span class='ocrx_word' id='word_1_561' title='bbox 676 4197 937 4269; x_wconf 85' lang='lat' dir='ltr'><strong>siquidem</strong></span> <span class='ocrx_word' id='word_1_562' title='bbox 963 4215 997 4252; x_wconf 80' lang='grc' dir='ltr'><strong>α</strong></span> <span class='ocrx_word' id='word_1_563' title='bbox 1025 4210 1328 4271; x_wconf 76' lang='lat' dir='ltr'><strong>negaretur,</strong></span> <span class='ocrx_word' id='word_1_564' title='bbox 1361 4203 1447 4257; x_wconf 86' lang='lat' dir='ltr'><strong>vel</strong></span> <span class='ocrx_word' id='word_1_565' title='bbox 1473 4203 1841 4261; x_wconf 82' lang='lat' dir='ltr'><strong>amrmaretur</strong></span> <span class='ocrx_word' id='word_1_566' title='bbox 1861 4207 1911 4273; x_wconf 80' lang='lat' dir='ltr'><strong>b,</strong></span> <span class='ocrx_word' id='word_1_567' title='bbox 1952 4207 2122 4265; x_wconf 80' lang='lat' dir='ltr'><strong>ﬂebat</strong></span> 
     </span>
    </p>
   </div>
   <div class='ocr_carea' id='block_1_60' title="bbox 529 4290 2121 4367">
    <p class='ocr_par' dir='ltr' id='par_1_60' title="bbox 529 4290 2121 4367">
     <span class='ocr_line' id='line_1_60' title="bbox 529 4290 2121 4367; baseline 0.008 -23"><span class='ocrx_word' id='word_1_568' title='bbox 529 4290 725 4361; x_wconf 83' lang='lat' dir='ltr'><strong>aliquis</strong></span> <span class='ocrx_word' id='word_1_569' title='bbox 745 4292 1105 4363; x_wconf 83' lang='lat' dir='ltr'><strong>syllogismus.</strong></span> <span class='ocrx_word' id='word_1_570' title='bbox 1131 4294 1256 4350; x_wconf 88' lang='lat' dir='ltr'><strong>Sive</strong></span> <span class='ocrx_word' id='word_1_571' title='bbox 1275 4304 1453 4352; x_wconf 89' lang='lat' dir='ltr'><strong>autem</strong></span> <span class='ocrx_word' id='word_1_572' title='bbox 1474 4313 1505 4351; x_wconf 89' lang='lat' dir='ltr'><strong>a</strong></span> <span class='ocrx_word' id='word_1_573' title='bbox 1528 4297 1916 4367; x_wconf 87' lang='lat' dir='ltr'><strong>al&#39;llrmaretur,</strong></span> <span class='ocrx_word' id='word_1_574' title='bbox 1950 4303 2066 4357; x_wconf 88' lang='lat' dir='ltr'><strong>sive</strong></span> <span class='ocrx_word' id='word_1_575' title='bbox 2086 4302 2121 4357; x_wconf 69' lang='grc' dir='ltr'>ὑ</span> 
     </span>
    </p>
   </div>
   <div class='ocr_carea' id='block_1_61' title="bbox 523 4385 2119 4454">
    <p class='ocr_par' dir='ltr' id='par_1_61' title="bbox 523 4385 2119 4454">
     <span class='ocr_line' id='line_1_61' title="bbox 523 4385 2119 4454; baseline 0.011 -17"><span class='ocrx_word' id='word_1_576' title='bbox 523 4393 832 4453; x_wconf 81' lang='lat' dir='ltr'><strong>negaretur,</strong></span> <span class='ocrx_word' id='word_1_577' title='bbox 853 4385 996 4441; x_wconf 83' lang='lat' dir='ltr'><strong>nulla</strong></span> <span class='ocrx_word' id='word_1_578' title='bbox 1015 4395 1131 4443; x_wconf 86' lang='lat' dir='ltr'><strong>erat</strong></span> <span class='ocrx_word' id='word_1_579' title='bbox 1152 4388 1205 4444; x_wconf 90' lang='lat' dir='ltr'><strong>in</strong></span> <span class='ocrx_word' id='word_1_580' title='bbox 1229 4391 1577 4449; x_wconf 89' lang='lat' dir='ltr'><strong>conclusione</strong></span> <span class='ocrx_word' id='word_1_581' title='bbox 1598 4396 1897 4452; x_wconf 84' lang='lat' dir='ltr'><strong>necessitas</strong></span> <span class='ocrx_word' id='word_1_582' title='bbox 1925 4414 1939 4451; x_wconf 89' lang='lat'>:</span> <span class='ocrx_word' id='word_1_583' title='bbox 1968 4399 2119 4454; x_wconf 88' lang='lat' dir='ltr'><strong>idem</strong></span> 
     </span>
    </p>
   </div>
   <div class='ocr_carea' id='block_1_62' title="bbox 522 4477 2119 4556">
    <p class='ocr_par' dir='ltr' id='par_1_62' title="bbox 522 4477 2119 4556">
     <span class='ocr_line' id='line_1_62' title="bbox 522 4477 2119 4556; baseline 0.011 -29"><span class='ocrx_word' id='word_1_584' title='bbox 522 4477 770 4545; x_wconf 86' lang='lat' dir='ltr'><strong>provenit</strong></span> <span class='ocrx_word' id='word_1_585' title='bbox 812 4479 866 4531; x_wconf 88' lang='lat' dir='ltr'><strong>in</strong></span> <span class='ocrx_word' id='word_1_586' title='bbox 909 4478 1244 4548; x_wconf 76' lang='lat' dir='ltr'><strong>disiunctiva.</strong></span> <span class='ocrx_word' id='word_1_587' title='bbox 1291 4482 1425 4539; x_wconf 82' lang='lat' dir='ltr'><strong>Nam</strong></span> <span class='ocrx_word' id='word_1_588' title='bbox 1454 4500 1576 4540; x_wconf 91' lang='lat' dir='ltr'><strong>cum</strong></span> <span class='ocrx_word' id='word_1_589' title='bbox 1605 4489 1966 4556; x_wconf 88' lang='lat' dir='ltr'><strong>proponitur,</strong></span> <span class='ocrx_word' id='word_1_590' title='bbox 2021 4500 2119 4546; x_wconf 86' lang='lat' dir='ltr'><strong>aut</strong></span> 
     </span>
    </p>
   </div>
   <div class='ocr_carea' id='block_1_63' title="bbox 523 4575 2113 4650">
    <p class='ocr_par' dir='ltr' id='par_1_63' title="bbox 523 4575 2113 4650">
     <span class='ocr_line' id='line_1_63' title="bbox 523 4575 2113 4650; baseline 0.009 -25"><span class='ocrx_word' id='word_1_591' title='bbox 523 4578 609 4625; x_wconf 87' lang='lat' dir='ltr'><strong>est</strong></span> <span class='ocrx_word' id='word_1_592' title='bbox 634 4586 685 4635; x_wconf 77' lang='grc' dir='ltr'><strong>α,</strong></span> <span class='ocrx_word' id='word_1_593' title='bbox 717 4578 807 4625; x_wconf 87' lang='lat' dir='ltr'><strong>aut</strong></span> <span class='ocrx_word' id='word_1_594' title='bbox 838 4586 947 4631; x_wconf 88' lang='lat' dir='ltr'><strong>non</strong></span> <span class='ocrx_word' id='word_1_595' title='bbox 971 4583 1053 4628; x_wconf 89' lang='lat' dir='ltr'><strong>est</strong></span> <span class='ocrx_word' id='word_1_596' title='bbox 1081 4575 1131 4641; x_wconf 77' lang='grc' dir='ltr'><strong>ὸ,</strong></span> <span class='ocrx_word' id='word_1_597' title='bbox 1175 4577 1437 4647; x_wconf 82' lang='lat' dir='ltr'><strong>siquidem</strong></span> <span class='ocrx_word' id='word_1_598' title='bbox 1467 4594 1573 4635; x_wconf 90' lang='lat' dir='ltr'><strong>non</strong></span> <span class='ocrx_word' id='word_1_599' title='bbox 1600 4581 1673 4636; x_wconf 90' lang='lat' dir='ltr'><strong>sit</strong></span> <span class='ocrx_word' id='word_1_600' title='bbox 1699 4599 1750 4650; x_wconf 89' lang='lat' dir='ltr'><strong>a,</strong></span> <span class='ocrx_word' id='word_1_601' title='bbox 1786 4597 1895 4639; x_wconf 89' lang='lat' dir='ltr'><strong>non</strong></span> <span class='ocrx_word' id='word_1_602' title='bbox 1928 4587 2030 4639; x_wconf 90' lang='lat' dir='ltr'><strong>erit</strong></span> <span class='ocrx_word' id='word_1_603' title='bbox 2057 4585 2113 4641; x_wconf 90' lang='lat' dir='ltr'><strong>b.</strong></span> 
     </span>
    </p>
   </div>
   <div class='ocr_carea' id='block_1_64' title="bbox 524 4658 2112 4747">
    <p class='ocr_par' dir='ltr' id='par_1_64' title="bbox 524 4658 2112 4747">
     <span class='ocr_line' id='line_1_64' title="bbox 524 4658 2112 4747; baseline 0.008 -27"><span class='ocrx_word' id='word_1_604' title='bbox 524 4658 584 4720; x_wconf 77' lang='lat' dir='ltr'><strong>8i</strong></span> <span class='ocrx_word' id='word_1_605' title='bbox 615 4677 742 4718; x_wconf 89' lang='lat' dir='ltr'><strong>vero</strong></span> <span class='ocrx_word' id='word_1_606' title='bbox 771 4664 839 4718; x_wconf 79' lang='lat' dir='ltr'><strong>sit</strong></span> <span class='ocrx_word' id='word_1_607' title='bbox 881 4664 946 4732; x_wconf 84' lang='lat' dir='ltr'><strong>b,</strong></span> <span class='ocrx_word' id='word_1_608' title='bbox 988 4668 1089 4723; x_wconf 91' lang='lat' dir='ltr'><strong>erit</strong></span> <span class='ocrx_word' id='word_1_609' title='bbox 1116 4685 1188 4735; x_wconf 79' lang='grc' dir='ltr'><strong>ας</strong></span> <span class='ocrx_word' id='word_1_610' title='bbox 1234 4671 1375 4740; x_wconf 89' lang='lat' dir='ltr'><strong>quod</strong></span> <span class='ocrx_word' id='word_1_611' title='bbox 1422 4674 1466 4727; x_wconf 89' lang='lat' dir='ltr'><strong>si</strong></span> <span class='ocrx_word' id='word_1_612' title='bbox 1496 4674 1565 4729; x_wconf 80' lang='lat' dir='ltr'><strong>sit</strong></span> <span class='ocrx_word' id='word_1_613' title='bbox 1604 4691 1666 4739; x_wconf 88' lang='lat' dir='ltr'><strong>a,</strong></span> <span class='ocrx_word' id='word_1_614' title='bbox 1700 4675 1785 4731; x_wconf 84' lang='lat' dir='ltr'><strong>vel</strong></span> <span class='ocrx_word' id='word_1_615' title='bbox 1818 4692 1922 4731; x_wconf 92' lang='lat' dir='ltr'><strong>non</strong></span> <span class='ocrx_word' id='word_1_616' title='bbox 1952 4679 2024 4733; x_wconf 90' lang='lat' dir='ltr'><strong>sit</strong></span> <span class='ocrx_word' id='word_1_617' title='bbox 2050 4678 2112 4747; x_wconf 77' lang='grc' dir='ltr'><strong>ὁ,</strong></span> 
     </span>
    </p>
   </div>
   <div class='ocr_carea' id='block_1_65' title="bbox 2238 1874 3841 1947">
    <p class='ocr_par' dir='ltr' id='par_1_65' title="bbox 2238 1874 3841 1947">
     <span class='ocr_line' id='line_1_65' title="bbox 2238 1874 3841 1947; baseline -0.003 -11"><span class='ocrx_word' id='word_1_618' title='bbox 2238 1896 2350 1936; x_wconf 93' lang='lat' dir='ltr'><strong>non</strong></span> <span class='ocrx_word' id='word_1_619' title='bbox 2375 1889 2456 1934; x_wconf 92' lang='lat' dir='ltr'><strong>est</strong></span> <span class='ocrx_word' id='word_1_620' title='bbox 2478 1895 2530 1944; x_wconf 90' lang='lat' dir='ltr'><strong>a,</strong></span> <span class='ocrx_word' id='word_1_621' title='bbox 2560 1887 2653 1933; x_wconf 89' lang='lat' dir='ltr'><strong>aut</strong></span> <span class='ocrx_word' id='word_1_622' title='bbox 2679 1887 2762 1933; x_wconf 89' lang='lat' dir='ltr'><strong>est</strong></span> <span class='ocrx_word' id='word_1_623' title='bbox 2790 1877 2840 1946; x_wconf 91' lang='lat' dir='ltr'><strong>b,</strong></span> <span class='ocrx_word' id='word_1_624' title='bbox 2870 1876 3133 1947; x_wconf 79' lang='lat' dir='ltr'><strong>siquidem</strong></span> <span class='ocrx_word' id='word_1_625' title='bbox 3159 1874 3321 1932; x_wconf 85' lang='lat' dir='ltr'><strong>fuerit</strong></span> <span class='ocrx_word' id='word_1_626' title='bbox 3346 1894 3401 1941; x_wconf 89' lang='lat' dir='ltr'><strong>a,</strong></span> <span class='ocrx_word' id='word_1_627' title='bbox 3434 1876 3630 1945; x_wconf 88' lang='lat' dir='ltr'><strong>eritb;</strong></span> <span class='ocrx_word' id='word_1_628' title='bbox 3666 1878 3715 1933; x_wconf 91' lang='lat' dir='ltr'><strong>si</strong></span> <span class='ocrx_word' id='word_1_629' title='bbox 3738 1892 3841 1939; x_wconf 86' lang='lat' dir='ltr'><strong>non</strong></span> 
     </span>
    </p>
   </div>
   <div class='ocr_carea' id='block_1_66' title="bbox 2233 1960 3839 2037">
    <p class='ocr_par' dir='ltr' id='par_1_66' title="bbox 2233 1960 3839 2037">
     <span class='ocr_line' id='line_1_66' title="bbox 2233 1960 3839 2037; baseline -0.004 -9"><span class='ocrx_word' id='word_1_630' title='bbox 2233 1971 2396 2028; x_wconf 74' lang='lat' dir='ltr'><strong>fuerit</strong></span> <span class='ocrx_word' id='word_1_631' title='bbox 2424 1970 2473 2035; x_wconf 88' lang='lat' dir='ltr'><strong>b,</strong></span> <span class='ocrx_word' id='word_1_632' title='bbox 2505 1985 2610 2025; x_wconf 91' lang='lat' dir='ltr'><strong>non</strong></span> <span class='ocrx_word' id='word_1_633' title='bbox 2635 1969 2737 2024; x_wconf 86' lang='lat' dir='ltr'><strong>erit</strong></span> <span class='ocrx_word' id='word_1_634' title='bbox 2765 1986 2817 2023; x_wconf 84' lang='grc' dir='ltr'><strong>α.</strong></span> <span class='ocrx_word' id='word_1_635' title='bbox 2851 1970 2977 2025; x_wconf 90' lang='lat' dir='ltr'><strong>Sive</strong></span> <span class='ocrx_word' id='word_1_636' title='bbox 3005 1979 3180 2025; x_wconf 89' lang='lat' dir='ltr'><strong>autem</strong></span> <span class='ocrx_word' id='word_1_637' title='bbox 3212 1985 3316 2024; x_wconf 94' lang='lat' dir='ltr'><strong>non</strong></span> <span class='ocrx_word' id='word_1_638' title='bbox 3347 1970 3417 2027; x_wconf 91' lang='lat' dir='ltr'><strong>sit</strong></span> <span class='ocrx_word' id='word_1_639' title='bbox 3448 1987 3503 2035; x_wconf 77' lang='grc' dir='ltr'><strong>α,</strong></span> <span class='ocrx_word' id='word_1_640' title='bbox 3532 1970 3657 2025; x_wconf 80' lang='lat' dir='ltr'><strong>sive</strong></span> <span class='ocrx_word' id='word_1_641' title='bbox 3684 1972 3755 2025; x_wconf 87' lang='lat' dir='ltr'><strong>sit</strong></span> <span class='ocrx_word' id='word_1_642' title='bbox 3777 1960 3839 2037; x_wconf 73' lang='lat'><strong>6,</strong></span> 
     </span>
    </p>
   </div>
   <div class='ocr_carea' id='block_1_67' title="bbox 2233 2061 3839 2133">
    <p class='ocr_par' dir='ltr' id='par_1_67' title="bbox 2233 2061 3839 2133">
     <span class='ocr_line' id='line_1_67' title="bbox 2233 2061 3839 2133; baseline -0.001 -14"><span class='ocrx_word' id='word_1_643' title='bbox 2233 2064 2382 2119; x_wconf 87' lang='lat' dir='ltr'><strong>nulla</strong></span> <span class='ocrx_word' id='word_1_644' title='bbox 2420 2071 2503 2119; x_wconf 78' lang='lat' dir='ltr'><strong>est</strong></span> <span class='ocrx_word' id='word_1_645' title='bbox 2532 2063 2827 2119; x_wconf 84' lang='lat' dir='ltr'><strong>necessitas</strong></span> <span class='ocrx_word' id='word_1_646' title='bbox 2858 2061 3174 2133; x_wconf 78' lang='lat' dir='ltr'><strong>syllogismi,</strong></span> <span class='ocrx_word' id='word_1_647' title='bbox 3218 2072 3277 2116; x_wconf 94' lang='lat' dir='ltr'><strong>ut</strong></span> <span class='ocrx_word' id='word_1_648' title='bbox 3306 2062 3355 2115; x_wconf 92' lang='lat' dir='ltr'><strong>in</strong></span> <span class='ocrx_word' id='word_1_649' title='bbox 3388 2062 3491 2117; x_wconf 90' lang='lat' dir='ltr'><strong>hoc</strong></span> <span class='ocrx_word' id='word_1_650' title='bbox 3524 2062 3839 2120; x_wconf 83' lang='lat' dir='ltr'><strong>declaratur</strong></span> 
     </span>
    </p>
   </div>
   <div class='ocr_carea' id='block_1_68' title="bbox 2233 2156 3841 2229">
    <p class='ocr_par' dir='ltr' id='par_1_68' title="bbox 2233 2156 3841 2229">
     <span class='ocr_line' id='line_1_68' title="bbox 2233 2156 3841 2229; baseline -0.001 -16"><span class='ocrx_word' id='word_1_651' title='bbox 2233 2159 2505 2229; x_wconf 83' lang='lat' dir='ltr'><strong>exemplo,</strong></span> <span class='ocrx_word' id='word_1_652' title='bbox 2540 2166 2633 2212; x_wconf 89' lang='lat' dir='ltr'><strong>aut</strong></span> <span class='ocrx_word' id='word_1_653' title='bbox 2657 2171 2762 2212; x_wconf 89' lang='lat' dir='ltr'><strong>non</strong></span> <span class='ocrx_word' id='word_1_654' title='bbox 2785 2165 2868 2212; x_wconf 84' lang='lat' dir='ltr'><strong>est</strong></span> <span class='ocrx_word' id='word_1_655' title='bbox 2894 2156 3080 2227; x_wconf 88' lang='lat' dir='ltr'><strong>homo,</strong></span> <span class='ocrx_word' id='word_1_656' title='bbox 3112 2165 3202 2210; x_wconf 91' lang='lat' dir='ltr'><strong>aut</strong></span> <span class='ocrx_word' id='word_1_657' title='bbox 3222 2156 3420 2213; x_wconf 76' lang='lat' dir='ltr'><strong>animal</strong></span> <span class='ocrx_word' id='word_1_658' title='bbox 3445 2166 3560 2212; x_wconf 89' lang='lat' dir='ltr'><strong>est.</strong></span> <span class='ocrx_word' id='word_1_659' title='bbox 3585 2156 3650 2211; x_wconf 89' lang='lat' dir='ltr'><strong>Si</strong></span> <span class='ocrx_word' id='word_1_660' title='bbox 3682 2158 3841 2225; x_wconf 75' lang='lat' dir='ltr'><strong>igitur</strong></span> 
     </span>
    </p>
   </div>
   <div class='ocr_carea' id='block_1_69' title="bbox 2234 2251 3836 2323">
    <p class='ocr_par' dir='ltr' id='par_1_69' title="bbox 2234 2251 3836 2323">
     <span class='ocr_line' id='line_1_69' title="bbox 2234 2251 3836 2323; baseline -0.001 -14"><span class='ocrx_word' id='word_1_661' title='bbox 2234 2268 2590 2321; x_wconf 85' lang='lat' dir='ltr'><strong>assumamus,</strong></span> <span class='ocrx_word' id='word_1_662' title='bbox 2620 2253 2763 2323; x_wconf 88' lang='lat' dir='ltr'><strong>atqui</strong></span> <span class='ocrx_word' id='word_1_663' title='bbox 2781 2261 2862 2308; x_wconf 80' lang='lat' dir='ltr'><strong>est</strong></span> <span class='ocrx_word' id='word_1_664' title='bbox 2886 2251 3071 2319; x_wconf 87' lang='lat' dir='ltr'><strong>homo,</strong></span> <span class='ocrx_word' id='word_1_665' title='bbox 3112 2251 3214 2307; x_wconf 89' lang='lat' dir='ltr'><strong>erit</strong></span> <span class='ocrx_word' id='word_1_666' title='bbox 3235 2252 3453 2307; x_wconf 87' lang='lat' dir='ltr'><strong>animal.</strong></span> <span class='ocrx_word' id='word_1_667' title='bbox 3479 2251 3541 2308; x_wconf 92' lang='lat' dir='ltr'><strong>Si</strong></span> <span class='ocrx_word' id='word_1_668' title='bbox 3571 2254 3836 2323; x_wconf 72' lang='lat' dir='ltr'><strong>negemus</strong></span> 
     </span>
    </p>
   </div>
   <div class='ocr_carea' id='block_1_70' title="bbox 2236 2343 3836 2411">
    <p class='ocr_par' dir='ltr' id='par_1_70' title="bbox 2236 2343 3836 2411">
     <span class='ocr_line' id='line_1_70' title="bbox 2236 2343 3836 2411; baseline -0.002 -9"><span class='ocrx_word' id='word_1_669' title='bbox 2236 2361 2358 2402; x_wconf 86' lang='lat' dir='ltr'><strong>esse</strong></span> <span class='ocrx_word' id='word_1_670' title='bbox 2378 2345 2599 2411; x_wconf 86' lang='lat' dir='ltr'><strong>animal,</strong></span> <span class='ocrx_word' id='word_1_671' title='bbox 2632 2360 2737 2400; x_wconf 94' lang='lat' dir='ltr'><strong>non</strong></span> <span class='ocrx_word' id='word_1_672' title='bbox 2767 2349 2869 2400; x_wconf 91' lang='lat' dir='ltr'><strong>erit</strong></span> <span class='ocrx_word' id='word_1_673' title='bbox 2913 2344 3074 2399; x_wconf 89' lang='lat' dir='ltr'><strong>bomo</strong></span> <span class='ocrx_word' id='word_1_674' title='bbox 3106 2360 3120 2411; x_wconf 88' lang='lat'><strong>;</strong></span> <span class='ocrx_word' id='word_1_675' title='bbox 3151 2344 3197 2399; x_wconf 90' lang='lat' dir='ltr'><strong>si</strong></span> <span class='ocrx_word' id='word_1_676' title='bbox 3226 2352 3403 2401; x_wconf 79' lang='lat' dir='ltr'><strong>autem</strong></span> <span class='ocrx_word' id='word_1_677' title='bbox 3430 2343 3718 2399; x_wconf 80' lang='lat' dir='ltr'><strong>hominem</strong></span> <span class='ocrx_word' id='word_1_678' title='bbox 3746 2360 3836 2399; x_wconf 87' lang='lat' dir='ltr'><strong>ne-</strong></span> 
     </span>
    </p>
   </div>
   <div class='ocr_carea' id='block_1_71' title="bbox 2233 2438 3835 2511">
    <p class='ocr_par' dir='ltr' id='par_1_71' title="bbox 2233 2438 3835 2511">
     <span class='ocr_line' id='line_1_71' title="bbox 2233 2438 3835 2511; baseline -0.001 -16"><span class='ocrx_word' id='word_1_679' title='bbox 2233 2455 2447 2511; x_wconf 88' lang='lat' dir='ltr'><strong>gemus,</strong></span> <span class='ocrx_word' id='word_1_680' title='bbox 2472 2440 2556 2497; x_wconf 89' lang='lat' dir='ltr'><strong>vel</strong></span> <span class='ocrx_word' id='word_1_681' title='bbox 2586 2440 2781 2494; x_wconf 89' lang='lat' dir='ltr'><strong>animal</strong></span> <span class='ocrx_word' id='word_1_682' title='bbox 2805 2438 3158 2509; x_wconf 80' lang='lat' dir='ltr'><strong>allirmemus,</strong></span> <span class='ocrx_word' id='word_1_683' title='bbox 3183 2438 3315 2495; x_wconf 87' lang='lat' dir='ltr'><strong>nihil</strong></span> <span class='ocrx_word' id='word_1_684' title='bbox 3345 2438 3730 2495; x_wconf 86' lang='lat' dir='ltr'><strong>necessarium</strong></span> <span class='ocrx_word' id='word_1_685' title='bbox 3752 2453 3835 2493; x_wconf 85' lang='lat' dir='ltr'><strong>ca-</strong></span> 
     </span>
    </p>
   </div>
   <div class='ocr_carea' id='block_1_72' title="bbox 2236 2532 3834 2605">
    <p class='ocr_par' dir='ltr' id='par_1_72' title="bbox 2236 2532 3834 2605">
     <span class='ocr_line' id='line_1_72' title="bbox 2236 2532 3834 2605; baseline -0.003 -14"><span class='ocrx_word' id='word_1_686' title='bbox 2236 2534 2345 2591; x_wconf 91' lang='lat' dir='ltr'><strong>det.</strong></span> <span class='ocrx_word' id='word_1_687' title='bbox 2375 2534 2634 2605; x_wconf 87' lang='lat' dir='ltr'><strong>Quocirca</strong></span> <span class='ocrx_word' id='word_1_688' title='bbox 2664 2550 2730 2590; x_wconf 82' lang='lat' dir='ltr'><strong>ex</strong></span> <span class='ocrx_word' id='word_1_689' title='bbox 2773 2534 2857 2589; x_wconf 79' lang='lat' dir='ltr'><strong>liis</strong></span> <span class='ocrx_word' id='word_1_690' title='bbox 2887 2550 3007 2604; x_wconf 74' lang='lat' dir='ltr'><strong>qua:</strong></span> <span class='ocrx_word' id='word_1_691' title='bbox 3035 2533 3284 2605; x_wconf 87' lang='lat' dir='ltr'><strong>superius</strong></span> <span class='ocrx_word' id='word_1_692' title='bbox 3308 2532 3452 2589; x_wconf 85' lang='lat' dir='ltr'><strong>dicta</strong></span> <span class='ocrx_word' id='word_1_693' title='bbox 3482 2541 3621 2591; x_wconf 90' lang='lat' dir='ltr'><strong>sunt</strong></span> <span class='ocrx_word' id='word_1_694' title='bbox 3653 2532 3834 2588; x_wconf 83' lang='lat' dir='ltr'><strong>decla-</strong></span> 
     </span>
    </p>
   </div>
   <div class='ocr_carea' id='block_1_73' title="bbox 2236 2622 3834 2697">
    <p class='ocr_par' dir='ltr' id='par_1_73' title="bbox 2236 2622 3834 2697">
     <span class='ocr_line' id='line_1_73' title="bbox 2236 2622 3834 2697; baseline -0.003 -16"><span class='ocrx_word' id='word_1_695' title='bbox 2236 2635 2385 2681; x_wconf 90' lang='lat' dir='ltr'><strong>ratur</strong></span> <span class='ocrx_word' id='word_1_696' title='bbox 2443 2635 2572 2697; x_wconf 90' lang='lat' dir='ltr'><strong>quot</strong></span> <span class='ocrx_word' id='word_1_697' title='bbox 2614 2625 3004 2697; x_wconf 84' lang='lat' dir='ltr'><strong>disjunetarum</strong></span> <span class='ocrx_word' id='word_1_698' title='bbox 3052 2624 3480 2694; x_wconf 87' lang='lat' dir='ltr'><strong>propositionum</strong></span> <span class='ocrx_word' id='word_1_699' title='bbox 3526 2622 3834 2693; x_wconf 71' lang='lat' dir='ltr'><strong>syllogismi</strong></span> 
     </span>
    </p>
   </div>
   <div class='ocr_carea' id='block_1_74' title="bbox 2234 2715 3835 2787">
    <p class='ocr_par' dir='ltr' id='par_1_74' title="bbox 2234 2715 3835 2787">
     <span class='ocr_line' id='line_1_74' title="bbox 2234 2715 3835 2787; baseline -0.002 -15"><span class='ocrx_word' id='word_1_700' title='bbox 2234 2716 2339 2772; x_wconf 93' lang='lat' dir='ltr'><strong>sint</strong></span> <span class='ocrx_word' id='word_1_701' title='bbox 2363 2758 2378 2783; x_wconf 91' lang='lat'><strong>,</strong></span> <span class='ocrx_word' id='word_1_702' title='bbox 2413 2718 2495 2772; x_wconf 80' lang='lat' dir='ltr'><strong>vel</strong></span> <span class='ocrx_word' id='word_1_703' title='bbox 2541 2718 2735 2787; x_wconf 85' lang='lat' dir='ltr'><strong>quibus</strong></span> <span class='ocrx_word' id='word_1_704' title='bbox 2764 2716 2833 2771; x_wconf 90' lang='lat' dir='ltr'><strong>ab</strong></span> <span class='ocrx_word' id='word_1_705' title='bbox 2863 2716 2947 2772; x_wconf 90' lang='lat' dir='ltr'><strong>his</strong></span> <span class='ocrx_word' id='word_1_706' title='bbox 2977 2731 3094 2787; x_wconf 76' lang='lat' dir='ltr'><strong>qua:</strong></span> <span class='ocrx_word' id='word_1_707' title='bbox 3125 2730 3386 2772; x_wconf 70' lang='lat' dir='ltr'><strong>connexa:</strong></span> <span class='ocrx_word' id='word_1_708' title='bbox 3415 2725 3547 2771; x_wconf 88' lang='lat' dir='ltr'><strong>sunt</strong></span> <span class='ocrx_word' id='word_1_709' title='bbox 3579 2715 3835 2770; x_wconf 75' lang='lat' dir='ltr'><strong>differen-</strong></span> 
     </span>
    </p>
   </div>
   <div class='ocr_carea' id='block_1_75' title="bbox 2234 2807 3831 2879">
    <p class='ocr_par' dir='ltr' id='par_1_75' title="bbox 2234 2807 3831 2879">
     <span class='ocr_line' id='line_1_75' title="bbox 2234 2807 3831 2879; baseline -0.001 -16"><span class='ocrx_word' id='word_1_710' title='bbox 2234 2808 2322 2864; x_wconf 87' lang='lat' dir='ltr'><strong>tiis</strong></span> <span class='ocrx_word' id='word_1_711' title='bbox 2346 2819 2712 2879; x_wconf 82' lang='lat' dir='ltr'><strong>segregenlur.</strong></span> <span class='ocrx_word' id='word_1_712' title='bbox 2746 2808 2877 2876; x_wconf 67' lang='lat' dir='ltr'><strong>Quae</strong></span> <span class='ocrx_word' id='word_1_713' title='bbox 2905 2808 3047 2867; x_wconf 90' lang='lat' dir='ltr'><strong>enim</strong></span> <span class='ocrx_word' id='word_1_714' title='bbox 3077 2822 3338 2863; x_wconf 60' lang='lat' dir='ltr'><strong>connexa;</strong></span> <span class='ocrx_word' id='word_1_715' title='bbox 3389 2818 3521 2863; x_wconf 88' lang='lat' dir='ltr'><strong>sunt</strong></span> <span class='ocrx_word' id='word_1_716' title='bbox 3543 2807 3831 2875; x_wconf 80' lang='lat' dir='ltr'><strong>quamdam</strong></span> 
     </span>
    </p>
   </div>
   <div class='ocr_carea' id='block_1_76' title="bbox 2232 2898 3831 2971">
    <p class='ocr_par' dir='ltr' id='par_1_76' title="bbox 2232 2898 3831 2971">
     <span class='ocr_line' id='line_1_76' title="bbox 2232 2898 3831 2971; baseline 0 -16"><span class='ocrx_word' id='word_1_717' title='bbox 2232 2898 2289 2956; x_wconf 88' lang='lat' dir='ltr'><strong>in</strong></span> <span class='ocrx_word' id='word_1_718' title='bbox 2338 2914 2404 2954; x_wconf 91' lang='lat' dir='ltr'><strong>eo</strong></span> <span class='ocrx_word' id='word_1_719' title='bbox 2458 2900 2602 2969; x_wconf 90' lang='lat' dir='ltr'><strong>quod</strong></span> <span class='ocrx_word' id='word_1_720' title='bbox 2653 2909 2736 2954; x_wconf 89' lang='lat' dir='ltr'><strong>est</strong></span> <span class='ocrx_word' id='word_1_721' title='bbox 2780 2914 2904 2955; x_wconf 90' lang='lat' dir='ltr'><strong>esse</strong></span> <span class='ocrx_word' id='word_1_722' title='bbox 2946 2899 3031 2954; x_wconf 90' lang='lat' dir='ltr'><strong>vel</strong></span> <span class='ocrx_word' id='word_1_723' title='bbox 3082 2915 3189 2955; x_wconf 88' lang='lat' dir='ltr'><strong>non</strong></span> <span class='ocrx_word' id='word_1_724' title='bbox 3230 2913 3351 2956; x_wconf 86' lang='lat' dir='ltr'><strong>esse</strong></span> <span class='ocrx_word' id='word_1_725' title='bbox 3380 2902 3831 2971; x_wconf 78' lang='lat' dir='ltr'><strong>consequentiam</strong></span> 
     </span>
    </p>
   </div>
   <div class='ocr_carea' id='block_1_77' title="bbox 2232 2992 3834 3067">
    <p class='ocr_par' dir='ltr' id='par_1_77' title="bbox 2232 2992 3834 3067">
     <span class='ocr_line' id='line_1_77' title="bbox 2232 2992 3834 3067; baseline -0.001 -19"><span class='ocrx_word' id='word_1_726' title='bbox 2232 3002 2565 3059; x_wconf 85' lang='lat' dir='ltr'><strong>monstrant;</strong></span> <span class='ocrx_word' id='word_1_727' title='bbox 2598 3007 2717 3064; x_wconf 62' lang='lat' dir='ltr'><strong>quae</strong></span> <span class='ocrx_word' id='word_1_728' title='bbox 2762 3008 2893 3047; x_wconf 86' lang='lat' dir='ltr'><strong>vero</strong></span> <span class='ocrx_word' id='word_1_729' title='bbox 2924 3008 3017 3063; x_wconf 91' lang='lat' dir='ltr'><strong>per</strong></span> <span class='ocrx_word' id='word_1_730' title='bbox 3058 2992 3476 3067; x_wconf 72' lang='lat' dir='ltr'><strong>disiunctionem</strong></span> <span class='ocrx_word' id='word_1_731' title='bbox 3521 3009 3834 3062; x_wconf 72' lang='lat' dir='ltr'><strong>pmponntto</strong></span> 
     </span>
    </p>
   </div>
   <div class='ocr_carea' id='block_1_78' title="bbox 2232 3085 3829 3158">
    <p class='ocr_par' dir='ltr' id='par_1_78' title="bbox 2232 3085 3829 3158">
     <span class='ocr_line' id='line_1_78' title="bbox 2232 3085 3829 3158; baseline 0.002 -21"><span class='ocrx_word' id='word_1_732' title='bbox 2232 3092 2319 3139; x_wconf 87' lang='lat' dir='ltr'><strong>tur</strong></span> <span class='ocrx_word' id='word_1_733' title='bbox 2355 3086 2430 3140; x_wconf 87' lang='lat' dir='ltr'><strong>ita</strong></span> <span class='ocrx_word' id='word_1_734' title='bbox 2463 3095 2609 3151; x_wconf 89' lang='lat' dir='ltr'><strong>sunt,</strong></span> <span class='ocrx_word' id='word_1_735' title='bbox 2644 3096 2701 3140; x_wconf 91' lang='lat' dir='ltr'><strong>ut</strong></span> <span class='ocrx_word' id='word_1_736' title='bbox 2752 3085 2970 3140; x_wconf 87' lang='lat' dir='ltr'><strong>sibimet</strong></span> <span class='ocrx_word' id='word_1_737' title='bbox 2994 3087 3307 3141; x_wconf 88' lang='lat' dir='ltr'><strong>consentire</strong></span> <span class='ocrx_word' id='word_1_738' title='bbox 3338 3101 3446 3142; x_wconf 91' lang='lat' dir='ltr'><strong>non</strong></span> <span class='ocrx_word' id='word_1_739' title='bbox 3479 3087 3724 3158; x_wconf 81' lang='lat' dir='ltr'><strong>possint.</strong></span> <span class='ocrx_word' id='word_1_740' title='bbox 3754 3086 3829 3141; x_wconf 88' lang='lat' dir='ltr'><strong>ln-</strong></span> 
     </span>
    </p>
   </div>
   <div class='ocr_carea' id='block_1_79' title="bbox 2232 3176 3829 3251">
    <p class='ocr_par' dir='ltr' id='par_1_79' title="bbox 2232 3176 3829 3251">
     <span class='ocr_line' id='line_1_79' title="bbox 2232 3176 3829 3251; baseline 0.003 -21"><span class='ocrx_word' id='word_1_741' title='bbox 2232 3176 2419 3233; x_wconf 89' lang='lat' dir='ltr'><strong>venias</strong></span> <span class='ocrx_word' id='word_1_742' title='bbox 2451 3192 2664 3248; x_wconf 83' lang='lat' dir='ltr'><strong>quoque</strong></span> <span class='ocrx_word' id='word_1_743' title='bbox 2693 3192 2791 3248; x_wconf 81' lang='lat' dir='ltr'><strong>per</strong></span> <span class='ocrx_word' id='word_1_744' title='bbox 2820 3180 3218 3234; x_wconf 81' lang='lat' dir='ltr'><strong>connexionem</strong></span> <span class='ocrx_word' id='word_1_745' title='bbox 3246 3179 3683 3251; x_wconf 78' lang='lat' dir='ltr'><strong>propositiones,</strong></span> <span class='ocrx_word' id='word_1_746' title='bbox 3714 3194 3829 3249; x_wconf 71' lang='lat' dir='ltr'><strong>qu:</strong></span> 
     </span>
    </p>
   </div>
   <div class='ocr_carea' id='block_1_80' title="bbox 2232 3266 3827 3342">
    <p class='ocr_par' dir='ltr' id='par_1_80' title="bbox 2232 3266 3827 3342">
     <span class='ocr_line' id='line_1_80' title="bbox 2232 3266 3827 3342; baseline 0.003 -21"><span class='ocrx_word' id='word_1_747' title='bbox 2232 3266 2287 3322; x_wconf 90' lang='lat' dir='ltr'><strong>id</strong></span> <span class='ocrx_word' id='word_1_748' title='bbox 2319 3268 2539 3338; x_wconf 90' lang='lat' dir='ltr'><strong>intelligi</strong></span> <span class='ocrx_word' id='word_1_749' title='bbox 2574 3269 2783 3335; x_wconf 81' lang='lat' dir='ltr'><strong>volunt,</strong></span> <span class='ocrx_word' id='word_1_750' title='bbox 2818 3280 3002 3326; x_wconf 89' lang='lat' dir='ltr'><strong>utase</strong></span> <span class='ocrx_word' id='word_1_751' title='bbox 3034 3280 3305 3341; x_wconf 88' lang='lat' dir='ltr'><strong>nequeant</strong></span> <span class='ocrx_word' id='word_1_752' title='bbox 3330 3273 3601 3342; x_wconf 85' lang='lat' dir='ltr'><strong>separari,</strong></span> <span class='ocrx_word' id='word_1_753' title='bbox 3629 3284 3693 3326; x_wconf 88' lang='lat' dir='ltr'><strong>ut</strong></span> <span class='ocrx_word' id='word_1_754' title='bbox 3711 3288 3827 3328; x_wconf 85' lang='lat' dir='ltr'><strong>eum</strong></span> 
     </span>
    </p>
   </div>
   <div class='ocr_carea' id='block_1_81' title="bbox 2232 3359 3829 3434">
    <p class='ocr_par' dir='ltr' id='par_1_81' title="bbox 2232 3359 3829 3434">
     <span class='ocr_line' id='line_1_81' title="bbox 2232 3359 3829 3434; baseline 0.001 -20"><span class='ocrx_word' id='word_1_755' title='bbox 2232 3359 2305 3414; x_wconf 85' lang='lat' dir='ltr'><strong>ita</strong></span> <span class='ocrx_word' id='word_1_756' title='bbox 2337 3361 2706 3431; x_wconf 86' lang='lat' dir='ltr'><strong>proponimus,</strong></span> <span class='ocrx_word' id='word_1_757' title='bbox 2739 3362 2782 3416; x_wconf 90' lang='lat' dir='ltr'><strong>si</strong></span> <span class='ocrx_word' id='word_1_758' title='bbox 2810 3369 2895 3417; x_wconf 92' lang='lat' dir='ltr'><strong>est</strong></span> <span class='ocrx_word' id='word_1_759' title='bbox 2921 3378 2977 3429; x_wconf 88' lang='lat' dir='ltr'><strong>a,</strong></span> <span class='ocrx_word' id='word_1_760' title='bbox 3005 3372 3091 3417; x_wconf 91' lang='lat' dir='ltr'><strong>est</strong></span> <span class='ocrx_word' id='word_1_761' title='bbox 3116 3364 3167 3418; x_wconf 87' lang='lat' dir='ltr'><strong>b.</strong></span> <span class='ocrx_word' id='word_1_762' title='bbox 3193 3361 3246 3416; x_wconf 93' lang='lat' dir='ltr'><strong>ld</strong></span> <span class='ocrx_word' id='word_1_763' title='bbox 3271 3362 3529 3418; x_wconf 89' lang='lat' dir='ltr'><strong>nimirum</strong></span> <span class='ocrx_word' id='word_1_764' title='bbox 3554 3364 3679 3431; x_wconf 53' lang='lat' dir='ltr'><strong>haec</strong></span> <span class='ocrx_word' id='word_1_765' title='bbox 3709 3380 3829 3434; x_wconf 80' lang='lat' dir='ltr'><strong>pro-</strong></span> 
     </span>
    </p>
   </div>
   <div class='ocr_carea' id='block_1_82' title="bbox 2230 3454 3833 3527">
    <p class='ocr_par' dir='ltr' id='par_1_82' title="bbox 2230 3454 3833 3527">
     <span class='ocr_line' id='line_1_82' title="bbox 2230 3454 3833 3527; baseline 0.001 -20"><span class='ocrx_word' id='word_1_766' title='bbox 2230 3454 2431 3523; x_wconf 91' lang='lat' dir='ltr'><strong>positio</strong></span> <span class='ocrx_word' id='word_1_767' title='bbox 2461 3454 2727 3525; x_wconf 84' lang='lat' dir='ltr'><strong>intelligit,</strong></span> <span class='ocrx_word' id='word_1_768' title='bbox 2756 3454 2897 3524; x_wconf 90' lang='lat' dir='ltr'><strong>quod</strong></span> <span class='ocrx_word' id='word_1_769' title='bbox 2926 3454 2970 3511; x_wconf 89' lang='lat' dir='ltr'><strong>si</strong></span> <span class='ocrx_word' id='word_1_770' title='bbox 2999 3469 3123 3511; x_wconf 88' lang='lat' dir='ltr'><strong>esse</strong></span> <span class='ocrx_word' id='word_1_771' title='bbox 3143 3454 3377 3527; x_wconf 80' lang='lat' dir='ltr'><strong>potuerit</strong></span> <span class='ocrx_word' id='word_1_772' title='bbox 3402 3472 3459 3522; x_wconf 88' lang='lat' dir='ltr'><strong>a,</strong></span> <span class='ocrx_word' id='word_1_773' title='bbox 3479 3456 3678 3511; x_wconf 85' lang='lat' dir='ltr'><strong>statim</strong></span> <span class='ocrx_word' id='word_1_774' title='bbox 3708 3471 3833 3511; x_wconf 75' lang='lat' dir='ltr'><strong>con—</strong></span> 
     </span>
    </p>
   </div>
   <div class='ocr_carea' id='block_1_83' title="bbox 2230 3547 3826 3619">
    <p class='ocr_par' dir='ltr' id='par_1_83' title="bbox 2230 3547 3826 3619">
     <span class='ocr_line' id='line_1_83' title="bbox 2230 3547 3826 3619; baseline 0.003 -18"><span class='ocrx_word' id='word_1_775' title='bbox 2230 3547 2475 3615; x_wconf 90' lang='lat' dir='ltr'><strong>sequitur</strong></span> <span class='ocrx_word' id='word_1_776' title='bbox 2499 3556 2556 3602; x_wconf 91' lang='lat' dir='ltr'><strong>ut</strong></span> <span class='ocrx_word' id='word_1_777' title='bbox 2585 3547 2655 3603; x_wconf 89' lang='lat' dir='ltr'><strong>sit</strong></span> <span class='ocrx_word' id='word_1_778' title='bbox 2703 3548 2864 3603; x_wconf 88' lang='lat' dir='ltr'><strong>etiam</strong></span> <span class='ocrx_word' id='word_1_779' title='bbox 2917 3549 2966 3603; x_wconf 74' lang='grc' dir='ltr'><strong>ιν.</strong></span> <span class='ocrx_word' id='word_1_780' title='bbox 3013 3547 3165 3604; x_wconf 89' lang='lat' dir='ltr'><strong>Nulla</strong></span> <span class='ocrx_word' id='word_1_781' title='bbox 3218 3564 3349 3603; x_wconf 88' lang='lat' dir='ltr'><strong>vero</strong></span> <span class='ocrx_word' id='word_1_782' title='bbox 3398 3564 3592 3604; x_wconf 84' lang='lat' dir='ltr'><strong>earum</strong></span> <span class='ocrx_word' id='word_1_783' title='bbox 3621 3566 3749 3619; x_wconf 74' lang='lat' dir='ltr'><strong>qua:</strong></span> <span class='ocrx_word' id='word_1_784' title='bbox 3779 3553 3826 3605; x_wconf 85' lang='lat' dir='ltr'><strong>in</strong></span> 
     </span>
    </p>
   </div>
   <div class='ocr_carea' id='block_1_84' title="bbox 2230 3642 3831 3713">
    <p class='ocr_par' dir='ltr' id='par_1_84' title="bbox 2230 3642 3831 3713">
     <span class='ocr_line' id='line_1_84' title="bbox 2230 3642 3831 3713; baseline 0.001 -16"><span class='ocrx_word' id='word_1_785' title='bbox 2230 3642 2591 3712; x_wconf 77' lang='lat' dir='ltr'><strong>disiunctione</strong></span> <span class='ocrx_word' id='word_1_786' title='bbox 2639 3652 2765 3699; x_wconf 88' lang='lat' dir='ltr'><strong>sunt</strong></span> <span class='ocrx_word' id='word_1_787' title='bbox 2794 3644 2866 3698; x_wconf 91' lang='lat' dir='ltr'><strong>ita</strong></span> <span class='ocrx_word' id='word_1_788' title='bbox 2911 3644 3250 3713; x_wconf 85' lang='lat' dir='ltr'><strong>proponitur,</strong></span> <span class='ocrx_word' id='word_1_789' title='bbox 3283 3652 3342 3697; x_wconf 91' lang='lat' dir='ltr'><strong>ut</strong></span> <span class='ocrx_word' id='word_1_790' title='bbox 3385 3643 3548 3698; x_wconf 87' lang='lat' dir='ltr'><strong>simul</strong></span> <span class='ocrx_word' id='word_1_791' title='bbox 3590 3659 3722 3699; x_wconf 88' lang='lat' dir='ltr'><strong>esse</strong></span> <span class='ocrx_word' id='word_1_792' title='bbox 3752 3645 3831 3698; x_wconf 77' lang='lat' dir='ltr'><strong>vi-</strong></span> 
     </span>
    </p>
   </div>
   <div class='ocr_carea' id='block_1_85' title="bbox 2231 3720 3831 3801">
    <p class='ocr_par' dir='ltr' id='par_1_85' title="bbox 2231 3720 3831 3801">
     <span class='ocr_line' id='line_1_85' title="bbox 2231 3720 3831 3801; baseline 0.001 -13"><span class='ocrx_word' id='word_1_793' title='bbox 2231 3733 2480 3789; x_wconf 84' lang='lat' dir='ltr'><strong>deantur.</strong></span> <span class='ocrx_word' id='word_1_794' title='bbox 2510 3734 2644 3789; x_wconf 84' lang='lat' dir='ltr'><strong>Cum</strong></span> <span class='ocrx_word' id='word_1_795' title='bbox 2675 3735 2816 3789; x_wconf 89' lang='lat' dir='ltr'><strong>enim</strong></span> <span class='ocrx_word' id='word_1_796' title='bbox 2844 3734 3096 3799; x_wconf 87' lang='lat' dir='ltr'><strong>dicimus,</strong></span> <span class='ocrx_word' id='word_1_797' title='bbox 3121 3746 3213 3790; x_wconf 89' lang='lat' dir='ltr'><strong>aut</strong></span> <span class='ocrx_word' id='word_1_798' title='bbox 3242 3720 3325 3790; x_wconf 87' lang='lat' dir='ltr'><strong>est</strong></span> <span class='ocrx_word' id='word_1_799' title='bbox 3354 3752 3408 3801; x_wconf 87' lang='lat' dir='ltr'><strong>a,</strong></span> <span class='ocrx_word' id='word_1_800' title='bbox 3433 3746 3526 3791; x_wconf 82' lang='lat' dir='ltr'><strong>aut</strong></span> <span class='ocrx_word' id='word_1_801' title='bbox 3556 3740 3586 3789; x_wconf 67' lang='grc' dir='ltr'><strong>ὁ</strong></span> <span class='ocrx_word' id='word_1_802' title='bbox 3607 3746 3719 3801; x_wconf 79' lang='lat' dir='ltr'><strong>est,</strong></span> <span class='ocrx_word' id='word_1_803' title='bbox 3746 3746 3831 3791; x_wconf 84' lang='lat' dir='ltr'><strong>aut</strong></span> 
     </span>
    </p>
   </div>
   <div class='ocr_carea' id='block_1_86' title="bbox 2232 3827 3824 3901">
    <p class='ocr_par' dir='ltr' id='par_1_86' title="bbox 2232 3827 3824 3901">
     <span class='ocr_line' id='line_1_86' title="bbox 2232 3827 3824 3901; baseline 0.002 -19"><span class='ocrx_word' id='word_1_804' title='bbox 2232 3827 2449 3882; x_wconf 88' lang='lat' dir='ltr'><strong>easdem</strong></span> <span class='ocrx_word' id='word_1_805' title='bbox 2496 3828 2888 3897; x_wconf 60' lang='lat' dir='ltr'><strong>propositione:</strong></span> <span class='ocrx_word' id='word_1_806' title='bbox 2929 3827 3171 3898; x_wconf 89' lang='lat' dir='ltr'><strong>quolibet</strong></span> <span class='ocrx_word' id='word_1_807' title='bbox 3199 3829 3304 3884; x_wconf 85' lang='lat' dir='ltr'><strong>alio</strong></span> <span class='ocrx_word' id='word_1_808' title='bbox 3332 3830 3492 3884; x_wconf 79' lang='lat' dir='ltr'><strong>modo</strong></span> <span class='ocrx_word' id='word_1_809' title='bbox 3524 3832 3824 3901; x_wconf 82' lang='lat' dir='ltr'><strong>variamus,</strong></span> 
     </span>
    </p>
   </div>
   <div class='ocr_carea' id='block_1_87' title="bbox 2232 3919 3828 3994">
    <p class='ocr_par' dir='ltr' id='par_1_87' title="bbox 2232 3919 3828 3994">
     <span class='ocr_line' id='line_1_87' title="bbox 2232 3919 3828 3994; baseline 0.004 -21"><span class='ocrx_word' id='word_1_810' title='bbox 2232 3919 2288 3974; x_wconf 90' lang='lat' dir='ltr'><strong>id</strong></span> <span class='ocrx_word' id='word_1_811' title='bbox 2328 3929 2421 3975; x_wconf 86' lang='lat' dir='ltr'><strong>aut</strong></span> <span class='ocrx_word' id='word_1_812' title='bbox 2446 3920 2755 3989; x_wconf 77' lang='lat' dir='ltr'><strong>coniunctio</strong></span> <span class='ocrx_word' id='word_1_813' title='bbox 2782 3936 2903 3991; x_wconf 63' lang='lat' dir='ltr'><strong>quae</strong></span> <span class='ocrx_word' id='word_1_814' title='bbox 2931 3921 3252 3993; x_wconf 73' lang='lat' dir='ltr'><strong>disiunctiva</strong></span> <span class='ocrx_word' id='word_1_815' title='bbox 3281 3924 3518 3994; x_wconf 86' lang='lat' dir='ltr'><strong>ponitur,</strong></span> <span class='ocrx_word' id='word_1_816' title='bbox 3552 3927 3727 3980; x_wconf 86' lang='lat' dir='ltr'><strong>sentit</strong></span> <span class='ocrx_word' id='word_1_817' title='bbox 3755 3927 3828 3981; x_wconf 84' lang='lat' dir='ltr'><strong>si-</strong></span> 
     </span>
    </p>
   </div>
   <div class='ocr_carea' id='block_1_88' title="bbox 2232 4012 3831 4087">
    <p class='ocr_par' dir='ltr' id='par_1_88' title="bbox 2232 4012 3831 4087">
     <span class='ocr_line' id='line_1_88' title="bbox 2232 4012 3831 4087; baseline 0.004 -20"><span class='ocrx_word' id='word_1_818' title='bbox 2232 4012 2347 4067; x_wconf 90' lang='lat' dir='ltr'><strong>mul</strong></span> <span class='ocrx_word' id='word_1_819' title='bbox 2390 4028 2482 4069; x_wconf 91' lang='lat' dir='ltr'><strong>eas</strong></span> <span class='ocrx_word' id='word_1_820' title='bbox 2512 4026 2634 4069; x_wconf 87' lang='lat' dir='ltr'><strong>esse</strong></span> <span class='ocrx_word' id='word_1_821' title='bbox 2664 4030 2768 4068; x_wconf 90' lang='lat' dir='ltr'><strong>non</strong></span> <span class='ocrx_word' id='word_1_822' title='bbox 2801 4029 2981 4084; x_wconf 85' lang='lat' dir='ltr'><strong>posse.</strong></span> <span class='ocrx_word' id='word_1_823' title='bbox 3018 4016 3085 4071; x_wconf 86' lang='lat' dir='ltr'><strong>Et</strong></span> <span class='ocrx_word' id='word_1_824' title='bbox 3127 4033 3247 4071; x_wconf 89' lang='lat' dir='ltr'><strong>cum</strong></span> <span class='ocrx_word' id='word_1_825' title='bbox 3282 4017 3386 4072; x_wconf 90' lang='lat' dir='ltr'><strong>late</strong></span> <span class='ocrx_word' id='word_1_826' title='bbox 3414 4032 3604 4073; x_wconf 83' lang='lat' dir='ltr'><strong>earnm</strong></span> <span class='ocrx_word' id='word_1_827' title='bbox 3654 4029 3831 4087; x_wconf 77' lang='lat' dir='ltr'><strong>pateat</strong></span> 
     </span>
    </p>
   </div>
   <div class='ocr_carea' id='block_1_89' title="bbox 2233 4104 3828 4182">
    <p class='ocr_par' dir='ltr' id='par_1_89' title="bbox 2233 4104 3828 4182">
     <span class='ocr_line' id='line_1_89' title="bbox 2233 4104 3828 4182; baseline 0.006 -23"><span class='ocrx_word' id='word_1_828' title='bbox 2233 4104 2537 4161; x_wconf 85' lang='lat' dir='ltr'><strong>dill&#39;erentia</strong></span> <span class='ocrx_word' id='word_1_829' title='bbox 2556 4148 2573 4174; x_wconf 92' lang='lat'><strong>,</strong></span> <span class='ocrx_word' id='word_1_830' title='bbox 2606 4106 2811 4163; x_wconf 75' lang='lat' dir='ltr'><strong>ideirco</strong></span> <span class='ocrx_word' id='word_1_831' title='bbox 2838 4124 2978 4164; x_wconf 92' lang='lat' dir='ltr'><strong>nunc</strong></span> <span class='ocrx_word' id='word_1_832' title='bbox 3007 4108 3076 4165; x_wconf 90' lang='lat' dir='ltr'><strong>de</strong></span> <span class='ocrx_word' id='word_1_833' title='bbox 3104 4109 3309 4166; x_wconf 88' lang='lat' dir='ltr'><strong>eisdem</strong></span> <span class='ocrx_word' id='word_1_834' title='bbox 3337 4125 3506 4181; x_wconf 87' lang='lat' dir='ltr'><strong>pauca</strong></span> <span class='ocrx_word' id='word_1_835' title='bbox 3540 4114 3828 4182; x_wconf 75' lang='lat' dir='ltr'><strong>subjunxi—</strong></span> 
     </span>
    </p>
   </div>
   <div class='ocr_carea' id='block_1_90' title="bbox 2231 4201 3829 4279">
    <p class='ocr_par' dir='ltr' id='par_1_90' title="bbox 2231 4201 3829 4279">
     <span class='ocr_line' id='line_1_90' title="bbox 2231 4201 3829 4279; baseline 0.006 -25"><span class='ocrx_word' id='word_1_836' title='bbox 2231 4212 2374 4264; x_wconf 88' lang='lat' dir='ltr'><strong>mus,</strong></span> <span class='ocrx_word' id='word_1_837' title='bbox 2419 4201 2668 4271; x_wconf 85' lang='lat' dir='ltr'><strong>quoniam</strong></span> <span class='ocrx_word' id='word_1_838' title='bbox 2700 4202 2919 4279; x_wconf 88' lang='lat' dir='ltr'><strong>totidem</strong></span> <span class='ocrx_word' id='word_1_839' title='bbox 2950 4203 3291 4275; x_wconf 81' lang='lat' dir='ltr'><strong>syllogismos</strong></span> <span class='ocrx_word' id='word_1_840' title='bbox 3332 4204 3448 4260; x_wconf 80' lang='lat' dir='ltr'><strong>ﬁeri</strong></span> <span class='ocrx_word' id='word_1_841' title='bbox 3512 4206 3829 4263; x_wconf 84' lang='lat' dir='ltr'><strong>dicebamus</strong></span> 
     </span>
    </p>
   </div>
   <div class='ocr_carea' id='block_1_91' title="bbox 2229 4284 3827 4367">
    <p class='ocr_par' dir='ltr' id='par_1_91' title="bbox 2229 4284 3827 4367">
     <span class='ocr_line' id='line_1_91' title="bbox 2229 4284 3827 4367; baseline 0.006 -23"><span class='ocrx_word' id='word_1_842' title='bbox 2229 4289 2287 4344; x_wconf 85' lang='lat' dir='ltr'><strong>in</strong></span> <span class='ocrx_word' id='word_1_843' title='bbox 2331 4289 2414 4344; x_wconf 91' lang='lat' dir='ltr'><strong>his</strong></span> <span class='ocrx_word' id='word_1_844' title='bbox 2465 4284 2919 4361; x_wconf 65' lang='lat' dir='ltr'><strong>prepositionibus</strong></span> <span class='ocrx_word' id='word_1_845' title='bbox 2962 4310 3083 4366; x_wconf 76' lang='lat' dir='ltr'><strong>qua:</strong></span> <span class='ocrx_word' id='word_1_846' title='bbox 3123 4311 3221 4366; x_wconf 89' lang='lat' dir='ltr'><strong>per</strong></span> <span class='ocrx_word' id='word_1_847' title='bbox 3266 4296 3700 4367; x_wconf 71' lang='lat' dir='ltr'><strong>disiunctionem</strong></span> <span class='ocrx_word' id='word_1_848' title='bbox 3735 4300 3827 4354; x_wconf 83' lang='lat' dir='ltr'><strong>lie-</strong></span> 
     </span>
    </p>
   </div>
   <div class='ocr_carea' id='block_1_92' title="bbox 2238 4376 3823 4461">
    <p class='ocr_par' dir='ltr' id='par_1_92' title="bbox 2238 4376 3823 4461">
     <span class='ocr_line' id='line_1_92' title="bbox 2238 4376 3823 4461; baseline 0.007 -26"><span class='ocrx_word' id='word_1_849' title='bbox 2238 4392 2359 4436; x_wconf 88' lang='lat' dir='ltr'><strong>rent</strong></span> <span class='ocrx_word' id='word_1_850' title='bbox 2401 4390 2531 4451; x_wconf 87' lang='lat' dir='ltr'><strong>quot</strong></span> <span class='ocrx_word' id='word_1_851' title='bbox 2558 4384 2720 4439; x_wconf 85' lang='lat' dir='ltr'><strong>etiam</strong></span> <span class='ocrx_word' id='word_1_852' title='bbox 2768 4376 2989 4441; x_wconf 71' lang='lat' dir='ltr'><strong>ﬁlerunt</strong></span> <span class='ocrx_word' id='word_1_853' title='bbox 3034 4387 3087 4441; x_wconf 91' lang='lat' dir='ltr'><strong>in</strong></span> <span class='ocrx_word' id='word_1_854' title='bbox 3132 4389 3415 4443; x_wconf 79' lang='lat' dir='ltr'><strong>connexis.</strong></span> <span class='ocrx_word' id='word_1_855' title='bbox 3451 4388 3518 4444; x_wconf 84' lang='lat' dir='ltr'><strong>Et</strong></span> <span class='ocrx_word' id='word_1_856' title='bbox 3563 4392 3823 4461; x_wconf 81' lang='lat' dir='ltr'><strong>quoniam</strong></span> 
     </span>
    </p>
   </div>
   <div class='ocr_carea' id='block_1_93' title="bbox 2230 4475 3827 4553">
    <p class='ocr_par' dir='ltr' id='par_1_93' title="bbox 2230 4475 3827 4553">
     <span class='ocr_line' id='line_1_93' title="bbox 2230 4475 3827 4553; baseline 0.006 -25"><span class='ocrx_word' id='word_1_857' title='bbox 2230 4475 2300 4529; x_wconf 91' lang='lat' dir='ltr'><strong>de</strong></span> <span class='ocrx_word' id='word_1_858' title='bbox 2326 4477 2573 4531; x_wconf 88' lang='lat' dir='ltr'><strong>omnibus</strong></span> <span class='ocrx_word' id='word_1_859' title='bbox 2598 4477 2692 4546; x_wconf 90' lang='lat' dir='ltr'><strong>qui</strong></span> <span class='ocrx_word' id='word_1_860' title='bbox 2719 4492 2934 4548; x_wconf 80' lang='lat' dir='ltr'><strong>quoque</strong></span> <span class='ocrx_word' id='word_1_861' title='bbox 2962 4478 3123 4535; x_wconf 91' lang='lat' dir='ltr'><strong>modo</strong></span> <span class='ocrx_word' id='word_1_862' title='bbox 3148 4481 3357 4549; x_wconf 87' lang='lat' dir='ltr'><strong>possint</strong></span> <span class='ocrx_word' id='word_1_863' title='bbox 3387 4480 3507 4536; x_wconf 83' lang='lat' dir='ltr'><strong>ﬂeri</strong></span> <span class='ocrx_word' id='word_1_864' title='bbox 3555 4483 3827 4553; x_wconf 79' lang='lat' dir='ltr'><strong>hypothe-</strong></span> 
     </span>
    </p>
   </div>
   <div class='ocr_carea' id='block_1_94' title="bbox 2231 4567 3831 4645">
    <p class='ocr_par' dir='ltr' id='par_1_94' title="bbox 2231 4567 3831 4645">
     <span class='ocr_line' id='line_1_94' title="bbox 2231 4567 3831 4645; baseline 0.006 -24"><span class='ocrx_word' id='word_1_865' title='bbox 2231 4567 2355 4623; x_wconf 84' lang='lat' dir='ltr'><strong>tieis</strong></span> <span class='ocrx_word' id='word_1_866' title='bbox 2380 4569 2711 4639; x_wconf 85' lang='lat' dir='ltr'><strong>syllogismis</strong></span> <span class='ocrx_word' id='word_1_867' title='bbox 2740 4569 3073 4627; x_wconf 70' lang='lat' dir='ltr'><strong>sufﬁcienter</strong></span> <span class='ocrx_word' id='word_1_868' title='bbox 3112 4571 3316 4627; x_wconf 85' lang='lat' dir='ltr'><strong>dictum</strong></span> <span class='ocrx_word' id='word_1_869' title='bbox 3358 4580 3465 4628; x_wconf 89' lang='lat' dir='ltr'><strong>est.</strong></span> <span class='ocrx_word' id='word_1_870' title='bbox 3499 4571 3605 4629; x_wconf 78' lang='lat' dir='ltr'><strong>Hic</strong></span> <span class='ocrx_word' id='word_1_871' title='bbox 3644 4576 3831 4645; x_wconf 86' lang='lat' dir='ltr'><strong>operis</strong></span> 
     </span>
    </p>
   </div>
   <div class='ocr_carea' id='block_1_95' title="bbox 2232 4657 3021 4733">
    <p class='ocr_par' dir='ltr' id='par_1_95' title="bbox 2232 4657 3021 4733">
     <span class='ocr_line' id='line_1_95' title="bbox 2232 4657 3021 4733; baseline 0.008 -21"><span class='ocrx_word' id='word_1_872' title='bbox 2232 4657 2620 4733; x_wconf 82' lang='lat' dir='ltr'><strong>longitudinem</strong></span> <span class='ocrx_word' id='word_1_873' title='bbox 2648 4661 3021 4718; x_wconf 85' lang='lat' dir='ltr'><strong>terminemus.</strong></span> 
     </span>
    </p>
   </div>
   <div class='ocr_carea' id='block_1_96' title="bbox 539 4769 3818 4825">
    <p class='ocr_par' dir='ltr' id='par_1_96' title="bbox 539 4769 3818 4825">
     <span class='ocr_line' id='line_1_96' title="bbox 539 4769 3818 4825; baseline 0.002 -28"><span class='ocrx_word' id='word_1_874' title='bbox 539 4769 3818 4825; x_wconf 73' lang='lat'><strong>._____._____.____________________________</strong></span> 
     </span>
    </p>
   </div>
   <div class='ocr_carea' id='block_1_97' title="bbox 1231 4913 3119 5032">
    <p class='ocr_par' dir='ltr' id='par_1_97' title="bbox 1231 4913 3119 5032">
     <span class='ocr_line' id='line_1_97' title="bbox 1231 4913 3119 5032; baseline 0.007 -13"><span class='ocrx_word' id='word_1_875' title='bbox 1231 4913 1493 5019; x_wconf 85' lang='grc' dir='ltr'><strong>ΑΝ.</strong></span> <span class='ocrx_word' id='word_1_876' title='bbox 1562 4916 2044 5024; x_wconf 77' lang='lat' dir='ltr'><strong>MANL.</strong></span> <span class='ocrx_word' id='word_1_877' title='bbox 2110 4921 2474 5029; x_wconf 87' lang='lat' dir='ltr'><strong>SEV.</strong></span> <span class='ocrx_word' id='word_1_878' title='bbox 2549 4924 3119 5032; x_wconf 85' lang='lat' dir='ltr'><strong>BOETII</strong></span> 
     </span>
    </p>
   </div>
   <div class='ocr_carea' id='block_1_98' title="bbox 1403 5102 2949 5281">
    <p class='ocr_par' dir='ltr' id='par_1_98' title="bbox 1403 5102 2949 5281">
     <span class='ocr_line' id='line_1_98' title="bbox 1403 5102 2949 5281; baseline 0.007 -13"><span class='ocrx_word' id='word_1_879' title='bbox 1403 5102 1809 5272; x_wconf 86' lang='lat' dir='ltr'><strong>LIBER</strong></span> <span class='ocrx_word' id='word_1_880' title='bbox 1900 5162 2079 5273; x_wconf 91' lang='lat' dir='ltr'><strong>DE</strong></span> <span class='ocrx_word' id='word_1_881' title='bbox 2169 5164 2949 5281; x_wconf 85' lang='lat' dir='ltr'><strong>DIVISIONE.</strong></span> 
     </span>
    </p>
   </div>
   <div class='ocr_carea' id='block_1_99' title="bbox 599 5426 3827 5511">
    <p class='ocr_par' dir='ltr' id='par_1_99' title="bbox 599 5426 3827 5511">
     <span class='ocr_line' id='line_1_99' title="bbox 599 5426 3827 5511; baseline 0.007 -31"><span class='ocrx_word' id='word_1_882' title='bbox 599 5426 767 5500; x_wconf 81' lang='lat' dir='ltr'><strong>Quam</strong></span> <span class='ocrx_word' id='word_1_883' title='bbox 814 5442 1037 5501; x_wconf 82' lang='lat' dir='ltr'><strong>magnos</strong></span> <span class='ocrx_word' id='word_1_884' title='bbox 1081 5427 1332 5485; x_wconf 88' lang='lat' dir='ltr'><strong>studiosis</strong></span> <span class='ocrx_word' id='word_1_885' title='bbox 1380 5427 1567 5485; x_wconf 86' lang='lat' dir='ltr'><strong>all&#39;erat</strong></span> <span class='ocrx_word' id='word_1_886' title='bbox 1620 5431 1825 5489; x_wconf 80' lang='lat' dir='ltr'><strong>fructus</strong></span> <span class='ocrx_word' id='word_1_887' title='bbox 1885 5435 2112 5491; x_wconf 88' lang='lat' dir='ltr'><strong>scientia</strong></span> <span class='ocrx_word' id='word_1_888' title='bbox 2144 5434 2200 5496; x_wconf 91' lang='lat' dir='ltr'><strong><em>D</em></strong></span> <span class='ocrx_word' id='word_1_889' title='bbox 2226 5435 2501 5505; x_wconf 87' lang='lat' dir='ltr'><strong>probatus,</strong></span> <span class='ocrx_word' id='word_1_890' title='bbox 2526 5433 2659 5491; x_wconf 86' lang='lat' dir='ltr'><strong>etin</strong></span> <span class='ocrx_word' id='word_1_891' title='bbox 2691 5435 2809 5491; x_wconf 90' lang='lat' dir='ltr'><strong>libri</strong></span> <span class='ocrx_word' id='word_1_892' title='bbox 2840 5435 3098 5505; x_wconf 85' lang='lat' dir='ltr'><strong>Platonis,</strong></span> <span class='ocrx_word' id='word_1_893' title='bbox 3121 5440 3208 5509; x_wconf 91' lang='lat' dir='ltr'><strong>qui</strong></span> <span class='ocrx_word' id='word_1_894' title='bbox 3250 5439 3536 5511; x_wconf 81' lang='lat' dir='ltr'><strong>Sophistes</strong></span> <span class='ocrx_word' id='word_1_895' title='bbox 3564 5443 3827 5504; x_wconf 87' lang='lat' dir='ltr'><strong>inscribi-</strong></span> 
     </span>
    </p>
   </div>
   <div class='ocr_carea' id='block_1_100' title="bbox 525 5520 2105 5599">
    <p class='ocr_par' dir='ltr' id='par_1_100' title="bbox 525 5520 2105 5599">
     <span class='ocr_line' id='line_1_100' title="bbox 525 5520 2105 5599; baseline 0.001 -20"><span class='ocrx_word' id='word_1_896' title='bbox 525 5520 817 5589; x_wconf 74' lang='lat' dir='ltr'><strong>diviilendi,</strong></span> <span class='ocrx_word' id='word_1_897' title='bbox 844 5538 1109 5594; x_wconf 86' lang='lat' dir='ltr'><strong>quamque</strong></span> <span class='ocrx_word' id='word_1_898' title='bbox 1138 5522 1275 5592; x_wconf 89' lang='lat' dir='ltr'><strong>apud</strong></span> <span class='ocrx_word' id='word_1_899' title='bbox 1299 5523 1705 5593; x_wconf 89' lang='lat' dir='ltr'><strong>peripateticam</strong></span> <span class='ocrx_word' id='word_1_900' title='bbox 1737 5523 2105 5599; x_wconf 80' lang='lat' dir='ltr'><strong>disciplinam,</strong></span> 
     </span>
    </p>
   </div>
   <div class='ocr_carea' id='block_1_101' title="bbox 528 5616 2101 5687">
    <p class='ocr_par' dir='ltr' id='par_1_101' title="bbox 528 5616 2101 5687">
     <span class='ocr_line' id='line_1_101' title="bbox 528 5616 2101 5687; baseline 0.003 -16"><span class='ocrx_word' id='word_1_901' title='bbox 528 5628 742 5687; x_wconf 83' lang='lat' dir='ltr'><strong>semper</strong></span> <span class='ocrx_word' id='word_1_902' title='bbox 769 5616 883 5672; x_wconf 67' lang='lat' dir='ltr'><strong>haec</strong></span> <span class='ocrx_word' id='word_1_903' title='bbox 910 5616 1064 5672; x_wconf 78' lang='lat' dir='ltr'><strong>fuerit</strong></span> <span class='ocrx_word' id='word_1_904' title='bbox 1086 5617 1138 5671; x_wconf 92' lang='lat' dir='ltr'><strong>in</strong></span> <span class='ocrx_word' id='word_1_905' title='bbox 1166 5617 1373 5671; x_wconf 85' lang='lat' dir='ltr'><strong>honore</strong></span> <span class='ocrx_word' id='word_1_906' title='bbox 1402 5617 1611 5683; x_wconf 79' lang='lat' dir='ltr'><strong>notitia,</strong></span> <span class='ocrx_word' id='word_1_907' title='bbox 1635 5616 1793 5673; x_wconf 91' lang='lat' dir='ltr'><strong>docet</strong></span> <span class='ocrx_word' id='word_1_908' title='bbox 1820 5628 1877 5675; x_wconf 93' lang='lat' dir='ltr'><strong>et</strong></span> <span class='ocrx_word' id='word_1_909' title='bbox 1898 5620 2101 5675; x_wconf 56' lang='lat' dir='ltr'><strong>Andro.</strong></span> 
     </span>
    </p>
   </div>
   <div class='ocr_carea' id='block_1_102' title="bbox 527 5708 2094 5781">
    <p class='ocr_par' dir='ltr' id='par_1_102' title="bbox 527 5708 2094 5781">
     <span class='ocr_line' id='line_1_102' title="bbox 527 5708 2094 5781; baseline 0.001 -15"><span class='ocrx_word' id='word_1_910' title='bbox 527 5708 657 5775; x_wconf 77' lang='lat' dir='ltr'><strong>uici,</strong></span> <span class='ocrx_word' id='word_1_911' title='bbox 704 5708 1092 5778; x_wconf 89' lang='lat' dir='ltr'><strong>diligentissimi</strong></span> <span class='ocrx_word' id='word_1_912' title='bbox 1134 5709 1297 5776; x_wconf 90' lang='lat' dir='ltr'><strong>senis,</strong></span> <span class='ocrx_word' id='word_1_913' title='bbox 1325 5709 1394 5764; x_wconf 90' lang='lat' dir='ltr'><strong>de</strong></span> <span class='ocrx_word' id='word_1_914' title='bbox 1424 5709 1695 5767; x_wconf 86' lang='lat' dir='ltr'><strong>divisione</strong></span> <span class='ocrx_word' id='word_1_915' title='bbox 1725 5712 1862 5769; x_wconf 89' lang='lat' dir='ltr'><strong>liber</strong></span> <span class='ocrx_word' id='word_1_916' title='bbox 1892 5712 2094 5781; x_wconf 88' lang='lat' dir='ltr'><strong>editus,</strong></span> 
     </span>
    </p>
   </div>
   <div class='ocr_carea' id='block_1_103' title="bbox 528 5798 2107 5876">
    <p class='ocr_par' dir='ltr' id='par_1_103' title="bbox 528 5798 2107 5876">
     <span class='ocr_line' id='line_1_103' title="bbox 528 5798 2107 5876; baseline 0.003 -17"><span class='ocrx_word' id='word_1_917' title='bbox 528 5806 588 5859; x_wconf 69' lang='lat' dir='ltr'><strong>et</strong></span> <span class='ocrx_word' id='word_1_918' title='bbox 614 5798 703 5856; x_wconf 80' lang='lat' dir='ltr'><strong>hic</strong></span> <span class='ocrx_word' id='word_1_919' title='bbox 744 5798 885 5855; x_wconf 87' lang='lat' dir='ltr'><strong>idem</strong></span> <span class='ocrx_word' id='word_1_920' title='bbox 927 5815 960 5857; x_wconf 92' lang='lat' dir='ltr'><strong>a</strong></span> <span class='ocrx_word' id='word_1_921' title='bbox 1003 5801 1213 5857; x_wconf 78' lang='lat' dir='ltr'><strong>Plotina</strong></span> <span class='ocrx_word' id='word_1_922' title='bbox 1241 5800 1554 5872; x_wconf 79' lang='lat' dir='ltr'><strong>gravissimo</strong></span> <span class='ocrx_word' id='word_1_923' title='bbox 1584 5803 1913 5876; x_wconf 84' lang='lat' dir='ltr'><strong>philosopho</strong></span> <span class='ocrx_word' id='word_1_924' title='bbox 1954 5818 2107 5863; x_wconf 83' lang='lat' dir='ltr'><strong>com-</strong></span> 
     </span>
    </p>
   </div>
   <div class='ocr_carea' id='block_1_104' title="bbox 2231 5530 3827 5605">
    <p class='ocr_par' dir='ltr' id='par_1_104' title="bbox 2231 5530 3827 5605">
     <span class='ocr_line' id='line_1_104' title="bbox 2231 5530 3827 5605; baseline 0.007 -20"><span class='ocrx_word' id='word_1_925' title='bbox 2231 5538 2340 5599; x_wconf 90' lang='lat' dir='ltr'><strong>tur,</strong></span> <span class='ocrx_word' id='word_1_926' title='bbox 2371 5531 2778 5586; x_wconf 75' lang='lat' dir='ltr'><strong>commentariis</strong></span> <span class='ocrx_word' id='word_1_927' title='bbox 2805 5546 2833 5585; x_wconf 88' lang='lat' dir='ltr'><strong>a</strong></span> <span class='ocrx_word' id='word_1_928' title='bbox 2864 5530 3163 5605; x_wconf 81' lang='lat' dir='ltr'><strong>Porphyrio</strong></span> <span class='ocrx_word' id='word_1_929' title='bbox 3206 5536 3490 5605; x_wconf 88' lang='lat' dir='ltr'><strong>repetitus,</strong></span> <span class='ocrx_word' id='word_1_930' title='bbox 3517 5549 3576 5599; x_wconf 82' lang='lat' dir='ltr'><strong>et</strong></span> <span class='ocrx_word' id='word_1_931' title='bbox 3617 5540 3689 5595; x_wconf 87' lang='lat' dir='ltr'><strong>ab</strong></span> <span class='ocrx_word' id='word_1_932' title='bbox 3732 5554 3827 5595; x_wconf 82' lang='lat' dir='ltr'><strong>eo-</strong></span> 
     </span>
    </p>
   </div>
   <div class='ocr_carea' id='block_1_105' title="bbox 2228 5620 3825 5701">
    <p class='ocr_par' dir='ltr' id='par_1_105' title="bbox 2228 5620 3825 5701">
     <span class='ocr_line' id='line_1_105' title="bbox 2228 5620 3825 5701; baseline 0.006 -24"><span class='ocrx_word' id='word_1_933' title='bbox 2228 5620 2351 5677; x_wconf 90' lang='lat' dir='ltr'><strong>dem</strong></span> <span class='ocrx_word' id='word_1_934' title='bbox 2386 5638 2483 5691; x_wconf 89' lang='lat' dir='ltr'><strong>per</strong></span> <span class='ocrx_word' id='word_1_935' title='bbox 2513 5622 2669 5687; x_wconf 84' lang='lat' dir='ltr'><strong>hanc,</strong></span> <span class='ocrx_word' id='word_1_936' title='bbox 2705 5624 3117 5683; x_wconf 79' lang='lat' dir='ltr'><strong>introductiOuis</strong></span> <span class='ocrx_word' id='word_1_937' title='bbox 3144 5626 3355 5684; x_wconf 86' lang='lat' dir='ltr'><strong>laudata</strong></span> <span class='ocrx_word' id='word_1_938' title='bbox 3402 5631 3455 5684; x_wconf 91' lang='lat' dir='ltr'><strong>in</strong></span> <span class='ocrx_word' id='word_1_939' title='bbox 3504 5629 3825 5701; x_wconf 67' lang='lat' dir='ltr'><strong>Categorias</strong></span> 
     </span>
    </p>
   </div>
   <div class='ocr_carea' id='block_1_106' title="bbox 2224 5714 3824 5795">
    <p class='ocr_par' dir='ltr' id='par_1_106' title="bbox 2224 5714 3824 5795">
     <span class='ocr_line' id='line_1_106' title="bbox 2224 5714 3824 5795; baseline 0.007 -26"><span class='ocrx_word' id='word_1_940' title='bbox 2224 5714 2447 5770; x_wconf 90' lang='lat' dir='ltr'><strong>utilitas.</strong></span> <span class='ocrx_word' id='word_1_941' title='bbox 2479 5714 2619 5772; x_wconf 89' lang='lat' dir='ltr'><strong>Dicit</strong></span> <span class='ocrx_word' id='word_1_942' title='bbox 2643 5717 2785 5773; x_wconf 89' lang='lat' dir='ltr'><strong>enim</strong></span> <span class='ocrx_word' id='word_1_943' title='bbox 2808 5718 2923 5774; x_wconf 85' lang='lat' dir='ltr'><strong>lore</strong></span> <span class='ocrx_word' id='word_1_944' title='bbox 2948 5722 3308 5778; x_wconf 79' lang='lat' dir='ltr'><strong>necessariam</strong></span> <span class='ocrx_word' id='word_1_945' title='bbox 3328 5724 3567 5794; x_wconf 76' lang='lat' dir='ltr'><strong>generis,</strong></span> <span class='ocrx_word' id='word_1_946' title='bbox 3593 5724 3824 5795; x_wconf 81' lang='lat' dir='ltr'><strong>speciei,</strong></span> 
     </span>
    </p>
   </div>
   <div class='ocr_carea' id='block_1_107' title="bbox 2220 5806 3823 5888">
    <p class='ocr_par' dir='ltr' id='par_1_107' title="bbox 2220 5806 3823 5888">
     <span class='ocr_line' id='line_1_107' title="bbox 2220 5806 3823 5888; baseline 0.007 -24"><span class='ocrx_word' id='word_1_947' title='bbox 2220 5806 2542 5867; x_wconf 80' lang='lat' dir='ltr'><strong>ditl‘erentiae</strong></span> <span class='ocrx_word' id='word_1_948' title='bbox 2597 5810 2836 5882; x_wconf 82' lang='lat' dir='ltr'><strong>pr0prii,</strong></span> <span class='ocrx_word' id='word_1_949' title='bbox 2889 5812 3288 5887; x_wconf 77' lang='lat' dir='ltr'><strong>occidentisque</strong></span> <span class='ocrx_word' id='word_1_950' title='bbox 3338 5818 3637 5888; x_wconf 81' lang='lat' dir='ltr'><strong>peritiam,</strong></span> <span class='ocrx_word' id='word_1_951' title='bbox 3692 5832 3823 5876; x_wconf 73' lang='lat' dir='ltr'><strong>eum</strong></span> 
     </span>
    </p>
   </div>
  </div>
