  <div class='ocr_page' id='page_1' title='image "/cluster/home/n/w/nwhite01/storage/ocr_20150623/64/hvd.32044024222309/446.png"; bbox 0 0 4056 6330; ppageno 0'>
   <div class='ocr_carea' id='block_1_1' title="bbox 265 331 366 388">
    <p class='ocr_par' dir='ltr' id='par_1_1' title="bbox 265 331 366 388">
     <span class='ocr_line' id='line_1_1' title="bbox 265 331 366 388; baseline 0 0"><span class='ocrx_word' id='word_1_1' title='bbox 265 331 366 388; x_wconf 82' lang='grc'><strong>877</strong></span> 
     </span>
    </p>
   </div>
   <div class='ocr_carea' id='block_1_2' title="bbox 1525 326 2255 384">
    <p class='ocr_par' dir='ltr' id='par_1_2' title="bbox 1525 326 2255 384">
     <span class='ocr_line' id='line_1_2' title="bbox 1525 326 2255 384; baseline -0.007 0"><span class='ocrx_word' id='word_1_2' title='bbox 1525 329 1724 384; x_wconf 80' lang='lat' dir='ltr'><strong>LIBER</strong></span> <span class='ocrx_word' id='word_1_3' title='bbox 1764 326 1854 382; x_wconf 86' lang='lat' dir='ltr'><strong>DE</strong></span> <span class='ocrx_word' id='word_1_4' title='bbox 1900 326 2255 382; x_wconf 73' lang='lat' dir='ltr'><strong>DIVISIONE.</strong></span> 
     </span>
    </p>
   </div>
   <div class='ocr_carea' id='block_1_3' title="bbox 3417 333 3524 392">
    <p class='ocr_par' dir='ltr' id='par_1_3' title="bbox 3417 333 3524 392">
     <span class='ocr_line' id='line_1_3' title="bbox 3417 333 3524 392; baseline -0.009 0"><span class='ocrx_word' id='word_1_5' title='bbox 3417 333 3524 392; x_wconf 80' lang='lat'><strong>878</strong></span> 
     </span>
    </p>
   </div>
   <div class='ocr_carea' id='block_1_4' title="bbox 261 439 3519 522">
    <p class='ocr_par' dir='ltr' id='par_1_4' title="bbox 261 439 3519 522">
     <span class='ocr_line' id='line_1_4' title="bbox 261 439 3519 522; baseline 0.001 -17"><span class='ocrx_word' id='word_1_6' title='bbox 261 458 483 522; x_wconf 82' lang='lat' dir='ltr'><strong>propter</strong></span> <span class='ocrx_word' id='word_1_7' title='bbox 511 448 613 504; x_wconf 89' lang='lat' dir='ltr'><strong>alia</strong></span> <span class='ocrx_word' id='word_1_8' title='bbox 643 448 829 513; x_wconf 90' lang='lat' dir='ltr'><strong>multa,</strong></span> <span class='ocrx_word' id='word_1_9' title='bbox 863 441 972 502; x_wconf 76' lang='lat' dir='ltr'><strong>tum</strong></span> <span class='ocrx_word' id='word_1_10' title='bbox 1005 455 1222 518; x_wconf 81' lang='lat' dir='ltr'><strong>propter</strong></span> <span class='ocrx_word' id='word_1_11' title='bbox 1253 446 1534 501; x_wconf 85' lang='lat' dir='ltr'><strong>utilitatem</strong></span> <span class='ocrx_word' id='word_1_12' title='bbox 1577 458 1694 513; x_wconf 67' lang='lat' dir='ltr'><strong>qum</strong></span> <span class='ocrx_word' id='word_1_13' title='bbox 1750 451 1829 496; x_wconf 89' lang='lat' dir='ltr'><strong>est</strong></span> <span class='ocrx_word' id='word_1_14' title='bbox 1857 441 1911 501; x_wconf 74' lang='grc' dir='ltr'><strong>Α</strong></span> <span class='ocrx_word' id='word_1_15' title='bbox 1935 448 2041 494; x_wconf 90' lang='lat' dir='ltr'><strong>tur.</strong></span> <span class='ocrx_word' id='word_1_16' title='bbox 2069 441 2176 494; x_wconf 89' lang='lat' dir='ltr'>Sed</span> <span class='ocrx_word' id='word_1_17' title='bbox 2206 440 2362 508; x_wconf 85' lang='lat' dir='ltr'><strong>hujus</strong></span> <span class='ocrx_word' id='word_1_18' title='bbox 2389 439 2665 495; x_wconf 85' lang='lat' dir='ltr'><strong>divisionis</strong></span> <span class='ocrx_word' id='word_1_19' title='bbox 2687 441 2882 510; x_wconf 79' lang='lat' dir='ltr'><strong>duplex</strong></span> <span class='ocrx_word' id='word_1_20' title='bbox 2907 445 3096 500; x_wconf 92' lang='lat' dir='ltr'><strong>modus</strong></span> <span class='ocrx_word' id='word_1_21' title='bbox 3117 457 3217 502; x_wconf 90' lang='lat' dir='ltr'><strong>est.</strong></span> <span class='ocrx_word' id='word_1_22' title='bbox 3248 447 3352 503; x_wconf 79' lang='lat' dir='ltr'><strong>Aut</strong></span> <span class='ocrx_word' id='word_1_23' title='bbox 3374 452 3519 508; x_wconf 87' lang='lat' dir='ltr'><strong>enim</strong></span> 
     </span>
    </p>
   </div>
   <div class='ocr_carea' id='block_1_5' title="bbox 260 540 1832 612">
    <p class='ocr_par' dir='ltr' id='par_1_5' title="bbox 260 540 1832 612">
     <span class='ocr_line' id='line_1_5' title="bbox 260 540 1832 612; baseline -0.007 -12"><span class='ocrx_word' id='word_1_24' title='bbox 260 543 494 600; x_wconf 71' lang='lat' dir='ltr'><strong>maxima</strong></span> <span class='ocrx_word' id='word_1_25' title='bbox 519 541 805 612; x_wconf 74' lang='lat' dir='ltr'><strong>partiendi.</strong></span> <span class='ocrx_word' id='word_1_26' title='bbox 829 541 1003 610; x_wconf 84' lang='lat' dir='ltr'><strong>Quare</strong></span> <span class='ocrx_word' id='word_1_27' title='bbox 1023 542 1272 611; x_wconf 91' lang='lat' dir='ltr'><strong>quoniam</strong></span> <span class='ocrx_word' id='word_1_28' title='bbox 1300 540 1563 594; x_wconf 76' lang='lat' dir='ltr'><strong>maximus</strong></span> <span class='ocrx_word' id='word_1_29' title='bbox 1589 551 1714 591; x_wconf 89' lang='lat' dir='ltr'><strong>usus</strong></span> <span class='ocrx_word' id='word_1_30' title='bbox 1731 545 1832 600; x_wconf 85' lang='lat' dir='ltr'><strong>est,</strong></span> 
     </span>
    </p>
   </div>
   <div class='ocr_carea' id='block_1_6' title="bbox 261 633 1836 706">
    <p class='ocr_par' dir='ltr' id='par_1_6' title="bbox 261 633 1836 706">
     <span class='ocr_line' id='line_1_6' title="bbox 261 633 1836 706; baseline -0.006 -12"><span class='ocrx_word' id='word_1_31' title='bbox 261 637 624 705; x_wconf 82' lang='lat' dir='ltr'><strong>facillimaque</strong></span> <span class='ocrx_word' id='word_1_32' title='bbox 649 636 915 702; x_wconf 75' lang='lat' dir='ltr'><strong>doctrina,</strong></span> <span class='ocrx_word' id='word_1_33' title='bbox 946 651 1044 706; x_wconf 91' lang='lat' dir='ltr'><strong>ego</strong></span> <span class='ocrx_word' id='word_1_34' title='bbox 1072 651 1284 706; x_wconf 91' lang='lat' dir='ltr'><strong>quoque</strong></span> <span class='ocrx_word' id='word_1_35' title='bbox 1320 635 1394 697; x_wconf 88' lang='lat' dir='ltr'><strong>id,</strong></span> <span class='ocrx_word' id='word_1_36' title='bbox 1419 634 1555 687; x_wconf 87' lang='lat' dir='ltr'><strong>sicut</strong></span> <span class='ocrx_word' id='word_1_37' title='bbox 1583 633 1836 701; x_wconf 82' lang='lat' dir='ltr'><strong>pleraque</strong></span> 
     </span>
    </p>
   </div>
   <div class='ocr_carea' id='block_1_7' title="bbox 260 723 1831 794">
    <p class='ocr_par' dir='ltr' id='par_1_7' title="bbox 260 723 1831 794">
     <span class='ocr_line' id='line_1_7' title="bbox 260 723 1831 794; baseline -0.006 -8"><span class='ocrx_word' id='word_1_38' title='bbox 260 731 464 794; x_wconf 91' lang='lat' dir='ltr'><strong>omnia,</strong></span> <span class='ocrx_word' id='word_1_39' title='bbox 480 729 732 784; x_wconf 81' lang='lat' dir='ltr'><strong>Romanis</strong></span> <span class='ocrx_word' id='word_1_40' title='bbox 745 728 964 784; x_wconf 85' lang='lat' dir='ltr'><strong>auribus</strong></span> <span class='ocrx_word' id='word_1_41' title='bbox 976 728 1214 792; x_wconf 84' lang='lat' dir='ltr'><strong>tradens,</strong></span> <span class='ocrx_word' id='word_1_42' title='bbox 1230 725 1640 782; x_wconf 83' lang='lat' dir='ltr'><strong>introductionis</strong></span> <span class='ocrx_word' id='word_1_43' title='bbox 1652 723 1831 786; x_wconf 91' lang='lat' dir='ltr'><strong>modo,</strong></span> 
     </span>
    </p>
   </div>
   <div class='ocr_carea' id='block_1_8' title="bbox 261 816 1837 893">
    <p class='ocr_par' dir='ltr' id='par_1_8' title="bbox 261 816 1837 893">
     <span class='ocr_line' id='line_1_8' title="bbox 261 816 1837 893; baseline -0.004 -17"><span class='ocrx_word' id='word_1_44' title='bbox 261 819 550 893; x_wconf 76' lang='lat' dir='ltr'><strong>habitoque</strong></span> <span class='ocrx_word' id='word_1_45' title='bbox 578 821 630 875; x_wconf 92' lang='lat' dir='ltr'><strong>in</strong></span> <span class='ocrx_word' id='word_1_46' title='bbox 658 821 900 876; x_wconf 79' lang='lat' dir='ltr'><strong>eamdem</strong></span> <span class='ocrx_word' id='word_1_47' title='bbox 930 835 1072 885; x_wconf 92' lang='lat' dir='ltr'><strong>rem,</strong></span> <span class='ocrx_word' id='word_1_48' title='bbox 1103 831 1155 874; x_wconf 89' lang='lat' dir='ltr'><strong>et</strong></span> <span class='ocrx_word' id='word_1_49' title='bbox 1183 818 1503 888; x_wconf 84' lang='lat' dir='ltr'><strong>competenti</strong></span> <span class='ocrx_word' id='word_1_50' title='bbox 1544 816 1837 885; x_wconf 77' lang='lat' dir='ltr'><strong>subtilique</strong></span> 
     </span>
    </p>
   </div>
   <div class='ocr_carea' id='block_1_9' title="bbox 258 909 1836 980">
    <p class='ocr_par' dir='ltr' id='par_1_9' title="bbox 258 909 1836 980">
     <span class='ocr_line' id='line_1_9' title="bbox 258 909 1836 980; baseline -0.004 -12"><span class='ocrx_word' id='word_1_51' title='bbox 258 915 607 976; x_wconf 83' lang='lat' dir='ltr'><strong>tractatione,</strong></span> <span class='ocrx_word' id='word_1_52' title='bbox 632 922 686 968; x_wconf 93' lang='lat' dir='ltr'><strong>et</strong></span> <span class='ocrx_word' id='word_1_53' title='bbox 706 912 979 968; x_wconf 87' lang='lat' dir='ltr'><strong>moderata</strong></span> <span class='ocrx_word' id='word_1_54' title='bbox 1009 912 1288 978; x_wconf 81' lang='lat' dir='ltr'><strong>brevitate,</strong></span> <span class='ocrx_word' id='word_1_55' title='bbox 1319 909 1630 980; x_wconf 86' lang='lat' dir='ltr'><strong>perscripsi,</strong></span> <span class='ocrx_word' id='word_1_56' title='bbox 1657 917 1714 961; x_wconf 92' lang='lat' dir='ltr'><strong>ut</strong></span> <span class='ocrx_word' id='word_1_57' title='bbox 1736 921 1836 962; x_wconf 90' lang='lat' dir='ltr'><strong>nec</strong></span> 
     </span>
    </p>
   </div>
   <div class='ocr_carea' id='block_1_10' title="bbox 259 1004 1836 1082">
    <p class='ocr_par' dir='ltr' id='par_1_10' title="bbox 259 1004 1836 1082">
     <span class='ocr_line' id='line_1_10' title="bbox 259 1004 1836 1082; baseline -0.004 -22"><span class='ocrx_word' id='word_1_58' title='bbox 259 1007 502 1062; x_wconf 82' lang='lat' dir='ltr'><strong>anxietas</strong></span> <span class='ocrx_word' id='word_1_59' title='bbox 547 1006 742 1061; x_wconf 74' lang='lat' dir='ltr'><strong>decisa:</strong></span> <span class='ocrx_word' id='word_1_60' title='bbox 778 1005 1054 1070; x_wconf 91' lang='lat' dir='ltr'><strong>orationis,</strong></span> <span class='ocrx_word' id='word_1_61' title='bbox 1098 1014 1287 1059; x_wconf 90' lang='lat' dir='ltr'><strong>etnon</strong></span> <span class='ocrx_word' id='word_1_62' title='bbox 1340 1004 1591 1074; x_wconf 65' lang='lat' dir='ltr'><strong>perfectae</strong></span> <span class='ocrx_word' id='word_1_63' title='bbox 1622 1011 1836 1082; x_wconf 89' lang='lat' dir='ltr'><strong>sentcn-</strong></span> 
     </span>
    </p>
   </div>
   <div class='ocr_carea' id='block_1_11' title="bbox 261 1099 1840 1170">
    <p class='ocr_par' dir='ltr' id='par_1_11' title="bbox 261 1099 1840 1170">
     <span class='ocr_line' id='line_1_11' title="bbox 261 1099 1840 1170; baseline -0.004 -16"><span class='ocrx_word' id='word_1_64' title='bbox 261 1101 371 1166; x_wconf 75' lang='lat' dir='ltr'><strong>tiae,</strong></span> <span class='ocrx_word' id='word_1_65' title='bbox 404 1100 696 1170; x_wconf 76' lang='lat' dir='ltr'><strong>legentium</strong></span> <span class='ocrx_word' id='word_1_66' title='bbox 727 1099 992 1154; x_wconf 90' lang='lat' dir='ltr'><strong>mentibus</strong></span> <span class='ocrx_word' id='word_1_67' title='bbox 1021 1099 1320 1168; x_wconf 88' lang='lat' dir='ltr'><strong>ingeratur;</strong></span> <span class='ocrx_word' id='word_1_68' title='bbox 1348 1112 1445 1152; x_wconf 90' lang='lat' dir='ltr'><strong>nec</strong></span> <span class='ocrx_word' id='word_1_69' title='bbox 1472 1104 1620 1169; x_wconf 88' lang='lat' dir='ltr'><strong>putet</strong></span> <span class='ocrx_word' id='word_1_70' title='bbox 1649 1109 1840 1164; x_wconf 90' lang='lat' dir='ltr'><strong>super-</strong></span> 
     </span>
    </p>
   </div>
   <div class='ocr_carea' id='block_1_12' title="bbox 257 1188 1832 1262">
    <p class='ocr_par' dir='ltr' id='par_1_12' title="bbox 257 1188 1832 1262">
     <span class='ocr_line' id='line_1_12' title="bbox 257 1188 1832 1262; baseline -0.006 -14"><span class='ocrx_word' id='word_1_71' title='bbox 257 1207 479 1248; x_wconf 81' lang='lat' dir='ltr'><strong>vacuam</strong></span> <span class='ocrx_word' id='word_1_72' title='bbox 503 1192 879 1262; x_wconf 83' lang='lat' dir='ltr'><strong>loquacitatem</strong></span> <span class='ocrx_word' id='word_1_73' title='bbox 907 1190 1093 1244; x_wconf 87' lang='lat' dir='ltr'><strong>barum</strong></span> <span class='ocrx_word' id='word_1_74' title='bbox 1122 1204 1302 1244; x_wconf 90' lang='lat' dir='ltr'><strong>rerum</strong></span> <span class='ocrx_word' id='word_1_75' title='bbox 1336 1188 1712 1256; x_wconf 83' lang='lat' dir='ltr'><strong>inexperiens,</strong></span> <span class='ocrx_word' id='word_1_76' title='bbox 1746 1200 1832 1239; x_wconf 90' lang='lat' dir='ltr'><strong>ru-</strong></span> 
     </span>
    </p>
   </div>
   <div class='ocr_carea' id='block_1_13' title="bbox 259 1280 1832 1352">
    <p class='ocr_par' dir='ltr' id='par_1_13' title="bbox 259 1280 1832 1352">
     <span class='ocr_line' id='line_1_13' title="bbox 259 1280 1832 1352; baseline -0.004 -12"><span class='ocrx_word' id='word_1_77' title='bbox 259 1283 363 1350; x_wconf 89' lang='lat' dir='ltr'><strong>dis,</strong></span> <span class='ocrx_word' id='word_1_78' title='bbox 394 1286 738 1352; x_wconf 88' lang='lat' dir='ltr'><strong>insolensque</strong></span> <span class='ocrx_word' id='word_1_79' title='bbox 791 1284 934 1349; x_wconf 92' lang='lat' dir='ltr'><strong>novi,</strong></span> <span class='ocrx_word' id='word_1_80' title='bbox 987 1281 1314 1338; x_wconf 88' lang='lat' dir='ltr'><strong>audientium</strong></span> <span class='ocrx_word' id='word_1_81' title='bbox 1356 1291 1564 1337; x_wconf 87' lang='lat' dir='ltr'><strong>mentes</strong></span> <span class='ocrx_word' id='word_1_82' title='bbox 1606 1280 1832 1342; x_wconf 87' lang='lat' dir='ltr'><strong>habere;</strong></span> 
     </span>
    </p>
   </div>
   <div class='ocr_carea' id='block_1_14' title="bbox 261 1375 1837 1446">
    <p class='ocr_par' dir='ltr' id='par_1_14' title="bbox 261 1375 1837 1446">
     <span class='ocr_line' id='line_1_14' title="bbox 261 1375 1837 1446; baseline -0.004 -13"><span class='ocrx_word' id='word_1_83' title='bbox 261 1393 360 1433; x_wconf 89' lang='lat' dir='ltr'><strong>nec</strong></span> <span class='ocrx_word' id='word_1_84' title='bbox 407 1378 547 1433; x_wconf 92' lang='lat' dir='ltr'><strong>ullus</strong></span> <span class='ocrx_word' id='word_1_85' title='bbox 589 1378 757 1442; x_wconf 66' lang='lat' dir='ltr'><strong>livor,</strong></span> <span class='ocrx_word' id='word_1_86' title='bbox 811 1377 861 1431; x_wconf 91' lang='lat' dir='ltr'><strong>id</strong></span> <span class='ocrx_word' id='word_1_87' title='bbox 907 1376 1047 1446; x_wconf 90' lang='lat' dir='ltr'><strong>quod</strong></span> <span class='ocrx_word' id='word_1_88' title='bbox 1077 1386 1131 1430; x_wconf 79' lang='lat' dir='ltr'><strong>et</strong></span> <span class='ocrx_word' id='word_1_89' title='bbox 1169 1375 1392 1430; x_wconf 91' lang='lat' dir='ltr'><strong>arduum</strong></span> <span class='ocrx_word' id='word_1_90' title='bbox 1424 1384 1506 1430; x_wconf 91' lang='lat' dir='ltr'><strong>est</strong></span> <span class='ocrx_word' id='word_1_91' title='bbox 1539 1385 1749 1438; x_wconf 88' lang='lat' dir='ltr'><strong>natura,</strong></span> <span class='ocrx_word' id='word_1_92' title='bbox 1781 1380 1837 1428; x_wconf 84' lang='lat' dir='ltr'><strong>et</strong></span> 
     </span>
    </p>
   </div>
   <div class='ocr_carea' id='block_1_15' title="bbox 257 1465 1833 1540">
    <p class='ocr_par' dir='ltr' id='par_1_15' title="bbox 257 1465 1833 1540">
     <span class='ocr_line' id='line_1_15' title="bbox 257 1465 1833 1540; baseline -0.005 -16"><span class='ocrx_word' id='word_1_93' title='bbox 257 1467 492 1540; x_wconf 83' lang='lat' dir='ltr'><strong>ignotum</strong></span> <span class='ocrx_word' id='word_1_94' title='bbox 525 1470 758 1533; x_wconf 89' lang='lat' dir='ltr'><strong>nostris;</strong></span> <span class='ocrx_word' id='word_1_95' title='bbox 807 1468 960 1522; x_wconf 91' lang='lat' dir='ltr'><strong>nobis</strong></span> <span class='ocrx_word' id='word_1_96' title='bbox 1005 1479 1180 1522; x_wconf 90' lang='lat' dir='ltr'><strong>autem</strong></span> <span class='ocrx_word' id='word_1_97' title='bbox 1214 1482 1406 1536; x_wconf 89' lang='lat' dir='ltr'><strong>magno</strong></span> <span class='ocrx_word' id='word_1_98' title='bbox 1451 1474 1504 1520; x_wconf 90' lang='lat' dir='ltr'><strong>et</strong></span> <span class='ocrx_word' id='word_1_99' title='bbox 1552 1465 1753 1527; x_wconf 88' lang='lat' dir='ltr'><strong>labore,</strong></span> <span class='ocrx_word' id='word_1_100' title='bbox 1779 1472 1833 1517; x_wconf 91' lang='lat' dir='ltr'><strong>et</strong></span> 
     </span>
    </p>
   </div>
   <div class='ocr_carea' id='block_1_16' title="bbox 257 1558 1827 1632">
    <p class='ocr_par' dir='ltr' id='par_1_16' title="bbox 257 1558 1827 1632">
     <span class='ocr_line' id='line_1_16' title="bbox 257 1558 1827 1632; baseline -0.003 -16"><span class='ocrx_word' id='word_1_101' title='bbox 257 1561 554 1632; x_wconf 86' lang='lat' dir='ltr'><strong>legentium</strong></span> <span class='ocrx_word' id='word_1_102' title='bbox 593 1560 823 1614; x_wconf 90' lang='lat' dir='ltr'><strong>utilitate</strong></span> <span class='ocrx_word' id='word_1_103' title='bbox 855 1561 1132 1629; x_wconf 79' lang='lat' dir='ltr'><strong>digestum,</strong></span> <span class='ocrx_word' id='word_1_104' title='bbox 1166 1559 1397 1630; x_wconf 89' lang='lat' dir='ltr'><strong>obliquis</strong></span> <span class='ocrx_word' id='word_1_105' title='bbox 1429 1558 1696 1613; x_wconf 88' lang='lat' dir='ltr'><strong>morsibus</strong></span> <span class='ocrx_word' id='word_1_106' title='bbox 1728 1558 1827 1611; x_wconf 84' lang='lat' dir='ltr'><strong>ob-</strong></span> 
     </span>
    </p>
   </div>
   <div class='ocr_carea' id='block_1_17' title="bbox 258 1649 1825 1722">
    <p class='ocr_par' dir='ltr' id='par_1_17' title="bbox 258 1649 1825 1722">
     <span class='ocr_line' id='line_1_17' title="bbox 258 1649 1825 1722; baseline -0.003 -16"><span class='ocrx_word' id='word_1_107' title='bbox 258 1652 587 1708; x_wconf 89' lang='lat' dir='ltr'><strong>trectationis</strong></span> <span class='ocrx_word' id='word_1_108' title='bbox 629 1652 904 1716; x_wconf 83' lang='lat' dir='ltr'><strong>obfuscet;</strong></span> <span class='ocrx_word' id='word_1_109' title='bbox 939 1651 1172 1722; x_wconf 87' lang='lat' dir='ltr'><strong>dentque</strong></span> <span class='ocrx_word' id='word_1_110' title='bbox 1219 1652 1395 1722; x_wconf 76' lang='lat' dir='ltr'><strong>potius</strong></span> <span class='ocrx_word' id='word_1_111' title='bbox 1439 1651 1580 1706; x_wconf 86' lang='lat' dir='ltr'><strong>viam</strong></span> <span class='ocrx_word' id='word_1_112' title='bbox 1611 1649 1825 1712; x_wconf 88' lang='lat' dir='ltr'><strong>studiis,</strong></span> 
     </span>
    </p>
   </div>
   <div class='ocr_carea' id='block_1_18' title="bbox 256 1744 1830 1814">
    <p class='ocr_par' dir='ltr' id='par_1_18' title="bbox 256 1744 1830 1814">
     <span class='ocr_line' id='line_1_18' title="bbox 256 1744 1830 1814; baseline -0.004 -14"><span class='ocrx_word' id='word_1_113' title='bbox 256 1757 398 1800; x_wconf 86' lang='lat' dir='ltr'><strong>nunc</strong></span> <span class='ocrx_word' id='word_1_114' title='bbox 439 1744 766 1814; x_wconf 89' lang='lat' dir='ltr'><strong>ignoscendo</strong></span> <span class='ocrx_word' id='word_1_115' title='bbox 788 1789 802 1812; x_wconf 95' lang='lat'><strong>,</strong></span> <span class='ocrx_word' id='word_1_116' title='bbox 856 1759 996 1798; x_wconf 92' lang='lat' dir='ltr'><strong>nunc</strong></span> <span class='ocrx_word' id='word_1_117' title='bbox 1026 1745 1183 1799; x_wconf 87' lang='lat' dir='ltr'><strong>etiam</strong></span> <span class='ocrx_word' id='word_1_118' title='bbox 1214 1744 1634 1813; x_wconf 88' lang='lat' dir='ltr'><strong>comprobando.</strong></span> <span class='ocrx_word' id='word_1_119' title='bbox 1671 1757 1830 1811; x_wconf 87' lang='lat' dir='ltr'><strong>quam</strong></span> 
     </span>
    </p>
   </div>
   <div class='ocr_carea' id='block_1_19' title="bbox 1939 535 3518 610">
    <p class='ocr_par' dir='ltr' id='par_1_19' title="bbox 1939 535 3518 610">
     <span class='ocr_line' id='line_1_19' title="bbox 1939 535 3518 610; baseline 0.005 -22"><span class='ocrx_word' id='word_1_120' title='bbox 1939 550 2103 588; x_wconf 88' lang='lat' dir='ltr'><strong>unum</strong></span> <span class='ocrx_word' id='word_1_121' title='bbox 2138 549 2332 588; x_wconf 85' lang='lat' dir='ltr'><strong>nomen</strong></span> <span class='ocrx_word' id='word_1_122' title='bbox 2378 535 2540 589; x_wconf 89' lang='lat' dir='ltr'><strong>multa</strong></span> <span class='ocrx_word' id='word_1_123' title='bbox 2576 535 2856 605; x_wconf 85' lang='lat' dir='ltr'><strong>significat,</strong></span> <span class='ocrx_word' id='word_1_124' title='bbox 2888 547 2979 592; x_wconf 88' lang='lat' dir='ltr'><strong>aut</strong></span> <span class='ocrx_word' id='word_1_125' title='bbox 3007 541 3177 594; x_wconf 90' lang='lat' dir='ltr'><strong>oratio</strong></span> <span class='ocrx_word' id='word_1_126' title='bbox 3201 541 3313 610; x_wconf 84' lang='lat' dir='ltr'><strong>jam</strong></span> <span class='ocrx_word' id='word_1_127' title='bbox 3345 548 3518 598; x_wconf 83' lang='lat' dir='ltr'><strong>nomi-</strong></span> 
     </span>
    </p>
   </div>
   <div class='ocr_carea' id='block_1_20' title="bbox 1939 628 3524 706">
    <p class='ocr_par' dir='ltr' id='par_1_20' title="bbox 1939 628 3524 706">
     <span class='ocr_line' id='line_1_20' title="bbox 1939 628 3524 706; baseline 0.004 -24"><span class='ocrx_word' id='word_1_128' title='bbox 1939 628 2094 682; x_wconf 82' lang='lat' dir='ltr'><strong>nibus</strong></span> <span class='ocrx_word' id='word_1_129' title='bbox 2124 628 2408 696; x_wconf 82' lang='lat' dir='ltr'><strong>verbisque</strong></span> <span class='ocrx_word' id='word_1_130' title='bbox 2435 632 2729 698; x_wconf 84' lang='lat' dir='ltr'><strong>composita</strong></span> <span class='ocrx_word' id='word_1_131' title='bbox 2759 647 2772 695; x_wconf 90' lang='lat'><strong>;</strong></span> <span class='ocrx_word' id='word_1_132' title='bbox 2804 638 2856 684; x_wconf 91' lang='lat' dir='ltr'><strong>et</strong></span> <span class='ocrx_word' id='word_1_133' title='bbox 2895 645 3085 687; x_wconf 85' lang='lat' dir='ltr'><strong>nomen</strong></span> <span class='ocrx_word' id='word_1_134' title='bbox 3116 634 3328 702; x_wconf 88' lang='lat' dir='ltr'><strong>quidem</strong></span> <span class='ocrx_word' id='word_1_135' title='bbox 3356 635 3524 706; x_wconf 86' lang='lat' dir='ltr'><strong>multa</strong></span> 
     </span>
    </p>
   </div>
   <div class='ocr_carea' id='block_1_21' title="bbox 1939 718 3521 793">
    <p class='ocr_par' dir='ltr' id='par_1_21' title="bbox 1939 718 3521 793">
     <span class='ocr_line' id='line_1_21' title="bbox 1939 718 3521 793; baseline 0.009 -21"><span class='ocrx_word' id='word_1_136' title='bbox 1939 718 2219 788; x_wconf 86' lang='lat' dir='ltr'><strong>significat,</strong></span> <span class='ocrx_word' id='word_1_137' title='bbox 2259 727 2314 772; x_wconf 92' lang='lat' dir='ltr'><strong>ut</strong></span> <span class='ocrx_word' id='word_1_138' title='bbox 2361 719 2412 773; x_wconf 91' lang='lat' dir='ltr'><strong>id</strong></span> <span class='ocrx_word' id='word_1_139' title='bbox 2453 719 2591 788; x_wconf 92' lang='lat' dir='ltr'><strong>quod</strong></span> <span class='ocrx_word' id='word_1_140' title='bbox 2645 735 2805 791; x_wconf 84' lang='lat' dir='ltr'><strong>supra</strong></span> <span class='ocrx_word' id='word_1_141' title='bbox 2849 726 3116 793; x_wconf 89' lang='lat' dir='ltr'><strong>proposui.</strong></span> <span class='ocrx_word' id='word_1_142' title='bbox 3159 725 3342 781; x_wconf 85' lang='lat' dir='ltr'><strong>Oratio</strong></span> <span class='ocrx_word' id='word_1_143' title='bbox 3389 745 3521 786; x_wconf 84' lang='lat' dir='ltr'><strong>vero</strong></span> 
     </span>
    </p>
   </div>
   <div class='ocr_carea' id='block_1_22' title="bbox 1940 810 3522 882">
    <p class='ocr_par' dir='ltr' id='par_1_22' title="bbox 1940 810 3522 882">
     <span class='ocr_line' id='line_1_22' title="bbox 1940 810 3522 882; baseline 0.009 -19"><span class='ocrx_word' id='word_1_144' title='bbox 1940 810 2103 864; x_wconf 87' lang='lat' dir='ltr'><strong>multa</strong></span> <span class='ocrx_word' id='word_1_145' title='bbox 2133 810 2398 880; x_wconf 78' lang='lat' dir='ltr'><strong>designat,</strong></span> <span class='ocrx_word' id='word_1_146' title='bbox 2432 821 2488 866; x_wconf 93' lang='lat' dir='ltr'><strong>ut</strong></span> <span class='ocrx_word' id='word_1_147' title='bbox 2516 813 2600 866; x_wconf 92' lang='lat' dir='ltr'><strong>aio</strong></span> <span class='ocrx_word' id='word_1_148' title='bbox 2639 823 2711 878; x_wconf 91' lang='lat' dir='ltr'><strong>te,</strong></span> <span class='ocrx_word' id='word_1_149' title='bbox 2743 815 2984 882; x_wconf 71' lang='lat' dir='ltr'><strong>Aiacida,</strong></span> <span class='ocrx_word' id='word_1_150' title='bbox 3011 817 3280 872; x_wconf 61' lang='lat' dir='ltr'><strong>lin-manus</strong></span> <span class='ocrx_word' id='word_1_151' title='bbox 3307 820 3522 879; x_wconf 77' lang='lat' dir='ltr'><strong>vincere</strong></span> 
     </span>
    </p>
   </div>
   <div class='ocr_carea' id='block_1_23' title="bbox 1939 901 3520 982">
    <p class='ocr_par' dir='ltr' id='par_1_23' title="bbox 1939 901 3520 982">
     <span class='ocr_line' id='line_1_23' title="bbox 1939 901 3520 982; baseline 0.008 -26"><span class='ocrx_word' id='word_1_152' title='bbox 1939 917 2114 971; x_wconf 85' lang='lat' dir='ltr'><strong>posse.</strong></span> <span class='ocrx_word' id='word_1_153' title='bbox 2166 901 2232 957; x_wconf 88' lang='lat' dir='ltr'><strong>Et</strong></span> <span class='ocrx_word' id='word_1_154' title='bbox 2274 903 2504 957; x_wconf 91' lang='lat' dir='ltr'><strong>nominis</strong></span> <span class='ocrx_word' id='word_1_155' title='bbox 2551 905 2766 974; x_wconf 89' lang='lat' dir='ltr'><strong>quidem</strong></span> <span class='ocrx_word' id='word_1_156' title='bbox 2809 922 2903 976; x_wconf 93' lang='lat' dir='ltr'><strong>per</strong></span> <span class='ocrx_word' id='word_1_157' title='bbox 2943 909 3357 977; x_wconf 67' lang='lat' dir='ltr'><strong>significationes</strong></span> <span class='ocrx_word' id='word_1_158' title='bbox 3399 928 3520 982; x_wconf 88' lang='lat' dir='ltr'><strong>pro-</strong></span> 
     </span>
    </p>
   </div>
   <div class='ocr_carea' id='block_1_24' title="bbox 1939 996 3521 1073">
    <p class='ocr_par' dir='ltr' id='par_1_24' title="bbox 1939 996 3521 1073">
     <span class='ocr_line' id='line_1_24' title="bbox 1939 996 3521 1073; baseline 0.007 -23"><span class='ocrx_word' id='word_1_159' title='bbox 1939 998 2082 1066; x_wconf 87' lang='lat' dir='ltr'><strong>prias</strong></span> <span class='ocrx_word' id='word_1_160' title='bbox 2124 996 2316 1051; x_wconf 82' lang='lat' dir='ltr'><strong>divisio</strong></span> <span class='ocrx_word' id='word_1_161' title='bbox 2381 997 2818 1068; x_wconf 67' lang='lat' dir='ltr'><strong>mquivocatiouis</strong></span> <span class='ocrx_word' id='word_1_162' title='bbox 2887 1002 3101 1070; x_wconf 81' lang='lat' dir='ltr'><strong>partitio</strong></span> <span class='ocrx_word' id='word_1_163' title='bbox 3151 1016 3521 1073; x_wconf 85' lang='lat' dir='ltr'><strong>nuncupatur,</strong></span> 
     </span>
    </p>
   </div>
   <div class='ocr_carea' id='block_1_25' title="bbox 1938 1091 3521 1166">
    <p class='ocr_par' dir='ltr' id='par_1_25' title="bbox 1938 1091 3521 1166">
     <span class='ocr_line' id='line_1_25' title="bbox 1938 1091 3521 1166; baseline 0.006 -22"><span class='ocrx_word' id='word_1_164' title='bbox 1938 1091 2196 1146; x_wconf 86' lang='lat' dir='ltr'><strong>orationis</strong></span> <span class='ocrx_word' id='word_1_165' title='bbox 2226 1108 2351 1148; x_wconf 91' lang='lat' dir='ltr'><strong>vero</strong></span> <span class='ocrx_word' id='word_1_166' title='bbox 2379 1095 2431 1147; x_wconf 91' lang='lat' dir='ltr'><strong>in</strong></span> <span class='ocrx_word' id='word_1_167' title='bbox 2462 1094 2880 1164; x_wconf 88' lang='lat' dir='ltr'><strong>significationes</strong></span> <span class='ocrx_word' id='word_1_168' title='bbox 2923 1099 3166 1166; x_wconf 88' lang='lat' dir='ltr'><strong>proprias</strong></span> <span class='ocrx_word' id='word_1_169' title='bbox 3215 1099 3521 1153; x_wconf 84' lang='lat' dir='ltr'><strong>distributio</strong></span> 
     </span>
    </p>
   </div>
   <div class='ocr_carea' id='block_1_26' title="bbox 1939 1182 3523 1263">
    <p class='ocr_par' dir='ltr' id='par_1_26' title="bbox 1939 1182 3523 1263">
     <span class='ocr_line' id='line_1_26' title="bbox 1939 1182 3523 1263; baseline 0.007 -27"><span class='ocrx_word' id='word_1_170' title='bbox 1939 1182 2298 1251; x_wconf 83' lang='lat' dir='ltr'><strong>ambiguitatis</strong></span> <span class='ocrx_word' id='word_1_171' title='bbox 2349 1184 2604 1240; x_wconf 78' lang='lat' dir='ltr'><strong>discretio</strong></span> <span class='ocrx_word' id='word_1_172' title='bbox 2659 1195 2952 1255; x_wconf 57' lang='lat' dir='ltr'><strong>est&#39;quam</strong></span> <span class='ocrx_word' id='word_1_173' title='bbox 3006 1189 3177 1243; x_wconf 74' lang='lat' dir='ltr'><strong>Graeci</strong></span> <span class='ocrx_word' id='word_1_174' title='bbox 3225 1192 3523 1263; x_wconf 78' lang='grc' dir='ltr'><strong>ἀμφιϐολίαν</strong></span> 
     </span>
    </p>
   </div>
   <div class='ocr_carea' id='block_1_27' title="bbox 1937 1277 3518 1353">
    <p class='ocr_par' dir='ltr' id='par_1_27' title="bbox 1937 1277 3518 1353">
     <span class='ocr_line' id='line_1_27' title="bbox 1937 1277 3518 1353; baseline 0.006 -24"><span class='ocrx_word' id='word_1_175' title='bbox 1937 1285 2156 1341; x_wconf 84' lang='lat' dir='ltr'><strong>vocant,</strong></span> <span class='ocrx_word' id='word_1_176' title='bbox 2187 1277 2255 1329; x_wconf 89' lang='lat' dir='ltr'><strong>ita</strong></span> <span class='ocrx_word' id='word_1_177' title='bbox 2299 1286 2356 1330; x_wconf 92' lang='lat' dir='ltr'><strong>ut</strong></span> <span class='ocrx_word' id='word_1_178' title='bbox 2398 1293 2593 1332; x_wconf 87' lang='lat' dir='ltr'><strong>nomen</strong></span> <span class='ocrx_word' id='word_1_179' title='bbox 2627 1281 2788 1333; x_wconf 90' lang='lat' dir='ltr'><strong>multa</strong></span> <span class='ocrx_word' id='word_1_180' title='bbox 2820 1279 3126 1349; x_wconf 84' lang='lat' dir='ltr'><strong>signiﬁcans</strong></span> <span class='ocrx_word' id='word_1_181' title='bbox 3148 1285 3518 1353; x_wconf 67' lang='lat' dir='ltr'><strong>aequivocum;</strong></span> 
     </span>
    </p>
   </div>
   <div class='ocr_carea' id='block_1_28' title="bbox 1941 1366 3521 1443">
    <p class='ocr_par' dir='ltr' id='par_1_28' title="bbox 1941 1366 3521 1443">
     <span class='ocr_line' id='line_1_28' title="bbox 1941 1366 3521 1443; baseline 0.006 -24"><span class='ocrx_word' id='word_1_182' title='bbox 1941 1366 2118 1420; x_wconf 89' lang='lat' dir='ltr'><strong>oratio</strong></span> <span class='ocrx_word' id='word_1_183' title='bbox 2148 1382 2276 1422; x_wconf 87' lang='lat' dir='ltr'><strong>vero</strong></span> <span class='ocrx_word' id='word_1_184' title='bbox 2326 1369 2490 1422; x_wconf 88' lang='lat' dir='ltr'><strong>multa</strong></span> <span class='ocrx_word' id='word_1_185' title='bbox 2530 1370 2819 1439; x_wconf 78' lang='lat' dir='ltr'><strong>designans</strong></span> <span class='ocrx_word' id='word_1_186' title='bbox 2858 1372 3160 1440; x_wconf 88' lang='lat' dir='ltr'><strong>amphibola</strong></span> <span class='ocrx_word' id='word_1_187' title='bbox 3210 1384 3370 1443; x_wconf 89' lang='lat' dir='ltr'><strong>atque</strong></span> <span class='ocrx_word' id='word_1_188' title='bbox 3409 1393 3521 1429; x_wconf 78' lang='lat' dir='ltr'><strong>ain.</strong></span> 
     </span>
    </p>
   </div>
   <div class='ocr_carea' id='block_1_29' title="bbox 1939 1459 3522 1532">
    <p class='ocr_par' dir='ltr' id='par_1_29' title="bbox 1939 1459 3522 1532">
     <span class='ocr_line' id='line_1_29' title="bbox 1939 1459 3522 1532; baseline 0.008 -20"><span class='ocrx_word' id='word_1_189' title='bbox 1939 1459 2095 1529; x_wconf 87' lang='lat' dir='ltr'><strong>bigua</strong></span> <span class='ocrx_word' id='word_1_190' title='bbox 2138 1460 2474 1528; x_wconf 62' lang='lat' dir='ltr'><strong>praedicetur.</strong></span> <span class='ocrx_word' id='word_1_191' title='bbox 2509 1462 2706 1516; x_wconf 85' lang='lat' dir='ltr'><strong>Eorum</strong></span> <span class='ocrx_word' id='word_1_192' title='bbox 2738 1474 2913 1518; x_wconf 89' lang='lat' dir='ltr'><strong>autem</strong></span> <span class='ocrx_word' id='word_1_193' title='bbox 2944 1480 3062 1532; x_wconf 67' lang='lat' dir='ltr'><strong>quae</strong></span> <span class='ocrx_word' id='word_1_194' title='bbox 3102 1468 3395 1522; x_wconf 91' lang='lat' dir='ltr'><strong>secundum</strong></span> <span class='ocrx_word' id='word_1_195' title='bbox 3434 1484 3522 1525; x_wconf 83' lang='lat' dir='ltr'><strong>ac-</strong></span> 
     </span>
    </p>
   </div>
   <div class='ocr_carea' id='block_1_30' title="bbox 1938 1551 3518 1625">
    <p class='ocr_par' dir='ltr' id='par_1_30' title="bbox 1938 1551 3518 1625">
     <span class='ocr_line' id='line_1_30' title="bbox 1938 1551 3518 1625; baseline 0.006 -21"><span class='ocrx_word' id='word_1_196' title='bbox 1938 1551 2122 1605; x_wconf 89' lang='lat' dir='ltr'><strong>cidens</strong></span> <span class='ocrx_word' id='word_1_197' title='bbox 2151 1552 2480 1618; x_wconf 90' lang='lat' dir='ltr'><strong>dividuntur,</strong></span> <span class='ocrx_word' id='word_1_198' title='bbox 2514 1555 2741 1622; x_wconf 85' lang='lat' dir='ltr'><strong>subjecti</strong></span> <span class='ocrx_word' id='word_1_199' title='bbox 2783 1557 2834 1609; x_wconf 92' lang='lat' dir='ltr'><strong>in</strong></span> <span class='ocrx_word' id='word_1_200' title='bbox 2876 1556 3171 1612; x_wconf 88' lang='lat' dir='ltr'><strong>accidentia</strong></span> <span class='ocrx_word' id='word_1_201' title='bbox 3197 1559 3389 1614; x_wconf 82' lang='lat' dir='ltr'><strong>divisio</strong></span> <span class='ocrx_word' id='word_1_202' title='bbox 3417 1573 3518 1625; x_wconf 89' lang='lat' dir='ltr'><strong>est,</strong></span> 
     </span>
    </p>
   </div>
   <div class='ocr_carea' id='block_1_31' title="bbox 1939 1645 3520 1722">
    <p class='ocr_par' dir='ltr' id='par_1_31' title="bbox 1939 1645 3520 1722">
     <span class='ocr_line' id='line_1_31' title="bbox 1939 1645 3520 1722; baseline 0.008 -27"><span class='ocrx_word' id='word_1_203' title='bbox 1939 1653 1995 1696; x_wconf 91' lang='lat' dir='ltr'><strong>ut</strong></span> <span class='ocrx_word' id='word_1_204' title='bbox 2041 1659 2161 1698; x_wconf 92' lang='lat' dir='ltr'><strong>eum</strong></span> <span class='ocrx_word' id='word_1_205' title='bbox 2205 1645 2435 1701; x_wconf 83' lang='lat' dir='ltr'><strong>dicimus</strong></span> <span class='ocrx_word' id='word_1_206' title='bbox 2477 1649 2715 1702; x_wconf 88' lang='lat' dir='ltr'><strong>omnium</strong></span> <span class='ocrx_word' id='word_1_207' title='bbox 2753 1649 3026 1703; x_wconf 88' lang='lat' dir='ltr'><strong>hominum</strong></span> <span class='ocrx_word' id='word_1_208' title='bbox 3074 1649 3161 1703; x_wconf 90' lang='lat' dir='ltr'><strong>alii</strong></span> <span class='ocrx_word' id='word_1_209' title='bbox 3199 1663 3323 1705; x_wconf 88' lang='lat' dir='ltr'><strong>sunt</strong></span> <span class='ocrx_word' id='word_1_210' title='bbox 3362 1655 3520 1722; x_wconf 89' lang='lat' dir='ltr'><strong>nigri,</strong></span> 
     </span>
    </p>
   </div>
   <div class='ocr_carea' id='block_1_32' title="bbox 1938 1738 3520 1805">
    <p class='ocr_par' dir='ltr' id='par_1_32' title="bbox 1938 1738 3520 1805">
     <span class='ocr_line' id='line_1_32' title="bbox 1938 1738 3520 1805; baseline 0.006 -13"><span class='ocrx_word' id='word_1_211' title='bbox 1938 1738 2027 1792; x_wconf 84' lang='lat' dir='ltr'><strong>alii</strong></span> <span class='ocrx_word' id='word_1_212' title='bbox 2067 1740 2300 1805; x_wconf 89' lang='lat' dir='ltr'><strong>candidi,</strong></span> <span class='ocrx_word' id='word_1_213' title='bbox 2334 1742 2424 1796; x_wconf 83' lang='lat' dir='ltr'><strong>alii</strong></span> <span class='ocrx_word' id='word_1_214' title='bbox 2455 1743 2612 1797; x_wconf 91' lang='lat' dir='ltr'><strong>medii</strong></span> <span class='ocrx_word' id='word_1_215' title='bbox 2644 1743 2862 1798; x_wconf 91' lang='lat' dir='ltr'><strong>coloris.</strong></span> <span class='ocrx_word' id='word_1_216' title='bbox 2903 1744 3028 1798; x_wconf 68' lang='lat' dir='ltr'><strong>Haec</strong></span> <span class='ocrx_word' id='word_1_217' title='bbox 3054 1745 3196 1798; x_wconf 90' lang='lat' dir='ltr'><strong>enim</strong></span> <span class='ocrx_word' id='word_1_218' title='bbox 3227 1747 3520 1802; x_wconf 90' lang='lat' dir='ltr'><strong>accidentia</strong></span> 
     </span>
    </p>
   </div>
   <div class='ocr_carea' id='block_1_33' title="bbox 257 1824 3522 1905">
    <p class='ocr_par' dir='ltr' id='par_1_33' title="bbox 257 1824 3522 1905">
     <span class='ocr_line' id='line_1_33' title="bbox 257 1824 3522 1905; baseline 0.001 -15"><span class='ocrx_word' id='word_1_219' title='bbox 257 1835 406 1891; x_wconf 77' lang='lat' dir='ltr'><strong>frena</strong></span> <span class='ocrx_word' id='word_1_220' title='bbox 449 1836 602 1891; x_wconf 91' lang='lat' dir='ltr'><strong>bonis</strong></span> <span class='ocrx_word' id='word_1_221' title='bbox 634 1837 834 1891; x_wconf 87' lang='lat' dir='ltr'><strong>artibus</strong></span> <span class='ocrx_word' id='word_1_222' title='bbox 865 1835 1146 1905; x_wconf 84' lang='lat' dir='ltr'><strong>stringant,</strong></span> <span class='ocrx_word' id='word_1_223' title='bbox 1182 1837 1305 1890; x_wconf 91' lang='lat' dir='ltr'><strong>dum</strong></span> <span class='ocrx_word' id='word_1_224' title='bbox 1334 1834 1588 1905; x_wconf 88' lang='lat' dir='ltr'><strong>quidquid</strong></span> <span class='ocrx_word' id='word_1_225' title='bbox 1637 1849 1830 1889; x_wconf 88' lang='lat' dir='ltr'><strong>novum</strong></span> <span class='ocrx_word' id='word_1_226' title='bbox 1861 1824 1912 1886; x_wconf 85' lang='grc' dir='ltr'><strong>Β</strong></span> <span class='ocrx_word' id='word_1_227' title='bbox 1937 1839 2064 1886; x_wconf 87' lang='lat' dir='ltr'><strong>sunt</strong></span> <span class='ocrx_word' id='word_1_228' title='bbox 2093 1833 2419 1897; x_wconf 90' lang='lat' dir='ltr'><strong>hominibus,</strong></span> <span class='ocrx_word' id='word_1_229' title='bbox 2450 1851 2556 1890; x_wconf 92' lang='lat' dir='ltr'><strong>non</strong></span> <span class='ocrx_word' id='word_1_230' title='bbox 2587 1835 2859 1890; x_wconf 87' lang='lat' dir='ltr'><strong>hominum</strong></span> <span class='ocrx_word' id='word_1_231' title='bbox 2901 1839 3129 1904; x_wconf 82' lang='lat' dir='ltr'><strong>species,</strong></span> <span class='ocrx_word' id='word_1_232' title='bbox 3163 1849 3215 1893; x_wconf 93' lang='lat' dir='ltr'><strong>et</strong></span> <span class='ocrx_word' id='word_1_233' title='bbox 3247 1839 3406 1894; x_wconf 91' lang='lat' dir='ltr'><strong>homo</strong></span> <span class='ocrx_word' id='word_1_234' title='bbox 3441 1841 3522 1896; x_wconf 78' lang='lat' dir='ltr'><strong>his</strong></span> 
     </span>
    </p>
   </div>
   <div class='ocr_carea' id='block_1_34' title="bbox 255 1927 1830 1996">
    <p class='ocr_par' dir='ltr' id='par_1_34' title="bbox 255 1927 1830 1996">
     <span class='ocr_line' id='line_1_34' title="bbox 255 1927 1830 1996; baseline -0.003 -12"><span class='ocrx_word' id='word_1_235' title='bbox 255 1936 340 1984; x_wconf 90' lang='lat' dir='ltr'><strong>est</strong></span> <span class='ocrx_word' id='word_1_236' title='bbox 371 1928 664 1993; x_wconf 84' lang='lat' dir='ltr'><strong>impudenti</strong></span> <span class='ocrx_word' id='word_1_237' title='bbox 691 1928 1050 1982; x_wconf 85' lang='lat' dir='ltr'><strong>obstinatione</strong></span> <span class='ocrx_word' id='word_1_238' title='bbox 1079 1927 1377 1996; x_wconf 68' lang='lat' dir='ltr'><strong>repudiwt.</strong></span> <span class='ocrx_word' id='word_1_239' title='bbox 1403 1927 1532 1994; x_wconf 86' lang='lat' dir='ltr'><strong>Quis</strong></span> <span class='ocrx_word' id='word_1_240' title='bbox 1554 1927 1699 1980; x_wconf 86' lang='lat' dir='ltr'><strong>enim</strong></span> <span class='ocrx_word' id='word_1_241' title='bbox 1724 1942 1830 1980; x_wconf 92' lang='lat' dir='ltr'><strong>non</strong></span> 
     </span>
    </p>
   </div>
   <div class='ocr_carea' id='block_1_35' title="bbox 251 2016 1888 2090">
    <p class='ocr_par' dir='ltr' id='par_1_35' title="bbox 251 2016 1888 2090">
     <span class='ocr_line' id='line_1_35' title="bbox 251 2016 1888 2090; baseline 0 -17"><span class='ocrx_word' id='word_1_242' title='bbox 251 2020 432 2076; x_wconf 81' lang='lat' dir='ltr'><strong>videat</strong></span> <span class='ocrx_word' id='word_1_243' title='bbox 453 2021 738 2090; x_wconf 90' lang='lat' dir='ltr'><strong>plurimum</strong></span> <span class='ocrx_word' id='word_1_244' title='bbox 758 2019 822 2075; x_wconf 91' lang='lat' dir='ltr'><strong>ad</strong></span> <span class='ocrx_word' id='word_1_245' title='bbox 843 2022 1099 2076; x_wconf 86' lang='lat' dir='ltr'><strong>bonarum</strong></span> <span class='ocrx_word' id='word_1_246' title='bbox 1123 2023 1311 2074; x_wconf 89' lang='lat' dir='ltr'><strong>artium</strong></span> <span class='ocrx_word' id='word_1_247' title='bbox 1331 2021 1516 2075; x_wconf 90' lang='lat' dir='ltr'><strong>valere</strong></span> <span class='ocrx_word' id='word_1_248' title='bbox 1533 2020 1827 2085; x_wconf 84' lang='lat' dir='ltr'><strong>defectum,</strong></span> <span class='ocrx_word' id='word_1_249' title='bbox 1863 2016 1888 2030; x_wconf 74' lang='grc'><strong>⁵</strong></span> 
     </span>
    </p>
   </div>
   <div class='ocr_carea' id='block_1_36' title="bbox 252 2113 1830 2184">
    <p class='ocr_par' dir='ltr' id='par_1_36' title="bbox 252 2113 1830 2184">
     <span class='ocr_line' id='line_1_36' title="bbox 252 2113 1830 2184; baseline 0 -16"><span class='ocrx_word' id='word_1_250' title='bbox 252 2113 297 2168; x_wconf 93' lang='lat' dir='ltr'><strong>si</strong></span> <span class='ocrx_word' id='word_1_251' title='bbox 327 2113 465 2184; x_wconf 91' lang='lat' dir='ltr'><strong>apud</strong></span> <span class='ocrx_word' id='word_1_252' title='bbox 507 2123 714 2168; x_wconf 88' lang='lat' dir='ltr'><strong>mentes</strong></span> <span class='ocrx_word' id='word_1_253' title='bbox 757 2113 1031 2168; x_wconf 89' lang='lat' dir='ltr'><strong>hominum</strong></span> <span class='ocrx_word' id='word_1_254' title='bbox 1084 2128 1353 2183; x_wconf 88' lang='lat' dir='ltr'><strong>nunquam</strong></span> <span class='ocrx_word' id='word_1_255' title='bbox 1410 2115 1480 2168; x_wconf 90' lang='lat' dir='ltr'><strong>sit</strong></span> <span class='ocrx_word' id='word_1_256' title='bbox 1523 2114 1830 2182; x_wconf 72' lang='lat' dir='ltr'><strong>desprratio</strong></span> 
     </span>
    </p>
   </div>
   <div class='ocr_carea' id='block_1_37' title="bbox 251 2204 1831 2275">
    <p class='ocr_par' dir='ltr' id='par_1_37' title="bbox 251 2204 1831 2275">
     <span class='ocr_line' id='line_1_37' title="bbox 251 2204 1831 2275; baseline 0 -15"><span class='ocrx_word' id='word_1_257' title='bbox 251 2205 611 2275; x_wconf 77' lang='lat' dir='ltr'><strong>displicendi?</strong></span> <span class='ocrx_word' id='word_1_258' title='bbox 658 2204 764 2260; x_wconf 84' lang='lat' dir='ltr'><strong>Sed</strong></span> <span class='ocrx_word' id='word_1_259' title='bbox 835 2206 949 2260; x_wconf 75' lang='lat' dir='ltr'><strong>htec</strong></span> <span class='ocrx_word' id='word_1_260' title='bbox 1005 2207 1283 2260; x_wconf 89' lang='lat' dir='ltr'><strong>hactenus.</strong></span> <span class='ocrx_word' id='word_1_261' title='bbox 1344 2205 1493 2260; x_wconf 82' lang='lat' dir='ltr'><strong>Nunc</strong></span> <span class='ocrx_word' id='word_1_262' title='bbox 1553 2205 1831 2260; x_wconf 82' lang='lat' dir='ltr'><strong>divisionis</strong></span> 
     </span>
    </p>
   </div>
   <div class='ocr_carea' id='block_1_38' title="bbox 253 2295 1832 2365">
    <p class='ocr_par' dir='ltr' id='par_1_38' title="bbox 253 2295 1832 2365">
     <span class='ocr_line' id='line_1_38' title="bbox 253 2295 1832 2365; baseline 0 -15"><span class='ocrx_word' id='word_1_263' title='bbox 253 2295 423 2365; x_wconf 82' lang='lat' dir='ltr'><strong>ipsius</strong></span> <span class='ocrx_word' id='word_1_264' title='bbox 465 2311 661 2351; x_wconf 91' lang='lat' dir='ltr'><strong>nomen</strong></span> <span class='ocrx_word' id='word_1_265' title='bbox 693 2295 1036 2351; x_wconf 89' lang='lat' dir='ltr'><strong>dividendum</strong></span> <span class='ocrx_word' id='word_1_266' title='bbox 1068 2304 1172 2363; x_wconf 87' lang='lat' dir='ltr'><strong>est,</strong></span> <span class='ocrx_word' id='word_1_267' title='bbox 1211 2306 1264 2350; x_wconf 89' lang='lat' dir='ltr'><strong>et</strong></span> <span class='ocrx_word' id='word_1_268' title='bbox 1299 2297 1591 2351; x_wconf 91' lang='lat' dir='ltr'><strong>secundum</strong></span> <span class='ocrx_word' id='word_1_269' title='bbox 1642 2312 1832 2350; x_wconf 85' lang='lat' dir='ltr'><strong>unum-</strong></span> 
     </span>
    </p>
   </div>
   <div class='ocr_carea' id='block_1_39' title="bbox 253 2387 1831 2460">
    <p class='ocr_par' dir='ltr' id='par_1_39' title="bbox 253 2387 1831 2460">
     <span class='ocr_line' id='line_1_39' title="bbox 253 2387 1831 2460; baseline 0.001 -17"><span class='ocrx_word' id='word_1_270' title='bbox 253 2389 865 2460; x_wconf 64' lang='lat' dir='ltr'><strong>quodqueaocabulum</strong></span> <span class='ocrx_word' id='word_1_271' title='bbox 913 2387 1335 2458; x_wconf 71' lang='lat' dir='ltr'><strong>uniuscujusque</strong></span> <span class='ocrx_word' id='word_1_272' title='bbox 1391 2391 1652 2459; x_wconf 79' lang='lat' dir='ltr'><strong>propositi</strong></span> <span class='ocrx_word' id='word_1_273' title='bbox 1704 2405 1831 2460; x_wconf 85' lang='lat' dir='ltr'><strong>pro-</strong></span> 
     </span>
    </p>
   </div>
   <div class='ocr_carea' id='block_1_40' title="bbox 251 2480 1831 2552">
    <p class='ocr_par' dir='ltr' id='par_1_40' title="bbox 251 2480 1831 2552">
     <span class='ocr_line' id='line_1_40' title="bbox 251 2480 1831 2552; baseline 0.004 -20"><span class='ocrx_word' id='word_1_274' title='bbox 251 2480 508 2546; x_wconf 88' lang='lat' dir='ltr'><strong>prietates</strong></span> <span class='ocrx_word' id='word_1_275' title='bbox 540 2490 823 2550; x_wconf 74' lang='lat' dir='ltr'><strong>partesque</strong></span> <span class='ocrx_word' id='word_1_276' title='bbox 853 2481 1126 2536; x_wconf 72' lang='lat' dir='ltr'><strong>tradenda:</strong></span> <span class='ocrx_word' id='word_1_277' title='bbox 1166 2491 1308 2536; x_wconf 92' lang='lat' dir='ltr'><strong>sunt.</strong></span> <span class='ocrx_word' id='word_1_278' title='bbox 1351 2481 1556 2537; x_wconf 87' lang='lat' dir='ltr'><strong>Divisio</strong></span> <span class='ocrx_word' id='word_1_279' title='bbox 1601 2499 1831 2552; x_wconf 89' lang='lat' dir='ltr'><strong>namque</strong></span> 
     </span>
    </p>
   </div>
   <div class='ocr_carea' id='block_1_41' title="bbox 251 2572 1829 2644">
    <p class='ocr_par' dir='ltr' id='par_1_41' title="bbox 251 2572 1829 2644">
     <span class='ocr_line' id='line_1_41' title="bbox 251 2572 1829 2644; baseline 0.002 -18"><span class='ocrx_word' id='word_1_280' title='bbox 251 2572 433 2626; x_wconf 84' lang='lat' dir='ltr'><strong>multis</strong></span> <span class='ocrx_word' id='word_1_281' title='bbox 464 2573 640 2628; x_wconf 87' lang='lat' dir='ltr'><strong>modis</strong></span> <span class='ocrx_word' id='word_1_282' title='bbox 689 2573 902 2628; x_wconf 88' lang='lat' dir='ltr'><strong>dicitur.</strong></span> <span class='ocrx_word' id='word_1_283' title='bbox 958 2573 1054 2628; x_wconf 88' lang='lat' dir='ltr'><strong>Est</strong></span> <span class='ocrx_word' id='word_1_284' title='bbox 1083 2577 1224 2628; x_wconf 87' lang='lat' dir='ltr'><strong>enim</strong></span> <span class='ocrx_word' id='word_1_285' title='bbox 1273 2573 1467 2628; x_wconf 88' lang='lat' dir='ltr'><strong>divisio</strong></span> <span class='ocrx_word' id='word_1_286' title='bbox 1513 2576 1729 2644; x_wconf 82' lang='lat' dir='ltr'><strong>generis</strong></span> <span class='ocrx_word' id='word_1_287' title='bbox 1778 2578 1829 2630; x_wconf 93' lang='lat' dir='ltr'><strong>in</strong></span> 
     </span>
    </p>
   </div>
   <div class='ocr_carea' id='block_1_42' title="bbox 251 2664 1832 2737">
    <p class='ocr_par' dir='ltr' id='par_1_42' title="bbox 251 2664 1832 2737">
     <span class='ocr_line' id='line_1_42' title="bbox 251 2664 1832 2737; baseline 0.003 -19"><span class='ocrx_word' id='word_1_288' title='bbox 251 2664 480 2732; x_wconf 77' lang='lat' dir='ltr'><strong>species.</strong></span> <span class='ocrx_word' id='word_1_289' title='bbox 507 2666 601 2718; x_wconf 87' lang='lat' dir='ltr'><strong>Est</strong></span> <span class='ocrx_word' id='word_1_290' title='bbox 623 2681 810 2719; x_wconf 86' lang='lat' dir='ltr'><strong>rursus</strong></span> <span class='ocrx_word' id='word_1_291' title='bbox 833 2665 1027 2720; x_wconf 88' lang='lat' dir='ltr'><strong>divisio</strong></span> <span class='ocrx_word' id='word_1_292' title='bbox 1052 2680 1172 2720; x_wconf 91' lang='lat' dir='ltr'><strong>cum</strong></span> <span class='ocrx_word' id='word_1_293' title='bbox 1203 2675 1372 2720; x_wconf 89' lang='lat' dir='ltr'><strong>totum</strong></span> <span class='ocrx_word' id='word_1_294' title='bbox 1401 2666 1452 2720; x_wconf 91' lang='lat' dir='ltr'><strong>in</strong></span> <span class='ocrx_word' id='word_1_295' title='bbox 1479 2672 1719 2737; x_wconf 82' lang='lat' dir='ltr'><strong>proprias</strong></span> <span class='ocrx_word' id='word_1_296' title='bbox 1751 2669 1832 2722; x_wconf 86' lang='lat' dir='ltr'><strong>di-</strong></span> 
     </span>
    </p>
   </div>
   <div class='ocr_carea' id='block_1_43' title="bbox 249 2755 1831 2832">
    <p class='ocr_par' dir='ltr' id='par_1_43' title="bbox 249 2755 1831 2832">
     <span class='ocr_line' id='line_1_43' title="bbox 249 2755 1831 2832; baseline 0.004 -22"><span class='ocrx_word' id='word_1_297' title='bbox 249 2755 448 2812; x_wconf 77' lang='lat' dir='ltr'><strong>viditur</strong></span> <span class='ocrx_word' id='word_1_298' title='bbox 476 2767 674 2827; x_wconf 88' lang='lat' dir='ltr'><strong>partes.</strong></span> <span class='ocrx_word' id='word_1_299' title='bbox 707 2759 802 2813; x_wconf 85' lang='lat' dir='ltr'><strong>Est</strong></span> <span class='ocrx_word' id='word_1_300' title='bbox 831 2760 964 2826; x_wconf 88' lang='lat' dir='ltr'><strong>alia,</strong></span> <span class='ocrx_word' id='word_1_301' title='bbox 997 2775 1118 2814; x_wconf 91' lang='lat' dir='ltr'><strong>cum</strong></span> <span class='ocrx_word' id='word_1_302' title='bbox 1151 2777 1251 2816; x_wconf 76' lang='lat' dir='ltr'><strong>vox</strong></span> <span class='ocrx_word' id='word_1_303' title='bbox 1309 2763 1473 2817; x_wconf 86' lang='lat' dir='ltr'><strong>multa</strong></span> <span class='ocrx_word' id='word_1_304' title='bbox 1519 2762 1831 2832; x_wconf 81' lang='lat' dir='ltr'><strong>significans</strong></span> 
     </span>
    </p>
   </div>
   <div class='ocr_carea' id='block_1_44' title="bbox 249 2846 1833 2923">
    <p class='ocr_par' dir='ltr' id='par_1_44' title="bbox 249 2846 1833 2923">
     <span class='ocr_line' id='line_1_44' title="bbox 249 2846 1833 2923; baseline 0.006 -22"><span class='ocrx_word' id='word_1_305' title='bbox 249 2846 306 2902; x_wconf 80' lang='lat' dir='ltr'><strong>in</strong></span> <span class='ocrx_word' id='word_1_306' title='bbox 334 2848 758 2918; x_wconf 75' lang='lat' dir='ltr'><strong>significationes</strong></span> <span class='ocrx_word' id='word_1_307' title='bbox 789 2855 1038 2922; x_wconf 84' lang='lat' dir='ltr'><strong>proprias</strong></span> <span class='ocrx_word' id='word_1_308' title='bbox 1061 2855 1249 2923; x_wconf 90' lang='lat' dir='ltr'><strong>recipit</strong></span> <span class='ocrx_word' id='word_1_309' title='bbox 1273 2855 1590 2910; x_wconf 87' lang='lat' dir='ltr'><strong>sectionem.</strong></span> <span class='ocrx_word' id='word_1_310' title='bbox 1633 2857 1833 2913; x_wconf 75' lang='lat' dir='ltr'><strong>Prteter</strong></span> 
     </span>
    </p>
   </div>
   <div class='ocr_carea' id='block_1_45' title="bbox 249 2939 1831 3014">
    <p class='ocr_par' dir='ltr' id='par_1_45' title="bbox 249 2939 1831 3014">
     <span class='ocr_line' id='line_1_45' title="bbox 249 2939 1831 3014; baseline 0.004 -20"><span class='ocrx_word' id='word_1_311' title='bbox 249 2939 350 2995; x_wconf 86' lang='lat' dir='ltr'><strong>has</strong></span> <span class='ocrx_word' id='word_1_312' title='bbox 375 2949 500 3005; x_wconf 84' lang='lat' dir='ltr'><strong>tres,</strong></span> <span class='ocrx_word' id='word_1_313' title='bbox 526 2952 608 2996; x_wconf 91' lang='lat' dir='ltr'><strong>est</strong></span> <span class='ocrx_word' id='word_1_314' title='bbox 629 2943 732 2996; x_wconf 88' lang='lat' dir='ltr'><strong>alia</strong></span> <span class='ocrx_word' id='word_1_315' title='bbox 757 2945 951 2999; x_wconf 84' lang='lat' dir='ltr'><strong>divisio</strong></span> <span class='ocrx_word' id='word_1_316' title='bbox 972 2961 1089 3014; x_wconf 71' lang='lat' dir='ltr'><strong>qua:</strong></span> <span class='ocrx_word' id='word_1_317' title='bbox 1115 2947 1406 3000; x_wconf 88' lang='lat' dir='ltr'><strong>secundum</strong></span> <span class='ocrx_word' id='word_1_318' title='bbox 1438 2947 1687 3002; x_wconf 90' lang='lat' dir='ltr'><strong>accidens</strong></span> <span class='ocrx_word' id='word_1_319' title='bbox 1717 2948 1831 3002; x_wconf 90' lang='lat' dir='ltr'><strong>fieri</strong></span> 
     </span>
    </p>
   </div>
   <div class='ocr_carea' id='block_1_46' title="bbox 253 3032 1828 3109">
    <p class='ocr_par' dir='ltr' id='par_1_46' title="bbox 253 3032 1828 3109">
     <span class='ocr_line' id='line_1_46' title="bbox 253 3032 1828 3109; baseline 0.004 -21"><span class='ocrx_word' id='word_1_320' title='bbox 253 3032 467 3089; x_wconf 87' lang='lat' dir='ltr'><strong>dicitur.</strong></span> <span class='ocrx_word' id='word_1_321' title='bbox 504 3035 670 3107; x_wconf 72' lang='lat' dir='ltr'><strong>Hujus</strong></span> <span class='ocrx_word' id='word_1_322' title='bbox 708 3048 885 3092; x_wconf 89' lang='lat' dir='ltr'><strong>autem</strong></span> <span class='ocrx_word' id='word_1_323' title='bbox 927 3048 1009 3093; x_wconf 89' lang='lat' dir='ltr'><strong>est</strong></span> <span class='ocrx_word' id='word_1_324' title='bbox 1045 3040 1236 3109; x_wconf 80' lang='lat' dir='ltr'><strong>triplex</strong></span> <span class='ocrx_word' id='word_1_325' title='bbox 1286 3040 1496 3103; x_wconf 90' lang='lat' dir='ltr'><strong>modus,</strong></span> <span class='ocrx_word' id='word_1_326' title='bbox 1546 3056 1680 3094; x_wconf 92' lang='lat' dir='ltr'><strong>unus</strong></span> <span class='ocrx_word' id='word_1_327' title='bbox 1710 3056 1828 3094; x_wconf 82' lang='lat' dir='ltr'><strong>cum</strong></span> 
     </span>
    </p>
   </div>
   <div class='ocr_carea' id='block_1_47' title="bbox 251 3126 1829 3199">
    <p class='ocr_par' dir='ltr' id='par_1_47' title="bbox 251 3126 1829 3199">
     <span class='ocr_line' id='line_1_47' title="bbox 251 3126 1829 3199; baseline 0.004 -19"><span class='ocrx_word' id='word_1_328' title='bbox 251 3126 552 3194; x_wconf 81' lang='lat' dir='ltr'><strong>subjectum</strong></span> <span class='ocrx_word' id='word_1_329' title='bbox 581 3129 634 3182; x_wconf 90' lang='lat' dir='ltr'><strong>in</strong></span> <span class='ocrx_word' id='word_1_330' title='bbox 664 3128 957 3184; x_wconf 85' lang='lat' dir='ltr'><strong>accidentia</strong></span> <span class='ocrx_word' id='word_1_331' title='bbox 995 3145 1330 3199; x_wconf 87' lang='lat' dir='ltr'><strong>separamus,</strong></span> <span class='ocrx_word' id='word_1_332' title='bbox 1371 3131 1505 3187; x_wconf 90' lang='lat' dir='ltr'><strong>alius</strong></span> <span class='ocrx_word' id='word_1_333' title='bbox 1530 3149 1650 3186; x_wconf 91' lang='lat' dir='ltr'><strong>cum</strong></span> <span class='ocrx_word' id='word_1_334' title='bbox 1686 3135 1829 3187; x_wconf 85' lang='lat' dir='ltr'><strong>acci-</strong></span> 
     </span>
    </p>
   </div>
   <div class='ocr_carea' id='block_1_48' title="bbox 1936 1924 3523 2000">
    <p class='ocr_par' dir='ltr' id='par_1_48' title="bbox 1936 1924 3523 2000">
     <span class='ocr_line' id='line_1_48' title="bbox 1936 1924 3523 2000; baseline 0.007 -22"><span class='ocrx_word' id='word_1_335' title='bbox 1936 1924 2268 1993; x_wconf 86' lang='lat' dir='ltr'><strong>subjectum,</strong></span> <span class='ocrx_word' id='word_1_336' title='bbox 2303 1942 2406 1980; x_wconf 90' lang='lat' dir='ltr'><strong>non</strong></span> <span class='ocrx_word' id='word_1_337' title='bbox 2462 1928 2650 1983; x_wconf 89' lang='lat' dir='ltr'><strong>horum</strong></span> <span class='ocrx_word' id='word_1_338' title='bbox 2691 1944 2859 2000; x_wconf 74' lang='lat' dir='ltr'><strong>genus</strong></span> <span class='ocrx_word' id='word_1_339' title='bbox 2898 1943 2998 1985; x_wconf 91' lang='lat' dir='ltr'><strong>est.</strong></span> <span class='ocrx_word' id='word_1_340' title='bbox 3040 1933 3346 1988; x_wconf 76' lang='lat' dir='ltr'><strong>Accidentis</strong></span> <span class='ocrx_word' id='word_1_341' title='bbox 3396 1949 3523 1989; x_wconf 90' lang='lat' dir='ltr'><strong>vero</strong></span> 
     </span>
    </p>
   </div>
   <div class='ocr_carea' id='block_1_49' title="bbox 1936 2016 3524 2097">
    <p class='ocr_par' dir='ltr' id='par_1_49' title="bbox 1936 2016 3524 2097">
     <span class='ocr_line' id='line_1_49' title="bbox 1936 2016 3524 2097; baseline 0.007 -27"><span class='ocrx_word' id='word_1_342' title='bbox 1936 2016 1991 2070; x_wconf 91' lang='lat' dir='ltr'><strong>in</strong></span> <span class='ocrx_word' id='word_1_343' title='bbox 2023 2016 2263 2087; x_wconf 70' lang='lat' dir='ltr'><strong>subjecta</strong></span> <span class='ocrx_word' id='word_1_344' title='bbox 2305 2020 2474 2076; x_wconf 90' lang='lat' dir='ltr'><strong>sectio</strong></span> <span class='ocrx_word' id='word_1_345' title='bbox 2507 2023 2706 2087; x_wconf 91' lang='lat' dir='ltr'><strong>evenit,</strong></span> <span class='ocrx_word' id='word_1_346' title='bbox 2739 2031 2798 2076; x_wconf 91' lang='lat' dir='ltr'><strong>ut</strong></span> <span class='ocrx_word' id='word_1_347' title='bbox 2826 2031 2909 2078; x_wconf 90' lang='lat' dir='ltr'><strong>est</strong></span> <span class='ocrx_word' id='word_1_348' title='bbox 2944 2025 3183 2079; x_wconf 92' lang='lat' dir='ltr'><strong>omnium</strong></span> <span class='ocrx_word' id='word_1_349' title='bbox 3215 2042 3334 2095; x_wconf 70' lang='lat' dir='ltr'><strong>qua:</strong></span> <span class='ocrx_word' id='word_1_350' title='bbox 3363 2043 3524 2097; x_wconf 65' lang='lat' dir='ltr'><strong>expc.</strong></span> 
     </span>
    </p>
   </div>
   <div class='ocr_carea' id='block_1_50' title="bbox 1937 2111 3520 2184">
    <p class='ocr_par' dir='ltr' id='par_1_50' title="bbox 1937 2111 3520 2184">
     <span class='ocr_line' id='line_1_50' title="bbox 1937 2111 3520 2184; baseline 0.008 -22"><span class='ocrx_word' id='word_1_351' title='bbox 1937 2116 2138 2172; x_wconf 88' lang='lat' dir='ltr'><strong>tuntur,</strong></span> <span class='ocrx_word' id='word_1_352' title='bbox 2171 2111 2275 2164; x_wconf 90' lang='lat' dir='ltr'><strong>alia</strong></span> <span class='ocrx_word' id='word_1_353' title='bbox 2310 2112 2360 2164; x_wconf 91' lang='lat' dir='ltr'><strong>in</strong></span> <span class='ocrx_word' id='word_1_354' title='bbox 2390 2113 2589 2178; x_wconf 92' lang='lat' dir='ltr'><strong>anima,</strong></span> <span class='ocrx_word' id='word_1_355' title='bbox 2630 2115 2735 2167; x_wconf 89' lang='lat' dir='ltr'><strong>alia</strong></span> <span class='ocrx_word' id='word_1_356' title='bbox 2784 2117 2836 2168; x_wconf 91' lang='lat' dir='ltr'><strong>in</strong></span> <span class='ocrx_word' id='word_1_357' title='bbox 2878 2116 3192 2184; x_wconf 90' lang='lat' dir='ltr'><strong>corporibus</strong></span> <span class='ocrx_word' id='word_1_358' title='bbox 3233 2119 3333 2173; x_wconf 87' lang='lat' dir='ltr'><strong>sita</strong></span> <span class='ocrx_word' id='word_1_359' title='bbox 3376 2130 3520 2176; x_wconf 90' lang='lat' dir='ltr'><strong>sunt.</strong></span> 
     </span>
    </p>
   </div>
   <div class='ocr_carea' id='block_1_51' title="bbox 1937 2199 3522 2279">
    <p class='ocr_par' dir='ltr' id='par_1_51' title="bbox 1937 2199 3522 2279">
     <span class='ocr_line' id='line_1_51' title="bbox 1937 2199 3522 2279; baseline 0.009 -27"><span class='ocrx_word' id='word_1_360' title='bbox 1937 2199 2144 2254; x_wconf 79' lang='lat' dir='ltr'><strong>Animae</strong></span> <span class='ocrx_word' id='word_1_361' title='bbox 2196 2215 2427 2269; x_wconf 84' lang='lat' dir='ltr'><strong>namque</strong></span> <span class='ocrx_word' id='word_1_362' title='bbox 2473 2213 2633 2274; x_wconf 89' lang='lat' dir='ltr'><strong>atque</strong></span> <span class='ocrx_word' id='word_1_363' title='bbox 2678 2208 2890 2275; x_wconf 90' lang='lat' dir='ltr'><strong>corpori</strong></span> <span class='ocrx_word' id='word_1_364' title='bbox 2965 2208 3015 2262; x_wconf 92' lang='lat' dir='ltr'><strong>id</strong></span> <span class='ocrx_word' id='word_1_365' title='bbox 3066 2208 3207 2275; x_wconf 87' lang='lat' dir='ltr'><strong>quod</strong></span> <span class='ocrx_word' id='word_1_366' title='bbox 3257 2214 3522 2279; x_wconf 77' lang='lat' dir='ltr'><strong>expetitur</strong></span> 
     </span>
    </p>
   </div>
   <div class='ocr_carea' id='block_1_52' title="bbox 1936 2293 3523 2370">
    <p class='ocr_par' dir='ltr' id='par_1_52' title="bbox 1936 2293 3523 2370">
     <span class='ocr_line' id='line_1_52' title="bbox 1936 2293 3523 2370; baseline 0.009 -26"><span class='ocrx_word' id='word_1_367' title='bbox 1936 2293 2329 2358; x_wconf 81' lang='lat' dir='ltr'><strong>accidens,non</strong></span> <span class='ocrx_word' id='word_1_368' title='bbox 2359 2308 2745 2364; x_wconf 87' lang='lat' dir='ltr'><strong>genus,est,et</strong></span> <span class='ocrx_word' id='word_1_369' title='bbox 2771 2300 2892 2354; x_wconf 90' lang='lat' dir='ltr'><strong>boni</strong></span> <span class='ocrx_word' id='word_1_370' title='bbox 2926 2300 3066 2370; x_wconf 87' lang='lat' dir='ltr'><strong>quod</strong></span> <span class='ocrx_word' id='word_1_371' title='bbox 3098 2301 3150 2356; x_wconf 93' lang='lat' dir='ltr'><strong>in</strong></span> <span class='ocrx_word' id='word_1_372' title='bbox 3183 2304 3358 2357; x_wconf 90' lang='lat' dir='ltr'><strong>anima</strong></span> <span class='ocrx_word' id='word_1_373' title='bbox 3389 2316 3439 2359; x_wconf 82' lang='lat' dir='ltr'><strong>ct</strong></span> <span class='ocrx_word' id='word_1_374' title='bbox 3471 2308 3523 2366; x_wconf 80' lang='lat' dir='ltr'><strong>in</strong></span> 
     </span>
    </p>
   </div>
   <div class='ocr_carea' id='block_1_53' title="bbox 1935 2390 3524 2464">
    <p class='ocr_par' dir='ltr' id='par_1_53' title="bbox 1935 2390 3524 2464">
     <span class='ocr_line' id='line_1_53' title="bbox 1935 2390 3524 2464; baseline 0.011 -28"><span class='ocrx_word' id='word_1_375' title='bbox 1935 2397 2160 2452; x_wconf 89' lang='lat' dir='ltr'><strong>corpore</strong></span> <span class='ocrx_word' id='word_1_376' title='bbox 2193 2397 2271 2440; x_wconf 88' lang='lat' dir='ltr'><strong>est</strong></span> <span class='ocrx_word' id='word_1_377' title='bbox 2301 2390 2460 2441; x_wconf 89' lang='lat' dir='ltr'><strong>situm</strong></span> <span class='ocrx_word' id='word_1_378' title='bbox 2495 2405 2598 2444; x_wconf 92' lang='lat' dir='ltr'><strong>non</strong></span> <span class='ocrx_word' id='word_1_379' title='bbox 2631 2399 2760 2444; x_wconf 90' lang='lat' dir='ltr'><strong>sunt</strong></span> <span class='ocrx_word' id='word_1_380' title='bbox 2810 2391 2921 2446; x_wconf 70' lang='lat' dir='ltr'><strong>hrec</strong></span> <span class='ocrx_word' id='word_1_381' title='bbox 2955 2396 3184 2458; x_wconf 78' lang='lat' dir='ltr'><strong>Species,</strong></span> <span class='ocrx_word' id='word_1_382' title='bbox 3217 2399 3309 2449; x_wconf 91' lang='lat' dir='ltr'><strong>sed</strong></span> <span class='ocrx_word' id='word_1_383' title='bbox 3343 2398 3524 2464; x_wconf 76' lang='lat' dir='ltr'><strong>subje-</strong></span> 
     </span>
    </p>
   </div>
   <div class='ocr_carea' id='block_1_54' title="bbox 1935 2478 3524 2552">
    <p class='ocr_par' dir='ltr' id='par_1_54' title="bbox 1935 2478 3524 2552">
     <span class='ocr_line' id='line_1_54' title="bbox 1935 2478 3524 2552; baseline 0.01 -24"><span class='ocrx_word' id='word_1_384' title='bbox 1935 2484 2042 2529; x_wconf 86' lang='lat' dir='ltr'><strong>cta.</strong></span> <span class='ocrx_word' id='word_1_385' title='bbox 2094 2478 2398 2531; x_wconf 83' lang='lat' dir='ltr'><strong>Accidentis</strong></span> <span class='ocrx_word' id='word_1_386' title='bbox 2446 2494 2575 2533; x_wconf 90' lang='lat' dir='ltr'><strong>vero</strong></span> <span class='ocrx_word' id='word_1_387' title='bbox 2627 2481 2679 2534; x_wconf 90' lang='lat' dir='ltr'><strong>in</strong></span> <span class='ocrx_word' id='word_1_388' title='bbox 2735 2483 3030 2537; x_wconf 88' lang='lat' dir='ltr'><strong>accidentia</strong></span> <span class='ocrx_word' id='word_1_389' title='bbox 3077 2485 3272 2539; x_wconf 88' lang='lat' dir='ltr'><strong>divisio</strong></span> <span class='ocrx_word' id='word_1_390' title='bbox 3319 2498 3421 2552; x_wconf 87' lang='lat' dir='ltr'><strong>est,</strong></span> <span class='ocrx_word' id='word_1_391' title='bbox 3468 2498 3524 2545; x_wconf 89' lang='lat' dir='ltr'><strong>ut</strong></span> 
     </span>
    </p>
   </div>
   <div class='ocr_carea' id='block_1_55' title="bbox 1936 2570 3522 2647">
    <p class='ocr_par' dir='ltr' id='par_1_55' title="bbox 1936 2570 3522 2647">
     <span class='ocr_line' id='line_1_55' title="bbox 1936 2570 3522 2647; baseline 0.008 -25"><span class='ocrx_word' id='word_1_392' title='bbox 1936 2571 2172 2623; x_wconf 89' lang='lat' dir='ltr'><strong>omnium</strong></span> <span class='ocrx_word' id='word_1_393' title='bbox 2215 2570 2588 2626; x_wconf 88' lang='lat' dir='ltr'><strong>candidorum.</strong></span> <span class='ocrx_word' id='word_1_394' title='bbox 2622 2572 2723 2627; x_wconf 86' lang='lat' dir='ltr'><strong>alia</strong></span> <span class='ocrx_word' id='word_1_395' title='bbox 2772 2583 2895 2628; x_wconf 88' lang='lat' dir='ltr'><strong>sunt</strong></span> <span class='ocrx_word' id='word_1_396' title='bbox 2932 2576 3086 2639; x_wconf 90' lang='lat' dir='ltr'><strong>dura,</strong></span> <span class='ocrx_word' id='word_1_397' title='bbox 3121 2588 3176 2630; x_wconf 87' lang='lat' dir='ltr'><strong>ut</strong></span> <span class='ocrx_word' id='word_1_398' title='bbox 3216 2584 3522 2647; x_wconf 86' lang='lat' dir='ltr'><strong>margarita,</strong></span> 
     </span>
    </p>
   </div>
   <div class='ocr_carea' id='block_1_56' title="bbox 1936 2660 3524 2741">
    <p class='ocr_par' dir='ltr' id='par_1_56' title="bbox 1936 2660 3524 2741">
     <span class='ocr_line' id='line_1_56' title="bbox 1936 2660 3524 2741; baseline 0.009 -29"><span class='ocrx_word' id='word_1_399' title='bbox 1936 2661 2036 2714; x_wconf 75' lang='lat' dir='ltr'><strong>alia</strong></span> <span class='ocrx_word' id='word_1_400' title='bbox 2063 2660 2342 2728; x_wconf 88' lang='lat' dir='ltr'><strong>liquentia,</strong></span> <span class='ocrx_word' id='word_1_401' title='bbox 2371 2671 2428 2714; x_wconf 91' lang='lat' dir='ltr'><strong>ut</strong></span> <span class='ocrx_word' id='word_1_402' title='bbox 2454 2663 2555 2715; x_wconf 86' lang='lat' dir='ltr'><strong>lac.</strong></span> <span class='ocrx_word' id='word_1_403' title='bbox 2589 2663 2788 2732; x_wconf 87' lang='lat' dir='ltr'><strong>Liquor</strong></span> <span class='ocrx_word' id='word_1_404' title='bbox 2815 2680 3043 2734; x_wconf 83' lang='lat' dir='ltr'><strong>namque</strong></span> <span class='ocrx_word' id='word_1_405' title='bbox 3064 2678 3118 2721; x_wconf 89' lang='lat' dir='ltr'><strong>et</strong></span> <span class='ocrx_word' id='word_1_406' title='bbox 3143 2670 3335 2724; x_wconf 90' lang='lat' dir='ltr'><strong>albedo</strong></span> <span class='ocrx_word' id='word_1_407' title='bbox 3364 2679 3524 2741; x_wconf 80' lang='lat' dir='ltr'><strong>atque</strong></span> 
     </span>
    </p>
   </div>
   <div class='ocr_carea' id='block_1_57' title="bbox 1935 2752 3525 2830">
    <p class='ocr_par' dir='ltr' id='par_1_57' title="bbox 1935 2752 3525 2830">
     <span class='ocr_line' id='line_1_57' title="bbox 1935 2752 3525 2830; baseline 0.009 -25"><span class='ocrx_word' id='word_1_408' title='bbox 1935 2752 2159 2807; x_wconf 81' lang='lat' dir='ltr'><strong>durities</strong></span> <span class='ocrx_word' id='word_1_409' title='bbox 2185 2753 2270 2806; x_wconf 91' lang='lat' dir='ltr'><strong>hic</strong></span> <span class='ocrx_word' id='word_1_410' title='bbox 2297 2764 2421 2807; x_wconf 87' lang='lat' dir='ltr'><strong>sunt</strong></span> <span class='ocrx_word' id='word_1_411' title='bbox 2450 2753 2766 2808; x_wconf 81' lang='lat' dir='ltr'><strong>accidentia.</strong></span> <span class='ocrx_word' id='word_1_412' title='bbox 2799 2755 2904 2811; x_wconf 86' lang='lat' dir='ltr'><strong>Sed</strong></span> <span class='ocrx_word' id='word_1_413' title='bbox 2935 2759 3109 2813; x_wconf 92' lang='lat' dir='ltr'><strong>album</strong></span> <span class='ocrx_word' id='word_1_414' title='bbox 3135 2761 3186 2812; x_wconf 94' lang='lat' dir='ltr'><strong>in</strong></span> <span class='ocrx_word' id='word_1_415' title='bbox 3209 2760 3340 2814; x_wconf 89' lang='lat' dir='ltr'><strong>dura</strong></span> <span class='ocrx_word' id='word_1_416' title='bbox 3364 2772 3525 2830; x_wconf 71' lang='lat' dir='ltr'><strong>atque</strong></span> 
     </span>
    </p>
   </div>
   <div class='ocr_carea' id='block_1_58' title="bbox 1935 2842 3524 2919">
    <p class='ocr_par' dir='ltr' id='par_1_58' title="bbox 1935 2842 3524 2919">
     <span class='ocr_line' id='line_1_58' title="bbox 1935 2842 3524 2919; baseline 0.009 -23"><span class='ocrx_word' id='word_1_417' title='bbox 1935 2842 2132 2910; x_wconf 90' lang='lat' dir='ltr'><strong>liquida</strong></span> <span class='ocrx_word' id='word_1_418' title='bbox 2164 2852 2468 2911; x_wconf 88' lang='lat' dir='ltr'><strong>separatum</strong></span> <span class='ocrx_word' id='word_1_419' title='bbox 2512 2858 2613 2900; x_wconf 87' lang='lat' dir='ltr'><strong>est.</strong></span> <span class='ocrx_word' id='word_1_420' title='bbox 2648 2846 2782 2900; x_wconf 87' lang='lat' dir='ltr'><strong>Cum</strong></span> <span class='ocrx_word' id='word_1_421' title='bbox 2813 2863 2942 2916; x_wconf 88' lang='lat' dir='ltr'><strong>ergo</strong></span> <span class='ocrx_word' id='word_1_422' title='bbox 2983 2851 3060 2905; x_wconf 91' lang='lat' dir='ltr'><strong>sic</strong></span> <span class='ocrx_word' id='word_1_423' title='bbox 3095 2853 3342 2919; x_wconf 88' lang='lat' dir='ltr'><strong>dicimus,</strong></span> <span class='ocrx_word' id='word_1_424' title='bbox 3375 2857 3524 2910; x_wconf 83' lang='lat' dir='ltr'><strong>acci-</strong></span> 
     </span>
    </p>
   </div>
   <div class='ocr_carea' id='block_1_59' title="bbox 1937 2935 3522 3017">
    <p class='ocr_par' dir='ltr' id='par_1_59' title="bbox 1937 2935 3522 3017">
     <span class='ocr_line' id='line_1_59' title="bbox 1937 2935 3522 3017; baseline 0.009 -29"><span class='ocrx_word' id='word_1_425' title='bbox 1937 2935 2089 3002; x_wconf 89' lang='lat' dir='ltr'><strong>dens,</strong></span> <span class='ocrx_word' id='word_1_426' title='bbox 2125 2936 2176 2989; x_wconf 87' lang='lat' dir='ltr'><strong>in</strong></span> <span class='ocrx_word' id='word_1_427' title='bbox 2207 2936 2308 2989; x_wconf 91' lang='lat' dir='ltr'><strong>alia</strong></span> <span class='ocrx_word' id='word_1_428' title='bbox 2352 2938 2653 2993; x_wconf 87' lang='lat' dir='ltr'><strong>accidentia</strong></span> <span class='ocrx_word' id='word_1_429' title='bbox 2697 2955 3030 3009; x_wconf 85' lang='lat' dir='ltr'><strong>separamus,</strong></span> <span class='ocrx_word' id='word_1_430' title='bbox 3081 2947 3173 2998; x_wconf 89' lang='lat' dir='ltr'><strong>sed</strong></span> <span class='ocrx_word' id='word_1_431' title='bbox 3222 2946 3522 3017; x_wconf 86' lang='lat' dir='ltr'><strong>hujusmodi</strong></span> 
     </span>
    </p>
   </div>
   <div class='ocr_carea' id='block_1_60' title="bbox 1936 3027 3523 3105">
    <p class='ocr_par' dir='ltr' id='par_1_60' title="bbox 1936 3027 3523 3105">
     <span class='ocr_line' id='line_1_60' title="bbox 1936 3027 3523 3105; baseline 0.009 -25"><span class='ocrx_word' id='word_1_432' title='bbox 1936 3027 2131 3082; x_wconf 91' lang='lat' dir='ltr'><strong>divisio</strong></span> <span class='ocrx_word' id='word_1_433' title='bbox 2158 3029 2391 3083; x_wconf 86' lang='lat' dir='ltr'><strong>vicissim</strong></span> <span class='ocrx_word' id='word_1_434' title='bbox 2416 3045 2630 3100; x_wconf 72' lang='lat' dir='ltr'><strong>semper</strong></span> <span class='ocrx_word' id='word_1_435' title='bbox 2658 3033 2712 3086; x_wconf 91' lang='lat' dir='ltr'><strong>in</strong></span> <span class='ocrx_word' id='word_1_436' title='bbox 2739 3035 2993 3090; x_wconf 89' lang='lat' dir='ltr'><strong>alterutra</strong></span> <span class='ocrx_word' id='word_1_437' title='bbox 3024 3048 3373 3105; x_wconf 80' lang='lat' dir='ltr'><strong>permittatur.</strong></span> <span class='ocrx_word' id='word_1_438' title='bbox 3405 3041 3523 3095; x_wconf 50' lang='lat' dir='ltr'><strong>Pes.</strong></span> 
     </span>
    </p>
   </div>
   <div class='ocr_carea' id='block_1_61' title="bbox 1938 3121 3523 3198">
    <p class='ocr_par' dir='ltr' id='par_1_61' title="bbox 1938 3121 3523 3198">
     <span class='ocr_line' id='line_1_61' title="bbox 1938 3121 3523 3198; baseline 0.01 -22"><span class='ocrx_word' id='word_1_439' title='bbox 1938 3135 2124 3176; x_wconf 89' lang='lat' dir='ltr'><strong>sumus</strong></span> <span class='ocrx_word' id='word_1_440' title='bbox 2151 3121 2296 3176; x_wconf 90' lang='lat' dir='ltr'><strong>enim</strong></span> <span class='ocrx_word' id='word_1_441' title='bbox 2325 3122 2505 3178; x_wconf 88' lang='lat' dir='ltr'><strong>dicere</strong></span> <span class='ocrx_word' id='word_1_442' title='bbox 2541 3139 2728 3180; x_wconf 87' lang='lat' dir='ltr'><strong>eorum</strong></span> <span class='ocrx_word' id='word_1_443' title='bbox 2769 3144 2888 3195; x_wconf 62' lang='lat' dir='ltr'><strong>quas</strong></span> <span class='ocrx_word' id='word_1_444' title='bbox 2927 3129 3061 3184; x_wconf 91' lang='lat' dir='ltr'><strong>dura</strong></span> <span class='ocrx_word' id='word_1_445' title='bbox 3093 3140 3238 3198; x_wconf 88' lang='lat' dir='ltr'><strong>sunt,</strong></span> <span class='ocrx_word' id='word_1_446' title='bbox 3267 3134 3368 3187; x_wconf 89' lang='lat' dir='ltr'><strong>alia</strong></span> <span class='ocrx_word' id='word_1_447' title='bbox 3399 3145 3523 3193; x_wconf 85' lang='lat' dir='ltr'><strong>sunt</strong></span> 
     </span>
    </p>
   </div>
   <div class='ocr_carea' id='block_1_62' title="bbox 251 3210 1831 3294">
    <p class='ocr_par' dir='ltr' id='par_1_62' title="bbox 251 3218 1829 3292">
     <span class='ocr_line' id='line_1_62' title="bbox 251 3218 1829 3292; baseline 0.003 -18"><span class='ocrx_word' id='word_1_448' title='bbox 251 3219 385 3275; x_wconf 89' lang='lat' dir='ltr'><strong>dens</strong></span> <span class='ocrx_word' id='word_1_449' title='bbox 411 3218 465 3274; x_wconf 83' lang='lat' dir='ltr'><strong>in</strong></span> <span class='ocrx_word' id='word_1_450' title='bbox 492 3221 732 3292; x_wconf 85' lang='lat' dir='ltr'><strong>subjecta</strong></span> <span class='ocrx_word' id='word_1_451' title='bbox 764 3222 1048 3277; x_wconf 81' lang='lat' dir='ltr'><strong>dividimus</strong></span> <span class='ocrx_word' id='word_1_452' title='bbox 1070 3265 1084 3287; x_wconf 94' lang='lat'><strong>,</strong></span> <span class='ocrx_word' id='word_1_453' title='bbox 1131 3225 1317 3279; x_wconf 89' lang='lat' dir='ltr'><strong>tertius</strong></span> <span class='ocrx_word' id='word_1_454' title='bbox 1347 3241 1466 3279; x_wconf 92' lang='lat' dir='ltr'><strong>cum</strong></span> <span class='ocrx_word' id='word_1_455' title='bbox 1495 3226 1749 3280; x_wconf 85' lang='lat' dir='ltr'><strong>accidens</strong></span> <span class='ocrx_word' id='word_1_456' title='bbox 1776 3225 1829 3278; x_wconf 90' lang='lat' dir='ltr'><strong>in</strong></span> 
     </span>
    </p>
   </div>
   <div class='ocr_carea' id='block_1_63' title="bbox 1937 3210 3523 3294">
    <p class='ocr_par' dir='ltr' id='par_1_63' title="bbox 1941 3213 3523 3294">
     <span class='ocr_line' id='line_1_63' title="bbox 1941 3213 3523 3294; baseline 0.011 -29"><span class='ocrx_word' id='word_1_457' title='bbox 1941 3213 2112 3279; x_wconf 88' lang='lat' dir='ltr'><strong>nigra,</strong></span> <span class='ocrx_word' id='word_1_458' title='bbox 2152 3215 2256 3268; x_wconf 87' lang='lat' dir='ltr'><strong>alia</strong></span> <span class='ocrx_word' id='word_1_459' title='bbox 2297 3216 2441 3281; x_wconf 90' lang='lat' dir='ltr'><strong>alba,</strong></span> <span class='ocrx_word' id='word_1_460' title='bbox 2488 3223 2544 3271; x_wconf 85' lang='lat' dir='ltr'><strong>et</strong></span> <span class='ocrx_word' id='word_1_461' title='bbox 2588 3233 2773 3273; x_wconf 88' lang='lat' dir='ltr'><strong>rursus</strong></span> <span class='ocrx_word' id='word_1_462' title='bbox 2803 3236 2988 3275; x_wconf 88' lang='lat' dir='ltr'><strong>eorum</strong></span> <span class='ocrx_word' id='word_1_463' title='bbox 3022 3237 3140 3291; x_wconf 67' lang='lat' dir='ltr'><strong>qua</strong></span> <span class='ocrx_word' id='word_1_464' title='bbox 3173 3225 3389 3294; x_wconf 89' lang='lat' dir='ltr'><strong>liquida,</strong></span> <span class='ocrx_word' id='word_1_465' title='bbox 3422 3228 3523 3283; x_wconf 88' lang='lat' dir='ltr'><strong>alia</strong></span> 
     </span>
    </p>
   </div>
   <div class='ocr_carea' id='block_1_64' title="bbox 253 3310 1829 3385">
    <p class='ocr_par' dir='ltr' id='par_1_64' title="bbox 253 3310 1829 3385">
     <span class='ocr_line' id='line_1_64' title="bbox 253 3310 1829 3385; baseline 0.004 -21"><span class='ocrx_word' id='word_1_466' title='bbox 253 3310 544 3365; x_wconf 85' lang='lat' dir='ltr'><strong>accidentia</strong></span> <span class='ocrx_word' id='word_1_467' title='bbox 579 3313 993 3367; x_wconf 85' lang='lat' dir='ltr'><strong>secamus:hoc</strong></span> <span class='ocrx_word' id='word_1_468' title='bbox 1045 3315 1110 3368; x_wconf 91' lang='lat' dir='ltr'><strong>ita</strong></span> <span class='ocrx_word' id='word_1_469' title='bbox 1164 3316 1239 3379; x_wconf 91' lang='lat' dir='ltr'><strong>fit,</strong></span> <span class='ocrx_word' id='word_1_470' title='bbox 1288 3316 1333 3369; x_wconf 88' lang='lat' dir='ltr'><strong>si</strong></span> <span class='ocrx_word' id='word_1_471' title='bbox 1389 3327 1613 3385; x_wconf 85' lang='lat' dir='ltr'><strong>utraque</strong></span> <span class='ocrx_word' id='word_1_472' title='bbox 1653 3317 1829 3370; x_wconf 85' lang='lat' dir='ltr'><strong>eidem</strong></span> 
     </span>
    </p>
   </div>
   <div class='ocr_carea' id='block_1_65' title="bbox 253 3403 1832 3473">
    <p class='ocr_par' dir='ltr' id='par_1_65' title="bbox 253 3403 1832 3473">
     <span class='ocr_line' id='line_1_65' title="bbox 253 3403 1832 3473; baseline 0.003 -14"><span class='ocrx_word' id='word_1_473' title='bbox 253 3403 498 3473; x_wconf 82' lang='lat' dir='ltr'><strong>subjecto</strong></span> <span class='ocrx_word' id='word_1_474' title='bbox 523 3405 698 3460; x_wconf 89' lang='lat' dir='ltr'><strong>inesse</strong></span> <span class='ocrx_word' id='word_1_475' title='bbox 719 3406 1024 3462; x_wconf 87' lang='lat' dir='ltr'><strong>videantur.</strong></span> <span class='ocrx_word' id='word_1_476' title='bbox 1051 3407 1154 3464; x_wconf 86' lang='lat' dir='ltr'><strong>Sed</strong></span> <span class='ocrx_word' id='word_1_477' title='bbox 1181 3408 1366 3462; x_wconf 87' lang='lat' dir='ltr'><strong>harum</strong></span> <span class='ocrx_word' id='word_1_478' title='bbox 1395 3411 1632 3463; x_wconf 85' lang='lat' dir='ltr'><strong>Omnium</strong></span> <span class='ocrx_word' id='word_1_479' title='bbox 1655 3425 1832 3464; x_wconf 78' lang='lat' dir='ltr'><strong>exem-</strong></span> 
     </span>
    </p>
   </div>
   <div class='ocr_carea' id='block_1_66' title="bbox 254 3497 1832 3570">
    <p class='ocr_par' dir='ltr' id='par_1_66' title="bbox 254 3497 1832 3570">
     <span class='ocr_line' id='line_1_66' title="bbox 254 3497 1832 3570; baseline 0.004 -20"><span class='ocrx_word' id='word_1_480' title='bbox 254 3497 338 3566; x_wconf 92' lang='lat' dir='ltr'><strong>pla</strong></span> <span class='ocrx_word' id='word_1_481' title='bbox 368 3498 642 3553; x_wconf 75' lang='lat' dir='ltr'><strong>subdenda</strong></span> <span class='ocrx_word' id='word_1_482' title='bbox 672 3509 818 3563; x_wconf 90' lang='lat' dir='ltr'><strong>sunt,</strong></span> <span class='ocrx_word' id='word_1_483' title='bbox 861 3509 1125 3569; x_wconf 88' lang='lat' dir='ltr'><strong>quatenus</strong></span> <span class='ocrx_word' id='word_1_484' title='bbox 1155 3504 1318 3554; x_wconf 88' lang='lat' dir='ltr'><strong>totius</strong></span> <span class='ocrx_word' id='word_1_485' title='bbox 1350 3500 1508 3570; x_wconf 87' lang='lat' dir='ltr'><strong>hujus</strong></span> <span class='ocrx_word' id='word_1_486' title='bbox 1544 3501 1832 3556; x_wconf 86' lang='lat' dir='ltr'><strong>divisionis</strong></span> 
     </span>
    </p>
   </div>
   <div class='ocr_carea' id='block_1_67' title="bbox 255 3588 1834 3662">
    <p class='ocr_par' dir='ltr' id='par_1_67' title="bbox 255 3588 1834 3662">
     <span class='ocr_line' id='line_1_67' title="bbox 255 3588 1834 3662; baseline 0.002 -17"><span class='ocrx_word' id='word_1_487' title='bbox 255 3588 392 3645; x_wconf 79' lang='lat' dir='ltr'><strong>ratio</strong></span> <span class='ocrx_word' id='word_1_488' title='bbox 417 3590 704 3647; x_wconf 88' lang='lat' dir='ltr'><strong>elucescat.</strong></span> <span class='ocrx_word' id='word_1_489' title='bbox 741 3592 921 3648; x_wconf 86' lang='lat' dir='ltr'><strong>Genus</strong></span> <span class='ocrx_word' id='word_1_490' title='bbox 951 3593 1236 3648; x_wconf 86' lang='lat' dir='ltr'><strong>dividimus</strong></span> <span class='ocrx_word' id='word_1_491' title='bbox 1270 3594 1324 3646; x_wconf 91' lang='lat' dir='ltr'><strong>in</strong></span> <span class='ocrx_word' id='word_1_492' title='bbox 1365 3595 1572 3662; x_wconf 80' lang='lat' dir='ltr'><strong>species</strong></span> <span class='ocrx_word' id='word_1_493' title='bbox 1599 3609 1718 3648; x_wconf 82' lang='lat' dir='ltr'><strong>Clllll</strong></span> <span class='ocrx_word' id='word_1_494' title='bbox 1753 3595 1834 3648; x_wconf 84' lang='lat' dir='ltr'><strong>di-</strong></span> 
     </span>
    </p>
   </div>
   <div class='ocr_carea' id='block_1_68' title="bbox 254 3682 1831 3752">
    <p class='ocr_par' dir='ltr' id='par_1_68' title="bbox 254 3682 1831 3752">
     <span class='ocr_line' id='line_1_68' title="bbox 254 3682 1831 3752; baseline 0.001 -16"><span class='ocrx_word' id='word_1_495' title='bbox 254 3682 425 3737; x_wconf 86' lang='lat' dir='ltr'><strong>cimus</strong></span> <span class='ocrx_word' id='word_1_496' title='bbox 474 3684 780 3739; x_wconf 87' lang='lat' dir='ltr'><strong>animalium</strong></span> <span class='ocrx_word' id='word_1_497' title='bbox 825 3685 927 3740; x_wconf 90' lang='lat' dir='ltr'><strong>alia</strong></span> <span class='ocrx_word' id='word_1_498' title='bbox 969 3685 1284 3748; x_wconf 88' lang='lat' dir='ltr'><strong>rationalia,</strong></span> <span class='ocrx_word' id='word_1_499' title='bbox 1329 3687 1428 3739; x_wconf 91' lang='lat' dir='ltr'><strong>alia</strong></span> <span class='ocrx_word' id='word_1_500' title='bbox 1468 3687 1831 3752; x_wconf 85' lang='lat' dir='ltr'><strong>irrationalia;</strong></span> 
     </span>
    </p>
   </div>
   <div class='ocr_carea' id='block_1_69' title="bbox 255 3773 1834 3843">
    <p class='ocr_par' dir='ltr' id='par_1_69' title="bbox 255 3773 1834 3843">
     <span class='ocr_line' id='line_1_69' title="bbox 255 3773 1834 3843; baseline 0.005 -17"><span class='ocrx_word' id='word_1_501' title='bbox 255 3773 594 3828; x_wconf 86' lang='lat' dir='ltr'><strong>rationaliutn</strong></span> <span class='ocrx_word' id='word_1_502' title='bbox 629 3776 729 3830; x_wconf 91' lang='lat' dir='ltr'><strong>alia</strong></span> <span class='ocrx_word' id='word_1_503' title='bbox 754 3777 1018 3843; x_wconf 84' lang='lat' dir='ltr'><strong>mortalia,</strong></span> <span class='ocrx_word' id='word_1_504' title='bbox 1055 3777 1160 3832; x_wconf 87' lang='lat' dir='ltr'><strong>alia</strong></span> <span class='ocrx_word' id='word_1_505' title='bbox 1192 3779 1531 3833; x_wconf 84' lang='lat' dir='ltr'><strong>immmtalia.</strong></span> <span class='ocrx_word' id='word_1_506' title='bbox 1589 3779 1679 3835; x_wconf 83' lang='lat' dir='ltr'><strong>Vel</strong></span> <span class='ocrx_word' id='word_1_507' title='bbox 1711 3796 1834 3834; x_wconf 92' lang='lat' dir='ltr'><strong>cum</strong></span> 
     </span>
    </p>
   </div>
   <div class='ocr_carea' id='block_1_70' title="bbox 254 3865 1830 3939">
    <p class='ocr_par' dir='ltr' id='par_1_70' title="bbox 254 3865 1830 3939">
     <span class='ocr_line' id='line_1_70' title="bbox 254 3865 1830 3939; baseline 0.005 -21"><span class='ocrx_word' id='word_1_508' title='bbox 254 3865 481 3920; x_wconf 88' lang='lat' dir='ltr'><strong>dicimus</strong></span> <span class='ocrx_word' id='word_1_509' title='bbox 526 3867 764 3922; x_wconf 92' lang='lat' dir='ltr'><strong>colorum</strong></span> <span class='ocrx_word' id='word_1_510' title='bbox 809 3869 912 3922; x_wconf 90' lang='lat' dir='ltr'><strong>alia</strong></span> <span class='ocrx_word' id='word_1_511' title='bbox 957 3869 1096 3932; x_wconf 88' lang='lat' dir='ltr'><strong>alba,</strong></span> <span class='ocrx_word' id='word_1_512' title='bbox 1140 3870 1242 3923; x_wconf 91' lang='lat' dir='ltr'><strong>alia</strong></span> <span class='ocrx_word' id='word_1_513' title='bbox 1276 3870 1444 3939; x_wconf 87' lang='lat' dir='ltr'><strong>nigra,</strong></span> <span class='ocrx_word' id='word_1_514' title='bbox 1504 3870 1602 3924; x_wconf 84' lang='lat' dir='ltr'><strong>alia</strong></span> <span class='ocrx_word' id='word_1_515' title='bbox 1635 3872 1830 3926; x_wconf 89' lang='lat' dir='ltr'><strong>media.</strong></span> 
     </span>
    </p>
   </div>
   <div class='ocr_carea' id='block_1_71' title="bbox 251 3954 1835 4032">
    <p class='ocr_par' dir='ltr' id='par_1_71' title="bbox 251 3954 1835 4032">
     <span class='ocr_line' id='line_1_71' title="bbox 251 3954 1835 4032; baseline 0.004 -20"><span class='ocrx_word' id='word_1_516' title='bbox 251 3954 481 4025; x_wconf 87' lang='lat' dir='ltr'><strong>Oportet</strong></span> <span class='ocrx_word' id='word_1_517' title='bbox 519 3967 698 4012; x_wconf 90' lang='lat' dir='ltr'><strong>autem</strong></span> <span class='ocrx_word' id='word_1_518' title='bbox 731 3975 944 4014; x_wconf 87' lang='lat' dir='ltr'><strong>omnem</strong></span> <span class='ocrx_word' id='word_1_519' title='bbox 988 3961 1308 4015; x_wconf 74' lang='lat' dir='ltr'><strong>divisionem</strong></span> <span class='ocrx_word' id='word_1_520' title='bbox 1353 3963 1567 4031; x_wconf 82' lang='lat' dir='ltr'><strong>generis</strong></span> <span class='ocrx_word' id='word_1_521' title='bbox 1616 3964 1666 4018; x_wconf 92' lang='lat' dir='ltr'><strong>in</strong></span> <span class='ocrx_word' id='word_1_522' title='bbox 1713 3978 1835 4032; x_wconf 86' lang='lat' dir='ltr'><strong>spe-</strong></span> 
     </span>
    </p>
   </div>
   <div class='ocr_carea' id='block_1_72' title="bbox 253 4050 1834 4124">
    <p class='ocr_par' dir='ltr' id='par_1_72' title="bbox 253 4050 1834 4124">
     <span class='ocr_line' id='line_1_72' title="bbox 253 4050 1834 4124; baseline 0.005 -20"><span class='ocrx_word' id='word_1_523' title='bbox 253 4050 390 4116; x_wconf 87' lang='lat' dir='ltr'><strong>cies,</strong></span> <span class='ocrx_word' id='word_1_524' title='bbox 419 4053 581 4106; x_wconf 89' lang='lat' dir='ltr'><strong>autin</strong></span> <span class='ocrx_word' id='word_1_525' title='bbox 608 4054 739 4106; x_wconf 91' lang='lat' dir='ltr'><strong>duas</strong></span> <span class='ocrx_word' id='word_1_526' title='bbox 769 4053 884 4109; x_wconf 90' lang='lat' dir='ltr'><strong>fieri</strong></span> <span class='ocrx_word' id='word_1_527' title='bbox 918 4065 1111 4123; x_wconf 88' lang='lat' dir='ltr'><strong>partes,</strong></span> <span class='ocrx_word' id='word_1_528' title='bbox 1143 4068 1231 4109; x_wconf 85' lang='lat' dir='ltr'><strong>aut</strong></span> <span class='ocrx_word' id='word_1_529' title='bbox 1260 4055 1312 4110; x_wconf 92' lang='lat' dir='ltr'><strong>in</strong></span> <span class='ocrx_word' id='word_1_530' title='bbox 1346 4056 1545 4124; x_wconf 91' lang='lat' dir='ltr'><strong>plures.</strong></span> <span class='ocrx_word' id='word_1_531' title='bbox 1591 4056 1698 4112; x_wconf 89' lang='lat' dir='ltr'><strong>Sed</strong></span> <span class='ocrx_word' id='word_1_532' title='bbox 1738 4072 1834 4112; x_wconf 88' lang='lat' dir='ltr'><strong>ne-</strong></span> 
     </span>
    </p>
   </div>
   <div class='ocr_carea' id='block_1_73' title="bbox 254 4141 1832 4214">
    <p class='ocr_par' dir='ltr' id='par_1_73' title="bbox 254 4141 1832 4214">
     <span class='ocr_line' id='line_1_73' title="bbox 254 4141 1832 4214; baseline 0.005 -20"><span class='ocrx_word' id='word_1_533' title='bbox 254 4155 359 4211; x_wconf 90' lang='lat' dir='ltr'><strong>que</strong></span> <span class='ocrx_word' id='word_1_534' title='bbox 385 4141 604 4197; x_wconf 67' lang='lat' dir='ltr'><strong>infinita:</strong></span> <span class='ocrx_word' id='word_1_535' title='bbox 634 4144 841 4213; x_wconf 90' lang='lat' dir='ltr'><strong>species</strong></span> <span class='ocrx_word' id='word_1_536' title='bbox 874 4159 994 4198; x_wconf 84' lang='lat' dir='ltr'><strong>esse</strong></span> <span class='ocrx_word' id='word_1_537' title='bbox 1015 4146 1226 4214; x_wconf 88' lang='lat' dir='ltr'><strong>generis</strong></span> <span class='ocrx_word' id='word_1_538' title='bbox 1259 4157 1499 4214; x_wconf 89' lang='lat' dir='ltr'><strong>possunt,</strong></span> <span class='ocrx_word' id='word_1_539' title='bbox 1528 4162 1626 4201; x_wconf 89' lang='lat' dir='ltr'><strong>nec</strong></span> <span class='ocrx_word' id='word_1_540' title='bbox 1658 4149 1832 4203; x_wconf 91' lang='lat' dir='ltr'><strong>minus</strong></span> 
     </span>
    </p>
   </div>
   <div class='ocr_carea' id='block_1_74' title="bbox 253 4235 1830 4310">
    <p class='ocr_par' dir='ltr' id='par_1_74' title="bbox 253 4235 1830 4310">
     <span class='ocr_line' id='line_1_74' title="bbox 253 4235 1830 4310; baseline 0.002 -19"><span class='ocrx_word' id='word_1_541' title='bbox 253 4235 480 4291; x_wconf 87' lang='lat' dir='ltr'><strong>duabus.</strong></span> <span class='ocrx_word' id='word_1_542' title='bbox 531 4235 641 4293; x_wconf 82' lang='lat' dir='ltr'><strong>Hoc</strong></span> <span class='ocrx_word' id='word_1_543' title='bbox 691 4249 865 4293; x_wconf 89' lang='lat' dir='ltr'><strong>autem</strong></span> <span class='ocrx_word' id='word_1_544' title='bbox 901 4253 996 4292; x_wconf 91' lang='lat' dir='ltr'><strong>cur</strong></span> <span class='ocrx_word' id='word_1_545' title='bbox 1025 4240 1256 4304; x_wconf 85' lang='lat' dir='ltr'><strong>eveniat,</strong></span> <span class='ocrx_word' id='word_1_546' title='bbox 1306 4241 1574 4310; x_wconf 72' lang='lat' dir='ltr'><strong>pqsterius</strong></span> <span class='ocrx_word' id='word_1_547' title='bbox 1605 4241 1830 4295; x_wconf 88' lang='lat' dir='ltr'><strong>demon-</strong></span> 
     </span>
    </p>
   </div>
   <div class='ocr_carea' id='block_1_75' title="bbox 252 4328 1830 4402">
    <p class='ocr_par' dir='ltr' id='par_1_75' title="bbox 252 4328 1830 4402">
     <span class='ocr_line' id='line_1_75' title="bbox 252 4328 1830 4402; baseline 0.001 -17"><span class='ocrx_word' id='word_1_548' title='bbox 252 4328 529 4385; x_wconf 82' lang='lat' dir='ltr'><strong>strandum</strong></span> <span class='ocrx_word' id='word_1_549' title='bbox 558 4340 660 4384; x_wconf 88' lang='lat' dir='ltr'><strong>est.</strong></span> <span class='ocrx_word' id='word_1_550' title='bbox 691 4330 881 4384; x_wconf 88' lang='lat' dir='ltr'><strong>Totum</strong></span> <span class='ocrx_word' id='word_1_551' title='bbox 912 4330 962 4384; x_wconf 94' lang='lat' dir='ltr'><strong>in</strong></span> <span class='ocrx_word' id='word_1_552' title='bbox 997 4341 1174 4399; x_wconf 88' lang='lat' dir='ltr'><strong>partes</strong></span> <span class='ocrx_word' id='word_1_553' title='bbox 1220 4331 1476 4385; x_wconf 90' lang='lat' dir='ltr'><strong>dividitur</strong></span> <span class='ocrx_word' id='word_1_554' title='bbox 1522 4332 1730 4402; x_wconf 80' lang='lat' dir='ltr'><strong>quOti‘es</strong></span> <span class='ocrx_word' id='word_1_555' title='bbox 1779 4334 1830 4387; x_wconf 91' lang='lat' dir='ltr'><strong>in</strong></span> 
     </span>
    </p>
   </div>
   <div class='ocr_carea' id='block_1_76' title="bbox 250 4422 1832 4496">
    <p class='ocr_par' dir='ltr' id='par_1_76' title="bbox 250 4422 1832 4496">
     <span class='ocr_line' id='line_1_76' title="bbox 250 4422 1832 4496; baseline 0.001 -17"><span class='ocrx_word' id='word_1_556' title='bbox 250 4435 316 4479; x_wconf 81' lang='lat' dir='ltr'><strong>ea</strong></span> <span class='ocrx_word' id='word_1_557' title='bbox 361 4436 426 4481; x_wconf 76' lang='lat' dir='ltr'><strong>ex</strong></span> <span class='ocrx_word' id='word_1_558' title='bbox 454 4422 641 4494; x_wconf 90' lang='lat' dir='ltr'><strong>quibus</strong></span> <span class='ocrx_word' id='word_1_559' title='bbox 683 4433 764 4478; x_wconf 89' lang='lat' dir='ltr'><strong>est</strong></span> <span class='ocrx_word' id='word_1_560' title='bbox 804 4425 1154 4493; x_wconf 89' lang='lat' dir='ltr'><strong>compositum</strong></span> <span class='ocrx_word' id='word_1_561' title='bbox 1191 4426 1606 4496; x_wconf 91' lang='lat' dir='ltr'><strong>unumquodque</strong></span> <span class='ocrx_word' id='word_1_562' title='bbox 1662 4427 1832 4481; x_wconf 86' lang='lat' dir='ltr'><strong>resol—</strong></span> 
     </span>
    </p>
   </div>
   <div class='ocr_carea' id='block_1_77' title="bbox 251 4514 1827 4584">
    <p class='ocr_par' dir='ltr' id='par_1_77' title="bbox 251 4514 1827 4584">
     <span class='ocr_line' id='line_1_77' title="bbox 251 4514 1827 4584; baseline 0.003 -15"><span class='ocrx_word' id='word_1_563' title='bbox 251 4514 426 4570; x_wconf 89' lang='lat' dir='ltr'><strong>vimus</strong></span> <span class='ocrx_word' id='word_1_564' title='bbox 455 4559 469 4582; x_wconf 92' lang='lat'><strong>,</strong></span> <span class='ocrx_word' id='word_1_565' title='bbox 535 4525 591 4570; x_wconf 92' lang='lat' dir='ltr'><strong>ut</strong></span> <span class='ocrx_word' id='word_1_566' title='bbox 622 4529 742 4572; x_wconf 91' lang='lat' dir='ltr'><strong>cum</strong></span> <span class='ocrx_word' id='word_1_567' title='bbox 787 4518 933 4584; x_wconf 89' lang='lat' dir='ltr'><strong>dico,</strong></span> <span class='ocrx_word' id='word_1_568' title='bbox 991 4518 1181 4572; x_wconf 89' lang='lat' dir='ltr'><strong>domus</strong></span> <span class='ocrx_word' id='word_1_569' title='bbox 1229 4517 1372 4572; x_wconf 90' lang='lat' dir='ltr'><strong>aliud</strong></span> <span class='ocrx_word' id='word_1_570' title='bbox 1419 4533 1538 4573; x_wconf 90' lang='lat' dir='ltr'><strong>esse</strong></span> <span class='ocrx_word' id='word_1_571' title='bbox 1596 4527 1827 4584; x_wconf 89' lang='lat' dir='ltr'><strong>tectum,</strong></span> 
     </span>
    </p>
   </div>
   <div class='ocr_carea' id='block_1_78' title="bbox 1937 3307 3522 3380">
    <p class='ocr_par' dir='ltr' id='par_1_78' title="bbox 1937 3307 3522 3380">
     <span class='ocr_line' id='line_1_78' title="bbox 1937 3307 3522 3380; baseline 0.009 -21"><span class='ocrx_word' id='word_1_572' title='bbox 1937 3317 2063 3360; x_wconf 89' lang='lat' dir='ltr'><strong>sunt</strong></span> <span class='ocrx_word' id='word_1_573' title='bbox 2087 3307 2227 3371; x_wconf 89' lang='lat' dir='ltr'><strong>alba,</strong></span> <span class='ocrx_word' id='word_1_574' title='bbox 2256 3309 2358 3363; x_wconf 90' lang='lat' dir='ltr'><strong>alia</strong></span> <span class='ocrx_word' id='word_1_575' title='bbox 2389 3310 2558 3380; x_wconf 87' lang='lat' dir='ltr'><strong>nigra.</strong></span> <span class='ocrx_word' id='word_1_576' title='bbox 2592 3310 2700 3368; x_wconf 88' lang='lat' dir='ltr'><strong>Sed</strong></span> <span class='ocrx_word' id='word_1_577' title='bbox 2733 3312 2848 3368; x_wconf 70' lang='lat' dir='ltr'><strong>haec</strong></span> <span class='ocrx_word' id='word_1_578' title='bbox 2877 3330 3064 3370; x_wconf 90' lang='lat' dir='ltr'><strong>rursus</strong></span> <span class='ocrx_word' id='word_1_579' title='bbox 3103 3332 3358 3378; x_wconf 75' lang='lat' dir='ltr'><strong>convorsa</strong></span> <span class='ocrx_word' id='word_1_580' title='bbox 3392 3318 3522 3373; x_wconf 78' lang='lat' dir='ltr'><strong>divi-</strong></span> 
     </span>
    </p>
   </div>
   <div class='ocr_carea' id='block_1_79' title="bbox 1934 3400 3521 3480">
    <p class='ocr_par' dir='ltr' id='par_1_79' title="bbox 1934 3400 3521 3480">
     <span class='ocr_line' id='line_1_79' title="bbox 1934 3400 3521 3480; baseline 0.008 -26"><span class='ocrx_word' id='word_1_581' title='bbox 1934 3400 2114 3458; x_wconf 90' lang='lat' dir='ltr'><strong>dimus</strong></span> <span class='ocrx_word' id='word_1_582' title='bbox 2144 3417 2328 3457; x_wconf 89' lang='lat' dir='ltr'><strong>eorum</strong></span> <span class='ocrx_word' id='word_1_583' title='bbox 2365 3420 2484 3473; x_wconf 77' lang='lat' dir='ltr'><strong>qua:</strong></span> <span class='ocrx_word' id='word_1_584' title='bbox 2528 3414 2654 3459; x_wconf 89' lang='lat' dir='ltr'><strong>sunt</strong></span> <span class='ocrx_word' id='word_1_585' title='bbox 2697 3408 2869 3478; x_wconf 86' lang='lat' dir='ltr'><strong>nigra,</strong></span> <span class='ocrx_word' id='word_1_586' title='bbox 2915 3410 3016 3462; x_wconf 80' lang='lat' dir='ltr'><strong>alia</strong></span> <span class='ocrx_word' id='word_1_587' title='bbox 3067 3419 3191 3464; x_wconf 89' lang='lat' dir='ltr'><strong>sunt</strong></span> <span class='ocrx_word' id='word_1_588' title='bbox 3244 3413 3521 3480; x_wconf 86' lang='lat' dir='ltr'><strong>liquentia,</strong></span> 
     </span>
    </p>
   </div>
   <div class='ocr_carea' id='block_1_80' title="bbox 1937 3493 3517 3573">
    <p class='ocr_par' dir='ltr' id='par_1_80' title="bbox 1937 3493 3517 3573">
     <span class='ocr_line' id='line_1_80' title="bbox 1937 3493 3517 3573; baseline 0.009 -27"><span class='ocrx_word' id='word_1_589' title='bbox 1937 3493 2038 3546; x_wconf 88' lang='lat' dir='ltr'><strong>alia</strong></span> <span class='ocrx_word' id='word_1_590' title='bbox 2069 3493 2223 3559; x_wconf 89' lang='lat' dir='ltr'><strong>dura,</strong></span> <span class='ocrx_word' id='word_1_591' title='bbox 2256 3504 2311 3548; x_wconf 90' lang='lat' dir='ltr'><strong>et</strong></span> <span class='ocrx_word' id='word_1_592' title='bbox 2338 3509 2522 3549; x_wconf 90' lang='lat' dir='ltr'><strong>eorum</strong></span> <span class='ocrx_word' id='word_1_593' title='bbox 2574 3513 2694 3566; x_wconf 64' lang='lat' dir='ltr'><strong>quae</strong></span> <span class='ocrx_word' id='word_1_594' title='bbox 2742 3508 2866 3552; x_wconf 91' lang='lat' dir='ltr'><strong>sunt</strong></span> <span class='ocrx_word' id='word_1_595' title='bbox 2903 3500 3044 3564; x_wconf 88' lang='lat' dir='ltr'><strong>alba,</strong></span> <span class='ocrx_word' id='word_1_596' title='bbox 3089 3502 3196 3555; x_wconf 90' lang='lat' dir='ltr'><strong>alia</strong></span> <span class='ocrx_word' id='word_1_597' title='bbox 3243 3503 3517 3573; x_wconf 83' lang='lat' dir='ltr'><strong>liquentia,</strong></span> 
     </span>
    </p>
   </div>
   <div class='ocr_carea' id='block_1_81' title="bbox 1937 3583 3522 3660">
    <p class='ocr_par' dir='ltr' id='par_1_81' title="bbox 1937 3583 3522 3660">
     <span class='ocr_line' id='line_1_81' title="bbox 1937 3583 3522 3660; baseline 0.009 -23"><span class='ocrx_word' id='word_1_598' title='bbox 1937 3583 2038 3637; x_wconf 91' lang='lat' dir='ltr'><strong>alia</strong></span> <span class='ocrx_word' id='word_1_599' title='bbox 2086 3600 2215 3638; x_wconf 91' lang='lat' dir='ltr'><strong>vero</strong></span> <span class='ocrx_word' id='word_1_600' title='bbox 2260 3585 2411 3639; x_wconf 92' lang='lat' dir='ltr'><strong>dura.</strong></span> <span class='ocrx_word' id='word_1_601' title='bbox 2452 3585 2635 3642; x_wconf 68' lang='lat' dir='ltr'><strong>Difl‘i-rt</strong></span> <span class='ocrx_word' id='word_1_602' title='bbox 2675 3598 2852 3645; x_wconf 87' lang='lat' dir='ltr'><strong>autem</strong></span> <span class='ocrx_word' id='word_1_603' title='bbox 2896 3591 3200 3660; x_wconf 82' lang='lat' dir='ltr'><strong>hujttsmodi</strong></span> <span class='ocrx_word' id='word_1_604' title='bbox 3241 3595 3432 3649; x_wconf 77' lang='lat' dir='ltr'><strong>divisio</strong></span> <span class='ocrx_word' id='word_1_605' title='bbox 3457 3598 3522 3652; x_wconf 88' lang='lat' dir='ltr'><strong>ab</strong></span> 
     </span>
    </p>
   </div>
   <div class='ocr_carea' id='block_1_82' title="bbox 1937 3677 3521 3756">
    <p class='ocr_par' dir='ltr' id='par_1_82' title="bbox 1937 3677 3521 3756">
     <span class='ocr_line' id='line_1_82' title="bbox 1937 3677 3521 3756; baseline 0.007 -25"><span class='ocrx_word' id='word_1_606' title='bbox 1937 3677 2186 3731; x_wconf 89' lang='lat' dir='ltr'><strong>omnibus</strong></span> <span class='ocrx_word' id='word_1_607' title='bbox 2217 3694 2336 3747; x_wconf 70' lang='lat' dir='ltr'><strong>qua:</strong></span> <span class='ocrx_word' id='word_1_608' title='bbox 2378 3694 2538 3748; x_wconf 89' lang='lat' dir='ltr'><strong>supra</strong></span> <span class='ocrx_word' id='word_1_609' title='bbox 2581 3681 2736 3735; x_wconf 69' lang='lat' dir='ltr'><strong>dictae</strong></span> <span class='ocrx_word' id='word_1_610' title='bbox 2782 3693 2925 3738; x_wconf 91' lang='lat' dir='ltr'><strong>sunt.</strong></span> <span class='ocrx_word' id='word_1_611' title='bbox 2962 3686 3092 3738; x_wconf 81' lang='lat' dir='ltr'><strong>Nam</strong></span> <span class='ocrx_word' id='word_1_612' title='bbox 3125 3701 3297 3756; x_wconf 91' lang='lat' dir='ltr'><strong>neque</strong></span> <span class='ocrx_word' id='word_1_613' title='bbox 3325 3687 3521 3756; x_wconf 85' lang='lat' dir='ltr'><strong>signifi-</strong></span> 
     </span>
    </p>
   </div>
   <div class='ocr_carea' id='block_1_83' title="bbox 1936 3770 3521 3840">
    <p class='ocr_par' dir='ltr' id='par_1_83' title="bbox 1936 3770 3521 3840">
     <span class='ocr_line' id='line_1_83' title="bbox 1936 3770 3521 3840; baseline 0.009 -18"><span class='ocrx_word' id='word_1_614' title='bbox 1936 3770 2203 3824; x_wconf 91' lang='lat' dir='ltr'><strong>cationem</strong></span> <span class='ocrx_word' id='word_1_615' title='bbox 2250 3771 2431 3838; x_wconf 88' lang='lat' dir='ltr'><strong>partiri</strong></span> <span class='ocrx_word' id='word_1_616' title='bbox 2486 3787 2768 3840; x_wconf 88' lang='lat' dir='ltr'><strong>possumus</strong></span> <span class='ocrx_word' id='word_1_617' title='bbox 2816 3775 2867 3829; x_wconf 91' lang='lat' dir='ltr'><strong>in</strong></span> <span class='ocrx_word' id='word_1_618' title='bbox 2919 3792 3092 3840; x_wconf 85' lang='lat' dir='ltr'><strong>voces,</strong></span> <span class='ocrx_word' id='word_1_619' title='bbox 3147 3794 3266 3832; x_wconf 91' lang='lat' dir='ltr'><strong>cum</strong></span> <span class='ocrx_word' id='word_1_620' title='bbox 3317 3797 3419 3836; x_wconf 74' lang='lat' dir='ltr'><strong>vos</strong></span> <span class='ocrx_word' id='word_1_621' title='bbox 3469 3782 3521 3840; x_wconf 91' lang='lat' dir='ltr'><strong>in</strong></span> 
     </span>
    </p>
   </div>
   <div class='ocr_carea' id='block_1_84' title="bbox 1939 3862 3522 3939">
    <p class='ocr_par' dir='ltr' id='par_1_84' title="bbox 1939 3862 3522 3939">
     <span class='ocr_line' id='line_1_84' title="bbox 1939 3862 3522 3939; baseline 0.01 -25"><span class='ocrx_word' id='word_1_622' title='bbox 1939 3862 2180 3930; x_wconf 87' lang='lat' dir='ltr'><strong>proprias</strong></span> <span class='ocrx_word' id='word_1_623' title='bbox 2228 3862 2645 3932; x_wconf 80' lang='lat' dir='ltr'><strong>signiﬁcationes</strong></span> <span class='ocrx_word' id='word_1_624' title='bbox 2694 3866 3048 3922; x_wconf 86' lang='lat' dir='ltr'><strong>discernatur.</strong></span> <span class='ocrx_word' id='word_1_625' title='bbox 3098 3868 3207 3923; x_wconf 87' lang='lat' dir='ltr'><strong>Nec</strong></span> <span class='ocrx_word' id='word_1_626' title='bbox 3254 3883 3434 3939; x_wconf 91' lang='lat' dir='ltr'><strong>partes</strong></span> <span class='ocrx_word' id='word_1_627' title='bbox 3469 3872 3522 3930; x_wconf 90' lang='lat' dir='ltr'><strong>in</strong></span> 
     </span>
    </p>
   </div>
   <div class='ocr_carea' id='block_1_85' title="bbox 1937 3957 3522 4033">
    <p class='ocr_par' dir='ltr' id='par_1_85' title="bbox 1937 3957 3522 4033">
     <span class='ocr_line' id='line_1_85' title="bbox 1937 3957 3522 4033; baseline 0.005 -23"><span class='ocrx_word' id='word_1_628' title='bbox 1937 3965 2104 4011; x_wconf 85' lang='lat' dir='ltr'><strong>totum</strong></span> <span class='ocrx_word' id='word_1_629' title='bbox 2137 3957 2468 4023; x_wconf 88' lang='lat' dir='ltr'><strong>dividuntur,</strong></span> <span class='ocrx_word' id='word_1_630' title='bbox 2509 3962 2758 4026; x_wconf 89' lang='lat' dir='ltr'><strong>quamvis</strong></span> <span class='ocrx_word' id='word_1_631' title='bbox 2802 3969 2970 4029; x_wconf 82' lang='lat' dir='ltr'><strong>totum</strong></span> <span class='ocrx_word' id='word_1_632' title='bbox 3009 3970 3286 4030; x_wconf 88' lang='lat' dir='ltr'><strong>separetur</strong></span> <span class='ocrx_word' id='word_1_633' title='bbox 3316 3965 3366 4016; x_wconf 90' lang='lat' dir='ltr'><strong>in</strong></span> <span class='ocrx_word' id='word_1_634' title='bbox 3403 3979 3522 4033; x_wconf 85' lang='lat' dir='ltr'><strong>par-</strong></span> 
     </span>
    </p>
   </div>
   <div class='ocr_carea' id='block_1_86' title="bbox 1937 4051 3522 4124">
    <p class='ocr_par' dir='ltr' id='par_1_86' title="bbox 1937 4051 3522 4124">
     <span class='ocr_line' id='line_1_86' title="bbox 1937 4051 3522 4124; baseline 0.005 -22"><span class='ocrx_word' id='word_1_635' title='bbox 1937 4057 2038 4116; x_wconf 89' lang='lat' dir='ltr'><strong>tes,</strong></span> <span class='ocrx_word' id='word_1_636' title='bbox 2073 4063 2173 4104; x_wconf 91' lang='lat' dir='ltr'><strong>nec</strong></span> <span class='ocrx_word' id='word_1_637' title='bbox 2211 4051 2419 4119; x_wconf 88' lang='lat' dir='ltr'><strong>species</strong></span> <span class='ocrx_word' id='word_1_638' title='bbox 2457 4061 2708 4106; x_wconf 88' lang='lat' dir='ltr'><strong>secantur</strong></span> <span class='ocrx_word' id='word_1_639' title='bbox 2745 4051 2800 4106; x_wconf 92' lang='lat' dir='ltr'><strong>in</strong></span> <span class='ocrx_word' id='word_1_640' title='bbox 2841 4067 3060 4121; x_wconf 90' lang='lat' dir='ltr'><strong>genera,</strong></span> <span class='ocrx_word' id='word_1_641' title='bbox 3108 4054 3231 4107; x_wconf 90' lang='lat' dir='ltr'><strong>licet</strong></span> <span class='ocrx_word' id='word_1_642' title='bbox 3269 4069 3440 4124; x_wconf 88' lang='lat' dir='ltr'><strong>genus</strong></span> <span class='ocrx_word' id='word_1_643' title='bbox 3469 4057 3522 4116; x_wconf 83' lang='lat' dir='ltr'><strong>in</strong></span> 
     </span>
    </p>
   </div>
   <div class='ocr_carea' id='block_1_87' title="bbox 1935 4141 3523 4211">
    <p class='ocr_par' dir='ltr' id='par_1_87' title="bbox 1935 4141 3523 4211">
     <span class='ocr_line' id='line_1_87' title="bbox 1935 4141 3523 4211; baseline 0.006 -19"><span class='ocrx_word' id='word_1_644' title='bbox 1935 4143 2142 4211; x_wconf 77' lang='lat' dir='ltr'><strong>species</strong></span> <span class='ocrx_word' id='word_1_645' title='bbox 2187 4142 2474 4196; x_wconf 90' lang='lat' dir='ltr'><strong>dividatur.</strong></span> <span class='ocrx_word' id='word_1_646' title='bbox 2515 4143 2666 4210; x_wconf 86' lang='lat' dir='ltr'><strong>Quod</strong></span> <span class='ocrx_word' id='word_1_647' title='bbox 2711 4157 2842 4198; x_wconf 91' lang='lat' dir='ltr'><strong>vero</strong></span> <span class='ocrx_word' id='word_1_648' title='bbox 2891 4141 3139 4209; x_wconf 82' lang='lat' dir='ltr'><strong>superius</strong></span> <span class='ocrx_word' id='word_1_649' title='bbox 3190 4144 3388 4199; x_wconf 82' lang='lat' dir='ltr'><strong>dictum</strong></span> <span class='ocrx_word' id='word_1_650' title='bbox 3436 4155 3523 4206; x_wconf 85' lang='lat' dir='ltr'><strong>est</strong></span> 
     </span>
    </p>
   </div>
   <div class='ocr_carea' id='block_1_88' title="bbox 1937 4233 3521 4305">
    <p class='ocr_par' dir='ltr' id='par_1_88' title="bbox 1937 4233 3521 4305">
     <span class='ocr_line' id='line_1_88' title="bbox 1937 4233 3521 4305; baseline 0.004 -19"><span class='ocrx_word' id='word_1_651' title='bbox 1937 4233 2078 4287; x_wconf 90' lang='lat' dir='ltr'><strong>hanc</strong></span> <span class='ocrx_word' id='word_1_652' title='bbox 2118 4233 2438 4287; x_wconf 70' lang='lat' dir='ltr'><strong>divisionem</strong></span> <span class='ocrx_word' id='word_1_653' title='bbox 2484 4233 2553 4287; x_wconf 87' lang='lat' dir='ltr'><strong>ita</strong></span> <span class='ocrx_word' id='word_1_654' title='bbox 2608 4234 2746 4299; x_wconf 90' lang='lat' dir='ltr'><strong>fieri,</strong></span> <span class='ocrx_word' id='word_1_655' title='bbox 2792 4235 2836 4287; x_wconf 88' lang='lat' dir='ltr'><strong>si</strong></span> <span class='ocrx_word' id='word_1_656' title='bbox 2889 4242 3112 4302; x_wconf 90' lang='lat' dir='ltr'><strong>utraque</strong></span> <span class='ocrx_word' id='word_1_657' title='bbox 3153 4237 3521 4305; x_wconf 86' lang='lat' dir='ltr'><strong>contingerent</strong></span> 
     </span>
    </p>
   </div>
   <div class='ocr_carea' id='block_1_89' title="bbox 1936 4323 3520 4397">
    <p class='ocr_par' dir='ltr' id='par_1_89' title="bbox 1936 4323 3520 4397">
     <span class='ocr_line' id='line_1_89' title="bbox 1936 4323 3520 4397; baseline 0.005 -19"><span class='ocrx_word' id='word_1_658' title='bbox 1936 4324 2115 4378; x_wconf 72' lang='lat' dir='ltr'><strong>eidem</strong></span> <span class='ocrx_word' id='word_1_659' title='bbox 2139 4325 2317 4379; x_wconf 75' lang='lat' dir='ltr'><strong>inesse</strong></span> <span class='ocrx_word' id='word_1_660' title='bbox 2342 4323 2606 4394; x_wconf 89' lang='lat' dir='ltr'><strong>subjecto,</strong></span> <span class='ocrx_word' id='word_1_661' title='bbox 2632 4328 2675 4379; x_wconf 90' lang='lat' dir='ltr'><strong>si</strong></span> <span class='ocrx_word' id='word_1_662' title='bbox 2700 4327 2953 4379; x_wconf 90' lang='lat' dir='ltr'><strong>attentius</strong></span> <span class='ocrx_word' id='word_1_663' title='bbox 2984 4327 3300 4395; x_wconf 89' lang='lat' dir='ltr'><strong>perspicitur</strong></span> <span class='ocrx_word' id='word_1_664' title='bbox 3330 4328 3520 4397; x_wconf 90' lang='lat' dir='ltr'><strong>liquet.</strong></span> 
     </span>
    </p>
   </div>
   <div class='ocr_carea' id='block_1_90' title="bbox 1936 4414 3521 4486">
    <p class='ocr_par' dir='ltr' id='par_1_90' title="bbox 1936 4414 3521 4486">
     <span class='ocr_line' id='line_1_90' title="bbox 1936 4414 3521 4486; baseline 0.008 -17"><span class='ocrx_word' id='word_1_665' title='bbox 1936 4414 2069 4469; x_wconf 80' lang='lat' dir='ltr'><strong>Nam</strong></span> <span class='ocrx_word' id='word_1_666' title='bbox 2102 4429 2222 4469; x_wconf 90' lang='lat' dir='ltr'><strong>cum</strong></span> <span class='ocrx_word' id='word_1_667' title='bbox 2269 4415 2497 4470; x_wconf 89' lang='lat' dir='ltr'><strong>dicimus</strong></span> <span class='ocrx_word' id='word_1_668' title='bbox 2536 4432 2720 4470; x_wconf 91' lang='lat' dir='ltr'><strong>eorum</strong></span> <span class='ocrx_word' id='word_1_669' title='bbox 2759 4433 2877 4486; x_wconf 64' lang='lat' dir='ltr'><strong>qua:</strong></span> <span class='ocrx_word' id='word_1_670' title='bbox 2915 4418 3046 4471; x_wconf 91' lang='lat' dir='ltr'><strong>dura</strong></span> <span class='ocrx_word' id='word_1_671' title='bbox 3092 4430 3216 4473; x_wconf 91' lang='lat' dir='ltr'><strong>sunt</strong></span> <span class='ocrx_word' id='word_1_672' title='bbox 3268 4421 3371 4475; x_wconf 90' lang='lat' dir='ltr'><strong>alia</strong></span> <span class='ocrx_word' id='word_1_673' title='bbox 3400 4436 3521 4482; x_wconf 72' lang='lat' dir='ltr'><strong>esse</strong></span> 
     </span>
    </p>
   </div>
   <div class='ocr_carea' id='block_1_91' title="bbox 1937 4505 3519 4587">
    <p class='ocr_par' dir='ltr' id='par_1_91' title="bbox 1937 4505 3519 4587">
     <span class='ocr_line' id='line_1_91' title="bbox 1937 4505 3519 4587; baseline 0.006 -29"><span class='ocrx_word' id='word_1_674' title='bbox 1937 4505 2081 4571; x_wconf 87' lang='lat' dir='ltr'><strong>alba,</strong></span> <span class='ocrx_word' id='word_1_675' title='bbox 2111 4505 2212 4560; x_wconf 89' lang='lat' dir='ltr'><strong>alia</strong></span> <span class='ocrx_word' id='word_1_676' title='bbox 2245 4507 2414 4574; x_wconf 85' lang='lat' dir='ltr'><strong>nigra,</strong></span> <span class='ocrx_word' id='word_1_677' title='bbox 2451 4517 2505 4561; x_wconf 92' lang='lat' dir='ltr'><strong>ut</strong></span> <span class='ocrx_word' id='word_1_678' title='bbox 2538 4507 2674 4587; x_wconf 81' lang='lat' dir='ltr'><strong>lapis</strong></span> <span class='ocrx_word' id='word_1_679' title='bbox 2713 4517 2874 4577; x_wconf 89' lang='lat' dir='ltr'><strong>atque</strong></span> <span class='ocrx_word' id='word_1_680' title='bbox 2911 4509 3134 4574; x_wconf 88' lang='lat' dir='ltr'><strong>ebenus,</strong></span> <span class='ocrx_word' id='word_1_681' title='bbox 3176 4511 3519 4567; x_wconf 84' lang='lat' dir='ltr'><strong>manifestum</strong></span> 
     </span>
    </p>
   </div>
   <div class='ocr_carea' id='block_1_92' title="bbox 250 4587 1831 4676">
    <p class='ocr_par' dir='ltr' id='par_1_92' title="bbox 250 4605 1828 4676">
     <span class='ocr_line' id='line_1_92' title="bbox 250 4605 1828 4676; baseline 0.003 -16"><span class='ocrx_word' id='word_1_682' title='bbox 250 4605 394 4661; x_wconf 84' lang='lat' dir='ltr'><strong>aliud</strong></span> <span class='ocrx_word' id='word_1_683' title='bbox 425 4608 620 4676; x_wconf 75' lang='lat' dir='ltr'><strong>paries,</strong></span> <span class='ocrx_word' id='word_1_684' title='bbox 659 4607 798 4662; x_wconf 91' lang='lat' dir='ltr'><strong>aliud</strong></span> <span class='ocrx_word' id='word_1_685' title='bbox 848 4608 1266 4674; x_wconf 88' lang='lat' dir='ltr'><strong>fundamentum,</strong></span> <span class='ocrx_word' id='word_1_686' title='bbox 1305 4619 1360 4665; x_wconf 91' lang='lat' dir='ltr'><strong>et</strong></span> <span class='ocrx_word' id='word_1_687' title='bbox 1402 4610 1670 4666; x_wconf 85' lang='lat' dir='ltr'><strong>hominem</strong></span> <span class='ocrx_word' id='word_1_688' title='bbox 1700 4626 1828 4664; x_wconf 85' lang='lat' dir='ltr'><strong>con-</strong></span> 
     </span>
    </p>
   </div>
   <div class='ocr_carea' id='block_1_93' title="bbox 1937 4587 3517 4676">
    <p class='ocr_par' dir='ltr' id='par_1_93' title="bbox 1937 4597 3517 4670">
     <span class='ocr_line' id='line_1_93' title="bbox 1937 4597 3517 4670; baseline 0.004 -17"><span class='ocrx_word' id='word_1_689' title='bbox 1937 4606 2018 4653; x_wconf 58' lang='lat' dir='ltr'><strong>est</strong></span> <span class='ocrx_word' id='word_1_690' title='bbox 2047 4597 2222 4651; x_wconf 91' lang='lat' dir='ltr'><strong>ebeno</strong></span> <span class='ocrx_word' id='word_1_691' title='bbox 2251 4608 2477 4666; x_wconf 88' lang='lat' dir='ltr'><strong>utraque</strong></span> <span class='ocrx_word' id='word_1_692' title='bbox 2507 4597 2686 4652; x_wconf 81' lang='lat' dir='ltr'><strong>inesse</strong></span> <span class='ocrx_word' id='word_1_693' title='bbox 2708 4610 2760 4652; x_wconf 91' lang='lat' dir='ltr'><strong>et</strong></span> <span class='ocrx_word' id='word_1_694' title='bbox 2793 4599 3042 4654; x_wconf 71' lang='lat' dir='ltr'><strong>duritiem</strong></span> <span class='ocrx_word' id='word_1_695' title='bbox 3073 4611 3128 4654; x_wconf 92' lang='lat' dir='ltr'><strong>et</strong></span> <span class='ocrx_word' id='word_1_696' title='bbox 3161 4602 3517 4670; x_wconf 91' lang='lat' dir='ltr'><strong>nigrediuem.</strong></span> 
     </span>
    </p>
   </div>
   <div class='ocr_carea' id='block_1_94' title="bbox 247 4697 1831 4774">
    <p class='ocr_par' dir='ltr' id='par_1_94' title="bbox 247 4697 1831 4774">
     <span class='ocr_line' id='line_1_94' title="bbox 247 4697 1831 4774; baseline 0.004 -22"><span class='ocrx_word' id='word_1_697' title='bbox 247 4697 399 4770; x_wconf 74' lang='lat' dir='ltr'><strong>iungi</strong></span> <span class='ocrx_word' id='word_1_698' title='bbox 437 4700 614 4755; x_wconf 90' lang='lat' dir='ltr'><strong>anima</strong></span> <span class='ocrx_word' id='word_1_699' title='bbox 651 4710 705 4757; x_wconf 91' lang='lat' dir='ltr'><strong>et</strong></span> <span class='ocrx_word' id='word_1_700' title='bbox 746 4716 992 4771; x_wconf 90' lang='lat' dir='ltr'><strong>corpore.</strong></span> <span class='ocrx_word' id='word_1_701' title='bbox 1042 4703 1282 4774; x_wconf 89' lang='lat' dir='ltr'><strong>Cumque</strong></span> <span class='ocrx_word' id='word_1_702' title='bbox 1329 4704 1560 4759; x_wconf 91' lang='lat' dir='ltr'><strong>hominis</strong></span> <span class='ocrx_word' id='word_1_703' title='bbox 1604 4704 1831 4759; x_wconf 89' lang='lat' dir='ltr'><strong>dicimus</strong></span> 
     </span>
    </p>
   </div>
   <div class='ocr_carea' id='block_1_95' title="bbox 249 4794 1828 4866">
    <p class='ocr_par' dir='ltr' id='par_1_95' title="bbox 249 4794 1828 4866">
     <span class='ocr_line' id='line_1_95' title="bbox 249 4794 1828 4866; baseline 0.005 -21"><span class='ocrx_word' id='word_1_704' title='bbox 249 4803 430 4863; x_wconf 88' lang='lat' dir='ltr'><strong>partes</strong></span> <span class='ocrx_word' id='word_1_705' title='bbox 457 4808 578 4850; x_wconf 88' lang='lat' dir='ltr'><strong>esse</strong></span> <span class='ocrx_word' id='word_1_706' title='bbox 604 4794 883 4861; x_wconf 87' lang='lat' dir='ltr'><strong>Catonem,</strong></span> <span class='ocrx_word' id='word_1_707' title='bbox 925 4797 1219 4866; x_wconf 85' lang='lat' dir='ltr'><strong>Virgilium,</strong></span> <span class='ocrx_word' id='word_1_708' title='bbox 1263 4797 1575 4855; x_wconf 86' lang='lat' dir='ltr'><strong>Ciceronem</strong></span> <span class='ocrx_word' id='word_1_709' title='bbox 1617 4809 1670 4853; x_wconf 91' lang='lat' dir='ltr'><strong>et</strong></span> <span class='ocrx_word' id='word_1_710' title='bbox 1715 4801 1828 4853; x_wconf 82' lang='lat' dir='ltr'><strong>sin-</strong></span> 
     </span>
    </p>
   </div>
   <div class='ocr_carea' id='block_1_96' title="bbox 249 4887 1831 4959">
    <p class='ocr_par' dir='ltr' id='par_1_96' title="bbox 249 4887 1831 4959">
     <span class='ocr_line' id='line_1_96' title="bbox 249 4887 1831 4959; baseline 0.006 -21"><span class='ocrx_word' id='word_1_711' title='bbox 249 4887 404 4955; x_wconf 89' lang='lat' dir='ltr'><strong>gulos</strong></span> <span class='ocrx_word' id='word_1_712' title='bbox 451 4887 540 4957; x_wconf 89' lang='lat' dir='ltr'><strong>qui</strong></span> <span class='ocrx_word' id='word_1_713' title='bbox 587 4901 706 4943; x_wconf 92' lang='lat' dir='ltr'><strong>cum</strong></span> <span class='ocrx_word' id='word_1_714' title='bbox 761 4889 1109 4959; x_wconf 88' lang='lat' dir='ltr'><strong>particulares</strong></span> <span class='ocrx_word' id='word_1_715' title='bbox 1153 4892 1282 4955; x_wconf 90' lang='lat' dir='ltr'><strong>sint,</strong></span> <span class='ocrx_word' id='word_1_716' title='bbox 1313 4892 1418 4946; x_wconf 92' lang='lat' dir='ltr'><strong>vim</strong></span> <span class='ocrx_word' id='word_1_717' title='bbox 1463 4902 1638 4947; x_wconf 72' lang='lat' dir='ltr'><strong>tamen</strong></span> <span class='ocrx_word' id='word_1_718' title='bbox 1669 4894 1831 4948; x_wconf 92' lang='lat' dir='ltr'><strong>totius</strong></span> 
     </span>
    </p>
   </div>
   <div class='ocr_carea' id='block_1_97' title="bbox 255 4979 1828 5057">
    <p class='ocr_par' dir='ltr' id='par_1_97' title="bbox 255 4979 1828 5057">
     <span class='ocr_line' id='line_1_97' title="bbox 255 4979 1828 5057; baseline 0.004 -23"><span class='ocrx_word' id='word_1_719' title='bbox 255 4979 491 5036; x_wconf 89' lang='lat' dir='ltr'><strong>hominis</strong></span> <span class='ocrx_word' id='word_1_720' title='bbox 518 4981 746 5053; x_wconf 80' lang='lat' dir='ltr'><strong>jungunt</strong></span> <span class='ocrx_word' id='word_1_721' title='bbox 774 4991 934 5053; x_wconf 90' lang='lat' dir='ltr'><strong>atque</strong></span> <span class='ocrx_word' id='word_1_722' title='bbox 961 4995 1312 5054; x_wconf 92' lang='lat' dir='ltr'><strong>componunt.</strong></span> <span class='ocrx_word' id='word_1_723' title='bbox 1353 4985 1534 5057; x_wconf 85' lang='lat' dir='ltr'><strong>Neque</strong></span> <span class='ocrx_word' id='word_1_724' title='bbox 1563 4990 1704 5041; x_wconf 90' lang='lat' dir='ltr'><strong>enim</strong></span> <span class='ocrx_word' id='word_1_725' title='bbox 1733 4987 1828 5040; x_wconf 86' lang='lat' dir='ltr'><strong>ho-</strong></span> 
     </span>
    </p>
   </div>
   <div class='ocr_carea' id='block_1_98' title="bbox 251 5077 1827 5148">
    <p class='ocr_par' dir='ltr' id='par_1_98' title="bbox 251 5077 1827 5148">
     <span class='ocr_line' id='line_1_98' title="bbox 251 5077 1827 5148; baseline 0.006 -23"><span class='ocrx_word' id='word_1_726' title='bbox 251 5085 342 5126; x_wconf 91' lang='lat' dir='ltr'><strong>mo</strong></span> <span class='ocrx_word' id='word_1_727' title='bbox 369 5088 557 5142; x_wconf 90' lang='lat' dir='ltr'><strong>genus,</strong></span> <span class='ocrx_word' id='word_1_728' title='bbox 602 5089 700 5130; x_wconf 92' lang='lat' dir='ltr'><strong>nec</strong></span> <span class='ocrx_word' id='word_1_729' title='bbox 744 5077 938 5146; x_wconf 85' lang='lat' dir='ltr'><strong>singuli</strong></span> <span class='ocrx_word' id='word_1_730' title='bbox 977 5078 1220 5132; x_wconf 90' lang='lat' dir='ltr'><strong>homines</strong></span> <span class='ocrx_word' id='word_1_731' title='bbox 1251 5079 1478 5147; x_wconf 90' lang='lat' dir='ltr'><strong>species,</strong></span> <span class='ocrx_word' id='word_1_732' title='bbox 1507 5079 1601 5133; x_wconf 86' lang='lat' dir='ltr'><strong>sed</strong></span> <span class='ocrx_word' id='word_1_733' title='bbox 1647 5088 1827 5148; x_wconf 88' lang='lat' dir='ltr'><strong>partes</strong></span> 
     </span>
    </p>
   </div>
   <div class='ocr_carea' id='block_1_99' title="bbox 251 5161 1827 5236">
    <p class='ocr_par' dir='ltr' id='par_1_99' title="bbox 251 5161 1827 5236">
     <span class='ocr_line' id='line_1_99' title="bbox 251 5161 1827 5236; baseline 0.005 -22"><span class='ocrx_word' id='word_1_734' title='bbox 251 5161 447 5229; x_wconf 88' lang='lat' dir='ltr'><strong>quibus</strong></span> <span class='ocrx_word' id='word_1_735' title='bbox 489 5173 629 5219; x_wconf 90' lang='lat' dir='ltr'><strong>totus</strong></span> <span class='ocrx_word' id='word_1_736' title='bbox 671 5165 830 5219; x_wconf 89' lang='lat' dir='ltr'><strong>homo</strong></span> <span class='ocrx_word' id='word_1_737' title='bbox 866 5167 1224 5236; x_wconf 89' lang='lat' dir='ltr'><strong>conjungitur.</strong></span> <span class='ocrx_word' id='word_1_738' title='bbox 1262 5167 1419 5221; x_wconf 82' lang='lat' dir='ltr'><strong>Vocis</strong></span> <span class='ocrx_word' id='word_1_739' title='bbox 1459 5177 1635 5222; x_wconf 88' lang='lat' dir='ltr'><strong>autem</strong></span> <span class='ocrx_word' id='word_1_740' title='bbox 1673 5170 1725 5222; x_wconf 92' lang='lat' dir='ltr'><strong>in</strong></span> <span class='ocrx_word' id='word_1_741' title='bbox 1754 5170 1827 5222; x_wconf 86' lang='lat' dir='ltr'><strong>si-</strong></span> 
     </span>
    </p>
   </div>
   <div class='ocr_carea' id='block_1_100' title="bbox 165 5251 1829 5326">
    <p class='ocr_par' dir='ltr' id='par_1_100' title="bbox 165 5251 1829 5326">
     <span class='ocr_line' id='line_1_100' title="bbox 165 5251 1829 5326; baseline 0.008 -23"><span class='ocrx_word' id='word_1_742' title='bbox 165 5307 180 5316; x_wconf 91' lang='lat'><em>_</em></span> <span class='ocrx_word' id='word_1_743' title='bbox 248 5251 616 5321; x_wconf 82' lang='lat' dir='ltr'><strong>gnificatioiies</strong></span> <span class='ocrx_word' id='word_1_744' title='bbox 664 5256 907 5325; x_wconf 80' lang='lat' dir='ltr'><strong>proprias</strong></span> <span class='ocrx_word' id='word_1_745' title='bbox 950 5256 1140 5311; x_wconf 87' lang='lat' dir='ltr'><strong>divisio</strong></span> <span class='ocrx_word' id='word_1_746' title='bbox 1189 5257 1266 5324; x_wconf 86' lang='lat' dir='ltr'><strong>lit,</strong></span> <span class='ocrx_word' id='word_1_747' title='bbox 1317 5259 1528 5326; x_wconf 89' lang='lat' dir='ltr'><strong>quoties</strong></span> <span class='ocrx_word' id='word_1_748' title='bbox 1578 5273 1679 5312; x_wconf 90' lang='lat' dir='ltr'><strong>una</strong></span> <span class='ocrx_word' id='word_1_749' title='bbox 1725 5274 1829 5316; x_wconf 82' lang='lat' dir='ltr'><strong>vox</strong></span> 
     </span>
    </p>
   </div>
   <div class='ocr_carea' id='block_1_101' title="bbox 247 5343 1827 5419">
    <p class='ocr_par' dir='ltr' id='par_1_101' title="bbox 247 5343 1827 5419">
     <span class='ocr_line' id='line_1_101' title="bbox 247 5343 1827 5419; baseline 0.004 -22"><span class='ocrx_word' id='word_1_750' title='bbox 247 5343 413 5398; x_wconf 86' lang='lat' dir='ltr'><strong>multa</strong></span> <span class='ocrx_word' id='word_1_751' title='bbox 443 5345 742 5415; x_wconf 87' lang='lat' dir='ltr'><strong>significans</strong></span> <span class='ocrx_word' id='word_1_752' title='bbox 772 5347 1026 5416; x_wconf 81' lang='lat' dir='ltr'><strong>aperitur,</strong></span> <span class='ocrx_word' id='word_1_753' title='bbox 1063 5357 1115 5402; x_wconf 90' lang='lat' dir='ltr'><strong>et</strong></span> <span class='ocrx_word' id='word_1_754' title='bbox 1154 5346 1270 5416; x_wconf 89' lang='lat' dir='ltr'><strong>ejus</strong></span> <span class='ocrx_word' id='word_1_755' title='bbox 1308 5347 1581 5417; x_wconf 80' lang='lat' dir='ltr'><strong>pluralitas</strong></span> <span class='ocrx_word' id='word_1_756' title='bbox 1622 5349 1827 5419; x_wconf 82' lang='lat' dir='ltr'><strong>signiﬁ-</strong></span> 
     </span>
    </p>
   </div>
   <div class='ocr_carea' id='block_1_102' title="bbox 247 5436 1823 5510">
    <p class='ocr_par' dir='ltr' id='par_1_102' title="bbox 247 5436 1823 5510">
     <span class='ocr_line' id='line_1_102' title="bbox 247 5436 1823 5510; baseline 0.004 -20"><span class='ocrx_word' id='word_1_757' title='bbox 247 5436 473 5492; x_wconf 89' lang='lat' dir='ltr'><strong>cationis</strong></span> <span class='ocrx_word' id='word_1_758' title='bbox 499 5439 815 5503; x_wconf 82' lang='lat' dir='ltr'><strong>ostenditur,</strong></span> <span class='ocrx_word' id='word_1_759' title='bbox 848 5449 905 5492; x_wconf 90' lang='lat' dir='ltr'><strong>ut</strong></span> <span class='ocrx_word' id='word_1_760' title='bbox 933 5454 1054 5493; x_wconf 91' lang='lat' dir='ltr'><strong>cum</strong></span> <span class='ocrx_word' id='word_1_761' title='bbox 1094 5438 1216 5493; x_wconf 92' lang='lat' dir='ltr'><strong>dico</strong></span> <span class='ocrx_word' id='word_1_762' title='bbox 1243 5442 1390 5495; x_wconf 85' lang='lat' dir='ltr'><strong>canis</strong></span> <span class='ocrx_word' id='word_1_763' title='bbox 1417 5441 1558 5510; x_wconf 92' lang='lat' dir='ltr'><strong>quod</strong></span> <span class='ocrx_word' id='word_1_764' title='bbox 1608 5452 1688 5496; x_wconf 89' lang='lat' dir='ltr'><strong>est</strong></span> <span class='ocrx_word' id='word_1_765' title='bbox 1731 5457 1823 5496; x_wconf 83' lang='lat' dir='ltr'><strong>no-</strong></span> 
     </span>
    </p>
   </div>
   <div class='ocr_carea' id='block_1_103' title="bbox 248 5532 1820 5604">
    <p class='ocr_par' dir='ltr' id='par_1_103' title="bbox 248 5532 1820 5604">
     <span class='ocr_line' id='line_1_103' title="bbox 248 5532 1820 5604; baseline 0.002 -19"><span class='ocrx_word' id='word_1_766' title='bbox 248 5545 394 5596; x_wconf 88' lang='lat' dir='ltr'><strong>men,</strong></span> <span class='ocrx_word' id='word_1_767' title='bbox 428 5542 480 5586; x_wconf 89' lang='lat' dir='ltr'><strong>et</strong></span> <span class='ocrx_word' id='word_1_768' title='bbox 510 5532 652 5586; x_wconf 90' lang='lat' dir='ltr'><strong>hunc</strong></span> <span class='ocrx_word' id='word_1_769' title='bbox 678 5532 1075 5602; x_wconf 85' lang='lat' dir='ltr'><strong>quadrupedem</strong></span> <span class='ocrx_word' id='word_1_770' title='bbox 1123 5533 1526 5603; x_wconf 82' lang='lat' dir='ltr'><strong>latrabilemque</strong></span> <span class='ocrx_word' id='word_1_771' title='bbox 1561 5534 1820 5604; x_wconf 87' lang='lat' dir='ltr'><strong>designat,</strong></span> 
     </span>
    </p>
   </div>
   <div class='ocr_carea' id='block_1_104' title="bbox 247 5623 1824 5694">
    <p class='ocr_par' dir='ltr' id='par_1_104' title="bbox 247 5623 1824 5694">
     <span class='ocr_line' id='line_1_104' title="bbox 247 5623 1824 5694; baseline 0.003 -18"><span class='ocrx_word' id='word_1_772' title='bbox 247 5630 304 5676; x_wconf 88' lang='lat' dir='ltr'><strong>et</strong></span> <span class='ocrx_word' id='word_1_773' title='bbox 326 5623 602 5678; x_wconf 78' lang='lat' dir='ltr'><strong>ctelestem</strong></span> <span class='ocrx_word' id='word_1_774' title='bbox 633 5625 723 5693; x_wconf 90' lang='lat' dir='ltr'><strong>qui</strong></span> <span class='ocrx_word' id='word_1_775' title='bbox 758 5625 823 5679; x_wconf 90' lang='lat' dir='ltr'><strong>ad</strong></span> <span class='ocrx_word' id='word_1_776' title='bbox 851 5624 1065 5680; x_wconf 89' lang='lat' dir='ltr'><strong>Orionis</strong></span> <span class='ocrx_word' id='word_1_777' title='bbox 1095 5625 1283 5694; x_wconf 88' lang='lat' dir='ltr'><strong>pedem</strong></span> <span class='ocrx_word' id='word_1_778' title='bbox 1312 5626 1611 5680; x_wconf 89' lang='lat' dir='ltr'><strong>morbidum</strong></span> <span class='ocrx_word' id='word_1_779' title='bbox 1644 5628 1824 5682; x_wconf 90' lang='lat' dir='ltr'><strong>micat.</strong></span> 
     </span>
    </p>
   </div>
   <div class='ocr_carea' id='block_1_105' title="bbox 247 5711 1824 5786">
    <p class='ocr_par' dir='ltr' id='par_1_105' title="bbox 247 5711 1824 5786">
     <span class='ocr_line' id='line_1_105' title="bbox 247 5711 1824 5786; baseline 0.002 -17"><span class='ocrx_word' id='word_1_780' title='bbox 247 5711 343 5770; x_wconf 79' lang='lat' dir='ltr'><strong>Est</strong></span> <span class='ocrx_word' id='word_1_781' title='bbox 365 5730 577 5786; x_wconf 88' lang='lat' dir='ltr'><strong>quoque</strong></span> <span class='ocrx_word' id='word_1_782' title='bbox 602 5716 737 5770; x_wconf 81' lang='lat' dir='ltr'><strong>alius</strong></span> <span class='ocrx_word' id='word_1_783' title='bbox 765 5715 1000 5770; x_wconf 89' lang='lat' dir='ltr'><strong>marinus</strong></span> <span class='ocrx_word' id='word_1_784' title='bbox 1026 5719 1196 5780; x_wconf 87' lang='lat' dir='ltr'><strong>canis,</strong></span> <span class='ocrx_word' id='word_1_785' title='bbox 1218 5720 1305 5786; x_wconf 88' lang='lat' dir='ltr'><strong>qui</strong></span> <span class='ocrx_word' id='word_1_786' title='bbox 1337 5718 1389 5770; x_wconf 94' lang='lat' dir='ltr'><strong>in</strong></span> <span class='ocrx_word' id='word_1_787' title='bbox 1419 5716 1824 5772; x_wconf 83' lang='lat' dir='ltr'><strong>immoderatam</strong></span> 
     </span>
    </p>
   </div>
   <div class='ocr_carea' id='block_1_106' title="bbox 247 5811 1828 5882">
    <p class='ocr_par' dir='ltr' id='par_1_106' title="bbox 247 5811 1828 5882">
     <span class='ocr_line' id='line_1_106' title="bbox 247 5811 1828 5882; baseline -0.001 -15"><span class='ocrx_word' id='word_1_788' title='bbox 247 5811 490 5877; x_wconf 86' lang='lat' dir='ltr'><strong>corporis</strong></span> <span class='ocrx_word' id='word_1_789' title='bbox 518 5812 932 5880; x_wconf 85' lang='lat' dir='ltr'><strong>magnitudinem</strong></span> <span class='ocrx_word' id='word_1_790' title='bbox 974 5825 1244 5878; x_wconf 85' lang='lat' dir='ltr'><strong>crescens,</strong></span> <span class='ocrx_word' id='word_1_791' title='bbox 1287 5811 1546 5867; x_wconf 63' lang='lat' dir='ltr'><strong>caeruleus</strong></span> <span class='ocrx_word' id='word_1_792' title='bbox 1590 5813 1828 5882; x_wconf 86' lang='lat' dir='ltr'><strong>appella-</strong></span> 
     </span>
    </p>
   </div>
   <div class='ocr_carea' id='block_1_107' title="bbox 1939 4689 3518 4760">
    <p class='ocr_par' dir='ltr' id='par_1_107' title="bbox 1939 4689 3518 4760">
     <span class='ocr_line' id='line_1_107' title="bbox 1939 4689 3518 4760; baseline 0.006 -17"><span class='ocrx_word' id='word_1_793' title='bbox 1939 4690 1994 4743; x_wconf 91' lang='lat' dir='ltr'><strong>ln</strong></span> <span class='ocrx_word' id='word_1_794' title='bbox 2018 4690 2228 4745; x_wconf 83' lang='lat' dir='ltr'><strong>caeteris</strong></span> <span class='ocrx_word' id='word_1_795' title='bbox 2257 4704 2468 4759; x_wconf 89' lang='lat' dir='ltr'><strong>quoque</strong></span> <span class='ocrx_word' id='word_1_796' title='bbox 2500 4689 2550 4744; x_wconf 91' lang='lat' dir='ltr'><strong>id</strong></span> <span class='ocrx_word' id='word_1_797' title='bbox 2581 4690 2810 4759; x_wconf 89' lang='lat' dir='ltr'><strong>diligens</strong></span> <span class='ocrx_word' id='word_1_798' title='bbox 2838 4692 3005 4747; x_wconf 91' lang='lat' dir='ltr'><strong>lector</strong></span> <span class='ocrx_word' id='word_1_799' title='bbox 3031 4692 3288 4748; x_wconf 89' lang='lat' dir='ltr'><strong>inveniet.</strong></span> <span class='ocrx_word' id='word_1_800' title='bbox 3317 4695 3518 4760; x_wconf 85' lang='lat' dir='ltr'><strong>Quibus</strong></span> 
     </span>
    </p>
   </div>
   <div class='ocr_carea' id='block_1_108' title="bbox 1936 4781 3517 4854">
    <p class='ocr_par' dir='ltr' id='par_1_108' title="bbox 1936 4781 3517 4854">
     <span class='ocr_line' id='line_1_108' title="bbox 1936 4781 3517 4854; baseline 0.006 -21"><span class='ocrx_word' id='word_1_801' title='bbox 1936 4790 2114 4835; x_wconf 92' lang='lat' dir='ltr'><strong>autem</strong></span> <span class='ocrx_word' id='word_1_802' title='bbox 2148 4796 2356 4836; x_wconf 90' lang='lat' dir='ltr'><strong>summa</strong></span> <span class='ocrx_word' id='word_1_803' title='bbox 2384 4781 2626 4851; x_wconf 88' lang='lat' dir='ltr'><strong>operatio</strong></span> <span class='ocrx_word' id='word_1_804' title='bbox 2656 4783 2897 4838; x_wconf 82' lang='lat' dir='ltr'><strong>veritatis</strong></span> <span class='ocrx_word' id='word_1_805' title='bbox 2923 4783 3229 4853; x_wconf 87' lang='lat' dir='ltr'><strong>inquiritur,</strong></span> <span class='ocrx_word' id='word_1_806' title='bbox 3257 4785 3341 4840; x_wconf 88' lang='lat' dir='ltr'><strong>bis</strong></span> <span class='ocrx_word' id='word_1_807' title='bbox 3373 4789 3517 4854; x_wconf 91' lang='lat' dir='ltr'><strong>prius</strong></span> 
     </span>
    </p>
   </div>
   <div class='ocr_carea' id='block_1_109' title="bbox 1938 4877 3516 4948">
    <p class='ocr_par' dir='ltr' id='par_1_109' title="bbox 1938 4877 3516 4948">
     <span class='ocr_line' id='line_1_109' title="bbox 1938 4877 3516 4948; baseline 0.002 -17"><span class='ocrx_word' id='word_1_808' title='bbox 1938 4877 2344 4947; x_wconf 86' lang='lat' dir='ltr'><strong>intelligendum</strong></span> <span class='ocrx_word' id='word_1_809' title='bbox 2396 4888 2476 4932; x_wconf 88' lang='lat' dir='ltr'><strong>est</strong></span> <span class='ocrx_word' id='word_1_810' title='bbox 2525 4893 2645 4948; x_wconf 68' lang='lat' dir='ltr'><strong>quae</strong></span> <span class='ocrx_word' id='word_1_811' title='bbox 2716 4881 2786 4933; x_wconf 89' lang='lat' dir='ltr'><strong>sit</strong></span> <span class='ocrx_word' id='word_1_812' title='bbox 2832 4878 3022 4933; x_wconf 89' lang='lat' dir='ltr'><strong>horum</strong></span> <span class='ocrx_word' id='word_1_813' title='bbox 3073 4881 3309 4933; x_wconf 90' lang='lat' dir='ltr'><strong>omnium</strong></span> <span class='ocrx_word' id='word_1_814' title='bbox 3359 4879 3516 4934; x_wconf 87' lang='lat' dir='ltr'><strong>simul</strong></span> 
     </span>
    </p>
   </div>
   <div class='ocr_carea' id='block_1_110' title="bbox 1936 4967 3517 5039">
    <p class='ocr_par' dir='ltr' id='par_1_110' title="bbox 1936 4967 3517 5039">
     <span class='ocr_line' id='line_1_110' title="bbox 1936 4967 3517 5039; baseline 0.004 -19"><span class='ocrx_word' id='word_1_815' title='bbox 1936 4969 2258 5038; x_wconf 85' lang='lat' dir='ltr'><strong>proprietas,</strong></span> <span class='ocrx_word' id='word_1_816' title='bbox 2305 4967 2602 5037; x_wconf 89' lang='lat' dir='ltr'><strong>quibusque</strong></span> <span class='ocrx_word' id='word_1_817' title='bbox 2640 4968 2781 5023; x_wconf 88' lang='lat' dir='ltr'><strong>inter</strong></span> <span class='ocrx_word' id='word_1_818' title='bbox 2817 4984 2877 5024; x_wconf 88' lang='lat' dir='ltr'><strong>se</strong></span> <span class='ocrx_word' id='word_1_819' title='bbox 2906 4969 3173 5039; x_wconf 88' lang='lat' dir='ltr'><strong>sigillatim</strong></span> <span class='ocrx_word' id='word_1_820' title='bbox 3205 4969 3517 5026; x_wconf 81' lang='lat' dir='ltr'><strong>dili&#39;erentiis</strong></span> 
     </span>
    </p>
   </div>
   <div class='ocr_carea' id='block_1_111' title="bbox 1938 5059 3517 5130">
    <p class='ocr_par' dir='ltr' id='par_1_111' title="bbox 1938 5059 3517 5130">
     <span class='ocr_line' id='line_1_111' title="bbox 1938 5059 3517 5130; baseline 0 -17"><span class='ocrx_word' id='word_1_821' title='bbox 1938 5069 2303 5129; x_wconf 84' lang='lat' dir='ltr'><strong>segregentur.</strong></span> <span class='ocrx_word' id='word_1_822' title='bbox 2334 5059 2519 5114; x_wconf 92' lang='lat' dir='ltr'><strong>Omnis</strong></span> <span class='ocrx_word' id='word_1_823' title='bbox 2551 5059 2692 5114; x_wconf 91' lang='lat' dir='ltr'><strong>enim</strong></span> <span class='ocrx_word' id='word_1_824' title='bbox 2725 5060 2871 5115; x_wconf 89' lang='lat' dir='ltr'><strong>vocis</strong></span> <span class='ocrx_word' id='word_1_825' title='bbox 2916 5071 2967 5114; x_wconf 90' lang='lat' dir='ltr'><strong>et</strong></span> <span class='ocrx_word' id='word_1_826' title='bbox 3006 5060 3218 5130; x_wconf 85' lang='lat' dir='ltr'><strong>generis</strong></span> <span class='ocrx_word' id='word_1_827' title='bbox 3257 5068 3310 5114; x_wconf 86' lang='lat' dir='ltr'><strong>et</strong></span> <span class='ocrx_word' id='word_1_828' title='bbox 3353 5063 3517 5113; x_wconf 86' lang='lat' dir='ltr'><strong>totius</strong></span> 
     </span>
    </p>
   </div>
   <div class='ocr_carea' id='block_1_112' title="bbox 1937 5153 3516 5222">
    <p class='ocr_par' dir='ltr' id='par_1_112' title="bbox 1937 5153 3516 5222">
     <span class='ocr_line' id='line_1_112' title="bbox 1937 5153 3516 5222; baseline 0.001 -15"><span class='ocrx_word' id='word_1_829' title='bbox 1937 5153 2149 5219; x_wconf 86' lang='lat' dir='ltr'><strong>divisio,</strong></span> <span class='ocrx_word' id='word_1_830' title='bbox 2195 5155 2488 5208; x_wconf 90' lang='lat' dir='ltr'><strong>secundum</strong></span> <span class='ocrx_word' id='word_1_831' title='bbox 2529 5168 2587 5208; x_wconf 93' lang='lat' dir='ltr'><strong>se</strong></span> <span class='ocrx_word' id='word_1_832' title='bbox 2635 5153 2825 5208; x_wconf 88' lang='lat' dir='ltr'><strong>divisio</strong></span> <span class='ocrx_word' id='word_1_833' title='bbox 2874 5162 3227 5222; x_wconf 89' lang='lat' dir='ltr'><strong>nuncupatur.</strong></span> <span class='ocrx_word' id='word_1_834' title='bbox 3278 5153 3516 5221; x_wconf 73' lang='lat' dir='ltr'><strong>Reliqua:</strong></span> 
     </span>
    </p>
   </div>
   <div class='ocr_carea' id='block_1_113' title="bbox 1938 5244 3517 5312">
    <p class='ocr_par' dir='ltr' id='par_1_113' title="bbox 1938 5244 3517 5312">
     <span class='ocr_line' id='line_1_113' title="bbox 1938 5244 3517 5312; baseline -0.001 -14"><span class='ocrx_word' id='word_1_835' title='bbox 1938 5259 2065 5299; x_wconf 89' lang='lat' dir='ltr'><strong>vero</strong></span> <span class='ocrx_word' id='word_1_836' title='bbox 2107 5251 2216 5299; x_wconf 88' lang='lat' dir='ltr'><strong>tres</strong></span> <span class='ocrx_word' id='word_1_837' title='bbox 2257 5244 2311 5298; x_wconf 87' lang='lat' dir='ltr'><strong>in</strong></span> <span class='ocrx_word' id='word_1_838' title='bbox 2352 5245 2647 5298; x_wconf 89' lang='lat' dir='ltr'><strong>accidentis</strong></span> <span class='ocrx_word' id='word_1_839' title='bbox 2685 5245 3056 5298; x_wconf 87' lang='lat' dir='ltr'><strong>distributione</strong></span> <span class='ocrx_word' id='word_1_840' title='bbox 3101 5255 3391 5312; x_wconf 85' lang='lat' dir='ltr'><strong>ponuntur.</strong></span> <span class='ocrx_word' id='word_1_841' title='bbox 3422 5245 3517 5297; x_wconf 83' lang='lat' dir='ltr'><strong>Sc-</strong></span> 
     </span>
    </p>
   </div>
   <div class='ocr_carea' id='block_1_114' title="bbox 1936 5333 3516 5407">
    <p class='ocr_par' dir='ltr' id='par_1_114' title="bbox 1936 5333 3516 5407">
     <span class='ocr_line' id='line_1_114' title="bbox 1936 5333 3516 5407; baseline -0.003 -14"><span class='ocrx_word' id='word_1_842' title='bbox 1936 5337 2168 5393; x_wconf 91' lang='lat' dir='ltr'><strong>cundum</strong></span> <span class='ocrx_word' id='word_1_843' title='bbox 2213 5352 2273 5392; x_wconf 90' lang='lat' dir='ltr'><strong>se</strong></span> <span class='ocrx_word' id='word_1_844' title='bbox 2316 5346 2493 5392; x_wconf 89' lang='lat' dir='ltr'><strong>autem</strong></span> <span class='ocrx_word' id='word_1_845' title='bbox 2543 5337 2822 5391; x_wconf 85' lang='lat' dir='ltr'><strong>divisionis</strong></span> <span class='ocrx_word' id='word_1_846' title='bbox 2863 5336 3166 5407; x_wconf 48' lang='lat' dir='ltr'><strong>hujusmotii</strong></span> <span class='ocrx_word' id='word_1_847' title='bbox 3214 5333 3516 5390; x_wconf 68' lang='lat' dir='ltr'><strong>differentia</strong></span> 
     </span>
    </p>
   </div>
   <div class='ocr_carea' id='block_1_115' title="bbox 1935 5426 3516 5513">
    <p class='ocr_par' dir='ltr' id='par_1_115' title="bbox 1935 5426 3516 5513">
     <span class='ocr_line' id='line_1_115' title="bbox 1935 5426 3516 5513; baseline -0.004 -25"><span class='ocrx_word' id='word_1_848' title='bbox 1935 5442 2036 5488; x_wconf 89' lang='lat' dir='ltr'><strong>est.</strong></span> <span class='ocrx_word' id='word_1_849' title='bbox 2079 5431 2264 5486; x_wconf 83' lang='lat' dir='ltr'><strong>Difl‘ert</strong></span> <span class='ocrx_word' id='word_1_850' title='bbox 2297 5433 2440 5486; x_wconf 90' lang='lat' dir='ltr'><strong>enim</strong></span> <span class='ocrx_word' id='word_1_851' title='bbox 2483 5431 2675 5486; x_wconf 78' lang='lat' dir='ltr'><strong>divisio</strong></span> <span class='ocrx_word' id='word_1_852' title='bbox 2717 5431 2927 5500; x_wconf 84' lang='lat' dir='ltr'><strong>generis</strong></span> <span class='ocrx_word' id='word_1_853' title='bbox 2968 5444 2998 5513; x_wconf 77' lang='lat' dir='ltr'><strong>_a</strong></span> <span class='ocrx_word' id='word_1_854' title='bbox 3046 5426 3190 5483; x_wconf 90' lang='lat' dir='ltr'><strong>vocis</strong></span> <span class='ocrx_word' id='word_1_855' title='bbox 3228 5428 3516 5494; x_wconf 88' lang='lat' dir='ltr'><strong>divisione,</strong></span> 
     </span>
    </p>
   </div>
   <div class='ocr_carea' id='block_1_116' title="bbox 1937 5521 3513 5597">
    <p class='ocr_par' dir='ltr' id='par_1_116' title="bbox 1937 5521 3513 5597">
     <span class='ocr_line' id='line_1_116' title="bbox 1937 5521 3513 5597; baseline -0.003 -18"><span class='ocrx_word' id='word_1_856' title='bbox 1937 5525 2077 5597; x_wconf 92' lang='lat' dir='ltr'><strong>quod</strong></span> <span class='ocrx_word' id='word_1_857' title='bbox 2112 5541 2214 5580; x_wconf 80' lang='lat' dir='ltr'><strong>vox</strong></span> <span class='ocrx_word' id='word_1_858' title='bbox 2255 5526 2468 5595; x_wconf 90' lang='lat' dir='ltr'><strong>quidem</strong></span> <span class='ocrx_word' id='word_1_859' title='bbox 2502 5525 2554 5579; x_wconf 91' lang='lat' dir='ltr'><strong>in</strong></span> <span class='ocrx_word' id='word_1_860' title='bbox 2587 5524 2830 5594; x_wconf 89' lang='lat' dir='ltr'><strong>proprias</strong></span> <span class='ocrx_word' id='word_1_861' title='bbox 2855 5521 3272 5591; x_wconf 67' lang='lat' dir='ltr'><strong>significationes</strong></span> <span class='ocrx_word' id='word_1_862' title='bbox 3300 5536 3513 5590; x_wconf 57' lang='lat' dir='ltr'><strong>separa.</strong></span> 
     </span>
    </p>
   </div>
   <div class='ocr_carea' id='block_1_117' title="bbox 1936 5613 3512 5682">
    <p class='ocr_par' dir='ltr' id='par_1_117' title="bbox 1936 5613 3512 5682">
     <span class='ocr_line' id='line_1_117' title="bbox 1936 5613 3512 5682; baseline -0.004 -10"><span class='ocrx_word' id='word_1_863' title='bbox 1936 5630 2041 5675; x_wconf 90' lang='lat' dir='ltr'><strong>tur.</strong></span> <span class='ocrx_word' id='word_1_864' title='bbox 2069 5619 2251 5673; x_wconf 78' lang='lat' dir='ltr'><strong>Genus</strong></span> <span class='ocrx_word' id='word_1_865' title='bbox 2291 5632 2421 5671; x_wconf 90' lang='lat' dir='ltr'><strong>vero</strong></span> <span class='ocrx_word' id='word_1_866' title='bbox 2460 5632 2564 5670; x_wconf 91' lang='lat' dir='ltr'><strong>non</strong></span> <span class='ocrx_word' id='word_1_867' title='bbox 2609 5615 2662 5669; x_wconf 91' lang='lat' dir='ltr'><strong>in</strong></span> <span class='ocrx_word' id='word_1_868' title='bbox 2694 5613 3132 5682; x_wconf 84' lang='lat' dir='ltr'><strong>significationes,</strong></span> <span class='ocrx_word' id='word_1_869' title='bbox 3165 5614 3260 5667; x_wconf 91' lang='lat' dir='ltr'><strong>sed</strong></span> <span class='ocrx_word' id='word_1_870' title='bbox 3287 5614 3337 5666; x_wconf 94' lang='lat' dir='ltr'><strong>in</strong></span> <span class='ocrx_word' id='word_1_871' title='bbox 3361 5626 3512 5681; x_wconf 81' lang='lat' dir='ltr'><strong>quas-</strong></span> 
     </span>
    </p>
   </div>
   <div class='ocr_carea' id='block_1_118' title="bbox 1939 5703 3512 5777">
    <p class='ocr_par' dir='ltr' id='par_1_118' title="bbox 1939 5703 3512 5777">
     <span class='ocr_line' id='line_1_118' title="bbox 1939 5703 3512 5777; baseline -0.006 -13"><span class='ocrx_word' id='word_1_872' title='bbox 1939 5712 2060 5765; x_wconf 89' lang='lat' dir='ltr'><strong>dam</strong></span> <span class='ocrx_word' id='word_1_873' title='bbox 2092 5726 2120 5764; x_wconf 92' lang='lat' dir='ltr'><strong>a</strong></span> <span class='ocrx_word' id='word_1_874' title='bbox 2151 5723 2209 5763; x_wconf 82' lang='lat' dir='ltr'><strong>se</strong></span> <span class='ocrx_word' id='word_1_875' title='bbox 2239 5706 2635 5777; x_wconf 85' lang='lat' dir='ltr'><strong>quodammodo</strong></span> <span class='ocrx_word' id='word_1_876' title='bbox 2668 5704 3065 5773; x_wconf 77' lang='lat' dir='ltr'><strong>procreationes</strong></span> <span class='ocrx_word' id='word_1_877' title='bbox 3095 5703 3435 5772; x_wconf 77' lang='lat' dir='ltr'><strong>disjuugitur,</strong></span> <span class='ocrx_word' id='word_1_878' title='bbox 3464 5713 3512 5764; x_wconf 65' lang='lat' dir='ltr'><strong>et</strong></span> 
     </span>
    </p>
   </div>
   <div class='ocr_carea' id='block_1_119' title="bbox 1934 5802 3511 5884">
    <p class='ocr_par' dir='ltr' id='par_1_119' title="bbox 1934 5802 3511 5884">
     <span class='ocr_line' id='line_1_119' title="bbox 1934 5802 3511 5884; baseline -0.004 -17"><span class='ocrx_word' id='word_1_879' title='bbox 1934 5827 2103 5884; x_wconf 87' lang='lat' dir='ltr'><strong>genus</strong></span> <span class='ocrx_word' id='word_1_880' title='bbox 2136 5822 2350 5877; x_wconf 87' lang='lat' dir='ltr'><strong>semper</strong></span> <span class='ocrx_word' id='word_1_881' title='bbox 2385 5806 2580 5875; x_wconf 84' lang='lat' dir='ltr'><strong>speciei</strong></span> <span class='ocrx_word' id='word_1_882' title='bbox 2624 5803 2852 5874; x_wconf 73' lang='lat' dir='ltr'><strong>propria:</strong></span> <span class='ocrx_word' id='word_1_883' title='bbox 2891 5812 3060 5859; x_wconf 85' lang='lat' dir='ltr'><strong>totum</strong></span> <span class='ocrx_word' id='word_1_884' title='bbox 3085 5811 3190 5872; x_wconf 87' lang='lat' dir='ltr'><strong>est,</strong></span> <span class='ocrx_word' id='word_1_885' title='bbox 3222 5811 3279 5857; x_wconf 92' lang='lat' dir='ltr'><strong>ut</strong></span> <span class='ocrx_word' id='word_1_886' title='bbox 3303 5802 3511 5860; x_wconf 72' lang='lat' dir='ltr'><strong>univer-</strong></span> 
     </span>
    </p>
   </div>
  </div>
