4056 6330
558 398 658 456 879

1795 397 1909 454 ΔΝ.
1947 396 2153 457 ΜΑΝΙΑ.
2184 395 2337 457 διν.
2380 395 2604 455 BOE'I'II

3738 396 3840 454 880

556 514 720 568 ratius
757 517 810 570 in
846 523 1052 569 natura.
1100 512 1480 584 Equivocatio
1509 526 1641 569 vero
1670 510 2028 567 universalior
2065 512 2140 567 si-
2166 513 2220 574 Α
2246 509 2413 576 falso,
2468 509 2697 566 fortasse
2747 512 2890 566 enim
2941 510 3083 568 idem
3128 520 3257 567 sunt
3301 520 3495 581 partes-
3534 510 3843 579 huiusmodi

557 606 800 671 gniﬁcare
832 620 890 659 re
917 602 1112 658 dicitur
1154 612 1323 657 totum
1356 603 1408 663 in
1442 617 1597 669 voce,
1629 619 1737 657 non
1769 602 1931 658 etiam
1974 613 2145 657 totum

562 697 609 750 in
649 707 856 749 natura.
907 693 1001 749 Illo
1042 710 1253 765 quoque
1300 695 1459 752 modo
1499 711 1529 749 a
1573 696 1720 751 vocis
1766 695 2146 752 distributione

557 786 831 851 dividitur,
860 787 1004 857 quod
1037 786 1167 842 nihil
1197 788 1397 844 habent
1429 802 1718 843 commune
1749 797 1944 857 praeter
1969 788 2142 843 solum

557 893 750 934 nomen
781 895 901 948 qua:
929 880 1032 935 sub
1061 895 1124 937 ea
1153 896 1283 936 voce
1311 893 1455 938 sunt.
1489 883 1621 951 Quae
1654 898 1787 937 vero
1814 882 1915 939 sub
1942 897 2144 950 genere

556 972 904 1037 collocantur,
929 983 987 1028 et
1012 988 1206 1028 nomen
1240 976 1453 1043 generis
1483 984 1538 1029 et
1565 975 1941 1030 dilfinitionem
1973 976 2143 1030 susci-

555 1062 725 1130 piunt.
751 1065 990 1131 Amplius
1016 1080 1230 1135 quoque
1259 1082 1364 1120 non
1395 1065 1586 1120 eadem
1613 1066 1752 1135 apud
1781 1083 1969 1123 omnes
1994 1067 2144 1123 vocis

555 1155 1004 1210 est'disuibutio.
1045 1157 1196 1225 Quod
1238 1158 1386 1211 enim
1428 1158 1566 1227 apud
1612 1173 1710 1213 nos
1744 1158 1938 1212 dicitur
1965 1163 2139 1228 canis,

555 1263 673 1303 cum
716 1246 833 1317 ejus
878 1249 1057 1302 multa:
1110 1250 1530 1320 signiﬁcationes
1579 1250 1631 1306 in
1679 1251 1853 1321 lingua
1901 1253 2138 1307 Romana

554 1340 681 1404 sint,
705 1340 1019 1407 simpliciter
1048 1340 1274 1398 fortasse
1303 1322 1622 1412 praedicatur
1651 1345 1703 1400 in
1738 1345 1992 1411 barbara;
2017 1362 2139 1401 cum

553 1447 612 1485 ea
643 1447 763 1501 quae
796 1434 934 1502 apud
966 1449 1065 1488 nos
1095 1450 1201 1488 uno
1233 1438 1450 1491 nomine
1482 1447 1874 1506 nuncupantur,
1910 1439 1983 1493 illi
2016 1439 2136 1507 plu-

522 1526 700 1600 .rihus
738 1526 964 1584 fortasse
1010 1530 1312 1598 significent
1355 1532 1535 1585 uomitt
1564 1531 1684 1585 bus.
1730 1529 1955 1586 Generis
1997 1531 2137 1600 apud

553 1634 740 1675 omnes
780 1620 964 1674 cadent
996 1620 1187 1676 divisio
1213 1623 1623 1690 distributinque
1657 1634 1951 1689 permanet.
1986 1625 2139 1680 l'ude

553 1711 612 1764 lit
636 1720 694 1765 ut
722 1713 867 1767 vocis
893 1712 1107 1781 quidem
1145 1713 1336 1767 divisio
1371 1714 1437 1767 ad
1487 1714 1808 1784 positionem
1845 1727 2136 1771 consuetu-

554 1802 837 1873 dinemque
866 1806 1146 1873 pertineat,
1176 1806 1392 1874 generis
1426 1822 1553 1861 vero
1590 1809 1655 1860 ad
1691 1817 1958 1863 naturam.
2001 1808 2133 1863 Nam

2245 600 2563 663 substantia.
2593 616 2698 655 non
2728 602 2889 657 etiam
2930 604 3249 673 quantitate.
3293 603 3481 659 Restat
3532 612 3720 659 autem
3748 620 3843 659 vo-

2244 696 2323 751 cis
2348 705 2401 752 et
2428 697 2593 752 totius
2619 696 3011 752 distributionis
3037 696 3365 753 ditterentias
3393 698 3546 753 dare.
3579 697 3847 757 Diﬂ‘erunt

2243 795 2421 843 autem
2468 788 2609 858 quod
2652 796 2823 843 totum
2868 787 3085 858 quidem
3135 798 3347 845 constat
3404 789 3692 858 partibus,
3743 805 3845 845 vox

2244 894 2374 933 vero
2413 894 2518 934 non
2558 888 2767 934 constat
2799 895 2865 935 ex
2897 879 2981 935 his
3011 896 3130 947 qute
3159 880 3453 950 signiﬁcat:
3487 890 3546 936 et
3590 880 3656 936 ﬁt
3685 883 3847 937 latim

2242 970 2434 1025 divisio
2457 972 2673 1041 quidem
2707 972 2760 1027 iu
2793 981 2993 1040 partes,
3026 977 3171 1028 vocis
3199 984 3375 1027 autem
3402 988 3507 1027 non
3542 972 3604 1026 ﬁt
3638 975 3692 1025 in
3728 988 3846 1041 par-

2241 1071 2342 1130 tes,
2375 1062 2470 1119 sed
2499 1065 2550 1118 in
2588 1078 2682 1120 eas
2712 1080 2798 1119 res
2825 1080 2961 1134 quas
2990 1066 3100 1133 ipsa
3134 1081 3235 1121 vox
3262 1066 3530 1135 significat
3570 1081 3585 1119 :
3614 1066 3766 1120 unde
3794 1064 3848 1121 ﬁt

2243 1164 2301 1207 ut
2337 1153 2548 1207 sublata
2600 1165 2749 1219 parte
2788 1170 2889 1209 una
2935 1165 3103 1209 totum
3155 1164 3361 1224 pereat,
3394 1155 3607 1211 sublata
3646 1171 3756 1209 una
3794 1172 3849 1211 re

2240 1260 2399 1316 quum
2429 1260 2529 1299 vox
2560 1244 2829 1314 signiﬁcat
2856 1246 3020 1300 multa
3072 1246 3387 1317 designans,
3416 1262 3521 1301 vox
3573 1247 3677 1300 illa
3732 1262 3847 1316 per-

2241 1346 2475 1390 maneat.
2518 1335 2669 1390 Nunc
2710 1350 2840 1404 ergo
2893 1337 3142 1405 quoniam
3183 1336 3478 1393 secundum
3529 1353 3591 1391 se
3626 1336 3846 1391 ditisio-

2244 1430 2326 1483 nis
2356 1428 2672 1483 differentis
2704 1428 2861 1481 dictae
2912 1437 3067 1484 sunt.
3096 1430 3311 1497 generis
3361 1427 3681 1482 distributio
3730 1443 3845 1497 per-

2243 1531 2521 1577 tractetur.
2563 1521 2802 1574 Primum
2832 1518 2957 1589 quid
2999 1535 3165 1590 genus
3203 1520 3276 1575 sit
3315 1520 3703 1575 diffinienduut
3740 1529 3839 1574 est.

2241 1613 2422 1669 Genus
2450 1625 2531 1667 rst
2572 1614 2713 1684 quod
2759 1613 3078 1679 praedicatur
3101 1613 3169 1668 de
3201 1614 3442 1682 pluribus
3470 1614 3666 1684 specie
3691 1612 3840 1669 dile-

2242 1706 2483 1760 renubus
2525 1705 2577 1759 in
2614 1723 2681 1760 co
2719 1708 2862 1776 quod
2893 1718 2996 1772 est,
3026 1706 3234 1773 species
3270 1721 3399 1762 vero
3431 1717 3518 1761 est
3545 1720 3717 1776 quam
3747 1706 3843 1763 sub

2241 1814 2438 1865 genere
2481 1799 2831 1854 collocamus.
2884 1800 3213 1868 llit'l'ert-utia,
3262 1800 3385 1868 quia
3431 1800 3581 1855 aliud
3630 1800 3705 1854 ab
3743 1800 3843 1855 alio

552 1894 692 1962 quod
729 1893 868 1960 apud
912 1910 1098 1949 omnes
1137 1894 1278 1949 idem
1323 1906 1428 1963 est,
1463 1907 1670 1952 natura:
1699 1909 1802 1953 est.
1835 1899 2136 1955 Consuetu-
2164 1888 2211 1950 Β
2237 1892 2438 1947 di~tare
2465 1894 2834 1959 proponimus.
2865 1894 2929 1948 Et
2957 1905 3038 1947 est
3064 1896 3277 1965 quidem
3303 1909 3475 1964 genus
3500 1894 3653 1961 quod
3684 1898 3842 1951 inter-

552 1986 690 2042 diuis
718 2003 845 2044 vero
874 1998 977 2055 est,
1017 1990 1159 2060 quotl
1210 1991 1350 2055 apud
1400 1992 1610 2061 aliquos
1664 2003 2016 2060 permutatur.
2069 1994 2134 2049 Et

550 2076 633 2136 ita:
663 2080 874 2150 quidem
906 2091 1031 2136 sunt
1059 2081 1374 2137 differentia:
1404 2083 1638 2151 generis,
1668 2084 2057 2139 distrilmtiOnis
2083 2094 2138 2141 et

549 2172 715 2228 Vocis.
762 2172 988 2229 Generis
1031 2190 1243 2243 quoque
1286 2175 1456 2228 sectio
1493 2192 1523 2228 a
1555 2176 1716 2231 totius
1760 2176 2137 2233 distrihtttone

550 2266 865 2335 sejungitur,
891 2267 1033 2336 quod
1063 2269 1224 2320 totius
1248 2268 1441 2320 divisio
1466 2268 1759 2322 secundum
1785 2270 2135 2340 quantitati-tn

550 2356 631 2411 ﬁt.
685 2355 871 2411 Partes
922 2357 1066 2423 enim
1127 2365 1292 2411 totam
1345 2360 1702 2413 subsmntiatn
1752 2361 2137 2431 coniungentes

550 2456 695 2513 actu,
730 2454 825 2501 aut
862 2447 1067 2502 ratione
1113 2448 1275 2515 animi
1323 2459 1378 2504 et
1424 2450 1747 2519 cogitatioie
1794 2463 2133 2520 separantur.

550 2538 779 2596 Generis
828 2556 956 2596 vero
1004 2541 1311 2596 distributio
1359 2542 1613 2610 qualitate
1666 2544 1953 2612 prriicitur.
2006 2545 2135 2599 Nam

549 2646 671 2686 cum
705 2631 969 2687 hominem
1011 2634 1112 2688 sub
1152 2634 1371 2688 animali
1421 2635 1692 2701 locavere,
1729 2648 1855 2691 tunc
1882 2637 2138 2707 qualitate

549 2728 742 2783 divisio
783 2726 919 2781 facta
950 2738 1052 2781 est.
1104 2727 1274 2792 Quale
1318 2743 1549 2796 namque
1594 2728 1792 2783 animal
1832 2740 1914 2785 est
1955 2730 2137 2795 homo,

549 2820 751 2875 idcirco
785 2822 1036 2891 quoniam
1058 2823 1328 2892 qualitate
1374 2822 1650 2878 formatur.
1697 2822 1845 2879 Unde
1884 2824 2041 2891 quale
2068 2824 2139 2879 sit

549 2915 745 2970 animal
778 2914 938 2969 homo
968 2916 1320 2986 respondens,
1353 2928 1446 2972 aut
1478 2918 1740 2973 rationale
1772 2917 2135 2986 respondebit,

549 3016 643 3062 aut
688 3018 833 3063 certe
874 3009 1117 3063 mortale.
1148 3009 1394 3075 Amplius
1440 3026 1610 3081 genus
1638 3027 1798 3065 omne
1827 3010 2140 3066 naturaliter

548 3102 698 3172 prius
734 3111 816 3156 est
856 3102 1091 3171 propriis
1131 3104 1435 3172 speciebus,
1469 3114 1636 3160 totum
1677 3112 1855 3159 autem
1909 3105 2139 3176 propriis

550 3191 791 3263 partibus
833 3192 1098 3261 posterius
1144 3202 1247 3249 est.
1297 3193 1482 3249 Partes
1531 3211 1649 3265 quae
1703 3206 1870 3249 totum
1906 3196 2136 3265 jungunt

546 3284 828 3352 compositi
852 3282 935 3338 sui
964 3282 1343 3351 perfectionem
1372 3286 1505 3340 alias
1534 3296 1719 3340 natura
1745 3294 1969 3353 tantum,
1999 3288 2133 3343 alios

548 3373 756 3434 ratione
784 3390 999 3446 quoque
1029 3376 1284 3445 temporis
1313 3379 1655 3433 antecedunt.
1687 3377 1838 3435 Unde
1867 3380 1924 3433 iit
1957 3389 2013 3434 nt
2041 3396 2137 3450 ge-

548 3480 652 3522 nus
690 3466 741 3520 in
784 3468 1101 3537 posteriora,
1145 3476 1311 3522 totum
1352 3484 1483 3526 vero
1532 3471 1583 3524 in
1630 3472 1803 3540 priora
1843 3471 2132 3528 solvamus.

546 3557 682 3619 Hinc
709 3574 921 3634 quoque
951 3561 1079 3618 illud
1108 3576 1234 3617 vere
1258 3563 1478 3631 dicitur,
1511 3565 1555 3617 si
1579 3580 1746 3633 genus
1777 3566 2133 3636 interimatur,

547 3653 724 3709 statim
771 3655 977 3725 species
1019 3653 1287 3722 deperire.
1333 3654 1389 3709 Si
1438 3658 1644 3723 species
1691 3656 2012 3726 interempta
2045 3659 2137 3727 sit,

547 3762 654 3801 non
704 3756 1041 3816 peremptum
1077 3762 1246 3813 genus
1276 3747 1329 3800 in
1362 3755 1553 3800 natura
1588 3750 1904 3804 consistere.
1936 3748 2136 3805 Contra

547 3838 728 3894 evenit
761 3840 814 3892 in
858 3847 990 3892 toto.
1040 3839 1169 3890 t‘am
1201 3838 1247 3891 si
1279 3853 1400 3905 pars
1434 3838 1598 3893 totius
1633 3842 1795 3907 perLt,
1828 3850 1994 3894 totum
2029 3857 2133 3897 non

548 3931 672 3996 erit,
718 3929 869 3998 cujus
925 3942 1046 3994 pars
1089 3943 1194 3997 una
1246 3931 1317 3982 sit
1366 3931 1703 3998 interempta.
1736 3930 1843 3986 Sed
1881 3932 1927 3987 si
1966 3943 2133 3989 totum

546 4030 751 4089 pereat,
784 4029 962 4090 partes
991 4029 1271 4074 remanent
1299 4019 1618 4084 distributze,
1649 4031 1707 4074 ut
1742 4021 1784 4074 si
1827 4022 1895 4076 de
1930 4022 2133 4093 integra

545 4113 707 4166 domo
746 4111 865 4179 quis
908 4111 1185 4166 abstulerit
1231 4118 1448 4172 tectum,
1486 4119 1653 4167 telum
1684 4114 1825 4183 quod
1862 4122 1988 4170 ante
2031 4116 2132 4171 fuit

546 4201 849 4272 interrupit.
890 4201 995 4257 Sed
1043 4210 1320 4268 perempto
1360 4211 1521 4265 tecto,
1560 4203 1792 4270 parietes
1831 4215 1887 4259 et
1933 4208 2126 4262 funda-

540 4307 727 4353 menta
748 4296 1080 4351 constabunt.
1114 4295 1360 4363 Amplius
1392 4310 1605 4366 quoque
1640 4313 1810 4367 genus
1845 4301 2128 4368 speciebus

545 4388 766 4443 materia
808 4397 909 4443 est.
944 4386 1070 4440 Nam
1114 4391 1252 4442 sicut
1286 4402 1361 4441 tes
1400 4399 1619 4455 accepta
1651 4393 1820 4443 l’orma
1856 4392 2050 4446 transit
2076 4391 2128 4447 in

543 4487 793 4544 statuam,
827 4482 899 4535 ita
921 4495 1089 4550 genus
1116 4489 1331 4550 accepta
1359 4480 1657 4536 differentia
1691 4486 1880 4537 transit
1911 4484 1962 4536 in
1996 4497 2126 4553 spe-

540 4577 700 4630 ciem.
742 4574 925 4628 T0tius
972 4587 1098 4627 vero
1146 4574 1374 4642 partium
1419 4573 1707 4628 multitudo
1754 4575 1978 4630 materia
2024 4587 2128 4642 est,

543 4666 713 4722 forma
762 4682 890 4721 vero
944 4668 1255 4722 earumdem
1314 4669 1542 4736 partium
1599 4668 1941 4734 compositio.
1999 4668 2129 4724 Nam

538 4760 677 4814 sient
703 4760 910 4825 species
943 4774 1007 4814 ex
1039 4773 1237 4829 genere
1262 4768 1474 4814 constat
1500 4768 1553 4813 et
1581 4758 1904 4824 dilferentia,
1941 4760 2011 4816 ita
2044 4769 2128 4816 to-

541 4861 650 4906 tum
679 4862 889 4906 con~tat
915 4865 982 4906 ex
1019 4851 1279 4918 partibus,
1313 4850 1455 4904 unde
1495 4850 1554 4904 fit
1591 4860 1650 4906 nt
1691 4862 1857 4906 toturn
1897 4852 1965 4907 ab
1995 4868 2127 4909 una-

537 4956 748 5011 quaque
777 4950 925 5009 parte
951 4954 1068 5003 sua,
1097 4943 1324 5009 partium
1346 4940 1463 5007 ipsa
1485 4943 1872 5012 compositione
1894 4944 2120 5012 dilferat,

538 5038 747 5099 spectes
769 5048 898 5089 vero
919 5048 948 5088 a
975 5047 1197 5103 genere,
1225 5032 1538 5089 diﬂ‘ereutize
1568 5036 1964 5105 conjunctione.
1995 5037 2127 5094 Am-

506 5166 507 5169 η
537 5126 679 5195 plius
712 5140 925 5196 quoque
963 5127 1171 5195 species
1200 5127 1343 5181 idem
1383 5142 1596 5194 semper
1634 5129 1779 5199 quod
1802 5146 1988 5199 genus
2017 5138 2122 5198 est,

535 5226 596 5274 ut
626 5218 788 5274 homo
835 5216 974 5274 idem
1018 5228 1103 5274 est
1139 5219 1283 5287 quod
1326 5218 1547 5287 animal,
1580 5230 1635 5276 et
1677 5222 1843 5278 virtus
1871 5223 2012 5278 idem
2038 5232 2125 5279 est

533 5313 676 5383 quod
708 5313 940 5369 habitus.
974 5314 1102 5370 Pars
1134 5331 1265 5371 vero
1292 5332 1397 5371 non
1429 5330 1645 5387 semper
1674 5317 1815 5373 idem
1859 5328 1943 5374 est
1980 5319 2122 5390 quod

535 5413 726 5462 totum.
759 5402 943 5478 Neque
971 5407 1116 5462 enim
1150 5409 1288 5464 idem
1315 5419 1401 5464 est
1426 5424 1617 5464 manus
1645 5410 1786 5481 quod
1817 5410 1998 5477 homo,
2025 5426 2124 5467 nec

533 5494 677 5552 idem
715 5497 890 5566 paries
919 5499 1060 5569 quod
1089 5499 1299 5555 domus.
1333 5500 1401 5556 Et
1428 5501 1479 5556 in
1507 5502 1591 5557 his
1618 5501 1831 5571 quidem
1862 5519 1981 5573 qua:
2008 5503 2119 5557 dis-

530 5585 733 5644 similes
773 5597 953 5658 partes
988 5589 1207 5655 habent,
1242 5592 1344 5648 hoc
1370 5594 1572 5648 clarum
1615 5604 1719 5649 est.
1758 5593 1866 5649 Sed
1896 5611 2001 5649 non
2028 5609 2119 5650 eoa

530 5677 655 5734 ‘dem
685 5681 850 5735 modo
886 5682 942 5737 in
988 5683 1073 5739 his
1118 5699 1240 5754 qua:
1285 5684 1509 5753 similes,
1540 5696 1599 5741 ut
1636 5687 1687 5741 in
1726 5687 1849 5741 teris
1886 5688 2114 5758 virgula,

527 5766 685 5836 cujus
732 5780 911 5838 partes
946 5773 1070 5842 quia
1119 5783 1243 5830 sunt
1293 5777 1581 5841 continuae,
1624 5787 1678 5832 et
1713 5777 1953 5846 ejusdem
1986 5789 2112 5836 sunt

531 5857 676 5922 eris.
703 5858 951 5921 videntur
976 5860 1119 5922 idem
1150 5876 1270 5925 esse
1312 5875 1487 5935 partes
1515 5867 1655 5939 quod
1687 5877 1855 5930 totum
1883 5880 1985 5941 est,
2012 5871 2109 5933 sed

2161 3241 2208 3306 C

2239 1984 2444 2063 reg-tui
2485 1985 2611 2052 quid
2656 2000 2885 2053 quicque
2928 2000 3016 2040 res
3062 1984 3133 2041 sit
3191 1985 3444 2041 convenit
3494 1987 3841 2055 restmnderi,

2239 2074 2542 2130 dill’erentia
2571 2092 2690 2145 qua:
2732 2079 2797 2130 ad
2835 2078 3010 2147 qualis
3047 2080 3542 2147 percunctationem
3594 2083 3842 2136 rectissi-

2240 2183 2328 2222 me
2366 2169 2738 2235 re~poudetur.
2773 2168 2904 2224 Nam
2933 2186 3052 2225 cum
3092 2170 3212 2239 quis
3244 2172 3565 2239 interregat,
3593 2171 3733 2241 quid
3763 2182 3842 2230 est

2241 2250 2436 2312 homo?
2464 2273 2609 2315 recte
2639 2263 2861 2317 animal.
2890 2262 3076 2331 Qualis
3097 2273 3181 2317 est
3219 2262 3423 2318 homo?
3450 2266 3843 2319 convenienter

2240 2351 2515 2406 rationalis
2561 2356 2934 2423 respondetur.
2980 2354 3251 2409 Dividitur‘
3277 2364 3456 2410 autem
3499 2370 3685 2433 genus
3714 2357 3843 2413 altas

2240 2444 2295 2499 in
2343 2445 2575 2514 species,
2616 2448 2749 2501 alias
2790 2450 2841 2502 in
2885 2447 3235 2511 differentias.
3285 2448 3334 2504 si
3373 2450 3599 2519 species
3652 2450 3840 2517 quibus

2241 2546 2455 2604 Oportet
2482 2552 2650 2606 genus
2678 2537 2844 2591 dividi
2879 2538 3182 2592 nominibus
3208 2550 3418 2605 carent,
3449 2552 3508 2593 ut
3552 2553 3685 2595 cum
3727 2540 3842 2594 dico

2241 2632 2550 2686 animalium
2584 2632 2687 2688 alia
2720 2635 2998 2688 rationalia
3035 2646 3181 2699 sunt,
3213 2635 3316 2691 alia
3346 2634 3715 2693 iri-alienatis".
3747 2639 3842 2693 Ra-

2244 2724 2443 2780 tionale
2468 2735 2522 2781 et
2547 2725 2859 2780 irrationale
2895 2727 3213 2782 dim-rentius
3255 2738 3399 2783 sum.
3440 2729 3552 2784 Sed
3584 2731 3839 2800 quoniam

2243 2818 2441 2886 Speciei
2472 2818 2629 2884 hujus
2656 2833 2775 2889 qua:
2800 2827 2885 2873 est
2910 2820 3106 2875 animal
3142 2821 3402 2876 rationale
3440 2836 3649 2878 nomen
3682 2839 3841 2879 unum

2244 2924 2349 2964 non
2370 2920 2473 2976 est,
2490 2910 2689 2966 idcirco
2709 2925 2805 2979 pro
2817 2912 3000 2983 specie
3016 2912 3373 2968 differentiam
3398 2914 3683 2982 ponimus,
3702 2930 3839 2970 eam-

2242 3018 2350 3072 que
2368 3005 2630 3071 superiori
2659 3006 2840 3075 generi
2862 3008 3195 3075 copulemus,
3217 3007 3392 3061 omnis
3415 3007 3567 3063 enim
3588 3007 3837 3062 ὤσει-ιιι-

2246 3097 2316 3150 tia
2348 3096 2399 3150 in
2431 3097 2702 3167 proprium
2746 3113 2913 3167 genus
2950 3100 3178 3153 veniens
3215 3099 3450 3168 speciem
3490 3098 3648 3153 facit.
3696 3098 3840 3156 Unda

2243 3188 2301 3241 fit
2332 3197 2389 3242 ut
2426 3189 2669 3255 quaedam
2707 3191 2927 3245 materia
2965 3205 3135 3261 genus
3170 3193 3262 3259 sit,
3308 3190 3477 3246 forma
3512 3189 3837 3247 diﬁcrentia.

2242 3277 2377 3335 Cum
2417 3291 2595 3336 autem
2640 3281 2868 3351 propriis
2910 3282 3217 3338 nominibus
3263 3283 3477 3352 species
3507 3284 3838 3353 appellatur,

2243 3389 2349 3430 non
2377 3375 2430 3430 in
2460 3374 2825 3441 dilferentias,
2877 3378 2972 3433 sed
3007 3378 3059 3431 in
3105 3377 3318 3446 species
3348 3377 3409 3432 lit
3434 3387 3587 3433 recta
3615 3378 3831 3446 generis

2242 3465 2459 3534 divisio,
2516 3468 2656 3523 unde
2706 3476 2791 3523 est
2818 3477 2878 3523 ut
2906 3484 2973 3524 ex
3006 3468 3250 3537 pluribus
3287 3467 3537 3523 terminis
3584 3466 3837 3524 diffinire

2241 3560 2542 3629 colligatur.
2586 3559 2644 3614 Si
2693 3559 2837 3614 enim
2893 3575 3086 3615 omnes
3122 3559 3333 3625 species
3362 3559 3477 3615 suis
3522 3560 3837 3615 nominibus

2239 3652 2663 3720 appellarentur,
2696 3666 2759 3705 ex
2792 3650 3003 3706 duobus
3031 3649 3165 3706 solis
3206 3650 3449 3706 terminis
3476 3652 3661 3706 omnis
3692 3650 3838 3708 ﬁeret

2242 3746 2514 3811 tiflinitio,
2546 3756 2602 3801 ut
2646 3762 2769 3801 cunt
2800 3746 2921 3802 dico
2946 3789 2961 3814 ,
3015 3745 3152 3813 Quid
3179 3756 3262 3801 est
3293 3744 3497 3800 homo?
3526 3745 3660 3814 quid
3712 3745 3837 3802 melli

2241 3855 2464 3895 necesse
2507 3849 2654 3896 esset
2695 3840 2877 3897 dicere
2905 3840 3107 3895 animal
3154 3840 3416 3896 rationale
3461 3841 3744 3905 mortale,
3796 3840 3838 3895 si

2238 3931 2437 3986 animal
2467 3932 2729 3988 rationale
2758 3942 2901 3987 esset
2946 3932 3163 4001 praprio
3193 3932 3411 3988 nomine
3443 3942 3837 3999 nuncupatum,

2238 4038 2362 4079 cum
2393 4024 2597 4094 reliqua
2627 4040 2839 4096 queque
2883 4025 3213 4091 dilferentia,
3248 4026 3300 4080 id
3327 4036 3411 4081 est
3441 4026 3697 4094 mortali,
3721 4028 3839 4097 jum

2237 4124 2378 4170 ctum
2426 4114 2799 4173 diﬂinitionem
2845 4118 3083 4174 beluinis
3118 4118 3396 4175 verissima
3428 4120 3646 4175 ratione
3677 4130 3737 4174 et
3763 4120 3839 4176 ine

2238 4213 2383 4279 sagire
2424 4209 2763 4266 conclusione
2795 4209 3117 4279 perficeret?
3143 4208 3295 4265 Nunc
3321 4219 3500 4265 autem
3528 4212 3601 4265 ad
3634 4211 3838 4269 difﬁnio

2239 4302 2411 4357 tiones
2435 4280 2995 4369 integrasspeCierum
3038 4303 3232 4359 divisio
3264 4305 3576 4359 necessaria
3627 4315 3758 4373 est,
3787 4316 3839 4361 et

2237 4394 2375 4452 forte
2396 4395 2447 4451 in
2474 4397 2662 4453 eodem
2693 4398 2974 4453 divisionis
2994 4396 3445 4468 diffinitionisque
3472 4400 3619 4456 ratio
3648 4414 3837 4455 versa-

2237 4500 2342 4545 tur.
2382 4490 2511 4545 Nam
2542 4492 2893 4548 divisionibus
2931 4492 3135 4563 junctis
3168 4508 3273 4549 una
3300 4493 3659 4563 componitur
3690 4492 3836 4547 difﬁ-

2158 4621 2214 4684 Β
2241 4582 2392 4636 uitio.
2424 4582 2529 4639 Sed
2552 4584 2802 4652 quoniam
2830 4584 2931 4638 alia
2954 4594 3083 4639 sunt
3104 4585 3400 4655 tequivoca,
3444 4585 3554 4639 alia
3579 4587 3834 4647 univoca.

2239 4680 2294 4725 et
2320 4688 2438 4739 qua:
2489 4685 2611 4729 sunt
2659 4677 2881 4730 univoca
2903 4716 2919 4741 ,
2953 4674 3067 4744 ipsa
3102 4676 3155 4729 in
3183 4690 3443 4747 generum
3495 4676 3837 4744 suscipimus

2237 4764 2530 4826 sectiones,
2583 4781 2702 4834 quae
2730 4781 2854 4821 vero
2883 4777 3008 4821 sunt
3057 4766 3366 4835 :equivoca,
3399 4768 3452 4821 in
3505 4768 3597 4822 his
3624 4766 3837 4824 divisio

2234 4855 2347 4910 sola
2390 4856 2798 4925 signiﬁcationis
2826 4866 2912 4913 est
2940 4899 2953 4921 ,
2987 4857 3273 4915 videndum
3306 4859 3457 4928 prius
3484 4867 3571 4913 est
3599 4859 3739 4927 quid
3768 4858 3834 4915 sit

2233 4947 2589 5016 mquivocutu,
2622 4949 2744 5019 quid
2772 4949 3055 5005 univocum
3083 4991 3095 5011 .
3133 4966 3202 5006 ne
3221 4965 3342 5006 cum
3372 4952 3478 5006 ista
3501 4948 3831 5014 fefellerint,

2232 5040 2559 5109 tequivocum
2591 5056 2785 5097 nomen
2819 5041 2970 5112 quasi
2999 5042 3052 5096 in
3084 5042 3329 5112 species,
3364 5043 3435 5098 ita
3466 5042 3517 5096 in
3544 5042 3829 5113 signiﬁca-

2233 5132 2366 5187 tivas
2410 5133 2762 5197 resolvemus,
2815 5134 2955 5188 unde
3005 5133 3063 5189 ﬁt
3089 5143 3144 5187 ιιι
3171 5150 3359 5190 rursus
3397 5134 3465 5190 ad
3496 5133 3827 5190 divisionem

2229 5226 2530 5280 necessaria
2575 5228 2645 5284 sit
2688 5227 2963 5283 difﬁniliu.
2997 5228 3134 5296 Quid
3166 5229 3310 5284 enim
3343 5230 3413 5284 sit
3442 5230 3825 5297 asquivocum.

2227 5317 2353 5387 quid
2383 5318 2665 5374 univocum
2711 5319 3031 5376 dilﬁnitione
3076 5321 3418 5395 colligimus.
3451 5322 3592 5378 Sunt
3639 5334 3825 5378 autem

2228 5406 2542 5465 diti‘erentize
2566 5411 2685 5467 alia:
2711 5427 2805 5482 per
2823 5426 2905 5479 se,
2928 5413 3044 5470 alia:
3075 5428 3201 5469 vero
3229 5428 3324 5482 per
3350 5414 3720 5479 accidens;et
3736 5415 3827 5469 ha-

2231 5515 2349 5555 rum
2380 5502 2501 5558 alia:
2526 5514 2648 5559 sunt
2674 5516 3068 5575 consequentes
3096 5506 3303 5573 statim,
3335 5506 3456 5562 alite
3497 5508 3822 5578 relinquen-

2234 5602 2313 5649 tes
2340 5597 2546 5651 statim.
2600 5597 2980 5668 Relinquentes
3014 5596 3319 5667 hujusmodi
3367 5608 3526 5664 sunt,
3560 5608 3641 5653 .ut
3694 5599 3821 5653 dor-

2229 5689 2384 5755 mire,
2415 5691 2628 5757 sedere,
2659 5700 2825 5757 stare,
2854 5691 3114 5762 vigilare;
3144 5703 3538 5765 consequentes
3566 5708 3729 5755 yero,
3762 5703 3815 5744 nt

2224 5783 2403 5851 capilli
2452 5783 2614 5853 crispi
2642 5823 2657 5847 ,
2703 5784 2748 5838 si
2800 5799 2905 5840 non
2936 5783 3157 5842 admissi
3198 5794 3324 5841 sunt
3373 5784 3690 5848 calamistro
3716 5825 3734 5846 .
3766 5792 3819 5839 et

2218 5873 2392 5942 glauci
2420 5875 2580 5941 oculi,
2614 5874 2660 5936 si
2691 5890 2797 5945 non
2828 5876 2933 5937 sint
2976 5877 3206 5949 quadam
3235 5878 3572 5940 extrinsecus
3608 5875 3815 5936 debili-
