4056 6330
270 343 372 402 εει

1541 347 1734 404 LIBER
1780 349 1868 403 DE
1909 349 2264 412 DIVISIONE.

3446 361 3547 418 οδε

287 473 383 519 ate
411 461 629 520 turbati.
657 463 892 522 Sedhaic
918 466 984 522 ad
1012 466 1224 536 generis
1251 467 1570 522 divisionem
1592 467 1854 522 sumenda
1888 472 1937 529 Α
1963 474 2250 540 gationem,
2307 484 2365 529 ut
2417 476 2666 531 Socrates
2722 479 2869 540 vivit.
2929 479 3183 536 Socrates
3237 493 3342 535 non
3394 480 3544 534 vivit.

279 571 388 612 non
420 568 560 615 sunt.
611 557 791 629 Neque
836 560 902 614 ad
949 560 1296 618 dilllnitiones
1348 571 1475 618 sunt
1527 561 1809 617 eomnfoda
1838 606 1854 630 ,

268 664 433 706 omne
469 650 613 706 enim
641 651 782 720 quod
807 653 873 707 ad
917 654 1238 710 divisionem
1297 655 1512 724 generis
1538 666 1720 724 aptum
1751 665 1854 721 est,

271 742 416 798 idem
450 742 516 798 ad
555 742 901 800 diffinitiones
950 746 1252 802 rectissime
1305 761 1718 817 congregamus.
1762 747 1854 801 illa

273 849 403 889 vero
443 849 563 904 quae
593 850 688 905 per
711 851 770 890 se
817 847 940 892 sunt
985 839 1101 892 sola
1152 838 1219 892 ad
1271 839 1595 893 divisionem
1643 839 1859 908 generis

274 943 394 1003 apta
428 946 570 989 sunt.
618 934 743 990 Haec
769 938 910 990 enim
944 937 1234 992 informant
1261 947 1315 992 et
1361 935 1648 1005 perficiunt
1675 935 1860 990 unius-

272 1027 531 1098 cujusque
581 1030 973 1096 substantiam,
1015 1041 1073 1085 ut
1122 1031 1354 1084 hominis
1387 1031 1778 1086 rationabilitas
1805 1038 1860 1084 et

277 1121 708 1176 mortalitas.Sed
735 1122 828 1174 bas
853 1121 1301 1189 quemadmodum
1321 1123 1546 1190 probare
1561 1123 1859 1194 possimus,

278 1225 452 1270 utrum
482 1231 546 1269 ex
578 1230 645 1269 eo
686 1216 794 1271 sint
822 1230 1021 1285 genere
1065 1218 1247 1270 statim
1298 1217 1715 1286 relinquentium
1739 1257 1755 1282 ,
1789 1233 1854 1272 au

276 1307 713 1376 consequentium
734 1348 750 1372 ,
782 1322 851 1361 an
876 1308 925 1360 in
949 1309 1252 1362 substantia
1279 1311 1729 1378 permanentium,
1757 1309 1857 1365 hoc

280 1398 438 1454 modo
479 1408 562 1454 est
605 1400 909 1456 videndum.
943 1400 1126 1472 Neque
1150 1404 1292 1457 enim
1321 1403 1519 1457 sufiicit
1550 1404 1690 1459 scire
1719 1418 1854 1473 quas

279 1490 330 1545 ln
373 1491 634 1548 divisione
688 1508 985 1559 sumamus,
1019 1495 1122 1548 nisi
1171 1495 1302 1549 illttd
1330 1509 1544 1564 quoque
1587 1497 1855 1563 cognitum

279 1581 372 1648 sit,
396 1584 842 1661 quemadmodum
865 1586 1082 1641 easdem
1112 1589 1255 1655 ipsas
1279 1603 1397 1656 qua:
1429 1588 1704 1642 sumendae
1737 1596 1858 1642 sunt

277 1683 331 1729 et
360 1691 478 1744 qua:
523 1677 825 1746 reji‘ciend:e
869 1679 1164 1733 rectissime
1193 1694 1598 1749 cognoscamus.
1653 1679 1856 1735 Viden~

278 1767 401 1822 dum
443 1783 570 1838 ergo
619 1770 848 1837 primum
880 1781 962 1825 est
1004 1781 1184 1826 utrum
1238 1783 1510 1841 proposita
1553 1771 1855 1827 diﬂ'erentia

1962 569 2160 630 Quarta
2214 571 2504 623 secundum
2534 570 2873 634 relationem,
2903 583 2958 625 ut
2986 586 3160 640 pater,
3189 575 3349 638 illius,
3381 572 3550 627 domi-

1964 675 2084 724 nus,
2116 675 2324 718 servus.
2356 662 2662 718 Secundum
2695 680 2828 733 quas
2859 666 3017 732 igitur
3041 670 3228 719 barum
3255 665 3551 733 oppositio-

1962 767 2087 807 num
2115 765 2342 822 quatuor
2387 754 2578 808 divisio
2604 757 2815 824 generis
2860 756 2950 821 sit,
3000 758 3298 810 rectissima
3342 757 3548 810 ratione

1962 845 2370 899 monstrandum
2393 855 2497 900 est.
2531 845 2863 902 Manifestum
2888 857 2969 902 est
2997 848 3140 903 enim
3173 858 3228 902 et
3255 840 3581 916 oppositioo‘

1963 951 2061 990 nos
2106 952 2226 991 esse
2268 947 2516 1004 quatuor,
2556 947 2607 991 et
2633 952 2830 1006 genera
2859 939 3142 1008 etspecies
3181 955 3277 1008 per
3304 940 3543 1004 Opposita

1963 1030 2222 1098 separari.
2282 1027 2434 1083 Nunc
2478 1043 2604 1096 ergo
2634 1029 2918 1082 dicendum
2944 1039 3028 1085 est
3064 1031 3358 1085 secundum
3389 1044 3543 1096 quam

1961 1121 2351 1190 oppositionem
2409 1121 2596 1174 harum
2657 1131 2885 1189 quatuor
2946 1120 3027 1175 vel
3095 1118 3546 1190 quemadmodum

1961 1215 2166 1284 species
2192 1230 2221 1266 a
2247 1227 2445 1284 genere
2471 1212 2698 1282 disjungi
2722 1212 3028 1277 conveniat,
3058 1223 3107 1264 et
3138 1213 3304 1279 prima
3330 1210 3543 1278 quidem

1960 1308 2028 1361 sit
2052 1305 2495 1361 contradictionis
2521 1305 2808 1373 Oppositio.
2847 1303 2988 1358 Voco
3020 1312 3198 1356 autem
3237 1302 3542 1356 contradic-

1964 1399 2122 1453 tionis
2165 1397 2555 1466 oppositionem
2597 1412 2716 1465 quae
2760 1395 3119 1449 afﬁrmatione
3178 1404 3233 1449 et
3260 1395 3543 1461 negatione

1961 1489 2294 1559 proponitur.
2328 1489 2384 1543 In
2413 1490 2509 1542 hac
2541 1489 2697 1557 igitur
2729 1486 2939 1554 negatio
2978 1501 3073 1554 per
3099 1499 3158 1539 se
3185 1485 3380 1538 nullam
3421 1500 3542 1552 spe-

1959 1583 2094 1639 ciem
2127 1582 2274 1637 facit.
2314 1581 2446 1636 Nam
2475 1597 2596 1635 cum
2625 1571 2771 1645 dico,
2801 1580 2985 1645 homo,
3015 1580 3098 1632 vel
3121 1592 3308 1646 equus,
3337 1578 3419 1632 vel
3447 1576 3542 1630 ali-

1959 1675 2086 1744 quid
2136 1673 2461 1743 hujusmodi,
2491 1674 2698 1740 species
2742 1680 2884 1725 sunt.
2919 1669 3186 1738 Quidquid
3220 1679 3394 1722 autem
3425 1670 3543 1737 qui!

1962 1767 2244 1836 negatioiie
2302 1764 2586 1834 protulerit
2640 1765 2874 1833 Speciem
2936 1778 3039 1816 non
3107 1760 3363 1815 declarat.
3428 1758 3542 1817 Non

278 1866 420 1921 omni
452 1868 621 1937 possit
667 1875 722 1922 et
751 1883 963 1939 semper
995 1870 1173 1925 inesse
1202 1870 1476 1938 subjecto;
1507 1870 1651 1940 quod
1673 1872 1716 1923 si
1743 1871 1853 1937 ipsa
1888 1860 1932 1920 Β
1959 1862 2100 1914 enim
2143 1873 2264 1913 esse
2295 1858 2561 1912 hominem
2581 1898 2595 1920 ,
2623 1858 2834 1925 species
2874 1866 2994 1920 est;
3025 1854 3201 1910 omnis
3244 1854 3386 1908 enim
3419 1866 3540 1920 spe~

279 1959 362 2014 vel
399 1969 521 2014 actu
585 1959 667 2015 vel
729 1962 934 2016 ratione
968 1963 1300 2032 seiungitur.
1357 1964 1471 2018 haec
1518 1978 1547 2015 a
1594 1963 1854 2018 divisione

277 2050 488 2119 generis
517 2052 813 2118 separanda
842 2064 942 2106 est.
989 2054 1047 2108 Si
1095 2057 1238 2108 enim
1277 2069 1418 2124 saepe
1453 2063 1505 2109 et
1545 2064 1664 2110 actu
1687 2067 1740 2109 et
1772 2072 1856 2110 ra-

277 2144 422 2198 tione
466 2145 837 2214 sejunguntur,
885 2161 950 2201 ex
997 2161 1062 2202 eo
1110 2158 1234 2202 sunt
1282 2163 1481 2218 genere
1513 2163 1633 2216 quae
1676 2148 1856 2202 statim

278 2236 616 2302 relinquunt,
649 2249 704 2292 ut
740 2240 932 2295 sedere
970 2239 1110 2308 quod
1152 2243 1486 2307 frequentius
1513 2240 1732 2310 quidem
1761 2255 1856 2296 se-

278 2338 515 2398 paratur,
548 2340 602 2384 et
626 2344 748 2385 actu
774 2331 892 2402 ipso
923 2348 950 2384 a
978 2333 1225 2401 Subjecto
1257 2335 1532 2387 dividitur.
1576 2333 1704 2400 Qum
1731 2349 1857 2388 vero

279 2421 486 2474 ratione
533 2422 643 2476 sola
672 2441 700 2474 a
745 2423 991 2490 subiecto
1031 2424 1364 2490 dividuntur,
1408 2441 1469 2480 ea
1510 2437 1634 2480 sunt
1660 2441 1854 2480 conse-

277 2515 551 2582 quentium
585 2515 1041 2581 differentiarum,
1096 2527 1155 2570 ut
1204 2519 1406 2584 glaucis
1456 2521 1626 2573 oculis
1657 2534 1775 2574 esse
1824 2535 1851 2573 a

279 2605 522 2676 subj-clo
553 2609 759 2662 ratione
806 2607 1156 2677 sejungimus,
1191 2621 1248 2663 ut
1281 2626 1405 2664 cum
1432 2611 1553 2665 dico
1575 2655 1590 2679 ,
1623 2621 1706 2666 est
1737 2614 1852 2667 aoi-

277 2700 381 2751 mal
414 2700 704 2753 luminibus
728 2701 953 2768 glaucis,
979 2712 1034 2753 ut
1061 2701 1291 2770 quilibet
1320 2703 1512 2768 homo;
1535 2705 1673 2770 quod
1697 2705 1744 2758 si
1770 2707 1856 2761 hic

278 2805 381 2844 non
404 2800 546 2844 esset
578 2790 898 2860 bujusmodi,
934 2805 1039 2844 non
1067 2808 1189 2845 eum
1223 2808 1307 2846 res
1333 2793 1509 2863 aliqua
1533 2809 1651 2849 esse
1677 2798 1853 2850 homi-

275 2895 394 2934 nem
425 2882 755 2949 prohiberet.
785 2885 938 2937 Aliud
971 2900 1159 2938 rursus
1182 2887 1428 2954 estquod
1454 2889 1660 2942 ratione
1701 2904 1856 2957 sepa-

277 2971 386 3026 rati
409 2988 514 3025 non
547 2973 732 3041 possit,
766 2974 906 3042 quod
935 2975 977 3028 si
1009 2986 1316 3044 separatum
1346 2977 1440 3042 sit,
1475 2979 1681 3044 species
1720 2982 1855 3035 inte-

275 3065 521 3130 rimatur,
569 3071 626 3117 ut
665 3080 788 3119 cum
838 3066 1065 3119 dicimus
1118 3067 1290 3122 inesse
1353 3069 1556 3123 homini
1605 3082 1660 3123 ut
1706 3072 1852 3126 solus

277 3167 563 3209 numerare
613 3159 805 3226 possit,
858 3159 938 3212 vel
969 3160 1318 3227 geometriam
1347 3160 1591 3223 discere;
1624 3165 1764 3232 quod
1806 3167 1849 3219 si

1962 1953 2071 2007 cies
2099 1953 2380 2006 constituit
2408 1966 2548 2006 essr.
2582 1949 2804 2020 Negatio
2853 1963 2980 2005 vero
3007 1946 3266 2018 quidquid
3296 1945 3541 2016 proponit

1960 2044 2028 2098 ab
2057 2059 2122 2098 eo
2159 2044 2300 2113 quod
2343 2053 2422 2098 est
2455 2059 2573 2098 esse
2605 2043 2890 2113 disjtlngil.
2925 2052 2981 2096 ut
3014 2057 3134 2096 cum
3173 2040 3330 2104 dico,
3357 2039 3540 2109 homo,

1959 2136 2112 2204 quasi
2133 2137 2200 2191 sit
2227 2136 2478 2206 quiddam
2509 2137 2719 2190 locutus
2745 2151 2884 2189 sum.
2903 2133 3036 2189 Cum
3061 2147 3208 2195 vero,
3233 2147 3336 2186 non
3359 2134 3538 2197 ltomo.

1961 2231 2311 2284 substantiam
2371 2231 2602 2286 hominis
2639 2229 2922 2300 negatione
2971 2228 3232 2282 destrttxi.
3267 2227 3354 2281 Sic
3386 2226 3538 2294 igitur

1962 2341 2058 2394 per
2097 2342 2156 2380 se
2204 2335 2352 2380 caret
2399 2325 2592 2379 divisio
2621 2324 2834 2393 generis
2890 2325 2942 2377 in
2981 2323 3189 2391 species
3241 2325 3536 2391 negatione.

1961 2416 2192 2471 Necesse
2221 2427 2304 2470 est
2351 2427 2526 2470 autem
2573 2432 2715 2484 saepe
2748 2415 2982 2481 speciem
3014 2415 3295 2480 negatione
3321 2426 3536 2480 eumpoa

1962 2525 2110 2572 nere,
2135 2525 2254 2562 cum
2280 2524 2511 2574 eaquam
2539 2509 2769 2576 simplici
2796 2512 3010 2562 nomine
3033 2508 3267 2575 speciem
3299 2505 3540 2562 volumus

1960 2602 2233 2670 assignare
2291 2600 2438 2653 nullo
2481 2600 2740 2653 vocabulo
2773 2611 3129 2666 nuntupatur,
3159 2608 3216 2651 ut
3240 2611 3362 2651 cum
3396 2596 3538 2661 dico,

1962 2693 2244 2762 itnparium
2282 2706 2627 2745 numerorum
2670 2690 2761 2744 alii
2794 2693 2974 2759 primi,
3000 2699 3055 2744 ut
3084 2701 3194 2744 tres
3219 2729 3234 2753 ,
3264 2688 3500 2756 quinque
3523 2729 3537 2753 ,

1960 2797 2198 2857 septem;
2227 2787 2316 2840 alii
2349 2802 2452 2841 non
2488 2787 2665 2852 primi,
2703 2795 2758 2840 ut
2789 2801 2978 2840 novem
3013 2803 3026 2838 :
3058 2795 3111 2840 et
3142 2798 3327 2839 rursus
3352 2785 3538 2851 figura.

1962 2897 2079 2934 runt
2111 2882 2232 2933 alite
2271 2888 2397 2949 sunt
2431 2878 2764 2941 rectissima),
2791 2889 2845 2932 et
2871 2878 3108 2932 colorum
3139 2876 3228 2929 alii
3259 2886 3379 2929 sunt
3411 2873 3537 2937 albi.

1958 2976 2049 3030 alii
2079 2975 2246 3043 nigri,
2289 2974 2379 3028 alii
2414 2989 2511 3027 nec
2544 2973 2681 3036 albi,
2717 2986 2814 3026 nec
2844 2973 3001 3041 nigri.
3036 2971 3178 3040 Ergo
3205 2967 3418 3039 quando
3448 2982 3536 3020 no-

1960 3085 2082 3122 men
2115 3085 2275 3122 unuin
2304 3065 2587 3137 speciebus
2621 3067 2846 3133 positum
2872 3079 2978 3118 non
2999 3074 3111 3122 est.
3145 3077 3237 3117 eas
3263 3060 3540 3130 negdionﬂ

1960 3160 2201 3230 proferre
2233 3175 2456 3214 necesse
2495 3169 2598 3213 est.
2643 3157 2756 3212 Hoc
2785 3158 2944 3226 igitur
2987 3156 3131 3224 cogit
3158 3153 3420 3208 interdum
3449 3167 3538 3205 ne-

275 3245 388 3300 ba'c
435 3249 757 3315 possibilitas
799 3250 868 3301 ab
914 3249 1128 3305 homine
1155 3252 1453 3319 sejungilttr
1475 3293 1489 3318 ,
1539 3253 1701 3308 homo
1732 3256 1849 3323 ipse
1883 3249 1928 3312 C
1961 3255 2207 3317 cessitas,
2246 3268 2351 3306 non
2377 3263 2584 3306 natura.
2618 3250 2844 3320 Ideoque
2873 3251 3080 3318 quoties
3112 3247 3388 3317 negatione
3417 3245 3540 3299 faci-

276 3352 379 3392 n0u
412 3349 709 3406 permanet.
737 3340 775 3395 S
810 3341 842 3394 d
864 3341 944 3394 lite
975 3358 1078 3396 non
1102 3349 1278 3396 statim
1310 3359 1493 3397 earum
1522 3345 1854 3402 dilferentia-

274 3443 390 3484 rum
441 3441 564 3483 sunt
609 3446 726 3500 qua:
775 3431 827 3485 iu
857 3435 985 3485 subs
1009 3434 1151 3486 antia
1181 3434 1382 3488 insunt.
1450 3434 1578 3490 Nam
1626 3453 1731 3492 non
1777 3438 1857 3493 id-

273 3517 416 3574 circo
470 3519 630 3574 homo
680 3532 781 3586 est,
835 3524 1084 3585 quoniam
1121 3526 1234 3578 haec
1278 3526 1455 3580 farere
1505 3538 1714 3593 petest,
1761 3531 1854 3584 sed

273 3611 522 3683 quoniim
580 3615 859 3669 rationalis
887 3626 1011 3682 est,
1066 3625 1226 3684 atque
1277 3619 1540 3672 mortalis.
1575 3620 1666 3674 lla:
1698 3622 1856 3689 igitur

269 3703 588 3760 d.fl‘ereuti;e
626 3723 719 3776 per
760 3723 892 3773 quas
943 3708 1154 3776 species
1205 3709 1490 3773 consistit,
1525 3712 1650 3779 ipse
1698 3722 1752 3766 et
1803 3714 1856 3768 in

274 3798 591 3852 dtﬂinitione
622 3798 824 3868 speciei
849 3839 863 3864 ,
913 3809 967 3852 nt
1013 3800 1267 3865 hominis,
1309 3811 1367 3855 et
1411 3802 1462 3855 itt
1492 3804 1707 3871 generis
1736 3805 1855 3874 ejus

272 3892 555 3953 divisione,
584 3894 724 3962 quod
757 3895 992 3946 tontinet
1035 3907 1316 3961 spectem,
1367 3902 1425 3946 ut.
1475 3896 1648 3962 ipsum
1684 3899 1856 3950 homi-

273 4000 419 4051 nem,
443 3985 799 4047 collocantur;
816 3995 869 4038 et
887 3986 1263 4040 univerSaIiter
1283 3987 1566 4041 dicendum
1592 3997 1858 4059 esl,qu;e-

273 4091 486 4146 cunque
531 4078 844 4132 uin‘erentlte
900 4077 1206 4147 littjnsmoji
1257 4092 1410 4145 sunt,
1443 4091 1499 4136 ut
1547 4097 1651 4136 non
1697 4083 1856 4138 modo

275 4179 469 4238 pru'lel'
492 4171 585 4223 bas
603 4163 818 4240 Lpeeies
847 4185 968 4225 eSSt:
995 4187 1099 4225 non
1135 4174 1338 4240 possit,
1369 4173 1584 4241 sedper
1605 4190 1697 4229 eos
1713 4176 1855 4230 solas

272 4265 362 4329 sit,
393 4266 473 4317 lite
504 4266 580 4319 vel
614 4265 667 4319 in
697 4265 961 4320 divisione
990 4268 1234 4332 generis,
1271 4269 1350 4319 vt-I
1389 4268 1439 4320 itt
1483 4269 1684 4334 speciei
1716 4268 1855 4321 dilli-

272 4358 475 4412 nitione
504 4359 777 4411 sumenda:
809 4369 954 4412 suttt.
990 4358 1252 4424 Quoniam
1299 4373 1427 4412 vero
1457 4361 1699 4424 qutedam
1727 4368 1855 4414 sunt

271 4466 391 4522 quae
424 4450 697 4515 differunt,
730 4468 848 4522 qua:
901 4465 1086 4506 centra
1117 4468 1176 4507 se
1227 4453 1278 4506 in
1331 4452 1687 4507 divisionibus
1731 4453 1851 4517 toni

273 4559 378 4598 non
419 4545 634 4612 debent,
667 4554 723 4598 ut
753 4545 804 4597 in
835 4543 1048 4598 animali
1074 4545 1338 4600 rationale
1361 4555 1415 4599 et
1443 4545 1615 4613 bipes,
1673 4546 1851 4601 nullus

1965 3363 2084 3401 niis
2136 3347 2430 3402 sectionem
2467 3389 2482 3414 ,
2541 3345 2684 3413 prius
2713 3355 2802 3396 aut
2829 3343 3154 3411 aflirutatio,
3202 3339 3540 3408 antsimplex

1957 3439 2245 3495 dicendum
2279 3448 2363 3492 est
2413 3452 2629 3501 nomen,
2661 3448 2715 3490 ut
2749 3445 2832 3490 est
2879 3449 3242 3496 numerorum,
3283 3430 3373 3484 alii
3418 3437 3538 3488 sunt

1963 3533 2141 3602 primi,
2175 3532 2267 3585 alii
2300 3548 2404 3584 tton
2439 3530 2615 3599 primi.
2647 3529 2779 3583 Nam
2810 3528 2852 3580 si
2883 3527 3030 3594 prius
3053 3525 3263 3594 negatio
3286 3523 3422 3577 dicta
3447 3524 3537 3586 sit,

1961 3625 2163 3679 tardior
2196 3629 2253 3678 tit
2299 3627 2416 3692 ejus
2464 3625 2538 3676 rei
2591 3639 2750 3691 quant
2800 3620 3184 3689 proponimus,
3217 3617 3538 3670 intellectus.

1965 3719 2096 3771 Nam
2143 3733 2264 3769 cum
2297 3717 2528 3785 primum
2567 3714 2698 3768 dicis
2727 3727 2848 3767 esse
2878 3712 3084 3780 aliquos
3117 3709 3316 3779 ptintos
3356 3721 3539 3761 nume«

1961 3826 2072 3874 ros,
2106 3824 2228 3863 cum
2275 3824 2377 3874 qua
2402 3822 2461 3862 es
2502 3808 2610 3862 sint
2636 3807 2790 3874 primi
2822 3805 3069 3869 exunplo
3097 3803 3180 3859 vel
3225 3800 3537 3855 dit'linitionu

1960 3903 2226 3966 docueris,
2257 3904 2442 3970 quales
2481 3916 2584 3953 non
2617 3902 2724 3953 sitit
2751 3899 2928 3967 primi,
2962 3911 3088 3951 mox
3127 3897 3336 3950 auditor
3381 3894 3539 3948 intel-

1961 3993 2094 4063 ligit.
2127 3996 2218 4047 δτιι
2263 4007 2392 4046 vero
2435 3991 2735 4046 econtrario
2785 3988 3016 4055 feceris,
3049 3996 3140 4041 aut
3185 3997 3428 4042 neutrum
3454 4001 3540 4040 sui

1963 4085 2071 4139 bito
2097 4126 2113 4150 ,
2147 4096 2237 4138 τιυὶ
2268 4083 2471 4138 tardius
2505 4094 2790 4150 utrumque
2831 4075 3146 4150 cognosces.
3182 4078 3380 4133 Divisio
3415 4093 3538 4132 vere

1967 4195 2087 4249 qua!
2119 4193 2333 4247 promer
2358 4179 2751 4247 apertissimam
2795 4176 3006 4245 generis
3046 4171 3287 4229 itaiuram
3332 4186 3539 4242 reperta

1970 4280 2074 4333 est,
2115 4269 2275 4323 debet
2322 4282 2499 4338 ponus
2529 4269 2593 4321 ad
2650 4267 3066 4332 intelligtbiliora
3097 4267 3382 4321 deducere.
3418 4269 3542 4321 Ain-

1968 4361 2104 4430 plitts
2155 4377 2365 4431 quoque
2416 4363 2561 4430 prior
2605 4370 2686 4414 est
2732 4360 3057 4424 afﬁrmatio,
3102 4362 3366 4428 posterior
3414 4375 3544 4416 vero

1971 4455 2206 4523 negatio.
2236 4455 2386 4520 Quod
2433 4466 2607 4506 autem
2643 4453 2870 4521 primum
2902 4464 3002 4516 est,
3038 4453 3088 4505 in
3117 4454 3377 4506 divisione
3407 4467 3545 4522 quo-

1968 4563 2073 4615 que
2107 4547 2348 4616 primitus
2392 4554 2606 4610 Oportet
2653 4544 2908 4597 ordinari.
2944 4544 3171 4599 Necesse
3206 4558 3287 4600 ρει
3335 4561 3548 4614 quoque

273 4638 416 4690 enim
459 4637 589 4691 dicit
617 4637 925 4692 anitnaliaitn
956 4639 1057 4692 alia
1093 4649 1215 4693 sunt
1245 4639 1546 4704 rationalia,
1580 4639 1689 4694 alia
1721 4639 1857 4697 duos
1888 4613 1942 4676 D
1969 4654 2184 4706 semper
2221 4638 2364 4690 finita
2397 4637 2610 4690 infinitis
2651 4651 2770 4688 esse
2797 4636 2971 4703 priora
2997 4680 3011 4703 ,
3063 4647 3120 4689 ut
3163 4638 3366 4706 aequale
3419 4636 3550 4690 inte.

275 4731 437 4800 pedes
466 4733 709 4785 habentia
734 4771 749 4795 ,
789 4731 990 4787 idcirco
1021 4733 1162 4802 quod
1187 4735 1454 4789 rationale
1478 4743 1536 4788 et
1567 4734 1716 4803 bipes
1737 4737 1859 4791 licet

271 4823 541 4886 dili'erant,
570 4825 711 4878 nulla
747 4833 924 4878 tamen
959 4840 987 4876 a
1030 4840 1088 4879 se
1115 4826 1453 4894 appositione
1487 4827 1859 4897 sejunguntur.

271 4916 498 4972 Constat
520 4931 854 4986 quaecunque
883 4930 911 4968 a
938 4931 997 4971 se
1028 4916 1206 4983 aliqua
1236 4918 1570 4986 oppositione
1586 4918 1859 4985 differunt,

271 5021 366 5063 eas
386 5009 528 5062 solas
551 5007 882 5065 ditl‘erentias
910 5009 1009 5062 sub
1056 5021 1253 5073 genere
1276 5010 1473 5075 positas
1497 5024 1666 5076 genus
1689 5011 1860 5079 ipsmn

274 5112 434 5168 posse
460 5098 788 5170 disjungere.
821 5101 958 5153 Sunt.
984 5108 1162 5152 autem
1211 5099 1583 5167 appositiones
1610 5113 1858 5166 quatuor,

275 5201 369 5247 aut
398 5201 453 5248 ut
479 5195 766 5261 contraria,
801 5203 857 5248 ut
888 5192 1084 5247 bonum
1111 5192 1289 5256 malo;
1333 5202 1425 5246 aut
1454 5203 1512 5246 ut
1559 5191 1770 5246 habitus
1809 5202 1864 5247 et

277 5283 528 5354 privatio,
555 5292 612 5340 ut
639 5286 783 5339 visus
812 5295 868 5338 et
895 5287 1130 5338 caecitas.
1162 5283 1477 5351 Quanquam
1509 5283 1618 5336 sint
1646 5293 1698 5338 et
1720 5298 1865 5352 quae-

273 5377 397 5431 dam
433 5390 522 5432 res
571 5378 619 5429 in
651 5374 844 5444 quibus
881 5375 1192 5429 discernere
1245 5373 1529 5427 ditlicultas
1577 5384 1648 5427 s-t
1686 5386 1862 5429 utrum

275 5466 331 5522 in
354 5467 641 5523 contrariis
669 5480 735 5520 an
766 5467 817 5520 in
851 5466 1150 5535 privatione
1192 5479 1244 5520 et
1278 5464 1459 5519 habitu
1489 5478 1581 5518 eas
1609 5475 1860 5533 oporteat

274 5557 553 5624 collocari,
589 5568 644 5614 ut
671 5567 796 5614 sunt
823 5567 1028 5620 motus.
1081 5555 1256 5626 quies,
1289 5556 1516 5621 sanitas,
1552 5557 1814 5625 aegritudo
1837 5594 1855 5621 ,

274 5653 538 5725 vigilatio,
567 5667 812 5720 somnus,
841 5653 953 5717 lux,
980 5652 1232 5708 tenebrat.
1261 5648 1368 5706 Sed
1399 5647 1516 5704 haec
1543 5649 1696 5712 alias,
1717 5666 1858 5705 nunc

273 5747 346 5806 de
371 5748 592 5821 reliquis
615 5747 1039 5820 oppositionibus
1065 5745 1350 5802 dicendum
1398 5754 1500 5801 est.
1544 5743 1724 5800 Tertia
1761 5760 1859 5815 op-

277 5842 474 5914 positio
503 5855 584 5899 est
627 5859 746 5913 qua
782 5853 864 5900 est
891 5839 1185 5902 secundum
1235 5837 1651 5897 minutionem
1678 5846 1734 5893 et
1758 5853 1856 5896 nc-

1975 4732 2141 4801 quali,
2170 4732 2421 4785 vittutem
2447 4731 2608 4795 vitiis,
2635 4738 2839 4783 certum
2862 4731 3291 4793 inrerto,sta|nle
3309 4739 3364 4783 et
3384 4731 3549 4786 fixum

1979 4824 2209 4879 instabili
2259 4835 2311 4877 et
2361 4823 2623 4877 mutabili.
2675 4823 2779 4878 Sed
2829 4824 3003 4877 omnia
3035 4840 3153 4892 qtne
3184 4834 3275 4878 aut
3327 4822 3550 4880 definita

1978 4927 2125 4987 parte.
2173 4917 2434 4972 orationis
2481 4926 2572 4970 aut
2617 4915 2973 4972 afﬁrmatione
3017 4919 3395 4984 proferuntur,
3430 4915 3548 4984 plul

1977 5011 2120 5066 [inita
2149 5019 2271 5064 sunt
2301 5025 2457 5080 quam
2487 5021 2576 5063 aut
2610 5025 2802 5063 nomen
2832 5025 2951 5064 cum
2988 5009 3242 5078 particula
3273 5008 3544 5074 negativa,

1966 5115 2056 5157 aut
2090 5113 2196 5156 tota
2230 5106 2460 5169 negatio.
2508 5101 2684 5166 Quare
2713 5100 2860 5154 finito
2909 5104 3080 5170 potius
3130 5115 3287 5169 quam
3337 5099 3547 5157 infinito

1967 5206 2050 5252 est
2082 5195 2318 5249 facienda
2348 5194 2558 5248 divisio.
2592 5193 2698 5250 Sed
2729 5193 2773 5248 si
2800 5197 2882 5248 cui
2913 5209 3008 5262 per
3038 5193 3151 5246 huic
3182 5193 3424 5261 quasdam
3451 5206 3549 5259 pa-

1969 5299 2117 5344 retur
2143 5289 2389 5342 anxietas
2416 5296 2506 5340 aut
2529 5286 2838 5341 obscuriora
2863 5286 2970 5339 sint
2990 5286 3216 5339 fortasse
3244 5298 3401 5352 quam
3427 5282 3544 5351 ipse
3606 5329 3611 5346 1.
3683 5332 3685 5334 .

1968 5383 2258 5449 desiderat,
2285 5382 2411 5436 nihil
2435 5380 2500 5434 ad
2530 5396 2616 5434 me
2655 5379 3011 5448 cognitionem
3041 5376 3249 5430 facilem
3275 5375 3537 5445 pollicen-
3602 5359 3610 5400 ί

1970 5483 2098 5528 tem.
2141 5473 2322 5543 Neque
2351 5476 2492 5528 enim
2538 5472 2757 5526 rudibus
2803 5470 2916 5524 haec
2948 5469 3107 5522 totius
3135 5468 3290 5535 artis,
3321 5466 3414 5522 sed
3445 5467 3543 5521 im-

1967 5565 2112 5622 butis
2156 5576 2209 5620 et
2257 5565 2508 5620 ulteriore
2554 5579 2688 5633 pene
2728 5564 2845 5616 loco
2877 5561 3172 5629 progressis
3214 5559 3437 5629 legenda
3490 5567 3540 5616 et

1969 5659 2216 5715 discenda
2261 5658 2626 5727 proponimus.
2659 5656 2761 5720 Qui
2782 5669 2911 5709 vero
2945 5653 3100 5723 hujus
3121 5653 3299 5723 operis
3327 5693 3342 5719 ,
3374 5651 3425 5707 id
3460 5665 3538 5711 est

1966 5749 2227 5806 dialectici
2259 5750 2392 5804 ordo
2420 5748 2510 5816 sit,
2542 5761 2664 5801 cum
2695 5746 2763 5800 de
2792 5743 2980 5801 ordine
3010 5745 3357 5815 peripatetica
3383 5745 3535 5801 disci.

1961 5843 2128 5905 plina
2151 5840 2285 5898 mihi
2305 5841 2587 5895 dicendum
2615 5846 2788 5902 esset,
2819 5836 3104 5907 diligenter
3128 5838 3377 5909 exposui.
3422 5838 3532 5894 Ιιιιιι
