4064 6336
485 428 591 490 333
638 470 645 475 .

1729 416 1842 475 ΑΝ.
1882 414 2091 473 ιιΑΝι..
2131 413 2281 470 SEV.
2323 412 2543 472 BOETII

3642 431 3747 495 686

408 585 417 625 ἲ
474 545 703 617 ,ιιιιίιΙειιι
731 543 875 600 dicta
920 547 1046 597 sunt
1090 538 1159 594 de
1203 536 1538 625 Oppositione
1572 550 1729 607 quam
1760 532 2086 625 afﬁrmatio.

2190 530 2363 625 entia
2381 547 2503 589 cum
2523 532 2679 591 deest
2714 550 2913 594 nomen
2943 538 3204 610 imponat,
3230 551 3285 598 ιιι
3308 552 3434 602 eum
3461 494 3742 606 diei-us:

410 624 415 681 έ
486 650 541 696 et
581 635 788 707 negatio
815 632 1111 689 constituit.
1143 630 1238 686 illa
1277 624 1405 687 vero
1432 644 1553 700 qua:
1591 628 1887 684 secundum
1912 624 2066 681 babi-

484 741 599 788 tum
627 727 1087 801 privatiooemque
1115 723 1177 779 fit
1199 764 1214 788 ,
1245 723 1355 793 ipsa
1383 735 1597 791 quoque
1623 719 1892 792 superiori
1914 717 2066 774 vide-

484 833 575 880 tur
593 836 714 878 esse
742 818 1059 876 consimilis.
1094 815 1261 887 Negat
1290 814 1436 871 enim
1457 813 1862 885 quodammodo
1886 813 2068 882 priva-

484 916 562 972 tio
591 913 854 980 lubitum,
882 911 976 967 sed
1004 910 1204 978 differt,
1238 908 1379 979 quod
1409 922 1625 979 semper.
1653 907 1870 979 quidem
1895 913 2072 975 potest

487 1020 608 1065 esse
652 1006 885 1077 negatio,
938 1002 1166 1073 privatio
1207 1017 1336 1057 vero
1365 1016 1472 1057 non
1514 1014 1764 1070 semper,
1797 998 1890 1055 sed
1943 1008 2071 1054 tunc

488 1099 705 1171 quando
735 1098 930 1154 habere
964 1097 1200 1152 habitum
1234 1095 1492 1165 possibile
1517 1104 1635 1161 est;
1670 1095 1772 1149 hoc
1801 1108 1930 1151 vero
1971 1108 2072 1150 nos

484 1210 593 1266 1am
626 1193 1038 1264 prmdicamenta
1088 1191 1341 1246 docuere.
1394 1189 1570 1258 Quare
1615 1187 1790 1244 forma
1821 1188 2069 1258 quaedam

487 1288 804 1357 intelligitur
825 1302 945 1341 esse
976 1284 1230 1355 privatio.
1262 1281 1379 1338 Non
1424 1283 1568 1338 enim
1611 1291 1819 1337 tantum
1871 1285 2069 1351 privat,

487 1382 582 1438 sed
610 1381 771 1437 etiam
802 1380 943 1435 circa
972 1380 1203 1448 selpsam
1234 1377 1496 1445 privatum
1519 1389 1782 1445 quemque
1810 1375 2073 1443 disponit.

487 1474 671 1545 Neque
699 1475 842 1529 enim
870 1472 1085 1527 caecitas
1115 1471 1324 1525 oculum
1347 1469 1517 1525 solum
1546 1470 1717 1539 privat
1736 1467 1959 1536 lumine,
1977 1468 2071 1524 sed

487 1568 602 1639 ipsa
651 1583 865 1638 quoque
893 1565 1185 1622 secundum
1238 1580 1297 1619 se
1320 1545 1609 1633 .privatum
1646 1562 1766 1619 luce
1791 1560 2071 1632 disponit;

490 1673 666 1716 caecus
710 1658 853 1713 enim
902 1656 1096 1711 dicitur
1148 1655 1213 1711 ad
1265 1655 1625 1726 privationem
1672 1653 2073 1723 quodammodo

490 1751 640 1821 quasi
668 1750 958 1818 dispositus
988 1757 1045 1805 et
1069 1748 1325 1814 aﬁectus,
1376 1748 1475 1803 hoc
1503 1762 1719 1818 quoque
1752 1745 2072 1801 Aristoteles

491 1850 717 1897 testatur
745 1842 797 1896 in
826 1841 1083 1912 Physicis.
1124 1840 1276 1897 Unde
1303 1838 1362 1895 ﬁt
1390 1848 1449 1894 ut
1474 1838 1790 1910 privationis
1817 1838 2074 1894 differen-

2171 624 2489 696 Figuratum
2525 627 2769 699 quaedam
2800 639 2927 688 sunt
2968 631 3238 703 trilatera,
3281 636 3402 693 alia:
3429 649 3557 696 sunt
3582 645 3750 712 aqui-

2171 719 2372 789 laterae,
2400 721 2522 779 alia!
2547 722 2656 779 duo
2686 723 2853 780 latera
2894 725 3154 785 habentes
3190 734 3433 804 aequalia,
3474 736 3595 790 alia
3625 748 3753 793 ιοιο

2171 813 2460 885 inaequales
2486 824 2629 872 sunt.
2668 818 2831 874 Trina
2862 820 3023 890 igitur
3050 821 3245 878 divisio
3281 824 3381 880 ista
3409 826 3454 881 si
3484 827 3755 896 proferre-

2172 920 2284 976 tur,
2335 908 2491 966 iieret
2528 908 2746 979 duplex.
2785 910 3103 982 Figurarum
3142 929 3264 985 quae
3306 926 3433 973 sunt
3471 920 3753 986 triiatera,

2172 1002 2292 1059 alize
2320 1012 2447 1061 sunt
2474 1005 2731 1075 aequales,
2760 1006 2885 1061 alim
2915 1006 3230 1078 inmquales.
3255 1010 3606 1080 inaequalius
3633 1013 3761 1069 alia

2172 1108 2297 1153 sunt
2345 1096 2452 1152 duo
2492 1097 2659 1155 latera
2702 1106 2906 1155 tantum
2950 1113 3103 1169 aqua
3155 1100 3438 1166 habentes,
3490 1106 3611 1159 alia:
3654 1104 3760 1163 tria

2172 1190 2476 1259 inaequalia,
2503 1190 2558 1246 id
2586 1198 2672 1247 est
2690 1191 2894 1258 omnia,
2928 1200 2980 1247 et
3010 1206 3131 1246 cum
3160 1191 3393 1249 dicimus
3425 1208 3604 1250 rerum
3632 1208 3759 1250 orna-

2173 1284 2343 1350 nium,
2367 1284 2469 1338 alia
2495 1292 2622 1338 sunt
2640 1282 2802 1347 bona,
2834 1283 3093 1339 alia-sunt
3122 1284 3283 1351 mala,
3308 1284 3412 1341 alia
3440 1284 3759 1342 indifferen-

2177 1378 2270 1441 tia,
2308 1390 2429 1446 quae
2456 1374 2667 1431 scilicet
2690 1391 2865 1445 neque
2904 1375 3045 1432 bona
3070 1391 3249 1446 neque
3286 1378 3426 1433 mala
3454 1387 3603 1446 sunt,
3630 1386 3688 1435 et
3712 1376 3761 1439 si

2176 1470 2249 1526 ita
2278 1471 2545 1525 diceretur
2575 1469 2785 1538 gemina
2807 1468 3003 1525 divisio
3040 1469 3367 1539 proveniret.
3403 1470 3604 1527 Rerum
3638 1486 3760 1525 non

2176 1563 2327 1619 nium
2358 1562 2462 1616 alia
2507 1570 2634 1619 sunt
2657 1559 2985 1625 differentia,
3029 1561 3134 1617 alia
3165 1560 3547 1619 indilerentia.
3596 1562 3759 1627 Ditis.

2178 1656 2412 1711 rentium
2445 1654 2546 1709 alia
2590 1662 2715 1708 sunt
2741 1653 2903 1718 bona,
2931 1652 3037 1707 alia
3081 1652 3243 1709 mala.
3287 1654 3364 1708 ita
3392 1669 3523 1724 ergo
3562 1653 3760 1713 divisio

2176 1747 2350 1804 omnis
2378 1747 2430 1801 in
2453 1745 2666 1816 gemina
2694 1755 2992 1812 secaretur,
3034 1744 3084 1800 si
3111 1745 3395 1815 speciebus
3424 1755 3479 1802 et
3504 1745 3759 1805 ὤσει-ειυ-

2178 1841 2268 1897 tiis
2305 1838 2561 1896 vocabula
2612 1853 2717 1894 non
2766 1839 3038 1895 deessent.
3085 1837 3339 1907 Quartam
3382 1853 3512 1894 vero
3541 1839 3761 1909 opposi-

493 1930 563 1987 tia
584 1932 649 1986 ad
671 1934 884 2003 generis
915 1932 1229 1993 divisionem
1255 1930 1563 2002 frequenter
1594 1940 1824 1987 utamur.
1857 1932 1961 1987 Sed
1988 1931 2074 1988 hic
2102 1926 2151 1989 Β
2182 1937 2382 1992 tionem
2421 1933 2680 2000 diximus,
2726 1948 2847 2003 qua:
2890 1940 2977 1988 est
3019 1933 3313 1989 secundum
3342 1931 3410 1988 ad
3452 1932 3675 2004 aliquid,
3705 1944 3762 1993 ut

493 2024 920 2097 quoqueeodem
955 2026 1113 2080 modo
1142 2026 1283 2080 sicut
1322 2025 1376 2079 in
1409 2024 1833 2079 contradictione
1870 2024 2070 2080 facien-

494 2118 617 2175 dum
643 2126 743 2174 est.
772 2116 928 2173 Prlus
966 2119 1108 2173 enim
1140 2117 1415 2187 ponendus
1459 2125 1542 2172 est
1588 2116 1805 2171 habitus
1855 2117 1944 2185 qui
1989 2124 2075 2171 est

495 2210 835 2265 al‘ﬁrmationi
863 2209 1179 2277 consimilis,
1216 2220 1336 2279 post
1364 2224 1492 2264 vero
1515 2209 1742 2278 privatio
1762 2224 1883 2280 quae
1911 2223 2075 2279 nega-

496 2305 649 2362 tioni.
689 2305 982 2376 Aliquoties
1012 2313 1192 2359 tamen
1224 2304 1549 2374 privationes
1586 2302 1831 2373 quaedam
1861 2302 2074 2358 habitus

496 2396 755 2452 vocabulo
799 2399 1139 2467 proferuntur
1166 2437 1181 2462 ,
1237 2405 1295 2451 ut
1341 2395 1548 2462 orbus,
1597 2410 1772 2450 ca-cus
1799 2437 1814 2460 ,
1858 2396 2075 2450 viduus.

496 2489 796 2560 Aliquoties
842 2503 963 2544 cum
1015 2488 1273 2559 particula
1317 2488 1657 2558 privationis,
1712 2496 1771 2542 ut
1814 2501 1937 2542 cum
1995 2486 2076 2541 di-

497 2585 673 2640 cimus
726 2583 930 2637 ﬁnitutn
982 2583 1267 2646 inﬁnitum,
1299 2585 1505 2654 aequale
1542 2583 1822 2655 inaequale.
1870 2583 1976 2639 Sed
2024 2584 2075 2638 in

498 2675 585 2732 bis
639 2678 845 2747 aequale
883 2685 939 2731 et
980 2676 1187 2731 ﬁnitum
1234 2678 1285 2733 in
1338 2676 1602 2732 divisione
1659 2675 1908 2747 ponenda
1952 2683 2080 2730 sunt

500 2773 696 2841 prima,
721 2771 1044 2840 privationes
1070 2783 1201 2825 vero
1234 2770 1507 2825 secundm.
1535 2770 1611 2824 Ac
1637 2767 1708 2824 de
1740 2767 2080 2838 Oppositione

500 2864 714 2936 quidem
759 2864 1072 2935 privationis
1113 2874 1168 2919 et
1198 2863 1412 2918 habitus
1451 2865 1569 2918 huic
1599 2862 1745 2927 dicta
1788 2861 2079 2916 sufﬁciant.

502 2953 909 3011 Contrariorum
953 2969 1084 3011 vero
1125 2958 1395 3024 Opposita
1436 2954 1706 3009 dubitatur
1741 2952 1969 3008 fortasse
2013 2966 2082 3007 an

505 3048 800 3104 secundum
831 3049 1183 3118 privationem
1213 3059 1265 3102 et
1296 3047 1534 3103 habitum
1576 3062 1697 3103 esse
1730 3047 1996 3109 videatur,
2027 3054 2086 3101 ut

508 3142 683 3197 album
724 3150 779 3196 et
820 3142 1050 3210 nigrum,
1082 3156 1149 3195 an
1203 3140 1379 3195 album
1417 3142 1629 3212 quidem
1682 3143 1909 3209 privatio
1948 3139 2084 3210 nigri

496 3235 601 3300 sit,
642 3237 851 3304 nigrum
881 3249 1008 3289 vero
1046 3233 1175 3288 albi.
1218 3232 1324 3288 Sed
1358 3232 1471 3289 iure
1515 3233 1669 3288 alias.
1714 3232 1868 3288 Nunc
1904 3242 2084 3288 autem

2180 2039 2351 2101 pater,
2382 2029 2546 2094 ﬁlius,
2570 2026 2845 2093 dominus,
2870 2041 3083 2091 servus,
3105 2026 3323 2096 duplex,
3354 2026 3615 2097 medium,
3642 2042 3763 2084 seu.

2178 2124 2358 2191 sibile,
2387 2138 2592 2191 sensus.
2633 2123 2757 2178 Haec
2788 2122 2948 2191 igitur
2978 2121 3177 2177 nullam
3216 2121 3417 2177 habent
3438 2122 3764 2181 substantia.

2179 2216 2283 2271 lem
2320 2215 2699 2283 diﬁ‘erentiam,
2750 2229 2855 2285 qua
2884 2228 2913 2266 ιι
2954 2227 3015 2268 se
3059 2212 3387 2283 discrepent,
3436 2212 3545 2268 imo
3589 2213 3765 2283 potius

2182 2305 2383 2363 habent
2422 2306 2727 2376 hujusmodi
2775 2304 3149 2374 cognationem
3191 2318 3296 2375 qua
3333 2304 3400 2359 ad
3444 2320 3504 2359 se
3535 2306 3763 2361 invicem

2180 2408 2512 2469 referuntur,
2538 2418 2601 2457 ac
2624 2400 2743 2459 sine
2769 2415 2829 2455 se
2851 2414 2972 2457 esse
3001 2414 3107 2454 non
3131 2400 3359 2469 possint.
3384 2398 3498 2455 Non
3531 2409 3614 2455 est
3636 2414 3766 2470 ergo

2182 2500 2395 2571 generis
2419 2498 2471 2552 in
2515 2494 2767 2550 reiativas
2793 2502 2970 2561 partes
3000 2491 3243 2546 facienda
3281 2491 3492 2555 divisio,
3523 2494 3617 2547 sed
3658 2501 3767 2551 tota

2186 2592 2401 2660 hujusm
2440 2590 2493 2643 di
2544 2586 2713 2642 sectio
2759 2600 2789 2638 a
2836 2598 3038 2654 genere
3086 2585 3384 2655 separanda
3425 2592 3528 2640 est.
3585 2584 3768 2652 Neque

2185 2685 2326 2740 enim
2372 2681 2607 2736 boriiinis
2645 2686 2728 2732 est
2765 2678 2973 2746 species
3003 2692 3193 2732 servus
3234 2686 3325 2731 aut
3352 2677 3626 2742 dominus,
3670 2693 3768 2734 nec

2189 2776 2398 2830 numeri
2424 2771 2660 2826 mediutn
2681 2782 2773 2825 aut
2789 2769 3034 2839 duplum.
3057 2768 3193 2824 Cum
3216 2769 3374 2839 igitur
3394 2779 3625 2839 quatuor
3647 2779 3770 2829 sunt

2188 2867 2503 2923 diii'erentia-
2537 2864 2937 2934 oppositiouum
2966 2860 3338 2919 ailirmationis
3364 2871 3419 2916 et
3449 2862 3769 2932 negationis,

2190 2963 2236 3018 si
2276 2966 2381 3017 n‘on
2415 2974 2636 3015 necesse
2685 2967 2788 3023 est,
2840 2971 3056 3026 semper
3107 2966 3283 3011 tamen
3333 2956 3611 3011 relationis
3641 2954 3771 3026 rejia

2189 3056 2379 3113 cienda
2409 3062 2494 3110 est
2519 3052 2733 3117 divisio,
2766 3051 3081 3121 privationis
3127 3060 3185 3107 et
3217 3047 3449 3115 habitus,
3478 3060 3533 3104 et
3563 3057 3772 3106 contra

2194 3150 2397 3205 riorum
2427 3145 2725 3203 sumendae.
2757 3143 2989 3199 Maxime
3012 3152 3191 3199 autem
3221 3144 3574 3198 contrarietas
3600 3143 3654 3198 in
3678 3142 3770 3199 dii.

2196 3240 2439 3297 ferentiis
2473 3239 2715 3310 ponenda
2766 3247 2873 3303 est,
2922 3254 3020 3291 nec
3052 3252 3157 3292 non
3208 3239 3370 3292 etiam
3414 3237 3664 3307 privatio,
3694 3236 3773 3292 id.

511 3326 585 3381 ita
603 3325 936 3382 uastandum
968 3334 1054 3381 est
1083 3335 1334 3395 tanquam
1374 3325 1417 3379 si
1448 3324 1517 3379 sit
1551 3324 1694 3379 aliud
1737 3323 2087 3394 oppositionis
2117 3316 2163 3381 C
2194 3336 2341 3389 circo
2363 3333 2616 3404 quoniam
2644 3331 2901 3402 quiddam
2950 3341 3137 3385 contra
3181 3329 3421 3385 habitum
3450 3330 3773 3392 contrarium

512 3434 703 3490 genus,
753 3420 892 3475 sicut
933 3429 1015 3475 est
1047 3421 1098 3474 in
1132 3418 1580 3489 ‘prazdicamentis
1615 3419 1683 3473 ab
1727 3417 1845 3488 ipso
1879 3432 2092 3487 quoque

513 3513 806 3569 Aristotele
830 3513 1171 3584 dispositum.
1215 3513 1271 3568 ln
1300 3513 1586 3568 contrariis
1612 3525 1793 3568 autem
1832 3527 2090 3584 generum

488 3608 679 3663 'multa
708 3608 900 3664 divisio
927 3614 1030 3665 est.
1066 3608 1200 3664 Fere
1226 3607 1370 3662 enim
1412 3615 1635 3662 cunctas
1670 3604 2001 3661 diﬂ’erentias
2040 3604 2094 3659 in

516 3700 782 3755 contraria
802 3699 1137 3755 deducimus.
1168 3699 1271 3754 Sed
1299 3698 1552 3770 quoniam
1577 3697 1971 3752 contrariorum
1990 3696 2095 3751 alia

516 3803 640 3849 sunt
671 3793 847 3847 medio
871 3795 1133 3858 carentia,
1161 3793 1265 3847 alia
1304 3792 1558 3858 mediata,
1592 3791 1667 3845 ita
1713 3805 1927 3860 quoque
1961 3787 2098 3844 divi-

517 3885 599 3939 sio
634 3882 877 3937 facienda
909 3890 1013 3943 est.
1058 3893 1114 3935 ut
1154 3882 1417 3949 colorum,
1465 3881 1572 3936 alia
1618 3890 1743 3935 sunt
1779 3880 1950 3950 nigra,
1994 3880 2095 3933 alia

486 3990 491 3995 '
519 3986 641 4031 sunt
674 3976 818 4043 alba,
845 3975 947 4029 alia
977 3985 1189 4029 neutra.
1217 3973 1398 4030 Fieret
1422 3982 1600 4030 autem
1625 3973 1801 4028 omnis
1823 3974 2095 4041 diiﬁnitio,

522 4068 800 4137 omnisque
830 4069 1025 4123 divisio
1056 4067 1264 4123 duabus
1292 4068 1555 4132 terminis,
1592 4067 1695 4121 nisi
1719 4067 1796 4136 (ut
1827 4082 1988 4137 supra
2017 4067 2098 4121 di-

521 4174 664 4215 ctum
696 4164 800 4229 est)
832 4146 1123 4230 indigentia
1145 4174 1260 4228 qua:
1285 4172 1429 4229 saepe
1449 4158 1635 4213 existit
1656 4157 1709 4211 in
1738 4158 1955 4213 nomine
1975 4172 2100 4227 pro.

526 4251 755 4307 biberet.
786 4252 901 4318 Quo
938 4260 1115 4305 autem
1159 4251 1319 4305 modo
1347 4262 1586 4321 utraeque
1612 4248 1823 4304 duobus
1852 4248 2100 4305 terminis

488 4392 501 4399 -
522 4344 737 4410 ﬁerent,
766 4344 868 4400 erit
898 4344 1240 4400 manifestum
1273 4344 1377 4400 hoc
1404 4344 1563 4399 modo
1592 4359 1607 4396 :
1638 4357 1760 4398 cum
1794 4343 1937 4398 enim
1967 4342 2098 4418 dici-

522 4457 642 4501 mus
678 4443 987 4497 animalium
1018 4442 1119 4497 alia
1174 4440 1454 4496 rationalia
1498 4450 1644 4503 sunt,
1677 4440 1779 4494 alia
1816 4420 2103 4493 irrationa;

525 4538 617 4605 lia,
640 4538 838 4594 animal
861 4537 1120 4593 rationale
1149 4536 1213 4590 ad
1247 4535 1478 4590 hominis
1500 4534 1874 4588 dilﬁnitionem
1908 4532 2113 4609 tendit.’

478 4634 481 4639 “
524 4633 630 4690 Sed
661 4633 916 4703 quoniam
964 4630 1211 4686 animalis
1244 4630 1518 4685 rationalis
1546 4642 1711 4682 unum
1751 4641 1949 4682 nomen
1994 4612 2109 4679 non

2198 3429 2408 3482 videtur
2438 3425 2657 3493 apponi,
2700 3432 2758 3477 ut
2799 3430 2882 3477 est
2927 3421 3134 3475 ﬁnitum
3185 3432 3239 3476 et
3282 3421 3574 3476 inﬁnitum.
3601 3420 3775 3489 Quan-

2197 3533 2356 3588 quam
2399 3516 2539 3571 enim
2588 3513 2816 3585 privatio
2854 3512 2922 3566 sit
2963 3513 3249 3574 inﬁnitum,
3296 3522 3474 3565 tamen
3522 3510 3773 3573 contrarii

2199 3609 2581 3679 imaginatione
2620 3606 2899 3661 formatur.
2932 3604 3026 3658 Est
3065 3604 3309 3674 quasdam
3337 3618 3572 3672 namque
3596 3606 3679 3680 (ut
3704 3602 3776 3657 di-

2197 3718 2343 3762 etum
2377 3706 2484 3775 Cal)
2515 3703 2707 3757 forma.
2765 3703 2990 3771 Dignum
3030 3715 3164 3755 vero
3196 3700 3451 3769 inquisito
3490 3708 3574 3753 est
3605 3705 3778 3759 utrum

2200 3800 2253 3854 in
2284 3802 2495 3867 species
2543 3812 2607 3849 att
2631 3796 2683 3849 in
2704 3793 3033 3850 diﬁerentias
3064 3803 3211 3847 recte
3236 3806 3432 3861 genera
3454 3790 3779 3844 dividantur.

2203 3890 2463 3946 Difﬁnitio
2512 3892 2742 3958 namque
2782 3885 3058 3940 divisionis
3097 3896 3182 3939 est
3226 3885 3439 3954 generis
3481 3884 3534 3935 in
3574 3881 3780 3951 species

2202 3986 2474 4055 proximas
2499 3980 2825 4036 distributio.
2858 3980 3083 4049 Oportet
3104 3976 3264 4047 igitur
3296 3974 3589 4031 secundum
3625 3982 3780 4030 natm

2204 4094 2318 4133 ram
2344 4075 2631 4131 divisionis
2660 4083 2715 4129 et
2742 4072 3037 4128 secundum
3064 4070 3438 4125 diﬂinitionem
3467 4070 3518 4123 in
3543 4068 3781 4138 proprias

2201 4172 2414 4243 species
2443 4184 2657 4239 semper
2682 4167 2797 4223 ﬁeri
2820 4167 3030 4237 generis
3053 4165 3524 4235 disgiegationem.
3553 4161 3659 4217 Sed
3688 4162 3781 4220 hoc

2204 4266 2474 4321 interdum
2510 4263 2625 4320 ﬁeri
2662 4263 2842 4330 nequit
2871 4272 3087 4331 propter
3122 4275 3241 4315 eam
3272 4273 3432 4328 quam
3465 4270 3625 4326 supra
3666 4253 3760 4310 red

2206 4359 2383 4414 dlmus
2414 4372 2651 4412 causam.
2694 4355 2875 4410 Multis
2904 4354 3045 4408 enim
3074 4352 3355 4420 speciebus
3386 4364 3492 4404 non
3535 4354 3663 4403 sunt
3693 4360 3761 4401 no

2208 4453 2375 4507 mina.
2409 4453 2582 4517 Atque
2610 4449 2730 4502 ideo
2759 4447 3008 4518 quoniam
3043 4443 3285 4513 quaedam
3326 4449 3454 4496 sunt
3481 4438 3651 4509 prima
3688 4451 3780 4508 σε·

2207 4558 2355 4609 nera,
2395 4541 2637 4613 quaedam
2668 4538 2878 4605 ultima,
2909 4536 3152 4608 quaedam
3184 4533 3381 4600 media,
3412 4534 3640 4601 primum
3670 4527 3782 4599 qui~

2208 4636 2328 4691 dem
2362 4644 2419 4689 ut
2462 4632 2779 4696 substantia,
2823 4630 3067 4684 ultimum
3110 4637 3169 4681 ut
3214 4624 3437 4691 animal,
3467 4622 3704 4679 medium
3732 4626 3782 4683 ut

527 4735 631 4792 est,
675 4738 935 4795 ponamus
956 4722 1006 4779 ei
1039 4736 1237 4778 nomen
1272 4738 1303 4776 a
1335 4722 1589 4776 litteram.
1616 4719 1823 4774 Rursus
1848 4735 1881 4771 a
1907 4718 2097 4773 littera:
2123 4706 2180 4770 Ι)
2205 4740 2423 4797 corpus,
2455 4738 2651 4793 corpus
2678 4735 2909 4791 namque
2946 4718 3191 4774 animalis
3213 4732 3379 4789 genus
3408 4726 3512 4781 est,
3541 4712 3782 4768 substan-

530 4821 672 4893 quod
712 4830 794 4877 est
836 4821 1031 4875 animal
1062 4818 1347 4885 rationale,
1392 4816 1495 4871 alia
1526 4814 1770 4871 mortalia
1813 4820 1953 4877 sunt,
1998 4812 2104 4869 alia

526 4913 874 4970 immortalia.
927 4911 1183 4966 Volentes
1232 4908 1392 4980 igitur
1444 4907 1821 4963 dilﬁnitionem
1870 4904 2104 4961 hominis

524 5006 751 5063 reddere
780 5006 1043 5069 dicemus,
1075 5003 1235 5057 homo
1269 5009 1353 5057 est
1394 5017 1427 5054 a
1463 5002 1638 5055 littera
1664 4999 1931 5055 mortalis.
1972 4999 2101 5052 Nam

526 5103 571 5157 si
622 5099 857 5155 hominis
899 5097 1148 5152 difﬁnitio
1192 5105 1276 5152 est
1316 5095 1514 5150 animal
1546 5094 1807 5150 rationale
1851 5093 2098 5162 mortale,

460 5194 467 5199 ’
527 5191 728 5247 animal
779 5204 909 5246 vero
955 5188 1216 5244 rationale
1255 5203 1348 5256 per
1387 5204 1419 5241 ιι
1465 5187 1696 5242 litteram
1745 5185 2095 5257 signiﬁcatur,

529 5283 669 5337 idem
712 5282 877 5337 sentit
905 5297 937 5333 ιι
978 5279 1205 5334 mortale
1233 5287 1481 5350 tanquam
1523 5279 1568 5334 si
1606 5279 1878 5333 diceretur
1904 5275 2100 5331 animal

531 5373 798 5428 rationale
845 5371 1094 5436 mortale,
1134 5386 1166 5425 α
1212 5370 1354 5426 enim
1389 5371 1470 5443 (ιιι
1514 5370 1711 5425 dictum
1762 5369 1867 5439 est)
1902 5366 2102 5422 animal

527 5466 788 5521 rationale
818 5466 1099 5536 signiﬁcat.
1127 5464 1218 5518 Sic
1238 5478 1367 5535 ergo
1391 5479 1423 5518 a
1456 5465 1631 5518 littera
1656 5470 1712 5517 et
1738 5460 1950 5515 mortali
1971 5460 2103 5513 duo-

528 5560 625 5613 bus
658 5556 901 5613 terminis
929 5555 1068 5609 facta
1098 5562 1182 5612 est
1206 5555 1437 5611 hominis
1464 5553 1736 5610 difﬁnitio.
1771 5552 1922 5620 Quod
1950 5552 1994 5605 si
2017 5566 2103 5606 re-

530 5653 837 5719 perirentur
873 5650 927 5707 in
966 5649 1215 5707 omnibus
1242 5664 1456 5720 quoque
1478 5649 1714 5713 nomina,
1747 5647 1953 5700 duobus
1993 5655 2103 5701 ter-

531 5738 688 5799 minis
737 5739 953 5815 semper
991 5751 1101 5800 tota
1131 5742 1280 5799 ﬁeret
1317 5739 1590 5797 dil'lnitio.
1630 5738 1833 5793 Divisio
1861 5752 2100 5807 quoque,

2160 4856 2163 4859 -
2210 4821 2278 4875 tia
2321 4817 2585 4887 corporis.
2632 4814 2738 4870 Sed
2767 4810 3214 4882 quemadmodum
3259 4823 3432 4876 neque
3461 4821 3621 4875 super
3658 4803 3782 4861 snb«

2210 4912 2460 4966 stantiam
2490 4906 2779 4978 quidquam
2807 4904 3039 4959 inveniri
3062 4910 3256 4973 potest,
3278 4900 3417 4971 quod
3439 4898 3654 4970 generis
3675 4898 3783 4952 lore

2208 5004 2385 5059 valeat
2417 5000 2696 5064 collocari,
2731 4998 2810 5052 sic
2836 5010 3010 5064 neque
3036 4994 3139 5050 sub
3163 4992 3404 5058 animali,
3442 4992 3603 5046 homo
3638 5002 3783 5043 nam—

2208 5112 2314 5166 que
2345 5095 2573 5165 species,
2606 5108 2710 5149 noa
2732 5105 2904 5161 genus
2939 5098 3041 5144 est.
3075 5087 3254 5155 Quare
3293 5084 3560 5154 antiquior
3589 5080 3784 5137 videbi-

2215 5199 2299 5243 tur
2336 5184 2536 5258 speciei
2566 5185 2779 5250 divisio,
2830 5182 2875 5237 si
2906 5180 3197 5250 indigentia
3245 5179 3521 5234 nominum
3552 5190 3659 5230 non
3698 5177 3784 5239 sit,

2212 5279 2351 5349 quod
2391 5279 2434 5332 si
2466 5279 2550 5333 lus
2591 5275 2838 5332 omnibus
2869 5290 2974 5328 non
3014 5269 3369 5335 abundamus,
3398 5267 3569 5337 prima
3593 5278 3784 5335 genera

2213 5386 2381 5439 usque
2425 5370 2490 5423 ad
2521 5369 2703 5423 ultima
2750 5366 3004 5422 convenit
3043 5365 3096 5417 in
3141 5360 3471 5416 differentias
3517 5372 3767 5427 separare
3816 5414 3823 5423 ,

2217 5464 2326 5519 Hoc
2357 5473 2533 5518 autem
2564 5462 2622 5517 ﬁt
2657 5462 2759 5517 hoc
2790 5461 2974 5526 modo,
3003 5467 3061 5512 ut
3101 5456 3331 5527 primum
3358 5465 3529 5523 genus
3570 5452 3622 5505 in
3668 5460 3787 5505 suaa

2158 5581 2165 5595 τ
2212 5558 2546 5615 dili‘erentias
2570 5556 2958 5627 disgregemus,
2993 5568 3099 5608 non
3132 5551 3184 5605 in
3215 5546 3563 5618 posterioris:
3595 5552 3650 5599 et
3675 5556 3787 5597 rur-

2214 5666 2305 5707 sus
2339 5649 2603 5719 posterius
2636 5649 2688 5702 in
2718 5660 2862 5710 suae,
2895 5645 2987 5699 sed
3019 5658 3129 5699 non
3167 5643 3227 5709 in;
3248 5637 3584 5711 posterioris.
3610 5633 3786 5702 Nec}!!!

2212 5746 2352 5797 enim
2383 5741 2586 5795 emdem
2624 5748 2749 5793 sunt
2776 5736 3091 5794 differentia
3112 5733 3355 5804 corporis
3382 5746 3500 5801 qua:
3525 5725 3787 5783 animalis.

484 5844 487 5849 '
532 5834 838 5889 inmunibus
886 5834 1097 5905 positis,
1128 5833 1379 5905 quoniam
1423 5846 1639 5901 semper
1668 5830 1720 5886 in
1755 5829 1893 5885 duos
1916 5830 2102 5885 termi-
2152 5839 2189 5891 -t
2211 5834 2267 5889 Si
2299 5834 2422 5902 quis
2446 5830 2589 5886 enim
2619 5831 2802 5886 dicat:
2837 5828 3155 5885 substantia:
3189 5824 3461 5903 aliudest
3493 5816 3785 5889 corporale.

528 5941 626 5982 nos
660 5939 885 5989 teratur.
915 5929 1254 5983 manifestum
1294 5936 1398 5992 est,
1430 5927 1472 5981 si
1503 5926 1622 5994 quis
1639 5926 1826 5993 generi
1859 5938 1910 5981 et
1939 5926 2096 5983 diﬁ'e~
2177 5952 2192 5979 ι
2213 5923 2354 5981 aliud
2380 5922 2737 5987 incorporale.
2768 5930 2913 5977 recte
2933 5917 3253 5981 divisionem
3284 5914 3497 5972 fecerit.
3524 5910 3609 5969 itte
3638 5921 3786 5966 nauta
