4064 6336
1308 358 1315 363 ~
1368 358 1427 368 η.-
1450 346 1501 373 λᾶας

330 454 439 517 885

1603 454 1804 514 LIBER
1846 454 1933 511 BE
1974 456 2334 517 DIVISIONE.
2856 498 2861 503 ρ
3216 506 3223 512 .
3308 506 3311 509 .
3356 512 3363 513 ,
3542 384 3684 451 ῆς

336 594 444 651 que
486 564 807 634 diﬂ‘erentiae
859 575 1089 648 propria:
1139 570 1453 660 subslah'iite
1500 585 1642 631 sunt.
1695 570 1752 631 Si
1802 574 1922 645 quis
1949 577 1999 637 Α
2030 579 2175 634 nulla
2220 580 2621 652 complectitur,
2665 583 2869 643 idcirco
2904 586 3048 659 quod
3098 596 3289 644 eorum
3324 591 3607 660 superiora

332 683 469 725 vero
499 669 578 724 sic
599 668 761 734 dicat,
790 665 1207 724 substantiarum
1236 658 1339 721 alia
1366 672 1490 723 sunt
1528 666 1785 731 animata,
1814 666 1919 721 alia

330 746 645 831 inanitnata,
682 760 768 817 hic
796 762 903 817 non
935 764 1081 817 recte
1109 757 1438 817 substantias
1472 759 1805 816 differentias
1832 766 1921 815 se-

328 856 591 928 gregavit.
620 852 877 925 Corporis
923 858 1153 926 namque
1179 852 1498 912 differentia:
1528 852 1612 910 ha:
1642 862 1786 921 sunt,
1810 860 1919 909 non

331 949 672 1017 substantiae,
702 938 755 1005 id
786 959 869 1007 est
897 948 1118 1007 secundi
1143 949 1377 1021 generis,
1408 964 1513 1005 non
1536 949 1714 1021 primi.
1742 950 1919 1019 Quare

328 1045 678 1101 manifestum
710 1054 792 1102 est
818 1044 1111 1101 secundum
1148 1044 1395 1115 proprias
1423 1041 1777 1110 differentias,
1798 1043 1916 1098 “non

326 1134 958 1200 secundumposterioris
978 1136 1216 1209 generis,
1236 1136 1475 1207 priorum
1501 1150 1757 1207 generum
1779 1133 1935 1190 divi-'

326 1228 538 1282 sionem
568 1241 691 1284 esse
724 1225 1044 1283 faciendam.
1082 1226 1307 1293 Quoties
1338 1236 1518 1280 autem
1546 1238 1715 1296 genus
1742 1235 1833 1279 aut
1863 1223 1915 1278 in

326 1320 689 1387 differentias,
723 1326 817 1375 aut
842 1320 898 1376 in
925 1321 1133 1390 species
1163 1318 1412 1385 solvitur,
1447 1322 1566 1387 post
1602 1317 1916 1373 divisionem

326 1410 525 1467 factam
581 1427 705 1467 mox
763 1411 1146 1480 dilfinitiones,
1192 1419 1284 1465 aut
1339 1411 1586 1480 exempla
1642 1408 1916 1465 subdenda

329 1512 481 1562 sunt.
531 1503 636 1560 Sed
665 1488 713 1560 si
736 1504 855 1575 quis
881 1500 1295 1559 diffinitionibus
1343 1520 1450 1558 non
1493 1503 1750 1568 abundat,
1784 1503 1916 1558 satis

326 1605 416 1653 est
450 1597 696 1667 exempla
728 1595 1016 1666 subjicere,
1064 1603 1123 1650 ut
1166 1609 1286 1648 cum
1336 1593 1583 1657 dicimus,
1630 1598 1913 1662 corporum

325 1686 434 1749 alia
479 1695 607 1742 sunt
654 1686 912 1753 animata,
944 1682 1315 1755 subiicianius,
1351 1692 1407 1739 ut
1449 1684 1695 1739 homines
1725 1687 1805 1739 vel
1837 1683 1914 1739 fe-

322 1789 433 1846 ra;
471 1766 573 1834 alia
603 1779 914 1844 inanimata,
952 1787 1008 1831 ut
1048 1775 1275 1846 lapides.
1317 1774 1541 1845 Oportet
1574 1784 1753 1829 autem
1780 1774 1915 1829 divi-

323 1870 535 1925 sionem
566 1884 799 1939 quoque,
850 1868 989 1923 sicut
1031 1865 1348 1930 terminum,
1387 1879 1561 1932 neque
1595 1863 1914 1918 diminutam

2024 676 2226 743 genera
2284 672 2512 730 inveniri
2559 691 2666 731 non
2725 686 2971 748 possunt.
3025 680 3194 737 Porro
3248 690 3426 738 autem
3468 683 3627 739 infer

2022 764 2199 821 riores
2256 772 2312 820 ut
2371 778 2494 822 sunt
2553 768 2855 840 individua,
2906 773 3020 844 ipsa
3077 788 3290 847 quoque
3341 777 3609 847 specillcls

2023 855 2348 915 differentiis
2394 862 2601 916 carent.
2639 862 2899 929 Quocirca
2949 865 3060 935 ipsa
3101 876 3312 939 quoque
3340 884 3369 923 a
3409 869 3609 927 diffini—

2022 950 2168 1006 tione
2221 952 2430 1007 seciusa
2484 963 2629 1009 sunt.
2687 955 2877 1011 Medias
2925 957 3085 1027 igitur
3134 976 3254 1029 qum
3304 971 3357 1018 et
3413 964 3609 1020 habent

2022 1054 2247 1113 genera,
2297 1051 2350 1098 et
2391 1042 2460 1100 de
2500 1045 2643 1110 aliis,
2677 1047 2758 1101 vel
2802 1048 3113 1117 generibus,
3155 1052 3241 1107 vel
3290 1053 3358 1108 de
3401 1056 3606 1123 specie

2023 1134 2143 1200 bus,
2198 1135 2284 1190 vel
2328 1135 2397 1191 de
2448 1134 2739 1192 individuis
2792 1139 3149 1207 praedicantur
3195 1143 3296 1197 sub
3337 1143 3607 1200 diffinitio-
3668 1126 3675 1137 ’

2021 1242 2143 1281 nem
2198 1227 2393 1283 cadere
2438 1238 2679 1299 possunt.
2713 1231 2843 1285 Data
2891 1233 3049 1301 igitur
3091 1234 3397 1304 huiusmodi
3429 1242 3611 1309 specie

2019 1328 2140 1392 quae
2169 1330 2221 1375 et
2251 1338 2421 1393 genus
2445 1322 2660 1391 habeat,
2684 1326 2738 1380 ει
2758 1327 2825 1381 de
2854 1328 3235 1393 posterioribus
3266 1332 3611 1401 prmdicetur,

2025 1415 2201 1485 primo
2233 1414 2350 1487 eius
2380 1430 2535 1471 sumo
2564 1431 2756 1487 genus,
2786 1427 2842 1474 et
2873 1419 3015 1475 illius
3034 1422 3252 1493 generis
3280 1422 3609 1481 diﬂ‘erentias

2021 1506 2225 1574 divido,
2279 1516 2334 1565 et
2384 1509 2618 1579 adiungo
2666 1509 3024 1567 differentiam
3079 1512 3287 1582 generi,
3339 1521 3394 1569 et
3449 1516 3612 1572 video

2020 1614 2148 1656 num
2181 1600 2268 1655 illa
2297 1600 2602 1657 differentia
2630 1604 2814 1673 juncta
2855 1618 2978 1659 cum
3011 1618 3209 1676 gemre
3236 1606 3458 1674 aequalis
3484 1621 3606 1677 pos-

2019 1694 2088 1749 sit
2114 1708 2235 1750 esse
2264 1710 2383 1750 cum
2426 1710 2487 1751 ea
2524 1698 2709 1767 specie
2744 1712 2905 1767 quam
2934 1699 3483 1756 circumscribendatn
3506 1701 3606 1758 difa

2020 1786 2266 1844 finitione
2294 1790 2545 1860 suscepi;
2608 1790 2751 1861 quod
2798 1796 2841 1846 si
2874 1794 3045 1848 minor
3078 1793 3241 1849 fuerit
3272 1794 3505 1865 species,
3537 1796 3606 1851 il-

2018 1880 2123 1935 lam
2179 1894 2367 1936 rursus
2411 1880 2766 1937 differentiam
2809 1898 2968 1954 quam
2998 1885 3200 1941 dudum
3249 1899 3373 1941 eum
3409 1900 3607 1958 genere

322 1973 471 2026 esse,
518 1974 691 2030 neque
730 1956 1081 2027 superﬂuam.
1124 1954 1255 2010 Nam
1284 1968 1458 2027 neque
1490 1954 1681 2026 plures
1700 1956 1909 2025 species
1941 1971 1987 2032 Β
2014 1984 2373 2043 posueramus
2402 1974 2555 2043 quasi
2602 1986 2772 2045 genus
2808 1977 3076 2045 ponitmts,
3106 1992 3342 2048 eamque
3369 1954 3434 2034 in
3470 1980 3605 2037 alias

323 2064 484 2121 quam
529 2066 647 2120 quae
697 2048 798 2105 sub
841 2064 1043 2119 genere
1086 2057 1210 2103 sunt
1236 2058 1449 2118 oportet
1472 2049 1691 2117 apponi,
1736 2052 1910 2113 neque

321 2141 630 2211 pauciores,
685 2149 741 2196 ut
794 2141 844 2196 in
896 2140 1131 2211 seipsam
1174 2136 1391 2208 divisio,
1432 2140 1575 2197 sicut
1624 2141 1905 2209 terminus,

323 2240 687 2288 convertatur.
721 2230 1065 2287 Convertitur
1091 2228 1233 2287 enim
1265 2224 1527 2286 terminus
1578 2229 1656 2286 sic
1686 2248 1699 2284 :
1739 2230 1911 2285 virtus

324 2330 408 2373 est
437 2321 630 2375 mentis
663 2318 878 2376 habitus
908 2320 1172 2391 optimus;
1212 2326 1422 2388 rursus,
1471 2321 1668 2377 mentis
1697 2321 1911 2378 habitus

324 2411 557 2487 Optimus
601 2416 770 2466 virtus
816 2420 919 2467 est.
971 2404 1059 2468 Sic
1094 2412 1257 2466 etiam
1300 2410 1513 2479 divisio,
1554 2414 1715 2466 omne
1743 2425 1910 2481 genus

323 2500 517 2570 aliquid
546 2515 732 2555 eorum
770 2501 876 2555 erit
908 2504 1028 2571 quae
1069 2508 1215 2570 sunt,
1264 2501 1473 2568 species
1505 2503 1778 2571 proprium
1813 2514 1908 2571 ge-

324 2610 427 2649 nus
470 2604 585 2659 est;
636 2598 844 2663 rursus,
885 2594 1143 2665 quaelibet
1181 2592 1388 2665 Species
1430 2597 1701 2665 proprium
1746 2610 1912 2667 genus

325 2692 426 2741 est.
458 2684 541 2739 Fit
566 2696 743 2742 autem
769 2688 982 2757 generis
1012 2686 1252 2757 ejusdem
1291 2686 1483 2743 divisio
1509 2684 1899 2757 multipliciter,

326 2790 383 2833 ut
412 2778 651 2834 omnium
700 2795 1012 2851 corporum,
1052 2788 1106 2837 el.
1150 2790 1484 2854 Qurecunque
1522 2792 1649 2837 sunt
1688 2784 1913 2855 alicujus

326 2862 738 2945 magnitudinis.
782 2870 934 2927 Sicut
959 2872 1102 2927 enim
1146 2872 1403 2929 circulum
1432 2874 1484 2929 in
1515 2875 1908 2943 semiCirttulos,

325 2962 459 3017 etin
499 2962 591 3015 eos
640 2975 777 3033 quos
805 2958 979 3017 Graeci
1008 2973 1202 3017 vocant
1240 2968 1436 3034 τομαῖς,
1484 2977 1583 3018 nos
1619 2963 1913 3021 divisiones

324 3058 607 3124 possumus
638 3052 841 3123 dicere,
877 3052 1271 3120 distribuimus,
1318 3062 1372 3111 et
1415 3058 1750 3125 tetragonum
1782 3057 1913 3114 alias

326 3145 479 3201 ducta
526 3163 619 3217 per
649 3145 927 3218 angulum,
977 3145 1242 3203 diametro
1290 3146 1342 3202 in
1376 3146 1664 3218 triangula,
1700 3149 1833 3204 alias
1859 3150 1912 3205 in

326 3236 910 3308 parallelogrammata,
956 3239 1090 3295 alias
1134 3239 1189 3295 in
1246 3248 1523 3310 tetragona
1571 3250 1911 3310 separamu.

326 3332 400 3392 ita
427 3353 643 3408 quoque
670 3354 859 3408 genus,
907 3344 967 3393 ut
997 3353 1117 3394 cum
1150 3337 1401 3407 dicimus,
1433 3342 1779 3396 numerorum
1824 3342 1912 3398 alii

308 3438 453 3495 ,sunt
486 3444 667 3498 pares,
714 3429 804 3484 alii
848 3430 1105 3500 impares,
1157 3434 1211 3485 et
1257 3442 1447 3487 rursus
1494 3430 1582 3487 alii
1612 3432 1791 3502 primi,
1823 3431 1917 3488 alii

326 3535 433 3579 non
478 3521 683 3593 primi;
730 3533 782 3578 et
823 3522 1213 3593 triangulorum
1261 3524 1363 3578 alia
1415 3532 1539 3579 sunt
1587 3525 1917 3594 aequilatera,

328 3615 433 3670 alia
453 3615 571 3670 duo
599 3615 713 3669 sola
747 3614 913 3670 latera
940 3614 1166 3685 aequalia
1192 3614 1464 3682 habentia,
1498 3615 1603 3670 alia
1636 3616 1763 3671 totis
1787 3616 1920 3671 inte-

329 3707 511 3778 qualia
551 3706 834 3773 lateribus,
877 3713 932 3761 et
972 3721 1161 3762 rursus
1201 3707 1589 3777 triangulorum
1640 3707 1742 3762 alia
1794 3714 1920 3764 sunt

330 3800 463 3855 recti
494 3799 711 3870 angula,
758 3798 859 3853 alia
891 3809 1081 3854 acutos
1111 3797 1364 3854 habentia
1400 3804 1512 3855 tres
1536 3798 1782 3869 angulos,
1816 3800 1918 3855 alia

332 3892 509 3948 obtusi
553 3894 737 3948 unius.
794 3891 884 3949 Sic
935 3891 1098 3962 igitur
1136 3891 1349 3963 generis
1403 3888 1561 3947 unius
1606 3891 1677 3947 sit
1723 3891 1920 3949 divisio

333 3991 634 4061 multiplex.
676 3991 807 4046 Illud
848 4001 1025 4048 autem
1067 3992 1205 4047 scire
1246 3992 1475 4063 perutile
1514 3999 1615 4059 est,
1666 3994 1918 4064 quoniam
1988 4004 1991 4005 '

334 4097 504 4154 genus
534 4099 635 4139 una
675 4084 1074 4156 quodammodo
1107 4085 1395 4140 multarum
1437 4086 1923 4155 Specierumsim'i-

334 4174 510 4230 litudo
535 4186 642 4244 est,
682 4191 802 4246 qua:
841 4191 1024 4234 earum
1054 4177 1293 4232 omnium
1328 4175 1756 4232 ronvenienliam
1789 4178 1920 4233 sub-
1986 4184 1991 4187 “

334 4268 641 4324 stantialem
663 4279 947 4337 monstret,
973 4278 1131 4340 atque
1155 4267 1276 4324 ideo
1297 4264 1637 4324 collectivum
1667 4270 1922 4340 plurima-
1982 4286 1987 4293 ί

335 4377 454 4417 rum
504 4365 807 4432 specierum
854 4379 1022 4434 genus
1066 4372 1169 4419 est.
1223 4361 1574 4433 Disiunctivze
1604 4378 1736 4418 vero
1766 4364 1924 4421 unius

334 4456 551 4527 generis
594 4457 805 4525 species
840 4464 967 4512 sunt
1020 4473 1159 4529 quae,
1192 4459 1443 4529 quoniam
1475 4454 1792 4514 differentiis
1838 4459 1923 4514 in-

336 4550 637 4606 formantur
670 4552 753 4623 (ut
794 4551 998 4607 dictum
1038 4551 1166 4622 est),
1220 4552 1422 4608 idcirco
1462 4552 1563 4608 sub
1593 4568 1698 4606 uno
1726 4554 1931 4623 genere

335 4650 514 4705 minus
559 4650 766 4705 duabus
803 4652 1089 4722 speciebus
1138 4668 1260 4710 esse
1303 4669 1409 4709 non
1453 4663 1696 4725 possunt,
1746 4650 1922 4712 omnis

2016 2076 2143 2119 suas
2169 2063 2499 2122 differentias
2525 2078 2863 2136 separamus,
2907 2075 2961 2121 et
2992 2082 3181 2123 rursus
3210 2070 3305 2125 has
3337 2070 3471 2125 duas
3493 2067 3602 2125 Δία

2015 2156 2272 2214 ferentias
2303 2157 2570 2229 superiori
2596 2158 2786 2228 generi
2830 2158 3235 2230 coniungimus;
3267 2168 3324 2215 et
3349 2162 3393 2216 si
3425 2164 3604 2233 atque:

2013 2248 2092 2305 vit
2124 2251 2387 2321 speciem,
2412 2248 2667 2306 difflnitio
2698 2251 2896 2320 speciei
2912 2264 3032 2306 esse
3056 2251 3293 2316 dicetur;
3317 2252 3400 2307 sin
3427 2252 3604 2310 minus

2017 2340 2201 2410 fuerit,
2235 2341 2526 2398 secundam
2560 2338 2918 2398 differentiam
2944 2357 3129 2400 rursus
3169 2346 3221 2401 in
3251 2344 3351 2400 alia
3387 2356 3603 2415 sepem

2017 2449 2156 2488 mus.
2201 2432 2346 2500 Quas
2372 2448 2564 2489 omnes
2594 2434 2968 2505 coniungimus
2997 2448 3118 2490 cum
3148 2450 3349 2505 genere
3368 2479 3381 2500 ,
3413 2445 3604 2492 etrur-

2017 2538 2112 2580 sus
2134 2528 2473 2596 speculamur
2503 2526 2549 2580 si
2591 2540 2782 2581 omnes
2806 2526 3125 2582 differentia:
3157 2542 3278 2582 eum
3299 2542 3498 2597 genere
3529 2528 3602 2584 illi

2018 2614 2253 2685 aequales
2280 2616 2385 2672 sint
2416 2616 2614 2687 Speciei
2644 2631 2764 2685 quae
2792 2616 3078 2683 diffinitur,
3141 2628 3193 2673 et
3220 2626 3494 2689 postremo
3522 2628 3604 2674 to-

2018 2712 2127 2765 ties
2154 2702 2489 2765 differentias
2534 2708 2855 2764 differentiis
2879 2709 3253 2764 distribuimus
3278 2724 3449 2780 usque
3474 2710 3603 2765 dum

2019 2816 2204 2858 omnes
2234 2802 2433 2875 iunctae
2457 2803 2641 2873 generi
2672 2803 2909 2872 speciem
2939 2803 3135 2872 aquati
3161 2802 3481 2859 difﬁnitione
3509 2804 3605 2861 da-

2012 2892 2280 2951 "scribant.
2324 2893 2497 2967 liuius
2530 2906 2711 2951 autem
2762 2896 2838 2952 rei
2870 2897 3151 2951 clariorem
3197 2896 3603 2953 facientese'm-

2018 2987 2100 3057 pla
2149 2986 2393 3041 notitiam
2430 2986 2531 3042 hoc
2575 2987 2734 3042 modo
2769 3003 2783 3039 :
2837 2985 2897 3042 Si
2929 2995 3011 3041 est
3054 2988 3214 3042 nobis
3270 2988 3604 3059 propositum

2018 3078 2253 3136 diffinire
2276 3082 2470 3136 nomen
2487 3121 2502 3146 ,
2527 3080 2851 3135 vocabulum
2882 3080 3120 3135 nominis
3144 3079 3214 3136 de
3242 3080 3485 3150 pluribus
3508 3096 3606 3137 no-

1940 3218 1943 3221 λ
2018 3173 2250 3229 minibus
2284 3173 2640 3243 prtedicatur,
2673 3183 2727 3229 et
2772 3172 3007 3244 quodam
3048 3172 3208 3229 modo
3248 3177 3456 3245 species
3477 3189 3606 3232 con-

2019 3270 2195 3323 tinens
2241 3268 2341 3323 sub
2371 3281 2431 3323 se
2477 3266 2776 3322 individua.
2827 3265 3043 3322 Diffinio
3074 3280 3206 3337 ergo
3234 3272 3431 3323 nomen
3481 3271 3607 3325 sie:

1943 3354 1992 3421 (Ξ
2021 3374 2177 3417 sumo
2204 3363 2321 3430 eius
2369 3374 2537 3430 genus
2566 3358 2709 3429 quod
2738 3367 2822 3413 est
2873 3372 3014 3430 vol,
3064 3368 3120 3413 et
3159 3359 3344 3415 divido
3376 3374 3609 3419 :vocum

2021 3450 2139 3507 alia
2184 3458 2307 3505 sunt
2338 3450 2727 3520 significativae,
2762 3448 2881 3501 alia;
2911 3421 3045 3503 vero
3074 3450 3330 3514 minime;
3375 3465 3477 3504 vos
3502 3464 3609 3510 non

2020 3542 2371 3613 significativa
2405 3540 2536 3595 nihil
2595 3540 2658 3595 ad
2690 3554 2922 3607 nomen,
2952 3542 3156 3595 etenim
3180 3552 3378 3597 numen
3405 3541 3609 3611 signia.

2020 3644 2125 3690 cat.
2183 3632 2350 3689 Sumo
2383 3646 2513 3703 ergo
2556 3632 2916 3688 differentiam
2949 3646 3072 3703 qua:
3117 3644 3201 3687 est
3232 3634 3609 3703 signifieativa,

2021 3735 2075 3783 et
2098 3724 2267 3798 iungo
2288 3740 2409 3781 cum
2440 3728 2637 3794 genere
2657 3768 2673 3792 ,
2724 3724 2777 3780 id
2808 3732 2888 3779 est
2935 3738 3057 3779 cum
3080 3738 3213 3779 voce
3236 3765 3252 3791 ,
3281 3734 3337 3780 et
3356 3724 3478 3779 dico
3505 3738 3611 3784 vos

2021 3817 2370 3891 significativa
2404 3864 2419 3888 ,
2466 3827 2530 3873 et
2569 3824 2697 3873 tunc
2737 3816 2973 3888 respicio
3012 3826 3189 3873 utrum
3228 3830 3399 3888 genus
3428 3817 3529 3875 hoc
3555 3826 3612 3881 et

2021 3912 2323 3969 differentia
2367 3912 2573 3969 nomini
2616 3913 2723 3967 sint
2760 3911 3007 3983 aequalia.
3047 3910 3155 3967 Sed
3204 3910 3440 3966 nondum
3485 3919 3612 3975 sunt

2023 4007 2245 4077 aequalia
2270 4047 2287 4073 ,
2316 4015 2493 4077 potest
2522 4005 2665 4062 enim
2696 4020 2800 4060 vox
2832 4006 3191 4075 significatlva
3211 4016 3335 4060 esse
3354 4048 3368 4072 ,
3419 4014 3474 4061 et
3503 4020 3612 4069 non

2022 4114 2142 4154 esse
2167 4112 2383 4153 nomen.
2428 4096 2569 4154 Sunt
2592 4099 2734 4153 enim
2768 4098 3013 4168 quaedam
3037 4110 3198 4153 voces
3224 4112 3344 4166 quae
3369 4098 3612 4158 dolorem

2026 4191 2465 4263 designant,alice
2492 4207 2611 4261 quae
2640 4191 2799 4245 animi
2825 4191 3102 4260 passiones
3126 4192 3460 4262 naturaliter,
3491 4207 3612 4263 qua

2024 4286 2240 4339 nomina
2262 4298 2365 4339 non
2390 4292 2535 4349 sunt,
2568 4292 2623 4338 ut
2640 4280 3059 4353 interiectiones.
3084 4280 3289 4338 Rursus
3318 4283 3488 4354 ipsam
3517 4298 3612 4340 vo-

2026 4393 2144 4434 cem
2170 4374 2576 4447 significatlvam
2609 4376 2662 4431 in
2689 4375 2824 4431 alias
2839 4375 3172 4431 differentias
3190 4375 3371 4430 divido
3389 4389 3613 4436 :voeutn

2030 4469 2506 4543 significatlvarum
2542 4470 2660 4524 alia:
2690 4480 2813 4524 sunt
2841 4470 3136 4525 secundum
3166 4469 3485 4539 positionem
3517 4471 3614 4524 ho-

2028 4564 2229 4619 minum
2251 4605 2268 4630 ,
2300 4564 2417 4617 alia:
2445 4561 2779 4627 naturaliter,
2811 4570 2863 4617 et
2903 4570 3009 4615 vox
3041 4561 3255 4631 quidem
3303 4561 3614 4631 significans

2029 4656 2348 4711 naturaliter
2378 4654 2508 4710 nihil
2539 4656 2602 4708 ad
2634 4662 2829 4708 nomen
2852 4695 2868 4720 ,
2902 4658 3004 4707 vos
3032 4666 3165 4708 vero
3195 4653 3501 4723 significans
3526 4668 3613 4709 ae-

335 4743 480 4798 enim
504 4742 807 4800 differentia
843 4746 893 4799 in
920 4743 1281 4802 differentium
1311 4747 1619 4817 pluralitate
1650 4742 1920 4804 consistit.
1946 4732 2002 4795 D
2028 4748 2257 4805 cundum
2292 4747 2610 4818 pbsitionem
2641 4746 2920 4801 hominum
2934 4747 3145 4801 nomini
3176 4748 3442 4817 congruit.
3467 4747 3613 4812 Quo-

336 4835 444 4892 Sed
484 4836 554 4892 de
586 4838 858 4894 divisione
903 4840 1118 4910 generis
1144 4850 1198 4897 et
1243 4841 1443 4910 speciei
1486 4841 1737 4912 perplura
1778 4837 1921 4895 dicta

337 4935 484 4981 sunt.
517 4928 664 4985 Hanc
698 4929 860 5000 igitur
905 4929 1275 4988 insistentibus
1313 4932 1452 4986 viam
1491 4934 1789 5002 promptior
1828 4945 1924 5001 per

338 5026 659 5084 divisionem
699 5029 915 5098 generis
949 5030 1016 5086 ad
1054 5032 1255 5101 speciei
1288 5032 1663 5115 ditiinitionem
1697 5033 1921 5088 facultas
1965 5096 1969 5111 Γ

338 5117 600 5187 aperitur.
631 5119 853 5189 Oportet
884 5130 1064 5177 autem
1105 5138 1211 5177 non
1239 5123 1414 5177 solum
1443 5136 1579 5192 quas
1623 5122 1690 5176 ad
1721 5123 1922 5179 diffini-

341 5208 543 5264 tionem
587 5204 1236 5268 sumamus'dilferentias
1265 5211 1572 5279 addiscere,
1622 5213 1715 5269 sed
1756 5214 1924 5283 ipsius
1962 5206 1963 5209 “

290 5366 293 5367 γ
339 5297 677 5357 diffinitionia
705 5310 875 5359 artem
914 5304 1324 5375 diligentissima
1354 5306 1658 5374 cognitione
1687 5308 1927 5379 comple-

340 5393 438 5449 cti.
466 5394 532 5448 Et
556 5394 685 5450 illud
711 5396 948 5465 quidem,
977 5410 1046 5451 an
1079 5396 1189 5452 ulla
1216 5396 1386 5466 possit
1411 5395 1663 5453 diftinitio
1696 5398 1923 5454 demon-
1958 5468 1963 5471 1

342 5487 527 5553 strati,
574 5495 629 5543 et
654 5488 1109 5558 quernadmodum
1151 5504 1245 5557 per
1274 5487 1793 5546 demonstrationem
1835 5505 1957 5563 va-i

344 5577 457 5635 leat
509 5581 775 5648 inveniri,
834 5592 891 5639 et
952 5578 1285 5653 quascunque
1327 5582 1397 5639 de
1451 5597 1514 5637 ea
1560 5582 1813 5638 subtilius
1870 5584 1957 5653 in,

345 5674 635 5743 postremis
687 5675 983 5747 Attalyticis
1043 5675 1113 5731 ab
1169 5674 1463 5732 Aristotele
1524 5683 1749 5731 tractata
1802 5684 1928 5732 sunt

346 5766 775 5836 praetermittam.
836 5768 1020 5824 Solam
1075 5777 1279 5825 tantum
1324 5780 1589 5838 exsequar
1626 5766 1927 5825 diffiniendi

344 5858 605 5929 regulam.
657 5859 856 5915 Rerum
906 5861 1050 5915 enim
1098 5859 1217 5915 alia:
1254 5869 1378 5916 sunt
1425 5859 1764 5930 superiores,
1808 5858 1928 5915 alite

308 6042 313 6051 Ι
344 5950 659 6016 inferiora.
685 5954 806 6015 alia
828 5940 1066 6015 medim.‘
1088 5955 1408 6021 Superiores
1435 5954 1651 6023 quidem
1675 5953 1927 6015 difﬂuitio

2030 4841 2171 4896 circa
2216 4840 2311 4896 has
2358 4839 2492 4894 duas
2523 4836 2852 4893 differentias
2898 4837 3305 4908 sigttllicativam
3333 4848 3387 4893 et
3415 4841 3615 4893 secuit“-

2020 4931 2154 4987 dum
2178 4931 2496 5002 positionem
2524 4930 2692 5001 iungo
2712 4944 2834 4985 cum
2859 4944 2990 4986 voce
3018 4976 3032 4999 ,
3063 4932 3115 4986 id
3134 4941 3217 4986 est
3243 4945 3364 4985 cum
3389 4944 3612 5000 genere,

2028 5033 2080 5078 et
2109 5022 2263 5078 dico:
2300 5038 2492 5078 nomen
2521 5032 2603 5078 est
2629 5036 2739 5078 vos
2760 5024 3111 5094 significativa
3134 5022 3426 5079 secundum
3447 5023 3613 5093 placi-

2031 5123 2164 5170 tum.
2218 5115 2327 5171 Sed
2358 5114 2540 5170 rursus
2569 5115 2697 5171 mihi
2722 5128 2826 5172 non
2858 5126 3101 5188 :equatur
3124 5116 3191 5171 ad
3214 5129 3429 5170 nomen.
3475 5116 3614 5180 Sunt
3678 5126 3683 5131 '

2030 5225 2263 5282 namque
2290 5216 2343 5263 et
2364 5210 2526 5265 verba
2550 5224 2711 5265 voces
2732 5210 3098 5282 significative
3124 5217 3178 5264 et
3203 5208 3493 5263 secundum
3512 5222 3614 5278 po-

2025 5302 2301 5357 sitionem.
2331 5301 2445 5357 Non
2471 5301 2627 5370 igitur
2646 5302 2812 5358 solius
2840 5303 3069 5358 nominis
3091 5300 3341 5355 diffinitio
3363 5311 3467 5355 est.
3499 5299 3615 5355 Dis.

2028 5390 2202 5449 tribuo
2246 5394 2440 5449 iterum
2482 5390 2839 5450 differentiam
2877 5409 2994 5464 qua!
3039 5401 3122 5447 est
3150 5391 3444 5447 secundum
3470 5392 3622 5463 posi-

2028 5488 2224 5542 tionem
2247 5532 2261 5556 ,
2289 5494 2343 5541 et
2373 5482 2497 5542 dico
2524 5505 2536 5540 :
2570 5486 2866 5543 secundum
2895 5485 3209 5554 positionem
3235 5500 3426 5539 vocum
3448 5484 3620 5556 signi~

2029 5578 2357 5636 licativarum
2384 5580 2499 5634 aliae
2550 5597 2670 5635 cum
2699 5582 2972 5649 tempore,
3035 5579 3155 5633 alia
3198 5577 3317 5633 sine
3344 5586 3613 5648 tempore,

2030 5683 2082 5729 et
2109 5656 2406 5728 differentia
2447 5673 2662 5743 quidem
2689 5687 2809 5727 cum
2838 5680 3076 5741 tempore
3111 5671 3313 5726 nomini
3343 5685 3447 5727 non
3477 5685 3612 5726 con-

2023 5762 2294 5836 iungitur,
2350 5760 2551 5821 idcirco
2578 5766 2718 5835 quod
2749 5765 3035 5819 verborum
3079 5773 3163 5821 est
3198 5763 3612 5834 consigninoare

2032 5866 2307 5927 tempora,
2362 5852 2637 5911 nominum
2691 5870 2818 5913 vero
2859 5857 3101 5913 minime.
3158 5858 3346 5915 Restat
3374 5842 3505 5930 ergo
3556 5864 3613 5918 ul

2031 5958 2295 6023 congruat
2324 5949 2415 6007 illa
2427 5949 2731 6007 differentia
2760 5964 2879 6031 qua
2904 5959 2989 6007 est
3010 5950 3130 6013 sine
3149 5961 3408 6035 tempore.
3436 5950 3612 6027 iunge
