4056 6330
575 325 672 386 85η
1808 326 1914 385 ΑΝ.
1956 324 2163 384 ΜΑΝι..
2201 326 2356 386 θεν.
2399 328 2621 390 Βοετιι
3744 341 3836 399 ωε

577 441 747 509 igitur
777 441 874 497 bas
902 448 1011 497 tres
1036 437 1369 496 diﬁ‘erentias
1411 439 1617 507 generi,
1672 448 1725 493 et
1755 438 1876 493 dico
1902 460 1916 495 :
1966 454 2162 495 nomen
2191 444 2241 502 Α
2270 440 2499 499 dicimus
2521 486 2536 502 .
2571 446 2777 506 Dicitur
2804 461 3017 521 quoque
3070 457 3239 508 totum
3267 453 3412 525 quod
3441 466 3509 511 ex
3528 452 3836 525 quibusdam

581 543 665 588 est
693 549 793 589 vox
822 533 1173 603 signillcativa
1201 532 1267 587 ad
1306 530 1555 599 placitum
1587 530 1705 585 sine
1741 538 2000 601 tempore.
2053 532 2157 587 Sed

580 640 768 681 rursus
798 625 928 680 mihi
958 641 1065 679 non
1097 623 1254 693 plena
1287 623 1564 678 conclusio
1602 622 1941 679 difﬁnitionis
1966 638 2157 679 occur-

580 719 673 784 rit,
702 725 875 787 potest
895 717 1041 771 enim
1064 732 1164 770 vox
1195 724 1251 772 et
1272 714 1651 782 signiﬁcativa,
1673 726 1729 770 et
1744 716 2036 771 secundum
2061 729 2158 785 ρος

577 809 825 863 sationem
855 816 911 863 et
957 808 1075 863 sine
1105 816 1349 877 tempore
1375 821 1534 873 esse,
1591 815 1645 862 et
1684 820 1876 863 nomen
1908 822 2013 862 non
2039 820 2159 863 esse

582 915 771 964 unum,
803 900 898 956 sed
928 902 1145 956 nomina
1164 902 1350 971 juncta
1377 915 1499 972 qua:
1519 909 1603 956 est
1630 902 1804 956 oratio
1824 944 1838 969 ,
1886 910 1943 955 ut
1969 904 2159 956 Socra-

578 1003 663 1047 tes
691 1008 811 1049 cum
844 993 1064 1049 Platone
1092 1004 1146 1048 et
1165 994 1437 1064 discipulis
1457 1034 1473 1059 ,
1505 993 1597 1048 sed
1627 1008 1928 1064 quanquam
1961 994 2158 1064 imper-

576 1084 720 1140 fecta
746 1085 963 1155 quidem
992 1088 1063 1140 sit
1091 1084 1206 1141 haec
1237 1087 1431 1149 oratio,
1476 1096 1654 1141 tamen
1681 1095 1765 1142 est
1791 1087 1985 1141 oratio.
2013 1087 2159 1156 Quo-

578 1178 724 1233 circa
754 1178 937 1232 ultima
981 1176 1276 1234 differentia
1313 1193 1432 1248 qua:
1480 1187 1563 1234 est
1605 1180 1721 1232 sine
1766 1190 2005 1247 tempore
2044 1179 2159 1235 aliis

575 1272 706 1325 item
736 1269 1054 1326 diﬁ'erentiis
1082 1270 1369 1327 dividenda
1397 1280 1511 1339 est,
1554 1282 1606 1327 et
1637 1271 1876 1328 dicemus
1901 1312 1916 1338 ,
1965 1287 2155 1329 vocum

574 1364 1050 1434 signiﬁcativarum
1081 1365 1372 1422 secundum
1399 1366 1718 1436 positionem
1773 1367 1891 1422 sine
1919 1374 2159 1437 tempore

573 1459 695 1514 alia:
720 1469 848 1514 sunt
873 1474 1096 1526 quarum
1127 1474 1250 1528 pars
1296 1468 1446 1514 extra
1474 1459 1674 1529 aliquid
1705 1458 2002 1529 signiﬁcat,
2055 1462 2158 1518 hoc

573 1551 810 1620 pertinet
835 1550 902 1605 ad
926 1550 1260 1615 orationem,
1285 1551 1403 1606 alite
1429 1566 1653 1621 quarum
1694 1565 1816 1620 pars
1844 1565 1993 1608 extra
2025 1553 2157 1610 nihil

574 1640 875 1711 signiﬁcat,
935 1640 1037 1696 hoc
1066 1642 1298 1710 pertinet
1348 1642 1414 1697 ad
1455 1657 1669 1698 nomen.
1723 1642 1968 1699 Nominis
2011 1647 2155 1702 enim

573 1748 700 1803 pars
733 1733 863 1801 nihil
915 1743 1066 1789 extra
1106 1734 1370 1804 designat.
1427 1734 1513 1790 Fit
1558 1751 1687 1805 ergo
1737 1737 1987 1795 diflinitio
2034 1742 2149 1796 sic:

2264 535 2551 594 virtutibus
2572 550 2806 608 constat,
2834 554 2893 598 ut
2919 542 3111 599 animm
3136 544 3238 600 alia
3259 557 3343 601 est
3368 550 3610 617 potentia
3634 551 3837 618 sapien-

2262 629 2339 692 di,
2369 630 2473 684 alia
2496 632 2785 700 sentiendi,
2814 636 2919 689 alia
2931 638 3243 706 vegetandi:
3265 649 3444 709 partes
3463 638 3720 707 sunt,sed
3739 658 3836 699 nou

2261 721 2496 788 species.
2530 720 2635 777 'l‘ot
2663 724 2823 795 igitur
2848 726 3021 782 modis
3039 743 3159 784 cum
3190 738 3357 785 totum
3386 730 3621 799 dicatur,
3654 732 3840 791 facia-

2262 811 2330 868 da
2360 816 2631 872 csttotius
2679 819 2905 889 divisio,
2961 822 3135 894 primo
3178 822 3393 894 quidem
3433 826 3479 881 si
3533 827 3839 885 continuum

2260 904 2423 962 fuerit
2451 906 2503 962 in
2535 923 2626 965 eas
2668 920 2850 980 partes
2878 928 2943 968 ex
2971 913 3163 984 quibus
3192 916 3365 986 ipsum
3394 925 3567 973 totum
3595 930 3841 975 conﬂare

2264 999 2610 1068 perspicitur.
2674 1002 2845 1058 Aliter
2897 1003 3038 1060 enim
3083 1006 3275 1063 divisio
3320 1023 3429 1064 non
3467 1009 3547 1063 ﬁt.
3601 1009 3841 1066 Hominis

2262 1090 2406 1144 enim
2437 1103 2635 1160 corpus
2656 1092 2732 1147 ita
2754 1093 2808 1148 in
2835 1104 3011 1162 partes
3032 1109 3157 1151 suas
3186 1097 3411 1163 divides,
3428 1097 3482 1154 in
3511 1110 3699 1169 caput,
3731 1116 3839 1155 ma-

2263 1195 2383 1247 nus,
2417 1180 2694 1239 thoracem
2719 1194 2773 1240 et
2800 1186 2997 1255 pedes,
3040 1176 3091 1242 et
3122 1190 3166 1242 si
3202 1203 3310 1259 quo
3335 1189 3443 1244 alio
3467 1191 3635 1245 modo
3660 1205 3841 1246 secun-

2260 1275 2386 1329 dum
2411 1278 2658 1345 proprias
2686 1288 2865 1348 partes
2888 1279 2947 1334 lit
2972 1290 3115 1337 recta
3144 1280 3369 1337 'divisio.
3398 1282 3640 1350 Quorum
3669 1292 3839 1339 autem

2263 1367 2538 1438 multiplex
2567 1379 2652 1424 est
2670 1372 3012 1441 compositio,
3038 1373 3314 1443 multiplex
3339 1375 3501 1429 etiam
3530 1383 3617 1430 est
3632 1375 3840 1441 divisio,

2259 1466 2320 1510 ut
2345 1459 2545 1513 animal
2577 1470 2859 1529 separatur
2888 1462 3104 1531 quidem
3152 1463 3205 1518 in
3253 1471 3433 1533 partes
3474 1477 3571 1519 eas
3595 1477 3725 1533 quae
3750 1464 3840 1520 sibi

2258 1549 2463 1604 similes
2494 1550 2690 1606 habent
2717 1564 2925 1622 partes,
2954 1554 3005 1608 in
3031 1568 3262 1622 carnes,
3298 1565 3353 1611 et
3371 1569 3519 1622 ossa,
3567 1570 3757 1611 rursus
3791 1558 3839 1611 in

2257 1655 2350 1695 eas
2377 1658 2498 1711 quae
2526 1645 2733 1699 similes
2756 1644 2856 1699 sibi
2877 1659 2981 1700 non
3013 1644 3215 1701 habent
3242 1657 3451 1715 partes,
3481 1648 3539 1702 in
3571 1661 3769 1703 manus
3792 1656 3840 1703 et

2261 1733 2448 1801 pedes.
2501 1733 2702 1790 Eodem
2725 1750 2938 1805 quoque
2967 1735 3128 1790 modo
3157 1746 3213 1791 ct
3241 1737 3397 1791 navis
3415 1745 3469 1791 et
3496 1736 3721 1794 domus.
3763 1734 3840 1791 Li-

573 1823 779 1881 Nomen
805 1835 889 1882 est
918 1840 1016 1880 vox
1052 1825 1398 1896 signiﬁcativa
1429 1830 1725 1883 secundum
1751 1830 2003 1898 placitum
2033 1834 2151 1890 sine
2180 1828 2230 1888 B
2258 1825 2411 1880 brum
2442 1841 2655 1895 quoque
2682 1828 2736 1881 in
2758 1841 2970 1891 Versus.
3007 1837 3169 1897 atque
3196 1826 3296 1882 IIOI
3326 1829 3377 1882 ῑη
3399 1841 3726 1893 semion“.
3751 1824 3841 1884 ll0|

572 1928 818 1989 tempore
838 1958 855 1986 ,
886 1918 1040 1990 cujus
1078 1921 1221 1975 nulla
1251 1936 1376 1991 pars
1412 1931 1563 1976 extra
1593 1921 1858 1992 signiﬁcat
1884 1936 2149 1994 separata.

572 2007 812 2074 Videsne
859 2010 1015 2081 igitur
1042 2027 1199 2081 quam
1248 2021 1389 2068 recta
1437 2012 1689 2067 dilﬁnitio
1729 2016 2015 2070 constituta
2046 2018 2152 2073 sit?

571 2102 706 2160 Nam
728 2105 871 2178 quod
891 2104 999 2161 dixi
1032 2119 1243 2171 vorem,
1268 2121 1299 2160 a
1325 2106 1534 2161 caeteris
1555 2110 1702 2163 sonis
1723 2125 1917 2165 nomen
1943 2110 2152 2181 disjun-

571 2201 625 2253 xi
650 2215 666 2264 ;
698 2198 839 2269 quod
859 2196 1264 2267 signiﬁcativam
1282 2199 1525 2267 apposui,
1551 2215 1745 2255 nomen
1763 2201 1831 2256 ab
1856 2218 1962 2257 non
1987 2205 2153 2271 signi-

571 2290 800 2346 ﬁcativis
829 2290 1049 2347 vocibus
1079 2292 1360 2360 separavi;
1400 2291 1541 2357 quod
1574 2293 1864 2347 secundum
1898 2294 2150 2362 placitum

571 2388 629 2436 ει
655 2382 773 2436 sine
826 2391 1085 2452 tempore,
1114 2382 1182 2437 ab
1206 2381 1513 2437 naturaliter
1543 2383 1906 2451 signiticativis
1936 2385 2153 2440 vocibus

576 2483 636 2530 et
687 2490 716 2528 a
758 2463 937 2531 verbis
963 2477 1260 2547 proprietas
1287 2478 1516 2531 nominis
1546 2477 1810 2546 disjuncta
1837 2489 1957 2545 est;
2008 2479 2149 2549 quod

573 2567 697 2635 ejus
726 2577 904 2634 partes
934 2576 1085 2622 extra
1116 2568 1247 2622 nihil
1274 2566 1576 2637 signiﬁcare
1607 2570 1885 2638 proposui.
1938 2569 2006 2623 ab
2026 2585 2152 2626 ora-

572 2656 721 2711 tione
749 2654 1014 2726 disjunxi,
1067 2658 1219 2724 cujus
1256 2666 1444 2727 partes
1482 2659 1680 2726 aliquid
1711 2668 1972 2727 separata:
2000 2672 2152 2718 extra

567 2745 1068 2815 signiﬁcantzunde
1090 2746 1147 2801 ﬁt
1177 2756 1231 2801 ut
1257 2747 1611 2816 quodcunque
1634 2761 1828 2804 nomen
1857 2749 2033 2817 fuerit,
2062 2751 2151 2806 illa

565 2836 892 2894 diﬂlnitioue
915 2839 1198 2895 claudatur
1219 2881 1236 2907 ,
1263 2850 1319 2895 et
1343 2841 1643 2911 ubicunque
1674 2841 1789 2897 hwc
1808 2845 1981 2898 oratio
2009 2846 2152 2898 dilli-

510 2925 517 2935 ’
562 2931 1103 3001 nitionisaptabitur,
1136 2932 1261 2987 illud
1286 2947 1408 2988 esse
1437 2950 1630 2989 nomen
1662 2951 1765 2990 non
1793 2937 2024 2992 dubites.
2075 2938 2149 2992 ll-

563 3022 657 3077 lud
687 3038 900 3093 quoque
928 3024 1215 3079 dicendum
1248 3036 1353 3092 est,
1405 3028 1547 3096 quod
1576 3042 1747 3095 genus
1794 3030 1845 3082 iu
1889 3030 2150 3085 divisione

560 3122 837 3168 totum-est
865 3114 915 3167 in
944 3114 1266 3169 diltinitione
1294 3130 1436 3185 pars,
1469 3126 1524 3171 et
1542 3118 1619 3170 sic
1639 3128 1723 3172 est
1751 3118 1997 3174 ditlinitio
2019 3134 2147 3189 qua-

2259 1924 2440 1970 autem
2465 1917 2517 1989 in
2548 1916 2810 1986 syII-ibas,
2862 1915 3096 1985 syllabas
3120 1917 3171 1970 in
3205 1918 3411 1973 litteras
3438 1917 3730 1973 solvimus.
3774 1915 3845 1973 lla

2257 2007 2317 2064 tit
2343 2019 2399 2064 ut
2419 2008 2642 2079 syllabae
2673 2019 2723 2063 et
2748 2009 2961 2076 litterae,
2998 2018 3055 2064 et
3075 2012 3313 2074 nomina,
3353 2019 3409 2067 et
3427 2025 3645 2079 versus,
3677 2022 3841 2083 partes

2256 2104 2501 2175 quaedam
2526 2104 2691 2159 totius
2714 2104 2834 2159 libri
2855 2119 2979 2159 esse
3006 2105 3308 2175 videantur,
3341 2107 3447 2162 alio
3478 2118 3667 2163 tanien
3693 2109 3841 2165 modo

2256 2205 2491 2267 acceptae
2529 2212 2635 2252 non
2668 2206 2847 2266 partes
2878 2198 3067 2263 totius,
3107 2199 3205 2253 sed
3235 2209 3415 2264 partes
3442 2202 3682 2269 partium
3706 2212 3840 2260 sunt.

2257 2293 2485 2359 Oportet
2510 2301 2688 2346 autem
2720 2305 2826 2345 non
2858 2292 3036 2346 omnia
3067 2293 3335 2361 speculari
3364 2296 3518 2363 quasi
3556 2305 3688 2351 actu
3716 2297 3837 2351 divi-

2258 2387 2407 2449 dant,
2437 2385 2531 2441 sed
2562 2384 2714 2455 quasi
2736 2386 2915 2440 animo
2934 2394 2989 2440 et
3018 2385 3226 2442 ratione
3243 2430 3257 2451 ,
3282 2397 3342 2442 ut
3369 2389 3554 2443 vinum
3577 2404 3722 2459 aqua
3746 2391 3835 2445 mi-

2257 2487 2400 2533 stum
2432 2479 2721 2533 dividimus
2751 2479 2803 2533 in
2826 2478 2945 2533 vina
2968 2494 3121 2549 aquai
3161 2480 3317 2536 mista
3335 2522 3349 2543 ,
3374 2481 3491 2536 haec
3518 2492 3678 2547 actu;
3707 2483 3836 2538 divi-

2256 2570 2435 2625 dimus
2463 2571 2626 2624 etiam
2656 2570 2707 2623 in
2759 2568 2940 2625 vinum
2965 2581 3020 2625 ει
3047 2585 3236 2641 aquam
3265 2612 3280 2638 ,
3307 2588 3372 2626 ex
3404 2572 3602 2641 quibus
3626 2577 3837 2630 mist":

2257 2671 2359 2727 est,
2392 2661 2504 2715 haec
2531 2661 2769 2725 ratione,
2819 2661 2933 2716 haec
2960 2662 3101 2717 enim
3129 2662 3239 2731 jam
3263 2663 3418 2717 mista
3445 2673 3572 2718 actu
3606 2671 3836 2736 separati

2255 2768 2366 2807 non
2396 2763 2639 2820 possunt.
2703 2751 2784 2805 Fit
2825 2761 3005 2806 autem
3038 2754 3199 2807 totius
3228 2753 3424 2808 divisio
3470 2755 3529 2809 in
3561 2757 3836 2813 material

2256 2853 2419 2913 atque
2445 2843 2692 2898 formam.
2725 2843 2893 2898 Aliter
2917 2845 3059 2899 enim
3085 2854 3296 2899 constat
3312 2854 3487 2900 statua
3509 2861 3580 2902 ex
3603 2848 3838 2915 partibm

2255 2940 2392 3003 suis,
2412 2938 2572 2991 aliter
2600 2951 2667 2991 ex
2690 2937 2910 2992 materia
2942 2948 2994 2992 et
3020 2936 3277 3002 l‘orma,id
3308 2948 3472 2994 e-tex
3503 2953 3617 2994 tere
3648 2950 3836 3010 etspo-

2258 3032 2364 3087 cie.
2398 3030 2658 3086 Similiter
2686 3038 2863 3086 autem
2903 3030 3063 3084 etiam
3096 3030 3183 3083 illa
3217 3038 3327 3085 tota
3355 3030 3658 3087 dividenda
3702 3042 3839 3103 sunt,

2258 3138 2381 3191 qua:
2403 3124 2656 3176 continua
2693 3136 2798 3175 non
2838 3132 2997 3201 sunt,
3045 3122 3234 3177 eodem
3264 3131 3477 3191 quoque
3509 3123 3680 3177 modo
3705 3127 3759 3177 ei
3783 3139 3840 3179 ea

562 3203 614 3260 si
647 3215 823 3274 partes
855 3213 1024 3261 totum
1046 3208 1312 3275 quoddam
1336 3208 1686 3279 conjuugant,
1720 3220 1771 3264 ει
1798 3212 1875 3265 sic
1897 3222 1981 3265 cst
2008 3212 2142 3266 diii-
2168 3196 2219 3259 C
2260 3231 2382 3287 qua:
2412 3225 2538 3271 sunt
2569 3198 2925 3281 universalia,
2970 3223 3029 3269 ut
3056 3214 3330 3269 hominum
3367 3215 3455 3269 alii
3498 3224 3629 3269 sunt
3660 3217 3717 3271 in
3746 3216 3835 3269 Eu-

564 3297 649 3353 sio
675 3300 824 3369 quasi
861 3309 1028 3356 totum
1069 3301 1312 3356 solvatur
1358 3305 1409 3357 in
1440 3310 1641 3372 partes,
1665 3313 1719 3358 et
1745 3312 1828 3357 est
1851 3305 2040 3359 similis
2068 3306 2148 3361 di-

562 3391 700 3447 visio
730 3394 946 3463 generis
976 3393 1139 3450 totius
1155 3379 1452 3460 mvisioni,
1495 3394 1745 3449 dtfllnltio
1793 3398 1954 3451 totius
2002 3411 2149 3453 com-

564 3486 838 3555 positioni.
883 3486 1121 3558 Namque
1151 3488 1207 3543 in
1228 3487 1495 3542 divisione
1517 3489 1727 3555 generis
1751 3490 1949 3542 animal
1978 3498 2146 3546 totum

557 3589 644 3634 est
673 3578 923 3636 hominis.
974 3581 1116 3636 Intra
1147 3596 1206 3636 se
1234 3580 1376 3635 enim
1422 3581 1803 3661 complectitur
1845 3582 2144 3640 hominem.

563 3674 620 3729 In
651 3674 977 3730 difﬁnitione
1028 3690 1155 3730 vero
1185 3689 1310 3743 pars
1339 3682 1441 3737 est,
1498 3678 1678 3742 specie
1722 3688 1953 3744 namque
1979 3689 2149 3744 genus

562 3781 687 3822 cum
710 3767 832 3821 aliis
851 3767 1168 3821 dilferentiis
1193 3767 1433 3835 junctum
1462 3766 1766 3835 componit,
1796 3779 1853 3820 ut
1877 3782 1997 3821 cum
2028 3769 2148 3823 dico

526 3872 532 3881 θ
565 3856 876 3911 animalium
918 3856 1022 3909 alia
1045 3864 1171 3909 sunt
1206 3855 1520 3919 rationalia,
1553 3857 1657 3909 alia
1690 3856 2040 3920 irrationa'ia,
2093 3871 2149 3911 et

564 3945 753 4003 rursus
782 3946 1121 4002 rationalium
1152 3946 1256 3999 alia
1283 3958 1408 4000 sunt
1460 3947 1737 4012 mortalia,
1792 3947 1900 4001 alia
1928 3948 2148 4003 immor-

563 4040 712 4106 talia,
744 4041 939 4097 animal
971 4040 1245 4096 rationalis
1264 4047 1432 4094 totum
1462 4049 1640 4106 e3t,et
1671 4053 1856 4094 rursus
1885 4041 2145 4096 rationale

565 4134 812 4198 mortale,
836 4141 893 4189 et
920 4132 1037 4188 hmo
1059 4133 1157 4186 tria
1178 4139 1304 4187 sunt
1331 4130 1581 4186 hominis.
1625 4129 1679 4185 Si
1718 4146 1846 4186 vero
1869 4132 1918 4185 in
1946 4131 2145 4186 dil'lini-

563 4225 709 4281 tione
737 4224 945 4291 dicam,
990 4224 1151 4280 homo
1188 4232 1273 4279 est
1323 4223 1519 4278 animal
1570 4224 1829 4277 rationale
1898 4225 2143 4289 mortale,

564 4324 664 4379 tria
695 4323 810 4379 haec
834 4337 995 4379 unum
1037 4321 1307 4376 hominem
1334 4320 1682 4389 coniungunt.
1730 4319 1991 4386 Quocirca
2020 4331 2144 4385 pars

565 4416 730 4486 ipsius
757 4413 1011 4479 hominis,
1036 4422 1086 4468 et
1114 4427 1306 4482 genus,
1332 4420 1388 4465 et
1411 4411 1709 4466 dill‘erentia
1740 4410 2022 4478 reperitur.
2056 4410 2146 4464 Sic

512 4524 513 4527 ‘
567 4522 695 4578 ergo
710 4508 764 4561 in
776 4504 1037 4562 divisione
1049 4519 1217 4574 genus
1231 4512 1315 4557 est
1333 4511 1525 4565 totum,
1541 4503 1752 4569 species
1774 4517 1914 4569 pars.
1939 4500 2141 4555 Eodem

2258 3322 2412 3375 rapa,
2439 3307 2530 3360 alii
2558 3305 2610 3361 in
2640 3305 2836 3372 Africa,
2857 3305 2944 3359 alii
2973 3306 3025 3359 in
3057 3306 3203 3361 Asia.
3258 3305 3389 3374 Ejus
3420 3321 3643 3372 quoque
3692 3311 3836 3360 tntiui

2255 3398 2403 3469 quod
2434 3413 2499 3453 ex
2532 3398 2818 3452 virtutibus
2866 3407 3113 3463 constat,
3162 3395 3263 3451 hoc
3294 3397 3455 3451 modo
3484 3396 3740 3452 facienda
3767 3411 3839 3452 est

2255 3491 2474 3545 divisio.
2519 3490 2727 3544 Animae
2753 3489 2858 3542 alia
2885 3504 3006 3554 pars
3034 3499 3117 3543 est
3152 3488 3201 3541 in
3229 3488 3495 3556 virgutis,
3518 3487 3627 3541 alia
3660 3493 3719 3542 io
3738 3490 3844 3540 ani-

2260 3581 2489 3636 malibus
2508 3621 2523 3644 ,
2550 3589 2606 3634 et
2636 3592 2821 3632 lﬂlSllS
2843 3578 2961 3647 ejus
2992 3591 3111 3645 quae
3144 3588 3227 3632 est
3276 3576 3332 3630 in
3356 3578 3712 3640 animalibus,
3738 3578 3838 3632 alia

2258 3684 2343 3729 est
2367 3672 2645 3727 rationalis
2664 3711 2679 3734 ,
2704 3672 2803 3725 alia
2834 3670 3105 3725 sensibilis
3128 3679 3234 3725 est.
3254 3653 3341 3723 ’ῖι
3362 3685 3549 3723 rursus
3576 3658 3701 3725 hac
3731 3675 3843 3727 aliis

2258 3767 2360 3820 sub
2381 3764 2732 3818 divisionibus
2759 3762 3105 3831 dissipantur.
3148 3761 3255 3816 Sed
3284 3776 3389 3817 non
3421 3772 3501 3815 est
3526 3765 3717 3815 anima
3752 3763 3835 3815 ho-

2258 3872 2378 3910 rum
2409 3871 2597 3924 genus,
2635 3855 2729 3909 sed
2762 3863 2952 3919 totum,
2983 3862 3160 3922 partes
3180 3854 3323 3907 enim
3358 3855 3439 3907 lite
3464 3855 3677 3908 anilitas
3700 3862 3839 3917 sunt,

2242 3948 2353 4013 sed
2387 3963 2493 4000 non
2536 3954 2594 4001 ut
2616 3947 2666 3999 in
2695 3945 3014 4014 quantitate,
3046 3943 3139 3998 sed
3186 3943 3326 3998 utin
3356 3944 3537 4012 aliqua
3582 3952 3843 4011 potestate

2258 4050 2312 4094 et
2347 4039 2562 4092 virtute.
2610 4037 2689 4092 Ex
2738 4036 2825 4091 his
2868 4036 3008 4091 enim
3048 4037 3300 4104 potentiis
3328 4037 3631 4090 substantia
3657 4041 3845 4090 anim:

2253 4120 2533 4197 jungitur;
2567 4127 2710 4181 unde
2740 4128 2817 4190 lit,
2853 4137 2909 4179 ut
2935 4124 3186 4195 quiddam
3218 4125 3391 4178 simile
3424 4126 3627 4179 habeat
3667 4126 3843 4197 hujus-

2255 4219 2401 4275 modi
2433 4220 2654 4285 divisio,
2685 4229 2742 4275 et
2790 4218 3035 4289 generis,
3084 4221 3322 4272 ettotius
3349 4218 3668 4273 divisionis.
3718 4218 3845 4273 Nam

2253 4311 2395 4380 quod
2424 4312 2678 4381 quaelibet
2711 4325 2831 4381 pars
2861 4310 3011 4379 cujus
3063 4309 3222 4364 lue-it
3272 4309 3387 4378 ejus
3418 4310 3617 4363 anima:
3649 4314 3845 4379 praedi-

2254 4404 2395 4458 catio
2420 4418 2538 4459 eam
2566 4405 2843 4474 sequitur,
2881 4403 2946 4457 ad
2987 4404 3199 4472 generis
3235 4402 3557 4457 divisimem
3584 4405 3845 4469 τεῦ-τιατ,

2253 4496 2410 4565 cujus
2440 4495 2740 4564 ubicunque
2793 4496 2999 4563 species
3042 4497 3227 4559 fuerit,
3287 4482 3460 4563 ipsum
3495 4510 3620 4549 mox
3657 4510 3843 4551 conse-

565 4577 779 4669 quoque
809 4596 970 4652 modo
993 4595 1306 4651 diﬁ‘erentia:
1324 4604 1491 4649 totum
1524 4605 1669 4657 sunt,
1695 4593 1903 4661 species
1925 4592 1976 4646 in
2008 4606 2141 4661 quas
2168 4577 2224 4641 Ι)
2253 4590 2435 4658 quitur
2450 4603 2649 4659 genus;
2676 4591 2817 4658 quod
2840 4596 3017 4642 autem
3049 4604 3152 4641 non
3181 4588 3356 4643 omnis
3383 4589 3564 4643 anima
3590 4592 3847 4644 omnibs

504 4714 507 4717 ·
566 4693 675 4748 illa:
701 4691 1010 4746 dividuntur
1037 4700 1219 4759 partes
1262 4697 1406 4743 sunt.
1468 4687 1521 4740 ln
1568 4685 1889 4741 dil‘ﬁnitione
1929 4700 2063 4741 vero
2087 4694 2144 4741 et

556 4800 727 4853 genus
780 4793 834 4839 et
861 4782 1179 4838 differentiae
1209 4789 1383 4850 partes
1407 4787 1547 4834 sunt.
1604 4776 1836 4832 Difﬁuita
1867 4791 1993 4831 vero
2021 4792 2143 4846 δρεο

496 4920 497 4923 η
559 4879 671 4932 cies
701 4886 904 4940 totum;
936 4875 1030 4929 sed
1063 4873 1178 4929 hinc
1210 4873 1486 4928 hactenus.
1518 4869 1672 4925 Nunc
1695 4868 1763 4924 de
1785 4882 1846 4923 ea
1873 4867 2141 4924 divisione

492 4998 495 5001 ι
556 4965 820 5031 dicamus,
849 4979 971 5033 quae
1001 4972 1087 5020 est
1108 4964 1275 5018 totius
1327 4963 1379 5016 in
1424 4972 1621 5029 partes.
1679 4958 1803 5013 llaec
1832 4959 1974 5013 enim
2024 4968 2141 5013 erat

564 5058 795 5114 secvnda
824 5056 1020 5113 divisio
1057 5064 1175 5125 post
1200 5053 1411 5125 generis
1440 5051 1777 5107 divisionem.
1823 5048 1973 5117 Quod
1996 5051 2140 5105 enim

557 5150 787 5205 dicimus
838 5159 1049 5215 totum,
1099 5146 1469 5216 multipliciter
1506 5144 1888 5215 signiﬁcamus.
1946 5141 2142 5197 Totum

481 5260 515 5285 -ε
562 5256 794 5311 namque
815 5250 900 5296 est
918 5240 1060 5310 quod
1089 5238 1403 5292 continuum
1433 5245 1535 5302 est,
1567 5245 1624 5290 ιιι
1644 5248 1843 5305 corpus
1871 5234 1955 5289 vel
1980 5234 2137 5301 linea,

474 5362 484 5369 ο
561 5335 644 5392 vel
671 5333 871 5404 aliquid
920 5329 1244 5401 hujusmodi.
1303 5329 1539 5384 Dicimus
1569 5343 1781 5399 quoque
1807 5334 1973 5382 totum
1999 5327 2141 5397 quod

472 5453 486 5467 ο
554 5431 874 5484 continuum
904 5438 1011 5478 non
1039 5432 1144 5488 est,
1180 5433 1235 5477 ut
1273 5428 1445 5476 totum
1469 5435 1707 5491 gregem,
1741 5419 1822 5473 vel
1848 5426 2014 5473 totum
2048 5433 2143 5486 po-

558 5520 765 5588 pulum,
794 5517 881 5572 vel
914 5524 1081 5570 totum
1106 5514 1422 5571 exercitum.
1478 5512 1714 5567 Dicimus
1740 5525 1952 5580 quoque
1969 5518 2139 5563 totum

558 5610 701 5683 quod
723 5609 1025 5667 universale
1046 5616 1149 5670 est,
1176 5616 1233 5662 ut
1258 5606 1525 5661 hominem
1554 5605 1638 5658 vel
1659 5617 1875 5672 equum.
1903 5601 1963 5655 lli
1995 5601 2138 5656 enim

557 5714 681 5759 sunt.
711 5704 806 5759 toti
831 5716 1047 5757 suarum
1075 5700 1329 5769 partium,
1357 5698 1408 5754 id
1438 5706 1521 5753 est
1557 5695 1830 5750 hominum
1854 5693 1939 5749 vel
1966 5708 2138 5765 equo-

573 5808 702 5849 ntm.
730 5792 871 5850 unde
895 5801 952 5846 et
987 5788 1360 5863 particularum
1402 5800 1835 5849 unumouemuue
1865 5786 2134 5843 hominem

2252 4682 2496 4753 partibus
2516 4683 2782 4752 jungitur,
2815 4682 2906 4735 sed
2938 4681 3054 4734 aliis
3084 4680 3187 4735 alia
3214 4722 3228 4746 ,
3267 4680 3365 4734 hoc
3390 4680 3455 4734 ad
3485 4684 3665 4737 tutius
3694 4693 3851 4737 natu-

2254 4792 2371 4831 ram
2398 4776 2581 4831 rel‘erri
2616 4789 2833 4829 necesse
2854 4782 2955 4828 est.
2986 4772 3175 4828 Restat
3219 4771 3380 4841 igitur
3406 4780 3465 4826 ut
3493 4772 3567 4828 de
3592 4774 3756 4828 vocis
3799 4776 3851 4828 in

2250 4870 2667 4938 signiﬁcationes
2694 4869 2778 4920 div
2806 4867 2959 4920 sione
2988 4875 3295 4919 tractemus.
3345 4861 3427 4917 Fit
3470 4875 3663 4919 autem
3700 4867 3851 4920 vocis

2250 4959 2441 5015 divisio
2481 4960 2649 5014 tribus
2683 4958 2870 5012 modis.
2899 4956 3317 5011 Ditiditurenim
3347 4957 3398 5011 in
3414 4956 3850 5026 signiﬁcationes

2254 5051 2470 5118 plures,
2525 5060 2583 5105 ut
2627 5050 2899 5119 atquivoca
2930 5047 3011 5102 vel
3040 5047 3310 5117 ambigua.
3362 5046 3551 5102 Plures
3576 5052 3741 5103 enim
3767 5065 3849 5104 res

2254 5159 2419 5198 unum
2451 5156 2646 5197 nomen
2678 5141 2985 5210 signiﬁcat,
3014 5149 3069 5193 ut
3091 5142 3256 5193 canis.
3291 5138 3476 5194 Plures
3518 5154 3726 5196 rursus
3748 5157 3849 5195 una

2250 5234 2425 5291 oratio
2444 5276 2459 5299 ,
2511 5243 2567 5288 ut
2596 5248 2718 5288 cum
2748 5224 2871 5286 dico
2899 5231 3115 5286 Grtrcos
3154 5229 3347 5285 vicisse
3375 5230 3673 5299 Trojanos.
3733 5234 3845 5287 Alii,

2252 5337 2432 5381 autem
2463 5325 2625 5379 modo
2646 5323 2938 5378 secundum
2970 5322 3212 5388 modum,
3240 5322 3357 5376 haec
3375 5322 3521 5377 enim
3546 5324 3712 5391 plura
3745 5342 3849 5378 non

2259 5416 2589 5490 signiﬁcant,
2622 5417 2713 5471 sed
2737 5415 2920 5470 multis
2941 5415 3136 5480 modis,
3162 5425 3217 5469 ut
3245 5429 3367 5470 cum
3398 5414 3632 5470 dicimus
3668 5417 3827 5472 inlini

2246 5520 2383 5580 tum,
2408 5525 2568 5565 unam
2596 5522 2710 5565 rem
2735 5507 2948 5577 quidem
2975 5505 3257 5575 signiﬁcat,
3285 5509 3438 5571 cujus
3461 5508 3743 5564 terminus
3770 5516 3849 5562 in-

2250 5603 2424 5657 veniri
2476 5615 2581 5655 non
2615 5600 2805 5669 possit.
2838 5596 2943 5653 Sed
2982 5597 3083 5651 hoc
3126 5598 3351 5651 dicimus
3386 5605 3477 5652 aut
3534 5603 3849 5655 sectandum

2246 5707 2580 5759 mensuram,
2612 5701 2705 5745 aut
2731 5691 3023 5746 secundum
3056 5688 3479 5757 multitudinem,
3507 5701 3603 5746 aut
3636 5705 3847 5747 secun-

2246 5788 2370 5842 dum
2400 5784 2654 5862 speciem
2687 5800 2701 5837 :
2733 5780 3026 5837 secundum
3070 5795 3406 5844 mensuram,
3437 5790 3492 5836 ut
3532 5790 3623 5837 est
3656 5783 3848 5838 inlini-
