4056 6330
1043 191 1134 218 ‘—

1561 240 1768 304 ιιιιειι
1807 238 1896 297 DE
1934 219 2293 305 ntvtstoae.

3459 256 3563 313 89)

284 370 403 412 tum
427 368 550 412 esse
573 355 863 424 mundum,
915 357 1285 430 magnitudine
1310 357 1457 414 enim
1484 355 1716 414 dicimus
1754 357 1876 410 tnﬁ-
1902 364 1956 419 Α
1986 372 2117 412 vero
2151 359 2459 428 amphibola
2489 363 2663 417 oratio
2685 371 2786 429 est,
2823 363 2874 418 id
2906 373 2985 420 est
3011 365 3256 438 ambigua
3277 371 3476 437 evenit,
3513 388 3563 426 ιιι

283 454 461 508 nitttm
487 465 504 514 ;
528 450 826 505 secundum
845 450 1259 515 multitudinem,
1289 460 1346 505 ut
1376 443 1737 506 est'inﬁnitam
1755 458 1876 504 esse

279 557 576 610 corporum
602 541 957 611 divisionem,
994 543 1260 597 inﬁnitam
1294 556 1524 611 namque
1551 540 1877 595 divisionum

241 623 251 685 ἐ
285 632 691 687 multitudinem
731 633 1121 702 signiﬁcamus.
1175 633 1380 688 Rursus
1425 631 1720 691 secundum
1756 646 1878 699 spec

285 727 456 788 ciem,
486 733 544 778 ut
575 723 808 779 inﬁnitas
848 724 1074 779 dicimus
1097 725 1314 793 ﬁguras,
1342 723 1564 778 inﬁnita:
1590 724 1733 779 enim
1753 730 1878 777 sunt

288 816 504 884 species
537 813 845 885 ﬁgurarum.
892 815 1125 870 Dicimus
1179 817 1344 870 etiam
1387 815 1651 868 intinitum
1678 813 1879 884 aliquid

290 905 589 961 secundum
619 917 829 976 tempus
853 947 869 974 ,
927 918 981 960 ut
1031 907 1292 961 inﬁnitutn
1325 905 1551 962 dicimus
1598 907 1875 970 mundum,

290 998 449 1068 Cujus
479 999 733 1054 terminus
754 997 1046 1054 secundum
1088 1009 1304 1066 tempus
1335 996 1562 1052 inveniri
1609 1012 1713 1051 non
1746 1013 1866 1066 pos-

293 1089 387 1143 sit.
421 1088 620 1142 Eodem
661 1103 875 1159 quoque
920 1090 1082 1144 modo
1118 1088 1381 1144 inﬁnitum
1417 1089 1645 1144 dicimus
1689 1089 1877 1156 Deum,

292 1181 450 1250 cujus
507 1195 756 1250 superna:
814 1183 934 1236 vitte
993 1182 1251 1236 terminus
1309 1182 1536 1236 inveniri
1583 1182 1877 1236 secundum

296 1283 507 1341 tempus
536 1287 642 1326 non
699 1273 885 1340 possit.
921 1270 1010 1326 Sic
1050 1271 1209 1342 igitur
1259 1273 1373 1326 haec
1412 1287 1514 1326 vox
1572 1287 1679 1327 non
1731 1272 1880 1340 plura

292 1365 559 1434 signiﬁcat
595 1353 888 1418 secundum
929 1379 1012 1432 se,
1046 1364 1142 1418 sed
1184 1364 1497 1419 multimode
1542 1364 1610 1418 de
1660 1363 1881 1433 singulis

294 1459 638 1530 praedicatur,
673 1474 834 1512 unum
859 1467 1035 1512 tamen
1065 1458 1178 1524 ipsa
1204 1457 1542 1528 signiﬁcans,
1574 1457 1707 1510 alius
1755 1471 1883 1510 vero

296 1550 486 1604 modus
537 1547 830 1604 secundum
880 1548 1406 1605 determinationcm.
1459 1550 1679 1614 Quoues
1735 1549 1878 1602 enim

296 1644 414 1696 sine
461 1641 906 1696 determinatione
937 1641 1133 1695 dicitur
1158 1656 1260 1695 vox
1291 1643 1420 1710 ulla,
1454 1641 1580 1694 facit
1629 1642 1678 1693 in
1722 1639 1882 1694 intel~

1986 449 2280 519 aliquoues
2315 465 2540 522 utroque
2570 455 2728 509 mcdo
2778 457 3050 525 possibilia
3097 461 3205 514 sint
3236 474 3355 528 quae
3396 462 3559 529 signi-

1981 542 2234 608 ﬁcantur,
2266 553 2323 598 ut
2353 544 2401 598 id
2432 547 2570 614 quod
2619 547 2863 616 superius
2892 551 3026 616 dixi,
3063 550 3231 617 potttit
3254 553 3396 608 enim
3446 552 3564 609 ﬁeri

1983 644 2044 690 ut
2076 634 2249 689 Grzeci
2282 636 2562 693 vincerent
2589 639 2869 710 Troianos,
2897 653 2952 696 et
2983 642 3194 712 Trojani
3225 643 3440 701 Grzecos
3469 661 3560 703 stt-

1983 740 2236 797 perarent
2282 746 2294 780 :
2328 739 2453 783 sunt
2483 745 2608 785 vero
2637 733 2736 786 alia
2763 749 2881 802 qua:
2931 734 3280 804 impossibilia
3333 748 3478 806 sunt,
3508 750 3564 795 ttt

1983 835 2104 876 cum
2137 821 2258 876 dico
2315 822 2586 878 hominem
2617 827 2900 882 comedere
2926 843 3139 899 panem,
3161 831 3562 902 signiﬁcatqul-

1979 913 2102 967 dcm
2133 930 2186 982 (ιι
2211 913 2276 967 od
2307 916 2466 969 homo
2493 917 2737 973 comedat
2769 933 2982 988 panem,
3033 937 3214 978 rursus
3241 926 3381 994 quod
3415 927 3566 994 panis

1986 1003 2281 1068 hominem,
2321 1006 2412 1059 sed
2448 1005 2546 1059 hoc
2592 1009 2920 1076 impossibile
2946 1019 3056 1077 est;
3089 1029 3218 1082 ergo
3247 1018 3455 1084 quoties
3497 1018 3564 1072 ad

1983 1098 2386 1152 contentionem
2412 1099 2645 1166 venitur,
2665 1099 2947 1157 dividenda
2969 1107 3236 1173 possibilia
3252 1120 3302 1162 et
3323 1109 3565 1178 impossi-

1986 1188 2113 1243 bilia
2147 1200 2291 1246 sunt.
2323 1191 2546 1257 Quoties
2576 1195 2641 1247 ad
2675 1195 2973 1264 veritatem,
3017 1201 3129 1251 sola
3170 1200 3446 1269 possibilia
3479 1202 3562 1257 di-

1983 1280 2174 1344 cenda,
2212 1273 2564 1351 impossibilia
2595 1285 2941 1355 relinquenda
2969 1295 3111 1342 sunt.
3155 1289 3418 1354 Quoniam
3447 1293 3564 1362 plu-

1985 1385 2072 1422 res
2111 1383 2233 1424 sunt
2265 1374 2474 1440 Species
2526 1374 2675 1444 plura
2706 1376 3114 1445 signiﬁcantium
3161 1394 3348 1436 vocum
3372 1423 3387 1448 ,
3436 1397 3566 1454 ergo

1984 1464 2269 1519 dicendum
2307 1478 2388 1519 εει
2431 1467 2571 1534 quod
2608 1467 2726 1521 alia:
2774 1468 2823 1522 in
2874 1470 3130 1538 particula
3161 1471 3566 1541 multiplicitatis

1985 1555 2436 1624 signiﬁcationem
2481 1557 2698 1623 habent,
2751 1560 2868 1614 alia:
2913 1561 2966 1615 in
3024 1570 3134 1616 tota
3187 1563 3450 1620 oratione.
3499 1564 3566 1620 Et

1986 1650 2167 1700 earum
2192 1663 2310 1716 quae
2339 1649 2392 1702 in
2423 1650 2678 1717 particula
2713 1650 2931 1715 habent,
2976 1667 3101 1721 pars
3150 1651 3265 1720 ipsa
3293 1655 3566 1723 tequivoca

300 1735 438 1787 lectu
488 1731 916 1798 dubitatimem,
963 1739 1020 1784 ut
1077 1739 1162 1785 est
1200 1729 1382 1793 homo,
1437 1731 1550 1784 lucc
1593 1729 1734 1783 enim
1783 1744 1878 1782 vox

1988 1741 2204 1794 dicitur.
2235 1741 2366 1795 Tota
2400 1757 2531 1796 vero
2568 1743 2682 1812 ipsa
2708 1745 2881 1798 oratio
2924 1744 3219 1799 secundum
3269 1747 3566 1815 tequivoca-

306 1824 471 1876 multa
494 1823 775 1893 signiﬁcat.
807 1822 965 1879 Nulla
992 1824 1136 1879 enim
1165 1825 1482 1880 dilﬁnitione
1504 1827 1758 1879 conclusa
1785 1840 1880 1878 au-

295 1917 492 1972 dientis
515 1917 861 1986 intelligentia
893 1917 1072 1972 multis
1104 1925 1344 1988 raptatur
1386 1919 1652 1984 ﬂuctibus,
1683 1916 1885 1970 errori-

296 2008 502 2077 busque
530 2009 843 2061 traducitur.
868 2007 1020 2074 Quod
1049 2007 1191 2062 enim
1228 2010 1451 2077 quisque
1481 2008 1693 2060 auditor
1722 2008 1883 2061 intel-

285 2103 447 2171 ligat,
497 2100 583 2155 ubi
608 2101 659 2154 id
689 2100 830 2170 quod
861 2101 1047 2156 dicens
1088 2101 1323 2170 loquitur
1379 2101 1521 2155 nulla
1551 2100 1879 2155 determina-

297 2193 440 2248 tioue
460 2194 766 2248 concludit?
797 2191 906 2247 Nisi
935 2195 1076 2249 enim
1105 2197 1222 2263 quis
1267 2195 1337 2247 ita
1387 2193 1617 2248 dil‘liniat
1657 2194 1880 2249 dicens:

297 2286 484 2342 Omnis
515 2289 674 2342 homo
721 2288 986 2355 ambulat,
1017 2295 1108 2341 aut
1136 2297 1282 2342 certe
1310 2287 1523 2356 quidam
1560 2289 1718 2342 homo
1769 2304 1884 2342 am-

300 2380 466 2446 bulat,
501 2392 555 2437 et
582 2383 684 2436 hoc
714 2381 930 2436 nomine
960 2382 1002 2434 si
1035 2381 1104 2434 ita
1131 2380 1392 2450 contingit
1420 2381 1687 2451 designet,
1731 2380 1884 2434 intel-

297 2472 469 2528 lectus
509 2473 777 2528 audientis
833 2471 976 2542 quod
1035 2471 1424 2525 rationabiliter
1467 2472 1726 2540 intelligat
1777 2485 1881 2525 non

296 2565 478 2620 habet.
526 2567 660 2621 Sunt
701 2566 862 2620 etiam
898 2564 1018 2618 alite
1049 2563 1557 2628 determinationes,
1609 2574 1666 2617 ut
1695 2564 1738 2617 si
1767 2565 1883 2631 quis

299 2660 462 2725 dicat,
485 2658 575 2714 dct
605 2658 760 2725 milti,
795 2660 934 2728 quod
967 2658 1096 2711 dare
1116 2656 1275 2712 debet
1306 2657 1478 2711 nullus
1504 2658 1750 2727 intelligit
1783 2657 1883 2711 nisi

298 2751 603 2807 intellectus
648 2761 702 2806 et
750 2762 898 2806 certa
945 2750 1082 2804 ratio
1133 2748 1596 2804 delertuinatiouis
1637 2751 1878 2818 addatur,

297 2845 383 2899 vel
414 2845 460 2898 si
490 2846 608 2913 quis
637 2842 801 2907 dicat,
829 2843 893 2896 ad
923 2857 1009 2896 me
1035 2841 1184 2907 Veni,
1212 2855 1317 2910 quo
1339 2842 1516 2895 veniat
1545 2843 1623 2895 vel
1674 2843 1885 2909 quando

298 2939 481 2992 veniat
512 2938 612 2991 nisi
635 2936 1086 2991 determinatione
1116 2950 1221 2989 non
1271 2936 1632 3004 cognoscitur.
1668 2936 1761 2990 Est
1791 2952 1884 2990 au-

297 3042 407 3087 tem
438 3045 598 3085 omne
626 3029 838 3100 quidem
870 3027 1176 3097 ambiguum
1222 3027 1554 3095 dubitabile,
1589 3044 1693 3081 non
1726 3043 1884 3083 onine

1987 1833 2186 1886 tiont-m
2216 1836 2498 1903 multiplex
2527 1847 2630 1890 est.
2667 1836 2754 1890 Illa
2779 1852 2908 1892 vero
2944 1853 3062 1907 quae
3091 1838 3143 1891 in
3188 1839 3430 1893 oratione
3456 1847 3568 1897 tota

1985 1925 2390 1995 signiﬁcationis
2421 1926 2870 1997 multiplicitatet’n
2904 1931 3100 1984 retinet
3131 1930 3214 1998 (ut
3257 1943 3419 1998 supra
3454 1931 3566 1985 dic-

1988 2027 2096 2070 ttttn
2130 2018 2234 2085 est)
2264 2019 2510 2089 ambigua
2546 2031 2903 2090 nuncupatur.
2932 2020 3248 2091 Dividuptur
3275 2032 3452 2076 autem
3469 2021 3565 2092 sig-

1987 2110 2324 2164 nilicationes
2351 2110 2756 2178 acquivocorum
2816 2115 2896 2167 vel
2928 2113 3223 2168 secundum
3267 2115 3567 2184 atquivoca~

1986 2202 2184 2254 tionem
2216 2203 2515 2256 orationum
2545 2215 2633 2256 aut
2657 2203 2992 2272 dilﬁnitione,
3022 2216 3076 2259 ut
3097 2221 3218 2260 cum
3246 2206 3388 2271 dico,
3409 2205 3568 2263 homo

1986 2296 2135 2360 vivit,
2169 2295 2484 2365 intelligitur
2505 2308 2555 2350 et
2585 2312 2740 2351 verus
2763 2309 2814 2352 et
2860 2301 3052 2367 pictus.
3087 2299 3353 2354 Dividitur
3384 2310 3566 2356 autem

1990 2389 2092 2441 hoc
2121 2388 2300 2454 modo,
2326 2391 2522 2442 animal
2554 2392 2813 2444 rationale
2844 2395 3070 2447 mortale
3127 2394 3277 2459 vivit,
3308 2395 3447 2465 quod
3479 2409 3566 2451 ve-

1987 2494 2100 2533 rum
2116 2490 2195 2532 est
2211 2498 2224 2542 ;
2241 2481 2510 2544 animalis,
2526 2483 2825 2549 rationalis,
2851 2484 3114 2546 mortalis,
3133 2485 3399 2540 simulatio
3416 2487 3566 2556 vivit,

1985 2574 2127 2642 quod
2152 2574 2340 2626 falsum
2373 2584 2474 2627 est.
2512 2574 2773 2628 Dividitur
2801 2576 2961 2629 etiam
3005 2577 3243 2644 qualibet
3269 2579 3566 2646 adjectiom

1987 2682 2104 2734 qua:
2136 2667 2483 2734 determinet,
2519 2668 2598 2722 vel
2624 2670 2860 2738 generis,
2892 2668 2972 2722 vel
2997 2684 3171 2736 casus,
3229 2672 3314 2726 vel
3342 2670 3567 2740 alicujus

1987 2756 2220 2822 articuli,
2252 2766 2309 2810 ut
2349 2773 2467 2811 cum
2500 2758 2622 2812 dico
2660 2776 2673 2811 :
2707 2759 2888 2813 Canna
2921 2759 3280 2823 Romanorum
3311 2766 3567 2834 sanguine

1985 2851 2216 2912 sordnit,
2250 2861 2301 2905 et
2332 2851 2596 2904 calamum
2626 2851 2959 2906 demonstrat
2993 2861 3047 2908 et
3079 2853 3329 2921 ﬂuvium;
3374 2857 3467 2909 sed
3489 2855 3566 2910 dis

1992 2942 2220 2996 vidimus
2250 2943 2344 3006 sic,
2377 2945 2602 2996 articulo
2637 2944 2870 3012 quidem,
2899 2954 2956 2999 ut
2983 2945 3246 3014 dicamus,
3282 2948 3370 3002 hic
3391 2949 3567 3006 Canna

1987 3035 2350 3088 Romanorum
2385 3037 2644 3106 sanguine
2667 3037 2905 3102 50rduit;
2931 3037 3014 3092 vel
3037 3053 3255 3105 genere,
3300 3049 3359 3095 ut
3384 3041 3568 3102 Canna

299 3134 476 3180 tamen
502 3123 796 3177 dubitabile
821 3131 898 3176 est
924 3121 1254 3190 ambiguum.
1282 3122 1404 3174 Ilacc
1432 3121 1572 3175 enim
1600 3138 1717 3190 qua:
1739 3121 1878 3175 dicta
1908 3113 1954 3176 C
1988 3126 2344 3179 Romanorum
2379 3127 2566 3195 plenus
2594 3128 2851 3196 sanguine
2886 3127 3016 3194 fuit;
3045 3129 3130 3184 vel
3176 3146 3326 3195 casu,
3359 3133 3441 3188 vel
3473 3148 3566 3188 nu-

298 3229 421 3272 sunt
451 3215 760 3270 dubitabilia
793 3214 1008 3284 quidem
1051 3224 1196 3280 sunt,
1229 3231 1333 3269 non
1386 3224 1559 3269 tamen
1614 3214 1880 3280 ambigua.

300 3309 353 3364 in
412 3309 675 3379 ambiguis
729 3307 872 3362 enim
942 3316 1170 3376 utraque
1219 3308 1429 3362 auditor
1495 3305 1884 3361 rationabiliter

298 3402 532 3470 seipsum
583 3400 910 3455 intellexisse
955 3401 1265 3463 arbitratur,
1303 3410 1359 3454 ut
1405 3415 1526 3454 cum
1583 3400 1701 3468 quis
1731 3398 1879 3463 dicit,

298 3495 453 3549 audio
477 3495 693 3550 Graecos
723 3493 912 3548 vicisse
928 3493 1208 3561 Trojanos,
1236 3508 1369 3546 unus
1394 3501 1540 3559 putat
1569 3491 1710 3560 quod
1733 3493 1883 3545 Cra-.-

298 3588 346 3640 ci
375 3584 635 3654 'l‘rojauos
664 3587 911 3649 vicerint,
943 3585 1081 3638 alius
1133 3584 1272 3653 quod
1301 3583 1520 3653 Trojani
1559 3583 1796 3649 Grazcos,
1829 3594 1883 3637 et

297 3678 415 3734 haec
445 3691 665 3749 uterque
690 3679 920 3733 dicentis
953 3678 1119 3746 ipsius
1162 3679 1503 3731 sermonibus
1550 3675 1881 3731 rationabili-

297 3780 378 3828 ter
407 3771 668 3840 intelltgit.
701 3771 832 3824 Cum
880 3780 1058 3823 autem
1089 3768 1236 3834 dico,
1281 3770 1347 3821 da
1381 3769 1533 3834 mihi,
1566 3769 1705 3838 quod
1752 3769 1880 3822 dare

298 3864 494 3918 debeas
522 3863 698 3916 nullus
722 3876 788 3916 ex
817 3862 947 3930 ipsis
991 3861 1332 3915 sermonibus
1364 3860 1750 3914 rationabiliter
1779 3874 1876 3911 an-

295 3957 440 4010 ditor
472 3954 732 4024 intelligit.
769 3954 920 4020 Quod
951 3954 1094 4009 enim
1119 3968 1220 4021 ego
1252 3969 1357 4007 non
1411 3953 1548 4018 dixi,
1579 3953 1670 4006 ille
1703 3952 1877 4021 potius

297 4048 650 4117 suspicabitur
671 4063 830 4118 quam
861 4048 1039 4116 aliqua
1070 4049 1277 4101 ratione
1330 4045 1379 4099 id
1410 4045 1553 4115 quod
1604 4053 1728 4098 ante
1757 4059 1878 4112 pro-

296 4140 459 4194 latum
493 4155 593 4192 non
624 4149 705 4194 est
737 4140 1116 4208 perspicaciter
1141 4137 1336 4192 videat.
1386 4136 1487 4189 Tot
1522 4137 1679 4205 igitur
1707 4137 1877 4191 modis

295 4245 413 4286 cum
439 4232 584 4285 vocis
604 4231 794 4284 divisio
824 4233 932 4297 liat,
984 4237 1076 4283 aut
1101 4245 1196 4297 per
1220 4227 1621 4298 signiﬁcantias,
1662 4239 1748 4281 aut
1783 4242 1877 4296 per

293 4323 508 4377 modum
559 4322 1039 4392 signiﬁcationum,
1089 4331 1180 4376 aut
1232 4337 1324 4390 per
1379 4321 1872 4386 determinationes,

297 4419 351 4470 in
395 4417 477 4472 bis
506 4431 624 4486 qua:
653 4417 943 4471 secundum
974 4415 1382 4485 signiﬁcantiam
1406 4414 1736 4475 dividuntur,
1768 4431 1871 4467 non

1990 3232 2157 3269 moro.
2186 3217 2240 3270 In
2268 3217 2356 3269 illo
2379 3219 2520 3271 enim
2551 3219 2836 3287 singularis
2864 3230 3068 3276 tantum
3094 3230 3197 3287 est,
3237 3221 3290 3276 itt
3324 3223 3418 3278 illo
3447 3225 3568 3294 plu-

1988 3309 2132 3374 ralis,
2162 3319 2216 3364 et
2245 3309 2311 3363 de
2337 3311 2456 3363 aliis
2504 3311 2721 3380 quidem
2753 3311 2942 3367 eodem
2998 3315 3174 3367 modo.
3225 3314 3364 3370 Sunt
3389 3325 3566 3377 autem

1987 3399 2087 3452 alia
2117 3400 2406 3453 secundum
2437 3412 2746 3466 acet-mum,
2801 3402 2902 3455 alia
2942 3403 3237 3458 secundum
3284 3404 3566 3476 orthogra-

1988 3494 2186 3559 plram.
2214 3493 2516 3546 Secundum
2545 3505 2822 3549 accentum
2855 3496 3069 3563 quidem
3098 3505 3155 3550 ut
3197 3512 3354 3566 pone,
3400 3497 3566 3567 poni.

1988 3585 2294 3640 Secundum
2324 3587 2780 3656 orthographiam,
2815 3598 2872 3642 ut
2902 3605 3098 3658 queror
3137 3599 3190 3645 et
3219 3605 3450 3660 quteror,
3499 3593 3566 3646 ab

1986 3677 2329 3744 inquisitione
2375 3691 2424 3732 et
2456 3681 2693 3746 querela.
2752 3679 2817 3732 Et
2876 3695 3060 3735 rursus
3112 3680 3227 3735 ha-c
3277 3680 3567 3742 secundum

1985 3768 2417 3838 orthographiam
2439 3770 2606 3839 ipsam
2631 3770 2958 3834 dividuntur,
2989 3769 3068 3824 vel
3089 3771 3381 3826 secundum
3405 3771 3566 3826 actio-

1985 3869 2173 3915 netnet
2195 3861 2498 3930 passionem
2520 3881 2532 3914 :
2554 3862 2692 3931 quod
2717 3877 2930 3931 qumror
2957 3863 3024 3916 ab
3046 3863 3388 3931 inqui-itione
3409 3863 3550 3931 passi

1983 3969 2106 4006 vunt
2136 3964 2238 4020 est,
2265 3970 2462 4022 queror
2493 3963 2670 4008 autem
2703 3968 2730 4006 a
2759 3953 2975 4023 querela
3007 3955 3215 4023 agentis
3246 3965 3352 4008 est.
3383 3954 3568 4009 Ambi-

1983 4060 2204 4112 guarum
2234 4061 2363 4099 vero
2402 4048 2702 4100 orationum
2737 4045 2974 4098 facienda
2999 4056 3080 4099 est
3103 4045 3314 4109 divisio,
3353 4057 3443 4100 aut
3476 4061 3567 4114 per

1984 4134 2358 4202 adjectionem,
2406 4147 2460 4189 ut
2500 4137 2658 4189 audio
2710 4136 2974 4204 Trojauos
3021 4134 3186 4199 vinci,
3228 4137 3443 4191 Grzccos
3489 4137 3566 4193 vi-

1983 4228 2122 4281 cisse
2139 4244 2153 4288 ι
2173 4239 2262 4280 aut
2279 4243 2370 4295 per
2396 4227 2826 4291 diminutionem,
2849 4238 2904 4281 ut
2924 4229 3081 4305 audio
3104 4227 3240 4282 Grae
3262 4245 3322 4284 os
3340 4228 3567 4298 vscisse;

1982 4327 2075 4371 aut
2107 4333 2201 4386 per
2229 4319 2567 4382 divisionem,
2602 4330 2655 4372 ιιι
2685 4319 2857 4374 (Ξτωοὶ
2903 4321 3164 4386 vicerunt,
3199 4321 3416 4392 Trojani
3443 4323 3566 4379 victi

1984 4419 2139 4475 sunt;
2159 4421 2248 4463 aut
2277 4426 2369 4478 per
2397 4413 2626 4476 aliquam
2655 4412 3172 4477 transmutationem,
3210 4424 3262 4466 ut
3293 4430 3415 4467 cunt
3435 4415 3565 4470 dici-

293 4508 464 4564 solutn
491 4509 792 4562 dividenda:
819 4518 942 4562 sunt
989 4503 1428 4575 signiﬁcationes,
1476 4507 1567 4561 sed
1601 4507 1758 4560 etiam
1799 4507 1878 4559 di-
1906 4496 1960 4556 D
1989 4511 2093 4565 tur,
2148 4503 2308 4556 audio
2337 4503 2605 4572 Trojanos
2654 4503 2844 4557 vicisse
2896 4502 3132 4570 Graecos,
3187 4505 3258 4559 ita
3303 4505 3565 4575 dicamus,

296 4617 479 4656 versas
509 4616 595 4656 res
645 4615 767 4656 esse
797 4616 913 4670 qua:
966 4599 1354 4669 signiﬁcantur,
1412 4598 1731 4652 diflinittone
1782 4599 1876 4651 de-

293 4694 698 4749 menstrandum
743 4705 846 4748 εει.
884 4693 1201 4747 Aristoteles
1240 4692 1379 4746 enim
1417 4692 1531 4746 lucc
1569 4693 1618 4744 in
1661 4690 1876 4758 Topicis

292 4788 575 4856 diligenter
605 4785 878 4856 prtechit,
933 4796 988 4838 ut
1020 4787 1069 4838 in
1105 4785 1185 4838 his
1237 4799 1354 4851 quae
1405 4784 1654 4838 dicuntur
1711 4783 1871 4848 bona,

293 4880 395 4931 alia
429 4889 552 4932 sunt
576 4880 737 4941 bona,
772 4887 827 4931 ut
859 4891 921 4932 ea
950 4892 1067 4945 qua:
1099 4875 1220 4930 boni
1269 4875 1495 4930 retinent
1538 4875 1873 4945 qualitatem,

295 4971 398 5022 alia
426 4985 544 5038 qua:
576 4972 693 5038 ipsa
722 4969 936 5038 quidem
971 4967 1113 5021 nulla
1165 4967 1422 5036 qualitate
1451 4965 1730 5029 dicuntur,
1779 4966 1873 5020 sed

295 5060 435 5126 quod
486 5061 682 5114 bonam
734 5075 847 5115 rem
895 5058 1119 5128 iaciunt,
1172 5060 1368 5113 idcirco
1422 5059 1558 5112 bona
1608 5060 1874 5114 dicuntur.

277 5155 516 5221 .Oportet
543 5163 720 5208 autem
754 5152 985 5208 maxime
1014 5167 1268 5208 exercere
1299 5152 1435 5206 hanc
1467 5164 1657 5214 artem,
1687 5163 1740 5206 ut
1765 5155 1876 5217 ἱιιςε

295 5245 612 5300 Aristoteles
644 5245 740 5309 ait,
775 5253 961 5299 contra
985 5246 1302 5313 sophisticas
1333 5245 1782 5312 in'portunitates.
1816 5244 1873 5298 Si

293 5337 435 5392 enim
464 5337 607 5392 nulla
631 5337 866 5405 subjecta
895 5338 966 5391 sit
1009 5351 1096 5390 res
1124 5351 1280 5404 quam
1315 5335 1574 5406 signiﬁcat
1619 5352 1748 5403 vos,
1782 5337 1874 5392 de-

291 5428 550 5498 signativa
583 5443 702 5484 esse
730 5444 834 5483 non
861 5427 1090 5491 dicitur;
1125 5429 1206 5482 sin
1238 5444 1364 5482 vero
1393 5446 1492 5482 una
1523 5445 1607 5484 res
1631 5431 1696 5483 sit
1721 5445 1877 5497 quam

291 5520 560 5590 siguillcat
582 5535 706 5586 vox,
733 5521 926 5575 dicitur
944 5520 1172 5588 simplex
1196 5538 1208 5584 ;
1241 5521 1379 5590 quod
1399 5523 1440 5575 si
1468 5521 1667 5590 plures,
1697 5523 1878 5600 multi-

292 5615 438 5686 plex,
469 5613 524 5670 id
553 5626 634 5670 est
663 5614 827 5669 multa
855 5613 1187 5684 signiﬁcans.
1243 5613 1529 5667 Dividenda
1564 5613 1722 5683 igitur
1765 5614 1878 5669 hrec

294 5718 443 5768 recte
462 5718 606 5769 sunt.
632 5723 698 5764 ne
731 5709 783 5764 in
837 5706 1016 5768 aliquo
1066 5707 1378 5773 syllogismo
1435 5709 1726 5772 capiamur.
1785 5707 1878 5763 Sin

1983 4596 2155 4649 Audio
2206 4596 2346 4664 quod
2401 4593 2572 4650 Graeci
2634 4597 2860 4650 vicerint
2914 4593 3192 4666 Trojanos.
3255 4598 3380 4656 Haec
3423 4615 3564 4657 eum

1984 4689 2305 4758 ambiguitas
2336 4691 2578 4758 quolibet
2631 4706 2815 4744 eorum
2850 4690 3008 4744 modo
3056 4692 3298 4747 solvitur.
3343 4694 3458 4748 Non
3490 4703 3558 4750 ta-

1987 4799 2110 4837 men
2142 4783 2210 4836 ita
2245 4782 2529 4838 dividenda
2558 4794 2640 4838 est
2671 4786 2846 4840 omnis
2876 4800 3063 4840 vocum
3093 4786 3409 4857 signiﬁcatio
3450 4798 3562 4844 tan-

1989 4892 2144 4945 quam
2175 4878 2408 4946 generis.
2445 4876 2498 4929 ln
2550 4892 2745 4946 genere
2773 4877 2912 4930 cuitu
2966 4893 3154 4932 omnes
3182 4880 3389 4946 species
3435 4894 3561 4935 enuo

1997 4982 2292 5022 ntetantur.
2355 4967 2406 5020 in
2458 4969 2801 5037 ambiguitate
2859 4983 2981 5022 vero
3042 4978 3200 5022 tanta:
3254 4969 3562 5037 sulﬁciunt,

1989 5070 2203 5129 quantm
2233 5059 2297 5112 ad
2332 5075 2451 5114 eum
2483 5075 2783 5114 sermonem
2808 5070 3031 5130 possunt
3060 5075 3178 5116 esse
3218 5060 3372 5115 ut'les
3403 5077 3561 5131 quem

1988 5154 2244 5205 alterutra
2270 5153 2438 5206 nectit
2463 5152 2652 5205 oratio.
2689 5153 2764 5206 Ac
2790 5152 2857 5206 de
2888 5157 3033 5206 vocis
3060 5151 3272 5221 quidem
3301 5151 3562 5214 divisione

1980 5242 2309 5296 sufﬁcienter
2358 5245 2552 5296 dictum
2605 5252 2705 5296 est.
2741 5242 2836 5295 Est
2861 5252 3034 5297 autem
3066 5251 3120 5295 et
3144 5241 3210 5297 de
3233 5242 3446 5310 generis
3486 5255 3560 5297 to.

1988 5337 2196 5404 tiusque
2265 5333 2533 5389 divisione
2606 5334 2938 5403 prOposilum
3004 5344 3163 5403 atque
3230 5334 3560 5405 expeditum.

1983 5428 2159 5495 Quare
2186 5427 2251 5482 de
2305 5429 2554 5482 omnibus
2581 5427 2872 5481 secundum
2922 5441 2980 5481 se
3025 5428 3402 5496 partitionibus
3436 5429 3558 5484 dili-

1987 5522 2296 5592 gentissime
2329 5529 2702 5589 pertractatum
2732 5529 2832 5572 est.
2854 5517 3002 5572 Nunc
3019 5519 3086 5573 de
3105 5519 3184 5573 bis
3202 5519 3554 5575 divisionibus

1973 5619 2224 5672 dicemus
2282 5632 2402 5686 qua:
2473 5631 2566 5685 per
2615 5613 2865 5668 accidens
2921 5612 3071 5668 ﬁunt.
3129 5614 3326 5668 Harum
3380 5628 3556 5670 autem

1984 5723 2268 5765 commune
2299 5716 2618 5776 praeceptum
2652 5711 2756 5773 est,
2782 5703 3037 5777 quidquid
3058 5705 3292 5776 ipsorum
3310 5704 3554 5765 dividitut
