4056 6330
503 396 607 463 891

1738 398 1846 459 ΑΝ.
1892 397 2103 459 ΙΑΜι.
2146 398 2300 457 θεν.
2340 396 2571 460 ΒΟΕΤΙΙ

505 528 563 588 in
592 525 831 600 opposita
852 474 1176 609 Adisg'regari,
1206 529 1263 577 ut
1310 526 1432 578 cum
1488 517 1791 592 subjectum
1844 521 1898 577 in
1953 524 2094 576 acci~
2124 520 2179 583 Α
2202 516 2414 588 quidem
2446 508 2814 588 peripa‘tet‘icﬁ
2841 522 2984 574 scota
3012 512 3311 589 prudentié
3341 512 3685 573 maerentia:
3710 519 3799 574 dio

503 616 685 677 dentia
710 614 1017 682 dividimus,
1067 630 1172 671 non
1221 613 1449 670 dicimus
1477 629 1761 685 corporum
1816 614 1920 669 alia
1970 622 2094 671 sunt

504 696 646 778 alba,
669 702 771 766 alia
797 708 993 776 dulcia,
1022 726 1139 779 qua:
1171 704 1418 779 opposita
1455 724 1559 763 non
1606 717 1750 774 sunt,
1776 706 1871 763 sed
1899 723 2093 779 corpo-

504 820 622 862 rum
655 805 756 859 alia
798 815 920 859 sunt
952 802 1101 869 alba,
1135 802 1241 859 alia
1294 803 1466 876 nigra,
1500 803 1605 858 alia
1636 813 1844 858 neutra.
1890 800 2088 858 Eodem

504 879 715 968 quoque
742 890 900 951 modo
930 895 980 951 in
1005 892 1124 951 aliis
1146 896 1441 952 secundum
1467 892 1717 951 accidens
1738 895 2087 951 divisionibus

442 1048 443 1051 η
504 976 983 1069 dividendumest,
1011 1001 1171 1061 atque
1202 990 1330 1045 illud
1373 989 1605 1047 maxime
1653 990 2087 1064 perspiciendum

503 1092 611 1151 est,
640 1098 707 1139 ne
736 1080 858 1153 quid
887 1081 1027 1137 ultra
1048 1077 1277 1149 dicatur,
1301 1093 1392 1138 aut
1420 1085 1614 1150 minus,
1647 1087 1784 1139 sicut
1809 1082 1868 1139 ﬁt
1911 1083 1966 1139 in
1994 1100 2086 1157 ge-

502 1174 651 1230 neris
681 1164 967 1229 divisione.
998 1160 1115 1229 Non
1156 1175 1297 1229 enim
1346 1184 1559 1242 oportet
1606 1176 1831 1245 relinqui
1874 1176 2089 1247 aliquod

503 1264 756 1343 accidens
808 1281 875 1322 ex
912 1258 1101 1321 eadem
1153 1267 1490 1336 Oppositione
1548 1267 1689 1336 quod
1742 1264 1984 1338 subjecto
2016 1264 2091 1321 illi

504 1359 814 1437 lnestquod
846 1376 950 1415 non
976 1361 1029 1415 in
1060 1360 1322 1415 divisione
1344 1360 1572 1426 dicatur,
1613 1376 1788 1430 neque
1818 1377 1948 1415 vero
1970 1361 2091 1416 addi

505 1452 706 1524 IliQuid
733 1452 877 1525 quod
928 1452 1175 1523 subjecto
1203 1453 1381 1508 inesse
1429 1469 1534 1507 non
1584 1453 1773 1523 possit.
1822 1452 2093 1508 Posterior

2204 612 2472 669 visionum
2501 612 2907 687 diligentiSSIma
2936 615 3143 669 ratione
3174 613 3465 683 perspexit,
3515 622 3575 669 et
3607 626 3709 682 per
3736 628 3799 670 se

2205 707 2522 763 divisionem
2564 707 2632 762 ab
2678 721 2741 763 ea
2768 715 2991 774 (utmost
3016 704 3310 760 secundum
3344 704 3605 760 accidens
3628 706 3801 774 ipsas-

2199 817 2303 873 que
2327 802 2465 857 inter
2487 816 2547 856 se
2574 798 2841 871 disjunxit
2892 813 2957 853 ac
2994 797 3291 853 distribuit.
3325 798 3684 868 Antiquiores
3710 813 3802 873 au:

2205 906 2311 951 tem
2340 890 2731 958 indifferenter,
2763 898 2817 947 et
2863 890 3136 948 accidente
3163 906 3258 959 pro
3293 904 3518 961 genere,
3563 900 3625 945 et
3660 890 3802 946 seci-

2203 988 2457 1044 dentibus
2508 1001 2606 1058 pro
2656 982 2935 1055 Speciebus
2982 992 3074 1038 aut
3111 983 3424 1039 diﬁerentiis
3479 983 3795 1037 utebantur.

2206 1082 2357 1139 Unde
2388 1070 2543 1137 nobis
2591 1090 2985 1150 peropportuna
3024 1076 3223 1132 utilitas
3252 1077 3364 1131 visa
3418 1084 3529 1139 est,
3560 1084 3622 1130 et
3650 1092 3801 1131 com—

2202 1168 2487 1229 munioncs
2531 1168 2719 1226 ltarutn
2749 1168 3069 1226 divisionum
3121 1169 3369 1239 prodere,
3424 1176 3483 1223 et
3536 1182 3638 1223 eas
3671 1184 3801 1239 pro-

2199 1267 2332 1337 priis
2363 1264 2680 1320 diﬁ‘erentiis
2706 1262 3035 1336 disgregarc.
3059 1260 3135 1317 Ac
3162 1263 3229 1319 de
3275 1262 3543 1317 divisione
3572 1261 3799 1331 quidem

2199 1360 2344 1416 omni
2408 1370 2665 1430 quantum
2711 1358 3119 1414 introductiouts
3174 1355 3408 1412 brevitas
3465 1350 3798 1427 patiebatur,

2203 1452 2490 1523 diligenter
2510 1450 2891 1521 expressimus.

1120 1692 1123 1693 θ
1223 1702 1484 1814 ΑΝ.
1550 1694 2042 1814 MANL.

2215 1709 2427 1814 EV
2451 1773 2489 1810 .
2572 1698 3097 1814 BOETII

996 1944 1543 2071 LIBER
1637 1942 1883 2072 DE
1981 1942 3286 2073 DIFFINITIONE.

532 2256 541 2271 η
576 2204 799 2265 Dicendi
825 2219 890 2262 ac
934 2202 1244 2276 disputandi
1274 2203 1446 2271 prima
1476 2216 1692 2271 semper
1740 2201 1918 2256 oratio
1963 2211 2050 2256 est
2072 2203 2171 2268 ,Β
2198 2202 2475 2272 singulare
2506 2211 2667 2271 atque
2695 2200 2909 2256 unicum
2943 2199 3084 2255 aliud
3116 2213 3277 2271 quam
3302 2199 3503 2253 oratio.
3539 2186 3690 2269 Ergo
3716 2190 3809 2252 de-

506 2312 561 2361 et
583 2302 695 2374 iam
718 2301 1016 2358 dialecticis
1046 2299 1357 2355 auctoribus
1384 2308 1438 2352 et
1459 2298 1575 2367 ipso
1606 2297 1673 2352 Μ.
1707 2297 1879 2353 Tullio
1901 2298 2098 2367 sapius

506 2396 847 2460 admonente,
866 2408 986 2464 qua:
1008 2392 1203 2449 dicitur
1224 2389 1493 2446 difﬁnitio.
1526 2389 1735 2458 Quippe
1753 2404 1875 2443 cum
1904 2389 1955 2443 in
1980 2404 2100 2444 cer-

508 2497 689 2543 tamen
714 2486 1227 2554 contentionemque
1261 2481 1396 2537 nihil
1428 2481 1597 2551 possit
1627 2481 1792 2552 (quod
1842 2490 2020 2536 tamen
2045 2481 2098 2537 in

510 2581 743 2645 dictione
791 2579 1077 2649 consistat)
1134 2576 1427 2648 aliquando
1485 2576 1699 2641 deduci,
1751 2576 1854 2632 nisi
1883 2576 1950 2632 de
1994 2592 2102 2648 quo

508 2670 682 2726 futura
715 2685 887 2741 pugna
920 2678 1003 2727 est
1054 2670 1201 2739 prius
1229 2668 1394 2725 fuerit
1447 2669 1503 2724 in
1550 2669 1871 2725 diiﬁnitione
1897 2669 1972 2725 ita
1998 2670 2096 2725 de-

509 2762 697 2830 ﬁxum,
730 2773 786 2818 ut
815 2763 984 2834 possit
1010 2764 1149 2818 inter
1174 2771 1464 2831 utrumque
1492 2763 1582 2831 qui
1620 2764 1803 2817 inituri
1830 2773 1956 2816 sunt
1979 2776 2096 2817 eam

509 2854 657 2912 litrm
703 2871 826 2911 esse
868 2855 1212 2911 manifestum
1260 2854 1387 2928 quid
1418 2856 1488 2910 sit
1543 2855 1670 2910 illud
1702 2856 1769 2910 de
1797 2871 1904 2925 quo
1940 2857 1992 2908 in
2027 2853 2098 2908 fu-

510 2957 629 3003 tura
657 2947 957 3018 quaestione
1014 2940 1335 3003 tractabitur
1369 2948 1552 3002 :unde
1593 2963 1699 3002 non
1745 2948 1919 3001 solum
1950 2963 2102 3002 cum-

511 3038 786 3093 moditatis
810 3054 1007 3107 genere
1051 3038 1426 3111 perspicienda
1455 3048 1539 3093 est
1588 3040 1756 3093 virtus
1784 3038 2096 3109 deﬁniendi,

512 3129 637 3198 quia
668 3142 764 3197 per
807 3128 948 3185 hanc
986 3129 1287 3184 orationem
1343 3144 1430 3184 res
1471 3144 1685 3199 semper
1732 3129 2014 3196 evolvitur,
2046 3141 2102 3188 et

512 3218 656 3289 quod
690 3220 778 3275 illa
809 3219 881 3275 sit
932 3236 1054 3290 qua:
1104 3221 1232 3276 illud
1285 3223 1353 3278 de
1400 3238 1508 3293 quo
1550 3223 1809 3292 qumritur
1851 3226 2099 3294 explicat,

513 3322 703 3369 Verum
733 3311 894 3365 etiam
926 3312 1068 3382 quod
1098 3312 1406 3383 principalis
1455 3329 1669 3383 semper
1697 3314 1931 3370 adhibita
1986 3332 2100 3371 ma-

519 3406 722 3461 ximum
754 3406 935 3462 lumen
968 3416 1031 3462 et-
1076 3407 1417 3463 manifestum
1446 3408 1584 3478 parit
1618 3409 1693 3463 rei
1735 3424 1854 3477 quae
1886 3410 1938 3464 iu
1969 3424 2100 3465 con-
2139 3430 2151 3443 “

516 3498 736 3555 mriunt
768 3497 995 3555 deducta
1014 3499 1195 3555 habet
1224 3502 1597 3569 quaestionem.
1628 3501 1839 3556 Etenim
1870 3503 1913 3556 si
1937 3503 2100 3559 verba

2204 2292 2376 2351 ﬁnitio
2399 2311 2502 2351 non
2534 2294 2660 2350 facti
2688 2310 2788 2351 vox
2812 2304 2917 2361 est,
2946 2311 3049 2350 non
3072 2295 3152 2349 rei
3182 2294 3406 2362 alicujus
3432 2302 3811 2362 autcorpora-

2205 2392 2304 2454 lis,
2344 2399 2436 2444 aut
2486 2390 2868 2457 incorporalis,
2901 2389 2993 2443 sed
3042 2380 3125 2443 est
3166 2388 3359 2442 oratio.
3412 2386 3635 2442 Etenim
3692 2384 3813 2440 talis

2204 2484 2371 2540 dictio
2395 2498 2513 2553 qua:
2543 2481 2797 2552 exprimit
2818 2482 2943 2552 quid
2972 2482 3043 2535 sit
3074 2480 3123 2534 id
3148 2479 3215 2535 de
3236 2496 3343 2550 quo
3371 2479 3666 2547 quaeritur,
3698 2478 3813 2533 sim

2210 2577 2373 2633 dubio
2423 2576 2727 2646 appellatur
2761 2575 2952 2639 oratio,
3000 2583 3055 2628 ut
3084 2575 3257 2628 oratio
3296 2581 3379 2626 est
3408 2570 3737 2635 exordium,
3760 2580 3813 2624 et

2210 2670 2467 2739 narratio,
2486 2678 2540 2723 et
2566 2677 2758 2721 caetera
2781 2682 2897 2735 qua:
2921 2675 3097 2736 partes
3117 2666 3376 2719 orationis
3400 2680 3527 2719 esse
3551 2662 3806 2718 dicimus.

2206 2762 2282 2816 Ita
2302 2777 2432 2832 ergo
2457 2769 2511 2814 et
2533 2760 2774 2814 deﬁnitio
2792 2759 2966 2814 oratio
2983 2748 3087 2814 est.
3114 2758 3218 2815 Sed
3237 2759 3492 2829 quoniam
3516 2750 3628 2812 hoc
3650 2762 3812 2828 gene-

2208 2856 2323 2911 rale
2371 2869 2564 2910 nomen
2617 2865 2701 2908 est
2730 2853 2893 2923 quod,
2925 2853 3001 2908 uti
3034 2853 3285 2918 diximus,
3334 2850 3607 2907 convenit
3649 2850 3809 2906 etiam

2207 2946 2557 3019 expositioni,
2590 2945 2916 3009 narrationi,
2950 2944 3290 3007 invocationi,
3324 2944 3659 3013 precationi,
3700 2959 3805 2999 cro

2206 3037 2445 3106 terisque
2472 3034 2697 3105 singulis
2728 3050 2846 3104 qum
2874 3037 3056 3104 utique
3082 3038 3349 3089 orationes
3374 3050 3497 3089 esse
3527 3032 3807 3100 dicuntur,

2206 3139 2267 3184 ut
2305 3128 2357 3184 id
2387 3128 2532 3199 quod
2574 3129 2899 3198 generaliter
2948 3128 3246 3197 appositum
3286 3138 3396 3191 est,
3430 3127 3610 3197 possit
3655 3125 3724 3181 ad
3760 3122 3807 3182 id

2206 3222 2399 3295 deduci
2428 3223 2494 3277 de
2523 3238 2628 3294 quo
2656 3206 2933 3290 qumritur,
2963 3204 3170 3290 adjecta
3202 3231 3284 3275 est
3311 3208 3544 3289 species.
3579 3222 3810 3287 Quaere-

2206 3315 2395 3368 bamus
2426 3314 2569 3369 enim
2594 3314 2719 3383 quid
2748 3322 2893 3368 esset
2920 3312 3178 3380 deﬁnitio,
3203 3313 3267 3366 ad
3297 3330 3454 3383 quam
3490 3330 3608 3367 rem
3633 3296 3811 3368 decla-

2208 3406 2431 3461 randam
2465 3405 2533 3460 M.
2567 3406 2773 3460 Tullius
2803 3386 3017 3474 adjecit,
3053 3420 3171 3473 qum
3221 3404 3270 3457 id
3298 3404 3438 3473 quod
3470 3404 3671 3458 deﬁnit
3721 3421 3810 3459 ex.

2208 3478 2371 3567 plicat
2398 3497 2525 3566 quid
2549 3498 2638 3561 sit,
2666 3498 2785 3550 talis
2809 3497 2983 3551 oratio
3011 3512 3116 3549 non
3149 3494 3247 3549 nisi
3271 3484 3517 3551 deﬁnitio
3541 3508 3651 3550 e51.
3682 3495 3810 3551 Nam

514 3600 607 3646 aut
634 3600 763 3659 uota
793 3592 1043 3647 omnibus
1073 3593 1430 3660 exstitissent,
1460 3600 1553 3646 aut
1606 3608 1766 3647 unam
1797 3594 2101 3665 signiﬁcan-
2128 3579 2175 3645 C
2207 3592 2443 3645 narratio
2469 3592 2643 3645 oratio
2697 3589 2909 3661 quidem
2942 3600 3022 3644 est
3084 3606 3205 3659 quae
3248 3606 3352 3644 non
3396 3592 3639 3660 explicat
3669 3589 3813 3660 quod

514 3683 642 3748 tiam
669 3683 754 3739 sui
778 3697 996 3751 semper
1024 3690 1289 3748 tenerent,
1317 3692 1498 3738 etnon
1530 3684 1781 3756 ambiguo
1803 3686 1883 3742 vel
1914 3687 2106 3741 obscu-

513 3790 581 3830 ro
604 3774 750 3830 dicto
779 3774 1061 3831 audientes
1080 3772 1354 3840 fallerent,
1381 3784 1434 3829 et
1466 3775 1750 3846 loquentes
1776 3776 1878 3832 sub
1894 3778 2107 3834 diversa

515 3867 968 3937 interpretatione
993 3866 1325 3935 deciperent,
1355 3868 1579 3923 omnino
1630 3868 1875 3924 deﬁnitio
1922 3885 2106 3926 neces-

513 3960 660 4017 saria
690 3958 912 4013 minime
940 3959 1275 4014 crederetur.
1306 3959 1373 4016 At
1401 3975 1523 4016 cum
1557 3962 1772 4015 numina
1810 3961 1976 4016 rebus
2008 3962 2106 4016 im-

514 4052 691 4122 posita
717 4066 980 4121 vocesque
1005 4050 1227 4121 singula;
1258 4068 1354 4120 per
1382 4054 1843 4111 existimationem
1870 4053 1990 4124 ejus
2015 4056 2103 4125 qui

516 4142 593 4199 ita
624 4157 713 4198 res
736 4143 1080 4213 appellandas
1103 4159 1223 4199 esse
1248 4146 1456 4200 censuit
1485 4146 1557 4199 ita
1598 4146 1710 4200 sint
1751 4147 2025 4211 institutas,
2053 4156 2108 4203 et

517 4235 596 4293 ita
611 4244 728 4291 arte
741 4237 1073 4304 compositae,
1095 4245 1152 4290 ut
1168 4247 1293 4291 nota
1309 4238 1534 4306 quadam
1560 4238 1611 4291 in
1636 4253 1815 4293 rerum
1842 4239 2110 4307 signiﬁca-

519 4326 686 4394 tione,
703 4340 809 4383 non
822 4334 1007 4394 aperta
1022 4314 1402 4394 declaratione,
1418 4329 1678 4384 ducerent
1698 4330 1997 4393 audientes,
2018 4347 2110 4387 ne-

519 4420 815 4476 cessarium
841 4406 1128 4475 admodum
1155 4421 1388 4476 arbitror
1416 4436 1576 4476 nosse
1602 4422 1726 4491 quid
1750 4424 1817 4477 sit
1843 4423 2106 4491 deﬁnitio,

520 4508 816 4581 quibusque
828 4512 1111 4580 speciebus
1126 4528 1187 4567 ac
1200 4513 1440 4583 partibus
1464 4515 1813 4581 compleatur,
1841 4525 1895 4569 ut
1919 4517 2111 4571 facilli-

522 4614 803 4659 meeteam
823 4618 934 4656 rem
951 4618 1109 4673 quam
1125 4604 1358 4673 declarat
1385 4606 1551 4673 possit
1571 4607 1940 4672 ostendene,et
1961 4608 2119 4661 tollat

522 4695 753 4765 cognitis
779 4696 951 4750 modis
975 4699 1028 4752 in
1054 4696 1282 4751 dicendo
1302 4713 1395 4752 sua
1424 4699 1681 4752 varietate
1710 4698 1999 4754 fastidium.
2034 4702 2110 4755 Ac

522 4785 668 4855 prius
696 4786 937 4855 ejusdem
976 4787 1162 4857 ipsius,
1203 4797 1262 4843 ut
1292 4790 1535 4843 ordinem
1569 4804 1660 4859 per
1686 4801 1947 4861 prrecepta
1990 4809 2107 4848 ser-

524 4891 649 4935 vare
679 4879 977 4947 videamur,
1025 4881 1352 4937 deﬁnitionis
1398 4881 1699 4937 adhibenda
1733 4894 1814 4938 est
1845 4884 2104 4940 deﬁnitio.

508 4972 774 5035 Deﬁnitio
802 4985 884 5028 est
909 4974 988 5043 (ut
1009 4974 1077 5028 M.
1111 4973 1315 5029 Tullius
1343 4975 1394 5028 in
1424 4974 1641 5043 Topicis
1672 4976 1767 5046 ait)
1796 4979 1965 5032 oratio
1990 4996 2107 5048 qua:

524 5061 580 5118 id
604 5064 744 5134 quod
788 5063 1246 5132 deﬁnitexplicat
1294 5063 1419 5133 quid
1450 5066 1557 5131 sit;
1618 5066 1718 5120 hoc
1750 5069 1817 5122 ita
1862 5078 2025 5138 patet,
2056 5078 2110 5126 et

504 5154 596 5211 .ita
619 5153 843 5224 intelligi
865 5169 1085 5210 necesse
1100 5162 1202 5223 est,
1223 5163 1349 5211 utet
1364 5156 1417 5211 in
1442 5172 1547 5228 quo
1566 5172 1763 5227 genere
1784 5161 1852 5221 sit
1872 5159 2110 5216 deﬁnitio

458 5258 477 5313 τ’
524 5245 906 5303 declarandum
938 5261 1058 5302 esse
1089 5247 1364 5316 videatur,
1394 5259 1450 5304 et
1492 5250 1619 5318 quid
1667 5252 2102 5321 comprehendat,

468 5336 483 5426 ξ
530 5350 580 5409 at
609 5339 1054 5409 quemadmodum
1099 5340 1347 5409 perfectae
1396 5342 1582 5411 eadem
1619 5344 1858 5399 deﬁnitio
1886 5347 2103 5402 deﬁnita

462 5431 481 5495 Ξ
524 5445 628 5486 est.
660 5431 885 5488 Numina
918 5434 1001 5487 vel
1026 5438 1192 5489 ‘voces
1222 5434 1490 5492 interdum
1537 5451 1623 5491 res
1668 5439 2002 5508 signiﬁcant,
2032 5440 2115 5494 in-

456 5508 474 5583 Ῐ
527 5523 737 5579 tertium
770 5522 928 5591 facta,
960 5526 1225 5581 interdum
1256 5526 1461 5597 singula
1488 5529 1653 5596 dicta,
1688 5532 1953 5586 interdum
1994 5547 2117 5586 ora-

456 5606 469 5615 ”
526 5613 730 5682 tiones,
763 5625 818 5671 et
845 5632 1148 5687 quanquam
1180 5619 1265 5674 his
1305 5621 1555 5677 omnibus
1583 5621 1734 5676 factis
1777 5637 1841 5676 ac
1877 5623 2033 5679 dictis
2062 5632 2119 5681 et

524 5706 1066 5777 orationibusgenus
1091 5709 1335 5766 videatur
1381 5727 1500 5768 esse
1548 5711 1687 5783 quod
1725 5710 1994 5779 dicimus,
2024 5729 2116 5771 res

526 5804 708 5854 tamen
752 5801 970 5867 proprio
1000 5801 1219 5855 nomine
1250 5813 1303 5856 et
1339 5814 1485 5858 certa
1535 5790 1923 5873 signiﬁcatione
1967 5807 2115 5864 aliud

522 5903 651 5949 esse
691 5891 905 5951 videtur
948 5908 1110 5968 quam
1139 5894 1331 5951 factum
1360 5906 1470 5963 est,
1499 5895 1638 5951 aliud
1670 5912 1827 5968 quam
1869 5897 2115 5987 dictum,

2214 3681 2435 3749 deﬁnit,
2464 3682 2558 3738 sed
2601 3683 2739 3752 quod
2792 3690 3000 3752 gestuin
3044 3693 3156 3747 est,
3192 3694 3243 3736 et
3270 3684 3394 3737 item
3425 3683 3547 3736 alia:
3578 3684 3814 3754 singula

2214 3775 2488 3830 orationes
2539 3779 2590 3829 in
2648 3775 2759 3830 suis
2808 3775 2995 3830 ofﬁciis
3040 3776 3443 3845 actionibusque
3497 3779 3813 3833 constituta

2211 3867 2353 3922 aliud
2384 3879 2507 3923 sunt
2538 3883 2697 3938 quam
2729 3871 2826 3922 ista
2856 3869 3028 3923 oratiu
3058 3884 3177 3940 qua:
3210 3869 3261 3923 id
3293 3870 3433 3939 quod
3459 3862 3661 3924 deﬁnit
3722 3888 3813 3925 ex-

2212 3961 2376 4032 plicat
2401 3960 2525 4031 quid
2550 3963 2637 4025 sit,
2665 3962 2737 4015 ita
2783 3962 2988 4032 adjecta
3022 3971 3105 4017 est
3132 3964 3359 4031 Species,
3395 3972 3451 4017 ut
3481 3978 3609 4017 cum
3644 3977 3815 4033 genus

2217 4068 2377 4123 supra
2427 4053 2496 4107 sit
2544 4055 2747 4119 oratio,
2776 4056 2984 4125 species
3014 4056 3083 4111 sit
3131 4072 3249 4125 qua:
3308 4046 3356 4109 id
3406 4056 3555 4126 quod
3603 4058 3813 4113 deﬁnit.

2214 4145 2493 4202 Postremo
2524 4155 2701 4201 tamen
2727 4147 3035 4217 adjunctum
3076 4147 3144 4202 sit
3174 4164 3279 4218 quo
3308 4150 3511 4203 certius
3544 4149 3593 4204 id
3625 4163 3682 4206 et
3715 4166 3816 4220 quo

2216 4239 2387 4305 magis
2420 4240 2692 4308 pr0prium
2724 4239 2962 4294 declaret
2993 4241 3132 4309 quod
3166 4241 3369 4295 dictum
3421 4252 3538 4311 est,
3580 4244 3816 4312 explicat

2217 4330 2343 4399 quid
2392 4332 2481 4384 sit.
2524 4330 2657 4386 Sunt
2704 4331 2846 4385 enim
2895 4332 3011 4385 alia:
3042 4334 3316 4388 orationes
3363 4350 3482 4403 qua:
3538 4337 3816 4405 explicant

2216 4425 2385 4491 magis
2412 4424 2569 4493 quale
2620 4422 2743 4495 quid
2775 4425 2865 4489 sit,
2898 4435 2989 4478 aut
3016 4436 3271 4495 quantum
3318 4428 3404 4480 sit.
3437 4418 3508 4480 At
3538 4444 3675 4481 vero
3706 4431 3815 4481 haec

2215 4514 2349 4569 nihil
2383 4517 2595 4583 horum,
2628 4518 2721 4571 sed
2775 4528 2974 4572 tantum
3016 4520 3140 4590 quid
3172 4523 3241 4575 sit
3292 4522 3547 4591 explicat,
3598 4510 3815 4577 diversa

2215 4619 2300 4662 est
2347 4610 2493 4663 enim
2541 4610 2593 4663 in
2635 4611 2732 4664 ista
2789 4613 3075 4679 partitione
3122 4616 3376 4683 cognitio,
3429 4614 3633 4683 quippe
3692 4632 3814 4670 cum

2214 4700 2359 4755 aliud
2389 4710 2474 4755 est
2526 4701 2665 4757 scire
2709 4704 2865 4772 quale
2904 4705 2995 4768 sit,
3028 4714 3082 4759 et
3112 4706 3235 4774 quid
3276 4706 3344 4758 sit
3372 4705 3680 4775 eaplicare,
3718 4707 3819 4762 hoc

2215 4797 2358 4850 enim
2385 4796 2436 4851 in
2482 4798 2823 4869 percipienda
2855 4800 2933 4854 rei
2980 4800 3278 4856 substantia
3309 4802 3615 4858 continetur
3638 4847 3655 4867 ,
3687 4804 3818 4861 illud

2134 4889 2268 4982 Din
2323 4890 2581 4959 qualitate
2631 4894 2932 4956 noscenda,
2985 4901 3039 4947 et
3087 4893 3201 4947 haec
3254 4893 3467 4962 quidem
3529 4895 3817 4973 Ciceronis

2198 4983 2291 5043 ,sit
2322 4983 2556 5039 adhibita
2595 4984 2856 5040 deﬁnitio.
2915 4986 3021 5041 Nos
3061 4996 3239 5041 tamen
3287 4990 3525 5058 apertius
3578 4990 3816 5060 idipsum

2220 5074 2347 5143 quid
2399 5076 2467 5129 sit
2518 5076 2758 5131 deﬁnitio
2818 5087 2997 5132 nostra
3062 5079 3437 5147 explanatione
3519 5080 3811 5138 faciamus.

2221 5167 2395 5222 Omne
2420 5170 2558 5237 quo-tl
2610 5169 3005 5226 demonstratur
3030 5172 3305 5237 oratione,
3354 5182 3446 5226 aut
3489 5188 3559 5227 an
3588 5175 3701 5241 sit,
3729 5186 3817 5232 aut

2218 5259 2346 5327 quid
2380 5259 2479 5326 sit,
2504 5272 2593 5313 aut
2620 5262 2776 5330 quale
2797 5263 2866 5316 sit
2896 5262 3217 5339 ostenditur,
3256 5263 3558 5339 quodcum
3575 5248 3815 5322 adhibe;

2228 5360 2337 5418 tur,
2369 5354 2536 5406 oratiu
2567 5352 2631 5406 ad
2674 5353 3089 5410 declarationem
3123 5356 3201 5411 rei
3256 5356 3481 5433 alicujus
3508 5373 3578 5411 an
3606 5360 3681 5413 sit
3713 5376 3816 5415 non

2226 5454 2309 5499 est
2358 5442 2618 5499 deﬁnitio.
2672 5446 2800 5499 Item
2850 5460 2968 5501 cum
3020 5448 3285 5516 qualesit
3313 5448 3515 5518 aliquid
3566 5453 3816 5505 oratione

2222 5545 2571 5602 monstratur,
2613 5538 2724 5607 pari
2759 5540 2916 5595 modo
2941 5539 3183 5597 deﬁnitio
3213 5556 3318 5596 non
3362 5542 3486 5597 erit.
3511 5540 3653 5597 Cum
3689 5560 3816 5598 vero

2222 5628 2348 5698 quid
2380 5630 2449 5684 sit
2479 5619 2799 5697 ostenditur,
2829 5632 2969 5709 quod
2995 5633 3226 5687 medium
3259 5642 3341 5689 est
3366 5635 3505 5688 inter
3532 5649 3599 5688 an
3633 5638 3735 5701 sit,
3765 5645 3820 5690 et

2188 5788 2189 5793 η
2220 5720 2376 5793 quale
2405 5720 2492 5788 sit,
2527 5722 2596 5776 ita
2628 5721 2835 5778 scilicet
2882 5724 3113 5779 medium
3148 5734 3297 5801 utan
3324 5725 3395 5795 sit
3429 5725 3573 5778 nulla
3598 5726 3716 5794 jam
3750 5727 3821 5782 sit
3862 5772 3865 5783 λ

2223 5813 2503 5880 dubitatio,
2548 5817 2672 5870 item
2706 5815 2863 5886 quale
2893 5817 2983 5887 sit,
3025 5832 3130 5872 non
3162 5818 3277 5888 ejus
3305 5819 3395 5888 qui
3428 5818 3689 5887 requirit,
3722 5818 3821 5878 sed

2224 5905 2318 5975 qui
2350 5903 2536 5963 deﬁnit
2566 5906 2633 5963 sit
2679 5907 2732 5963 in
2772 5907 2994 5964 scientia
3021 5908 3380 5981 collocatum;
3412 5910 3690 5975 medium.
3722 5909 3819 5971 in-
