2032 3168
152 203 205 234 I93

759 203 858 233 LIBER
879 203 923 236 DE
942 205 1183 236 DIFFINITIONE.

1737 211 1790 241 εει

153 267 245 296 σιω..
261 260 314 288 hee
324 259 487 296 καθυφιοὰ
498 259 618 288 ostendit
629 259 743 296 idipsum
758 260 792 289 de
802 268 856 298 quo
870 269 945 297 quae-
958 264 983 294 A
996 262 1114 299 jusmodi
1136 265 1311 296 difﬂaittones
1335 268 1501 300 contentioni
1522 273 1660 298 oratorum
1674 271 1795 305 maxime

153 309 222 335 ritur
240 306 304 342 quid
318 307 365 339 sit,
376 305 500 334 deﬁnitio
514 311 692 341 nuncupatur.
714 307 807 334 Omnis
821 307 944 336 deﬁnitio

153 353 182 382 in
192 353 341 389 quastione
353 360 411 380 rem
422 351 502 381 liabet
513 353 653 383 incertam.
663 352 756 380 Omnis
766 360 820 386 res.
834 353 859 381 si
869 357 943 383 certe

153 398 381 432 est,delinitioee
394 404 448 426 non
471 402 547 433 eget;
560 398 583 426 si
597 398 700 426 incerta
723 402 781 433 est,
800 406 887 434 neque
899 406 944 428 res

153 450 206 478 cet,
219 449 246 472 et
258 444 356 479 quorit
364 444 521 473 delaitieae
529 445 684 474 monstrari.
697 444 793 473 Omnis
802 445 875 473 enim
887 453 941 479 res,

153 493 176 519 si
193 491 273 519 modo
282 490 339 526 jam
353 498 398 519 res
411 495 465 524 est,
485 491 711 527 quemadmodum
724 491 854 527 diximus,
868 495 943 520 certa

153 542 206 566 est.
219 537 286 566 CIIII
297 545 362 566 vero
371 538 429 574 jam
442 543 518 567 certe
532 543 585 572 est,
599 544 626 568 et
647 539 791 574 qualitates
813 546 876 568 suae
895 539 947 567 bas

154 584 218 613 beat
231 585 328 620 quibus
341 592 402 613 cum
418 584 496 614 facile
511 586 758 620 comprehenditur,
780 586 859 615 facile
881 586 946 622 quid

154 629 193 658 ait
214 630 378 665 agnoscitur.
394 629 537 665 Nunquam
551 630 623 658 enim
638 631 702 666 quid
716 631 753 659 sit
771 630 884 666 intelligi
897 638 946 666 pe-

156 681 220 712 test,
234 676 286 705 nisi
297 677 377 711 quale
390 677 425 705 sit
439 677 520 705 fuerit
532 677 771 712 comprehensum.
787 677 881 707 Omnis
896 677 948 705 dii.

154 722 241 751 ﬁnitio
251 722 448 758 autproltattdat
456 723 495 751 rei
505 730 597 756 causa,
608 728 663 756 aut,
671 724 696 751 si
705 731 749 752 res
760 724 787 751 in
798 723 948 759 quaestione

154 773 289 801 versatur,
302 769 443 804 augenda,
456 773 504 796 aut
516 769 539 796 si
554 768 598 797 vel
617 769 688 804 apud
702 769 885 798 adversarium
905 769 947 801 vel

154 815 226 850 apud
245 815 395 843 auditorem
418 815 543 851 quaelibet
560 814 616 850 jam
639 820 702 843 nota
719 823 764 843 res
778 819 830 849 est,
852 814 947 845 conﬁr-

155 860 262 889 manda
283 861 438 889 assumitur.
462 861 642 890 Nihilominus
657 865 746 889 tamen
759 861 900 895 diflinitio,
918 865 947 892 ut

155 914 202 936 res
215 907 307 935 eadem
322 915 382 942 quae
402 911 465 935 nota
478 912 536 940 est,
551 912 580 936 et
591 911 665 936 certa
682 911 710 936 et
722 907 784 940 illa,
808 912 945 940 teneatur,

155 953 310 981 adhibetur.
325 953 419 982 Omnis
428 953 565 987 difiiuitio,
577 957 623 983 aut
644 953 777 981 rhetorica
792 958 833 980 est
848 953 946 988 oratio,
961 948 986 979 Β

155 1003 204 1028 aut
216 998 364 1027 dialectica.
376 998 405 1027 Si
417 1004 458 1027 est
481 998 627 1033 rhetorica,
640 999 770 1034 originem
786 1006 820 1026 ex
836 1003 948 1027 conten-

157 1045 232 1073 tione
253 1045 402 1080 suscipiens
416 1052 465 1081 per
484 1045 522 1073 rei
543 1045 578 1073 de
590 1052 642 1081 qua
666 1046 794 1081 quaeritur
809 1050 897 1080 partes
922 1046 948 1073 in

156 1097 221 1119 suas
232 1097 261 1119 se
270 1091 381 1125 dividet,
394 1098 443 1119 nec
454 1091 482 1119 in
493 1092 571 1118 unius
582 1095 696 1118 tractatu
707 1098 723 1118 a
733 1091 790 1118 suis
803 1091 883 1119 rebus
895 1096 950 1119 tota

155 1139 306 1172 consistet,
322 1145 350 1167 ut
363 1148 424 1168 eum
440 1140 648 1174 uniuscuiusque
671 1139 710 1167 rei
735 1139 811 1174 plena
827 1143 854 1167 et
877 1145 949 1166 certa

157 1186 288 1221 perfectio
303 1192 364 1214 nota
388 1186 433 1219 sit,
447 1191 558 1214 cunctas
578 1193 625 1220 per
644 1190 735 1221 partes
760 1185 810 1212 sibi
826 1185 948 1212 eamdem

157 1231 324 1259 distribuant
336 1231 406 1259 dicta
420 1232 593 1260 certantium.
613 1230 765 1265 Sepulturze
776 1231 949 1258 violationem

155 1285 215 1306 rem
225 1278 306 1306 etiam
315 1283 418 1306 certam
426 1277 584 1312 plenamque
596 1282 623 1305 et
635 1277 781 1311 perfectam
789 1277 948 1312 retinemus,

155 1330 219 1351 eum
241 1323 268 1352 in
292 1328 370 1351 erute
388 1322 513 1358 sepulcro
526 1327 568 1352 est
588 1322 668 1351 etiam
683 1322 788 1350 animus
803 1326 831 1350 et
850 1322 949 1350 factum

158 1369 294 1403 violentis,
311 1373 340 1397 ut
352 1369 442 1397 studio
453 1369 563 1398 eruendi
578 1373 605 1396 et
620 1368 775 1404 profanandi
791 1375 883 1396 manes
898 1368 950 1396 hoc

156 1417 292 1451 quispiam
305 1416 424 1444 videatur
438 1423 590 1451 aggressus.
603 1415 686 1451 Ergo,
703 1416 740 1444 uti
752 1416 879 1447 diximus,
892 1414 950 1443 vio—

156 1461 222 1490 latio
237 1462 382 1496 sepultura
401 1466 506 1490 constat
518 1465 546 1490 et
560 1462 650 1492 animo
662 1466 691 1489 et
712 1461 799 1495 facto,
816 1462 950 1497 plenaque

155 1509 215 1544 ipsa
235 1517 279 1538 res
292 1513 336 1537 est
355 1509 446 1537 violati
462 1509 578 1544 sepulcri
598 1517 632 1537 ex
652 1508 695 1536 his
709 1508 826 1541 duobus,
845 1509 951 1543 aperuit

156 1555 310 1590 sepulcrum
330 1555 437 1589 quidam
454 1559 484 1583 ut
496 1554 613 1584 auferret
633 1559 800 1583 ornamenta.
824 1555 895 1583 Idem
910 1563 950 1584 se-

157 1602 243 1637 pulcri
256 1601 345 1630 violati
362 1609 424 1630 reus
438 1602 464 1630 in
476 1601 609 1637 judicium
625 1601 781 1635 devocatur,
797 1602 856 1630 sine
869 1601 949 1630 dubio

157 1648 326 1676 difﬁaitivam
341 1649 489 1677 orationem
504 1653 530 1677 ei
542 1649 741 1677 contentionem
752 1650 948 1683 exprimentem

156 1696 221 1730 quid
229 1695 263 1723 sit
272 1696 381 1723 violatio
391 1695 534 1729 sepulturae
545 1695 699 1724 necessario
709 1703 788 1724 causa
796 1695 947 1730 desiderat;

157 1742 206 1769 sed
231 1741 343 1776 singulis
368 1742 488 1776 partibus
511 1741 593 1770 totius
614 1741 677 1770 facti
694 1749 726 1769 ac
746 1742 818 1777 pleni
839 1747 949 1770 utuntur

156 1793 294 1820 oratores,
309 1793 337 1816 ut
347 1788 492 1823 sepultura:
507 1788 677 1816 violationem
699 1793 780 1823 ponat
795 1796 864 1816 unus
878 1788 948 1823 quod

158 1838 281 1867 apertum
297 1834 330 1861 sit
351 1834 516 1868 sepulcrum,
528 1838 620 1861 contra
632 1833 701 1862 alius
711 1833 856 1868 sepultum
867 1833 952 1861 viola-

159 1880 260 1908 tioncm
271 1881 342 1908 dicat
353 1881 379 1908 in
392 1881 483 1908 animo
496 1881 644 1909 contineri:
658 1882 692 1907 ita
702 1881 792 1908 existit
802 1880 951 1908 difﬁnitiva

160 1927 291 1955 orationis
305 1927 355 1954 iste
377 1931 517 1959 tractatus,
532 1931 561 1954 ut
576 1934 637 1954 cum
649 1930 735 1954 totum
746 1926 816 1961 quod
829 1926 955 1961 agnosci-

161 1981 205 2005 tur
226 1978 254 2004 iu
270 1977 415 2012 sepultum:
430 1976 590 2009 violatione,
612 1983 659 2011 per
675 1980 765 2010 partes
788 1982 850 2003 suas
872 1974 953 2002 fuerit

160 2023 349 2056 distributum,
365 2030 465 2057 easque
481 2028 569 2057 partes
592 2027 713 2050 oratores
734 2021 831 2056 singuli
854 2025 949 2048 terrue-

161 2070 227 2103 rint,
238 2069 415 2096 eontendenili
426 2076 525 2103 genere
535 2068 693 2095 difiinitione
707 2068 743 2095 uti
753 2068 888 2095 videntur.
900 2065 954 2094 Sed

152 2123 215 2142 Inon
232 2120 303 2142 rrctc
317 2115 415 2142 dicitur
430 2113 583 2150 hujusmodi
607 2113 747 2146 difﬁnitio,
772 2120 833 2140 cum
858 2121 910 2140 non
922 2112 958 2141 sit

161 2167 246 2195 certa,
260 2170 313 2190 non
329 2161 418 2196 plena,
433 2170 487 2189 nun
498 2161 612 2196 integra,
631 2160 682 2188 nisi
697 2167 760 2187 eum
779 2164 863 2187 totum
878 2159 957 2194 quid-

153 2208 225 2244 -quid
240 2208 324 2242 ipsius
343 2208 382 2235 rei
403 2212 445 2235 est
458 2207 493 2235 de
505 2215 556 2242 qua
577 2207 708 2242 quaeritur
722 2205 878 2241 exprimens
892 2205 956 2240 quid

153 2256 201 2282 'sit
219 2256 305 2282 oratio
317 2254 469 2287 declerarit,
481 2261 573 2281 verum
588 2254 645 2281 haec
655 2254 774 2288 captiosa
785 2257 812 2279 et
824 2252 890 2280 falsa
902 2256 954 2286 est,

997 313 1252 350 convenireJoaqe
1272 321 1363 344 union
1384 323 1399 343 a
1414 316 1513 346 virtute
1537 317 1706 346 difﬁnitionis
1728 326 1795 349 esse.

998 359 1143 393 discretas;
1156 360 1204 390 sed
1225 360 1456 392 hmdiflinitiones
1479 371 1540 400 qua
1555 364 1706 393 oratoribus
1719 369 1791 400 apta

998 412 1061 437 sunt
1074 413 1101 436 et
1116 408 1201 444 poetis
1227 410 1268 437 sui
1293 410 1476 445 explicatione
1499 410 1527 438 in
1540 412 1663 442 oratione
1684 416 1790 441 certum

998 454 1121 482 ordinem
1135 455 1282 482 continent.
1297 455 1397 490 Daque
1412 463 1442 484 re
1456 462 1587 491 precepts
1599 457 1626 484 in
1639 457 1791 486 Rhetoricis

999 506 1061 530 sent
1080 510 1095 529 a
1110 502 1146 530 Μ.
1163 501 1251 530 Tullio
1272 503 1429 536 constituta,
1444 503 1483 531 ita
1506 508 1537 531 ut
1549 504 1638 532 omnis
1649 504 1790 539 dimnitio,

999 548 1050 576 hoc
1063 553 1105 576 est
1125 548 1302 583 oratio,vqua:
1317 548 1435 583 explicat
1458 549 1492 577 de
1513 557 1568 585 quo
1583 550 1713 585 queritur
1725 551 1790 585 quid

998 594 1049 627 sit,
1076 594 1117 622 bis
1131 594 1260 622 membris
1282 594 1456 630 partibusque
1481 600 1606 623 tenetur:
1621 596 1735 630 primum
1750 597 1790 624 uti
1827 607 1836 614 '-

999 639 1116 668 breviter
1130 639 1158 667 id
1180 639 1214 668 de
1228 645 1283 674 quo
1295 640 1424 674 quaeritur
1445 639 1511 674 quid
1527 640 1563 667 sit
1586 640 1674 668 oratio
1697 645 1790 669 nostra

998 687 1144 717 contineat.
1160 692 1188 714 et
1203 686 1262 714 haec
1285 686 1436 721 appellatur
1455 686 1602 718 difiinitio;
1616 686 1715 718 deinde
1731 686 1791 722 ejus

1000 731 1167 760 difﬂuitinnis
1180 737 1351 767 supponatur
1362 731 1533 766 approbatio,
1548 738 1600 766 qua
1622 730 1686 759 illud
1700 736 1790 759 naten-

998 779 1088 806 dimus
1099 786 1127 806 ut
1143 779 1259 814 idipsum
1272 778 1343 813 quod
1355 778 1472 806 breviter
1481 778 1509 806 in
1521 777 1685 806 diffluitioue
1699 778 1790 813 posui-

1000 827 1059 852 lnus
1074 825 1100 852 id
1120 824 1155 851 ita
1179 831 1240 852 esse
1262 828 1481 860 argumentorum
1497 823 1645 852 rationibus
1660 824 1791 859 approbe-

999 878 1075 903 mus;
1091 870 1208 903 deinde,
1230 872 1311 898 tertio
1335 871 1411 904 loco,
1428 870 1580 899 inducimus
1602 869 1791 900 deductionem

998 916 1121 952 ejusdem
1133 916 1302 944 difiinitionis
1314 916 1341 944 in
1362 923 1422 944 eam
1434 916 1551 951 speciem
1565 916 1600 944 de
1614 923 1664 951 qua
1678 916 1792 950 questie

1000 967 1053 994 est,
1067 967 1095 990 et
1107 961 1141 990 de
1155 969 1205 997 qua
1222 961 1353 997 judicium
1368 966 1410 992 est
1424 962 1610 996 constitutum,
1626 966 1655 989 ut
1670 969 1732 990 cum
1746 969 1792 997 se.

1002 1008 1129 1037 neraliter
1140 1016 1197 1036 rem
1208 1007 1406 1040 difilnierimus,
1417 1012 1447 1035 et
1458 1008 1495 1035 ita
1509 1014 1571 1036 esse
1585 1009 1619 1035 de
1634 1014 1687 1043 quo
1699 1008 1792 1044 quaeris

1001 1059 1046 1081 tur
1066 1054 1226 1087 dixerimus,
1240 1059 1266 1081 et
1280 1057 1374 1088 postea
1390 1060 1438 1088 per
1453 1053 1675 1088 approbationem
1689 1054 1792 1082 conati-

1002 1101 1133 1128 tuerimas
1154 1106 1247 1128 verum
1271 1106 1332 1128 esse
1346 1099 1417 1135 quod
1441 1099 1604 1133 difiinimus,
1629 1099 1711 1128 tertio
1732 1100 1793 1129 loco

1002 1147 1200 1175 ostenderimus
1215 1147 1266 1174 hoc
1279 1154 1339 1175 esse
1360 1146 1432 1181 quod
1445 1151 1550 1181 geSIum
1563 1150 1621 1179 est.
1634 1145 1677 1174 vel
1692 1145 1718 1174 id
1731 1153 1794 1175 esse

1003 1194 1037 1221 de
1050 1197 1103 1228 quo
1115 1193 1258 1229 quaeritur,
1283 1201 1344 1228 quae
1355 1193 1484 1222 orationis
1504 1200 1568 1229 pars
1581 1193 1733 1229 appellatur
1747 1193 1794 1221 des

1001 1239 1093 1267 ductio
1107 1240 1215 1275 generis
1227 1240 1261 1266 ad
1287 1239 1405 1274 speciem
1418 1247 1427 1272 ;
1442 1245 1537 1274 quarto
1550 1239 1609 1267 loco
1623 1239 1654 1267 in’
1672 1239 1795 1270 oratione

1001 1291 1092 1315 nostra
1111 1292 1242 1321 ponemus
1255 1285 1467 1313 destructionem
1486 1284 1656 1313 difﬁnitionis
1675 1285 1795 1315 adversa

1001 1334 1101 1369 partis,
1118 1333 1170 1361 hoc
1183 1337 1236 1364 est,
1250 1332 1289 1359 uti
1311 1331 1537 1367 quemadmodum
1561 1331 1712 1361 adversarii
1725 1330 1795 1358 dim.

1001 1379 1100 1408 nierint
1121 1378 1237 1412 idipsum
1257 1377 1292 1405 de
1317 1384 1372 1411 quo
1396 1384 1477 1412 supra
1491 1375 1680 1404 diffluitionem
1694 1375 1795 1404 sensti.

999 1425 1101 1453 tuimus
1116 1428 1310 1459 proponamus,
1325 1421 1441 1457 eatiique
1452 1421 1670 1450 adversariorum
1695 1420 1795 1449 difllnic

1000 1471 1106 1499 tionem
1118 1471 1244 1498 vitiosam
1262 1477 1323 1497 esse
1334 1470 1490 1501 doceamus,
1500 1475 1560 1503 quae
1569 1466 1796 1503 quemadmodum

1002 1516 1099 1544 vitiosa
1124 1516 1159 1542 sit
1174 1519 1266 1550 postea
1291 1514 1498 1543 declarabimus.
1513 1512 1599 1541 Habet
1617 1511 1690 1541 enim
1706 1517 1796 1547 partes

1000 1555 1065 1589 suas
1075 1565 1176 1594 certas,
1193 1561 1323 1595 integras,
1337 1560 1370 1588 de
1385 1559 1483 1595 quibus
1498 1566 1570 1586 nunc
1591 1558 1683 1586 dicere
1704 1564 1795 1593 superi

963 1610 986 1655 (ξ
1002 1608 1141 1636 sedemus.
1153 1607 1214 1655 rEst
1235 1605 1361 1655 diffinitio
1377 1605 1577 1655 inimicitiarum
1599 1603 1718 1655 apud-5i:
1732 1602 1797 1655 ψ.

1002 1655 1070 1684 lium
1086 1654 1185 1687 brevis,
1199 1654 1235 1682 its
1249 1653 1390 1681 collocata.
1402 1653 1443 1680 An
1458 1657 1486 1680 tu
1506 1651 1622 1687 majores
1644 1649 1797 1679 inimicitias

1006 1705 1084 1734 putas
1102 1706 1163 1728 esse
1176 1706 1256 1734 quam
1276 1697 1425 1726 contrarias
1441 1697 1578 1725 hominum
1593 1695 1756 1726 voluntates.
1771 1697 1797 1722 et

1004 1744 1146 1773 dissimilia
1158 1743 1268 1771 studia?
1283 1742 1352 1775 haec,
1367 1745 1398 1769 ut
1409 1741 1538 1773 diximus,
1561 1740 1688 1768 difﬁnitio
1707 1739 1798 1766 rheto‘

1004 1792 1060 1819 rica
1075 1795 1128 1824 est,
1139 1794 1167 1818 et
1182 1789 1298 1818 breviter
1319 1788 1407 1817 oratio
1421 1787 1547 1815 conclusa
1566 1786 1629 1820 quid
1642 1785 1696 1813 sint
1709 1784 1798 1818 inimi-

1006 1837 1086 1865 citiae.
1101 1834 1165 1862 Post
1178 1842 1258 1870 quam
1270 1833 1458 1862 difﬁnitionem
1473 1830 1616 1859 adhibetur
1630 1828 1798 1865 approbatio.

998 1881 1100 1910 .Fidem
1115 1887 1147 1907 ac
1159 1879 1318 1914 religionem
1329 1877 1529 1905 sanctissimam
1546 1875 1573 1903 in
1588 1875 1641 1903 vita
1656 1873 1702 1909 qui
1711 1877 1798 1909 putat,

1008 1931 1132 1962 potestne
1145 1925 1172 1954 ei
1185 1932 1238 1953 non
1261 1924 1386 1952 inimicus
1413 1930 1474 1951 esse
1492 1922 1537 1957 qui
1564 1921 1625 1950 fana"
1643 1918 1799 1956 spoliaveril

1006 1973 1117 2001 omnia?
1130 1972 1261 2005 Deinceps
1275 1970 1376 2004 reliqua
1387 1975 1448 2003 qua
1463 1971 1622 2002 sequuntur,
1639 1966 1665 1992 in
1679 1972 1733 2000 quo
1743 1963 1800 1999 qui-

1008 2019 1069 2046 dem
1090 2016 1304 2046 animadvertere
1320 2014 1383 2042 illud
1397 2015 1469 2045 licet,
1485 2020 1563 2047 posse
1575 2010 1700 2046 conjungi
1713 2015 1740 2038 et
1754 2018 1799 2045 aps

1008 2063 1193 2099 probationem
1203 2061 1383 2093 dililnitionis,
1392 2066 1417 2087 et
1432 2058 1621 2086 deductiouem
1634 2056 1799 2084 dillinitionis

1009 2111 1035 2138 in
1043 2109 1172 2145 speciem.
1181 2109 1302 2142 Namque
1309 2108 1351 2134 hic
1360 2107 1464 2133 Marcus
1471 2105 1574 2132 Tullius
1583 2103 1800 2133 inimicitiasesse

1007 2155 1142 2183 contraria
1156 2154 1244 2185 studia
1256 2157 1283 2180 et
1293 2152 1437 2179 dissimiles
1449 2149 1600 2177 voluntates
1611 2148 1742 2183 approbat
1754 2149 1800 2181 ita,

1009 2204 1038 2227 ut
1051 2199 1170 2235 speciem
1192 2200 1277 2233 ipsam
1289 2197 1324 2225 de
1336 2204 1390 2232 qua
1410 2195 1581 2230 qumrehatur
1595 2195 1689 2221 iactam
1712 2187 1800 2220 verbis

1010 2246 1144 2273 includat:
1158 2245 1244 2280 potuit
1257 2244 1328 2271 enim
1343 2240 1502 2277 approbatio
1514 2241 1583 2273 ﬁeri,
1601 2240 1659 2267 illas
1674 2247 1734 2267 esse
1752 2239 1800 2266 ini-

162 2308 216 2328 non
239 2304 312 2328 cem
335 2285 472 2327 (hami-un,
490 2298 625 2327 dininmo.
642 2285 696 2326 Esi,-
711 2297 762 2326 alia
788 2297 869 2325 etiam
894 2305 954 2332 qua;
967 2291 995 2340 ὸ
1010 2292 1123 2320 micitias
1137 2298 1197 2326 quae
1215 2288 1364 2318 contrarias
1384 2288 1524 2340 continuent
1542 2286 1711 2335 voluntates,
1727 2288 1754 2311 et
1772 2285 1801 2340 [illi

163 2345 316 2373 rhe'oribus
336 2345 536 2373 accommodata
557 2345 744 2380 cognoscitur,
760 2350 820 2379 qua
839 2343 919 2378 longe
938 2351 954 2371 a

152 2392 262 2419 airtute
275 2389 423 2418 difiiniendi
437 2389 591 2424 plenissime
606 2394 755 2424 separatur,
767 2396 826 2424 qua:
840 2397 888 2424 per
899 2389 956 2418 col-

152 2437 290 2471 lationem
306 2444 361 2464 nou
371 2435 435 2471 quid
449 2436 484 2464 sit
493 2436 620 2467 ostendit,
629 2436 675 2463 sed
689 2436 747 2463 inec
761 2442 820 2462 esse
835 2444 848 2461 il
863 2434 955 2468 simili,

163 2491 225 2510 ctttn
246 2482 317 2510 aliud
332 2482 377 2516 sit,
393 2481 515 2510 oratione
534 2481 680 2514 concludit,
702 2486 731 2508 ut
753 2488 813 2508 cum
827 2481 956 2515 quaeritur

163 2528 228 2562 quid
240 2528 273 2555 sit
286 2528 410 2562 accipere
419 2527 512 2561 utique
532 2534 562 2554 re
577 2526 695 2561 propria,
709 2533 782 2558 vera,
794 2530 877 2557 certa,
889 2525 957 2553 nihil

164 2575 238 2602 aliud
248 2579 290 2602 est
303 2573 352 2603 nisi
365 2572 473 2608 proprie
486 2580 566 2603 manu
577 2572 678 2607 aliquid
689 2571 723 2600 ab
736 2571 826 2607 aliquo
835 2571 955 2599 oblatum

164 2627 284 2647 sumere.
299 2611 349 2649 i’er
364 2619 534 2647 collationem
551 2618 585 2646 tl.
601 2618 703 2646 Tullius
718 2617 811 2645 delinit
829 2612 958 2653 pe‘cunias

150 2666 302 2700 _accepisse
322 2663 451 2697 Verrem,
465 2671 526 2692 cum
546 2663 669 2696 comites,
689 2665 758 2691 socii
785 2662 954 2697 ministrique

166 2712 296 2747 pecunias
307 2710 469 2746 acceperint.
484 2709 603 2738 Comites
617 2709 665 2743 illi,
680 2709 776 2744 inquit,
794 2708 833 2736 tui
860 2715 955 2736 manus

152 2764 243 2797 erant
259 2763 323 2788 tute.
333 2757 397 2786 Item
412 2757 440 2785 in
455 2757 510 2785 alio
524 2756 647 2791 exemplo
671 2763 733 2783 cum
748 2755 877 2790 qumritur
892 2754 957 2789 quid

166 2806 203 2832 sit
215 2805 353 2839 inimicas,
364 2804 479 2832 dicimus
494 2802 631 2830 inimicum
644 2809 705 2829 esse
717 2808 780 2829 eum
795 2800 841 2836 qui
854 2800 957 2835 aliquid

167 2851 229 2880 mali
243 2852 352 2879 molitus
364 2850 416 2883 sit;
431 2856 463 2877 ac
484 2848 580 2877 Cicero
601 2847 748 2876 collatione
772 2852 850 2875 utens
872 2845 956 2874 dicit:

167 2899 294 2927 iuiinisns
307 2903 348 2926 est
360 2897 406 2933 qui
420 2896 484 2926 facit
495 2900 587 2925 centu
607 2896 728 2927 omnium
741 2902 812 2928 rem,
837 2893 959 2927 volunta-

166 2952 233 2984 tem,
248 2947 385 2979 honorem.
403 2944 570 2980 dignitatem.
582 2943 622 2972 Es
635 2942 732 2981 quibus
745 2941 895 2981 collipimus
906 2939 957 2969 hu.

1009 2337 1156 2365 rationibus
1167 2333 1349 2371 supponendis
1362 2333 1422 2360 talis
1442 2332 1524 2359 dictio
1541 2330 1676 2366 componi,
1694 2338 1753 2358 cum
1771 2330 1801 2356 li-

1009 2382 1072 2410 dem
1095 2381 1164 2408 alius
1179 2383 1278 2412 servet,
1297 2378 1410 2406 inﬁdelis
1424 2378 1458 2404 sit
1480 2376 1558 2403 alius.
1576 2375 1651 2403 Nulla
1671 2375 1801 2402 dubitatio

1009 2433 1050 2457 est
1063 2428 1127 2463 quin
1142 2426 1185 2454 tali
1200 2426 1289 2453 animo
1299 2430 1376 2460 prout
1405 2424 1473 2450 inter
1488 2430 1516 2450 se
1527 2416 1613 2449 affecti
1630 2420 1729 2448 inimici
1741 2426 1801 2447 esse

1009 2475 1165 2504 credantur.
1179 2473 1244 2501 item
1261 2471 1384 2506 religioso
1407 2470 1465 2497 viro
1487 2468 1652 2504 irreligiosus
1675 2465 1800 2492 inimicus

1010 2527 1062 2551 est.
1079 2521 1139 2549 Alia
1153 2527 1217 2556 ergo
1240 2519 1263 2547 si
1282 2526 1316 2547 ex
1330 2518 1444 2545 diversis
1465 2516 1561 2544 studiis
1579 2520 1604 2542 et
1619 2507 1801 2540 voluntatiluis

1011 2567 1147 2604 supposita
1172 2565 1338 2597 dicerentur,
1363 2562 1422 2590 sola
1444 2566 1516 2589 esset
1542 2557 1717 2594 approbatio,
1747 2561 1801 2604 non

1009 2601 1090 2644 etiam
1105 2611 1230 2642 deductio
1244 2609 1351 2646 generis
1366 2609 1391 2636 in
1408 2608 1542 2643 speciem;
1559 2611 1587 2632 at
1602 2612 1662 2631 cum
1679 2610 1748 2629 nunc
1764 2601 1799 2629 ita

1010 2661 1126 2690 nectitur
1141 2659 1222 2686 dictio
1234 2678 1242 2692 ,
1258 2656 1337 2685 fidem
1359 2655 1554 2683 sanctissimam
1576 2651 1601 2679 in
1623 2651 1674 2677 vita
1689 2650 1733 2684 qui
1749 2646 1799 2684 [iii-

1000 2695 1067 2740 rtat,
1083 2705 1239 2740 religionem
1253 2700 1392 2731 colendam
1409 2708 1469 2728 esse
1484 2697 1662 2729 existimatis,
1678 2696 1736 2723 sine
1752 2692 1799 2740 dil-

1012 2735 1195 2782 bio'inimicus
1208 2754 1250 2778 est
1265 2750 1290 2777 ei
1303 2749 1349 2785 qui
1362 2749 1421 2775 lana
1435 2745 1577 2781 spoliavit,
1597 2741 1685 2771 omnia
1701 2735 1799 2775 teinpla

1010 2800 1138 2832 violavit,
1153 2797 1264 2826 delubra
1280 2795 1383 2832 polluit.
1399 2792 1446 2821 ilic
1461 2791 1541 2832 etiam
1558 2784 1650 2818 Verris
1667 2788 1736 2816 idem
1761 2784 1801 2813 fd-

1010 2852 1084 2877 ctnm
1097 2829 1136 2873 de?
1145 2851 1198 2881 quo
1213 2829 1340 2882 quaeritur
1369 2839 1404 2868 ita
1425 2829 1577 2874 specialiter
1598 2833 1751 2882 continetur
1773 2835 1801 2860 ut

998 2878 1166 2933 Linclu'ditur',
1180 2892 1209 2919 ut
1221 2878 1302 2917 simul
1315 2878 1375 2933 cum
1391 2881 1584 2933 approbatione
1600 2887 1627 2911 et
1640 2878 1800 2933 deductione

1008 2920 1115 2976 seueris
1130 2920 1288 2971 inspeciem
1303 2920 1560 2963 clausumteuealtir
1571 2933 1578 2963 ;
1590 2929 1651 2966 post
1675 2920 1804 2966 adiungis
