4056 6330
541 341 643 399 895

1755 332 1864 390 ΔΝ.
1905 329 2112 388 MANL.
2155 327 2305 386 ξεν.
2351 329 2569 386 ΒΟΕΊἮ

3709 322 3811 379 896

541 469 646 525 tur,
679 468 732 514 ut
760 436 1022 521 dixiuius,
1051 453 1343 511 destructio
1368 450 1702 508 diliinitionis
1728 462 1968 506 adversa:
1997 463 2119 518 par-
2151 451 2198 508 Α
2229 448 2378 502 color
2420 463 2588 516 genus
2632 454 2716 502 est
2757 447 2820 502 ad
2873 447 2972 502 hoc
3018 447 3086 502 de
3128 459 3232 516 quo
3263 458 3445 518 quaero
3467 486 3483 510 ,
3515 442 3695 499 album
3729 448 3810 498 vel

542 560 646 627 tis,
681 558 774 613 sed
808 571 899 625 per
930 554 1370 617 concessionem,
1416 550 1466 604 id
1507 557 1589 604 est
1632 547 1885 602 similium
1908 585 1923 613 ,
1964 561 2030 598 an
2075 544 2119 597 si

542 662 728 709 contra
757 665 869 705 rem
897 663 1070 704 meam
1104 646 1318 702 fecisset
1351 643 1602 713 injuriam
1636 642 1827 710 aliquis
1849 680 1862 702 ,
1903 638 2024 709 jure
2070 637 2122 692 ei

543 761 629 800 me
658 743 932 797 inimicum
977 754 1097 795 esse
1145 736 1469 807 profiterer?
1516 735 1786 788 Ponamus
1830 731 1988 800 igitur
2028 729 2122 782 ad.

542 851 706 890 ver.~:e
753 835 920 904 partis
965 832 1342 887 dil'linitionem
1391 828 1552 882 talem
1581 844 1593 879 :
1620 826 1917 880 Inimicitiae
1961 830 2122 889 sunt,

543 943 660 982 cum
691 933 877 981 contra
911 939 1021 978 rem
1069 936 1240 976 meam
1279 929 1368 974 aut
1415 918 1542 973 fecit
1586 917 1810 986 aliquis,
1857 923 1946 968 aut
1987 914 2124 968 dixit

543 1021 811 1092 iniuriam.
849 1019 994 1074 Hanc
1025 1016 1403 1071 diltinitionem
1436 1013 1512 1067 sic
1536 1011 1764 1065 destruit
1793 1008 1864 1062 Μ.
1891 1007 2118 1074 Tullius,

545 1125 601 1169 ut
627 1126 885 1168 concesso
915 1126 980 1165 eo
1009 1109 1150 1179 quod
1184 1108 1252 1161 ita
1283 1115 1367 1162 est
1393 1104 1677 1159 difﬁnitum
1701 1143 1716 1168 ,
1769 1103 2117 1157 nihilominus

541 1215 596 1261 et
623 1205 732 1258 alio
763 1205 920 1256 modo
949 1201 1059 1254 sint
1090 1197 1383 1253 inimicitia:
1403 1236 1418 1262 ,
1447 1210 1567 1250 cum
1593 1192 1783 1262 aliquis
1815 1194 1968 1246 faciat
1995 1207 2124 1249 con-

544 1305 622 1351 tra
650 1294 888 1350 omnium
915 1307 1053 1355 rem,
1083 1291 1340 1344 honorem
1363 1297 1417 1342 et
1440 1287 1771 1356 dignitatem.
1798 1285 1944 1340 Talis
1965 1286 2124 1354 igitur

541 1400 756 1455 semper
780 1386 919 1438 circa
954 1383 1279 1436 rhetoricam
1320 1378 1697 1434 diﬂinilionem
1757 1391 1850 1446 per
1881 1379 2122 1432 membra

540 1490 772 1551 quatuor
798 1487 1023 1534 testetur
1049 1477 1221 1532 oratio
1255 1489 1268 1527 :
1301 1484 1357 1528 ut
1385 1474 1456 1527 sit
1491 1471 1774 1534 difﬁnitio,
1809 1470 2124 1539 approbatio

539 1571 893 1634 dil‘iinitionis,
918 1568 1170 1623 deductio
1197 1564 1529 1620 deliuitionis
1550 1563 1615 1618 ad
1638 1563 1870 1633 speciem
1891 1605 1913 1628 ,.
1929 1563 2124 1620 deinde

540 1674 806 1734 postrema
837 1660 1133 1716 destructio
1159 1657 1500 1712 dil'ﬁnitionis
1527 1657 1694 1726 partis
1721 1655 1996 1721 advers-.r;
2029 1656 2123 1711 sed

540 1756 656 1810 haec
687 1765 809 1824 apta
841 1753 1157 1812 rhetoricis,
1192 1765 1298 1804 non
1325 1749 1485 1803 etiam
1518 1747 1854 1816 philosophis
1884 1762 2006 1802 esse
2038 1749 2117 1801 vi-

2225 543 2434 608 nigrum
2459 582 2472 605 ,
2509 539 2619 610 jam
2653 540 3020 595 substantialis
3049 541 3151 595 erit
3178 538 3428 594 dilﬁnitio
3468 553 3589 606 quae
3625 537 3812 606 incipit

2227 648 2255 686 a
2284 646 2484 702 genere
2508 675 2522 696 ,
2557 641 2611 687 et
2640 633 2718 686 sic
2748 642 2942 687 caetera
2971 634 3262 690 connectit.
3294 632 3418 687 llaec
3444 631 3812 685 substantialis

2225 739 2344 780 esse
2369 726 2600 792 dicetur,
2636 735 2690 780 et
2721 725 2834 779 haec
2865 727 3074 796 propria
3097 767 3114 792 ,
3142 737 3196 781 et
3228 726 3342 781 lucc
3372 727 3594 793 integra.
3628 726 3753 779 Haec
3780 741 3810 778 a

2228 816 2562 886 philosophis
2599 817 2851 886 probata,
2889 820 2958 873 ita
2992 831 3046 872 ut
3074 818 3182 874 alio
3212 819 3372 873 modo
3401 818 3534 871 facta
3563 817 3814 870 dillinitio

2234 924 2508 979 nunquam
2541 925 2662 966 esse
2688 911 2928 978 dicatur;
2961 927 3145 968 verum
3172 927 3200 966 a
3231 911 3544 982 quibusdam
3587 912 3690 966 hoc
3721 925 3811 963 no-

2231 1017 2352 1057 men
2389 1003 2551 1058 etiam
2580 1003 2646 1057 ad
2677 1004 2777 1058 alia
2811 1019 2932 1074 quae
2959 1004 3068 1058 alio
3095 1005 3254 1059 modo
3283 1003 3638 1065 dillininntur.
3669 1017 3815 1067 sepe

2231 1096 2570 1152 transfertur.
2598 1097 2736 1166 Ergo
2762 1097 2876 1152 bmc
2894 1099 3264 1153 substantialis
3281 1097 3529 1152 diflinitio
3549 1111 3578 1149 a
3599 1096 3667 1150 Μ.
3687 1094 3813 1148 Tul-

2231 1188 2305 1244 lio
2335 1191 2411 1244 sic
2440 1191 2756 1260 explicatur.
2798 1192 3061 1262 Oporlere
3105 1207 3202 1246 nos
3244 1194 3416 1261 po~ito
3453 1205 3651 1261 genere
3694 1189 3812 1259 ejus

2232 1285 2307 1338 rei
2339 1283 2409 1339 de
2435 1301 2535 1354 qua
2565 1287 2842 1355 quarritur,
2866 1285 3191 1356 subjungere
3216 1287 3453 1355 species,
3483 1296 3538 1340 ut
3561 1285 3665 1338 alia
3695 1298 3811 1352 qua

2231 1379 2408 1434 vicina
2437 1394 2557 1436 esse
2607 1383 2814 1450 possint
2853 1380 3102 1434 discretis
3145 1379 3612 1434 communinnibus
3649 1391 3807 1444 sepa-

2229 1485 2446 1538 remus,
2478 1482 2524 1525 et
2561 1473 2743 1526 tandiu
2788 1474 3194 1540 interponamus
3235 1471 3602 1530 dill‘erentiss.
3643 1485 3809 1538 quan-

2231 1563 2320 1617 diu
2351 1564 2416 1620 ad
2449 1567 2722 1634 proprium
2755 1565 2871 1635 ejus
2911 1565 2978 1620 de
3022 1580 3130 1633 quo
3171 1564 3431 1632 quaeritur
3460 1563 3665 1632 signata
3695 1563 3810 1629 ejus

2230 1657 2578 1723 expressione
2610 1656 2904 1710 veniamus.
2938 1657 3052 1725 Ipse
3095 1657 3148 1709 in
3180 1655 3394 1722 Topicis
3414 1651 3657 1720 exempla
3680 1653 3810 1704 subt-

2227 1747 2377 1816 jecit.
2431 1747 2537 1802 Nos
2582 1763 2710 1803 vero
2742 1764 2809 1802 ne
2841 1749 2932 1802 liat
2962 1750 3012 1802 in
3059 1748 3322 1816 exemplis
3365 1745 3547 1801 lectori
3585 1760 3649 1799 ex
3692 1743 3809 1812 jura

539 1849 714 1903 detur.
760 1847 851 1902 Illa
890 1856 1067 1900 autem
1109 1860 1229 1914 qua":
1273 1842 1713 1913 philosophorum
1759 1844 1971 1912 propria
2000 1855 2120 1910 est,
2156 1833 2204 1894 Β
2231 1841 2506 1907 conlusio,
2562 1842 2662 1895 hoc
2715 1856 3077 1911 proponamus
3125 1841 3479 1909 exemplum:
3530 1838 3692 1892 homo
3731 1846 3807 1892 est

539 1943 700 1996 etiam
730 1939 1040 1994 oratoribus
1068 1936 1320 1992 convenit
1361 1950 1587 2004 eamque
1615 1934 1748 2002 sibi,
1780 1944 1834 1990 et
1860 1935 1926 1990 ad
1958 1946 2124 1991 mate-

539 2034 672 2090 riam
707 2047 893 2096 suam,
936 2042 991 2086 et
1028 2030 1095 2084 ad
1140 2029 1373 2098 propria:
1416 2038 1793 2082 ornamentum
1836 2027 2119 2095 dictionis,

538 2124 779 2193 adjuugit
808 2131 1012 2176 orator.
1045 2121 1234 2175 Omnia
1263 2121 1405 2173 enim
1441 2127 1588 2174 recte
1648 2127 1831 2172 orator
1872 2119 2124 2188 exprimit

538 2231 658 2284 qua:
689 2215 896 2268 suntin
941 2211 1171 2267 dicendo
1214 2209 1678 2279 philosophorum.
1725 2209 1855 2263 Nam
1897 2217 1953 2264 et
1996 2225 2122 2264 vero

539 2307 708 2360 utitur
755 2313 1117 2375 argumento,
1171 2303 1313 2371 quod
1365 2311 1448 2357 est
1502 2299 1941 2370 philosophorum
1996 2317 2120 2368 pro-

535 2399 744 2470 prium,
781 2398 948 2452 utitur
977 2396 1140 2450 etiam
1175 2393 1503 2449 necessario.
1552 2392 1621 2446 At
1647 2404 1834 2446 contra
1881 2392 2118 2460 philoso-

536 2491 676 2560 phus
722 2489 778 2546 in
827 2486 1282 2557 disputationibus
1327 2484 1559 2554 propriis
1604 2482 1882 2538 rhetorum
1930 2493 2120 2538 cuncta

534 2583 898 2646 condemnat,
931 2594 1106 2649 neque
1134 2578 1276 2633 enim
1305 2576 1546 2644 adjungit
1575 2573 1861 2644 aliquando
1889 2575 2121 2644 signum,

535 2689 712 2745 neque
740 2674 884 2744 quod
914 2672 1178 2729 credibile
1208 2671 1427 2735 dicitur,
1461 2679 1518 2723 et
1541 2683 1703 2723 omne
1734 2667 2006 2736 probabile
2034 2683 2126 2734 pe-

534 2770 678 2824 nitus
704 2782 736 2823 a
768 2769 963 2823 virtute
992 2767 1074 2820 sui
1106 2765 1378 2820 sermonis
1403 2761 1661 2817 excludit.
1701 2761 1840 2830 Ergo
1875 2760 2124 2816 dillinitio

533 2878 654 2933 quae
697 2870 779 2916 est
831 2860 1276 2932 philosophorum
1328 2857 1541 2927 pr0pria
1616 2856 1668 2909 in
1733 2855 1895 2910 rebus
1941 2854 2124 2922 expri-

535 2954 746 3013 mendis
774 2968 892 3023 qute
933 2953 1166 3022 explicat
1206 2951 1331 3020 quid
1376 2952 1478 3014 sit,
1521 2948 1678 3015 quale
1718 2947 1822 3012 sit,
1863 2947 2122 3016 quemad-

536 3044 758 3098 modum
802 3043 1060 3096 membris
1091 3042 1202 3094 suis
1233 3049 1482 3094 constare
1509 3039 1736 3105 debeat,
1765 3052 2116 3107 exponemus.

537 3134 896 3188 Diﬂinitiones
927 3147 1048 3188 esse
1083 3132 1340 3198 principia
1384 3130 1693 3198 disputandi
1742 3138 1798 3184 et
1836 3143 1997 3198 supra
2037 3130 2121 3184 di-

2233 1935 2432 1988 animal
2465 1935 2765 1999 rationale,
2796 1935 3022 1988 mortale
3042 1973 3059 1998 ,
3089 1942 3398 1999 terrenum,
3443 1931 3596 2000 bipes
3617 1968 3634 1994 ,
3675 1929 3808 1984 risus

2231 2044 2422 2096 capax.
2458 2029 2673 2083 Animal
2705 2045 2830 2082 cum
2873 2029 3074 2082 dictum
3120 2036 3202 2082 est
3240 2025 3536 2080 substantia
3584 2023 3808 2078 hominis

2230 2124 2498 2180 declarata
2525 2135 2626 2178 est.
2656 2124 2750 2179 Est
2778 2125 2922 2178 enim
2942 2164 2958 2186 .
2985 2132 3042 2177 ut
3067 2136 3225 2190 supra
3255 2121 3484 2176 diximus
3502 2161 3518 2184 ,
3542 2117 3608 2172 ad
3642 2116 3806 2172 honii.

2232 2235 2352 2274 nem
2384 2232 2554 2288 genus
2585 2219 2803 2284 animal,
2848 2233 3007 2271 omne
3037 2227 3214 2271 autem
3248 2228 3414 2280 genus
3459 2212 3655 2282 speciei
3696 2226 3804 2265 sine

2233 2311 2602 2364 substantialis
2633 2319 2718 2364 est
2745 2309 3066 2372 declaratio;
3092 2307 3186 2362 sed
3219 2305 3305 2359 hic
3335 2306 3530 2358 animal
3557 2304 3678 2372 quia
3708 2303 3805 2358 late

2233 2402 2466 2470 patebat,
2497 2400 2704 2470 adjecta
2732 2401 2941 2471 species
2970 2407 3052 2454 est
3079 2411 3347 2453 terrenum
3366 2437 3378 2458 ,
3400 2395 3510 2464 jam
3538 2394 3806 2452 exclusum

2231 2501 2346 2552 est.
2378 2491 2519 2561 quod
2549 2504 2638 2544 aut
2670 2506 2884 2544 aereum
2913 2499 3032 2553 est,
3063 2499 3155 2543 aut
3187 2487 3481 2542 humidum.
3512 2486 3669 2554 Bipes
3692 2500 3808 2540 vero

2233 2596 2449 2654 pr0pler
2497 2588 2598 2637 alia
2653 2584 2903 2636 animalia
2956 2582 3184 2652 positum
3232 2589 3317 2636 est
3379 2595 3500 2649 qua:
3575 2578 3809 2648 plurimis

2235 2676 2456 2743 pedibus
2485 2676 2804 2728 innituntur.
2851 2674 2981 2729 Item
3027 2674 3286 2728 rationale
3333 2681 3553 2742 promer
3584 2672 3668 2724 illa
3698 2685 3810 2738 qua

2238 2769 2442 2820 ratione
2474 2775 2655 2834 egent.
2692 2765 2914 2819 Mortale
2945 2772 3123 2818 autem
3156 2772 3374 2832 propter
3405 2761 3456 2815 id
3487 2761 3629 2830 quod
3677 2760 3810 2819 Deus

2236 2866 2340 2911 est.
2392 2856 2597 2920 Quibus
2672 2855 2922 2910 omnibus
2975 2855 3296 2910 animalibus
3358 2869 3479 2924 quae
3523 2857 3810 2915 convenire

2234 2957 2483 3018 poterant
2541 2948 2608 3003 ad
2652 2944 3036 3016 superiora'in
3068 2951 3310 3004 oratione
3356 2950 3526 3018 posita
3570 2949 3810 3007 discretis

2231 3052 2390 3109 atque
2435 3041 2681 3104 seclusis,
2714 3041 2982 3112 adjeixtum
3025 3052 3107 3097 est
3149 3045 3421 3110 proprium
3448 3042 3498 3094 in
3528 3053 3680 3108 parte
3723 3055 3808 3108 po-

2230 3143 2461 3198 strema,
2511 3143 2595 3188 est
2637 3135 2780 3188 enim
2826 3135 2998 3188 solum
3049 3133 3281 3188 bomiuis
3322 3134 3464 3202 quod
3509 3136 3670 3188 ridet.
3721 3134 3807 3188 Sic

533 3225 744 3289 ximus,
773 3233 828 3278 et
857 3224 927 3278 Μ.
962 3223 1169 3276 Tullius
1200 3221 1420 3290 probat,
1454 3231 1564 3276 tum
1599 3223 1648 3274 in
1683 3220 1911 3290 dialogis
1938 3222 2116 3276 omni-
2151 3211 2196 3275 C
2229 3224 2464 3294 perfecta
2504 3228 2650 3280 omni
2693 3244 2758 3280 ex
2805 3239 2955 3296 parte
3003 3228 3257 3282 dilliuitio
3299 3238 3383 3283 est
3429 3227 3496 3282 ad
3543 3228 3808 3284 hominem

536 3317 670 3380 bus,
701 3325 810 3369 tum
840 3315 1000 3369 etiam
1034 3315 1086 3368 in
1125 3328 1190 3368 eo
1231 3313 1370 3368 libro
1413 3313 1503 3382 qui
1543 3313 1742 3382 Topica
1786 3314 2114 3380 inscribitur,

534 3407 587 3462 in
640 3422 745 3475 quo
794 3407 952 3463 docet
1001 3408 1234 3474 primum
1286 3416 1728 3473 argumentorum
1773 3407 1950 3460 locum
1996 3423 2116 3464 esse

531 3496 908 3552 difﬂuitionem
932 3539 947 3564 ,
982 3497 1083 3553 boc
1108 3509 1223 3562 est,
1250 3512 1280 3552 a
1313 3506 1425 3550 toto
1445 3539 1459 3562 ,
1492 3499 1576 3553 cui
1608 3499 1726 3554 loco
1754 3501 1842 3569 qui
1871 3504 2113 3571 appella-

531 3599 616 3644 tur
645 3603 673 3642 a
707 3599 818 3644 toto
850 3588 1154 3644 necessario
1179 3588 1480 3643 adhibenda
1512 3600 1595 3645 est
1624 3590 1908 3659 dil'tinitio,
1955 3606 2009 3649 ut
2042 3595 2113 3651 ita

528 3684 826 3752 argumenti
853 3683 1003 3739 locus
1029 3697 1056 3734 a
1089 3690 1204 3736 toto
1232 3684 1299 3736 sit
1325 3680 1597 3739 diltinitio.
1632 3685 1798 3740 Porro
1819 3726 1834 3753 ,
1869 3696 1927 3741 ut
1951 3703 2112 3758 supra

527 3775 617 3829 dix
641 3789 790 3837 mus,
839 3773 1140 3840 explicandi
1185 3776 1482 3842 argumenti
1527 3775 1666 3843 quod
1694 3790 1724 3829 a
1754 3785 1864 3830 toto
1916 3788 1999 3832 est
2043 3779 2120 3833 di-

529 3864 668 3918 citur
696 3863 969 3916 difﬁnitio.
1005 3863 1145 3930 Ergo
1174 3863 1458 3931 praeceptis
1483 3874 1536 3918 et
1563 3864 1968 3920 dialecticorum
1999 3868 2112 3936 phi-

532 3953 989 4022 losopltorumque
1018 3953 1255 4007 onmium
1290 3953 1417 4007 illud
1465 3964 1650 4008 tenere
1680 3955 1937 4011 debemus
1959 3976 2111 4023 ,‘ll0ll

528 4063 649 4104 esse
688 4048 1098 4116 difﬁnitionem,
1146 4048 1245 4101 nisi
1290 4047 1460 4101 solam
1505 4064 1624 4113 quae
1665 4048 1715 4102 in
1760 4064 1822 4103 ea
1853 4065 1910 4103 re
1951 4067 2112 4120 quam

532 4143 755 4198 delinire
785 4145 1032 4196 volumus
1055 4186 1070 4210 ,
1105 4141 1252 4209 prius
1280 4157 1440 4208 quam
1481 4141 1598 4210 ejus
1635 4142 1712 4196 rei
1753 4157 1873 4197 esse
1914 4145 2113 4199 intelli-

527 4237 703 4308 gimus
723 4280 737 4305 ,
770 4237 1010 4292 declaret
1036 4246 1199 4305 atque
1229 4236 1480 4291 ostendat
1511 4237 1886 4293 substantiam.
1919 4241 2028 4295 Hoc
2058 4251 2116 4296 ut

529 4332 768 4399 apertius
813 4329 926 4393 ﬁat,
969 4328 1284 4382 docebimus
1331 4329 1526 4382 nullam
1573 4344 1696 4384 esse
1737 4328 2110 4387 dillinitionem

528 4431 752 4485 certam,
782 4421 1068 4490 integram,
1102 4419 1526 4490 approbaudam,
1561 4420 1661 4475 n‘si
1692 4436 1808 4476 eam
1839 4439 1997 4491 quam
2026 4426 2108 4478 di-

528 4525 651 4569 cant
682 4515 986 4582 pliiloSOphi
1016 4513 1456 4578 substmtialeni,
1501 4514 1688 4568 Graece
1727 4515 1974 4578 οὐσιῶδης
2019 4533 2110 4586 ap-

2225 3319 2633 3388 declarandnm,
2665 3336 2808 3388 cum,
2845 3323 3017 3389 posito
3046 3337 3266 3390 genere,
3304 3321 3534 3376 exclusis
3565 3322 3808 3376 oninibus

2225 3429 2322 3482 per
2352 3413 2688 3470 diﬂerenlias
2730 3432 2850 3486 qua:
2897 3426 3148 3485 poterant
3193 3419 3524 3480 convenire,
3573 3416 3638 3469 ad
3692 3431 3804 3484 pro.

2227 3506 2507 3574 prietatcm
2537 3508 2652 3577 ejus
2708 3508 2776 3563 de
2806 3524 2913 3577 quo
2941 3511 3283 3576 qua-rebatur
3329 3509 3572 3578 pervenit
3609 3509 3799 3563 oratio.

2223 3600 2400 3668 Atque
2429 3600 2530 3656 hoc
2564 3610 2887 3672 praeceptum
2921 3603 3222 3658 Tullianum
3251 3612 3367 3672 est,
3403 3617 3642 3673 eousque
3684 3617 3802 3657 eum

2222 3691 2312 3760 qui
2344 3690 2571 3746 diillniat
2601 3696 2845 3748 oratione
2901 3697 3246 3764 interponere
3292 3708 3346 3750 et
3386 3696 3620 3762 adjicere
3658 3693 3799 3748 dilic-

2225 3787 2425 3840 rentias
2471 3798 2752 3853 Oportere,
2794 3803 3076 3858 quousque
3139 3789 3205 3843 ad
3250 3791 3629 3858 proprietatem
3689 3805 3800 3858 qum

2218 3877 2328 3942 jam
2369 3883 2670 3932 communis
2711 3895 2831 3934 esse
2875 3897 2978 3934 non
3053 3883 3220 3950 possit
3278 3897 3457 3936 sermo
3503 3883 3792 3951 perveniat.

2228 3969 2423 4024 Verum
2447 3973 2765 4027 Aristoteles
2791 3973 3162 4031 difﬁnitionem
3194 3991 3274 4044 per
3293 3975 3482 4030 lectam
3512 3987 3567 4030 et
3599 3977 3799 4046 plenam

2222 4062 2296 4114 ait
2327 4063 2620 4118 censistere
2650 4081 2716 4119 ex
2761 4081 2959 4133 genere
2999 4078 3053 4122 et
3097 4068 3436 4123 diﬂerentiis.
3490 4069 3565 4123 Ex
3611 4084 3800 4139 genere

2222 4155 2381 4208 etiam
2411 4167 2462 4209 et
2491 4156 2803 4211 dill'erentiis
2833 4158 2933 4213 hoc
2962 4159 3102 4213 idem
3146 4174 3244 4214 nos
3284 4175 3445 4222 supra
3488 4161 3800 4226 docuimus,

2221 4262 2340 4301 cum
2395 4248 2708 4310 interposita
2763 4251 2975 4316 species
3041 4250 3343 4307 differentia
3386 4266 3480 4306 sua
3543 4252 3643 4307 alia
3688 4267 3800 4322 qua

2222 4351 2444 4408 possunt
2486 4356 2605 4394 esse
2655 4343 2959 4396 consimilia
3008 4355 3304 4412 separaret.
3349 4343 3580 4410 Quidam
3628 4357 3799 4399 tamen

2218 4431 2486 4485 cautiores
2542 4433 2916 4502 plenioresque
2955 4435 3006 4489 in
3049 4437 3296 4491 docendo
3345 4436 3681 4491 diftinitiunis
3723 4439 3797 4506 ip.

2221 4523 2332 4575 sius
2363 4540 2467 4589 qua
2501 4523 2514 4576 i
2545 4525 2788 4588 quaedam
2835 4527 3074 4580 membra
3113 4527 3477 4595 constituunt,
3521 4528 3798 4597 dicuntun

531 4607 778 4675 pellatur.
825 4605 958 4672 Quid
992 4615 1170 4660 autem
1219 4606 1574 4660 substantiale
1619 4607 1722 4671 sit,
1764 4608 1892 4662 alibi
1933 4581 2334 4678 epri-Deam
2389 4614 2686 4682 perfectam
2739 4616 3121 4672 tlillinitionem
3179 4621 3334 4673 istam
3383 4581 3541 4689 quam
3597 4581 3798 4690 appello

527 4697 781 4752 candutn.
845 4697 922 4750 Ad
971 4697 1334 4766 cognitionem
1395 4697 1608 4750 interim
1670 4697 1797 4752 illud
1849 4701 2109 4769 accedat,

532 4789 741 4858 quaties
773 4787 840 4842 de
869 4789 1045 4854 aliquo
1077 4789 1334 4856 quaeritur
1360 4789 1485 4857 quid
1515 4791 1618 4854 sit,
1653 4798 1776 4844 tunc
1807 4806 1964 4860 posse
1992 4810 2112 4850 es<e

523 4891 727 4936 certam
757 4895 821 4935 ac
851 4880 1263 4934 substantialetn
1292 4879 1671 4936 difﬁnitionem
1693 4922 1708 4948 ,
1739 4884 1951 4952 quoties
1994 4885 2112 4954 ejus

523 4971 600 5027 rei
627 4971 692 5025 de
722 4985 826 5040 qua
855 4972 1137 5040 quaeritur,
1170 4979 1224 5023 ut
1253 4969 1503 5036 diximus,
1539 4987 1710 5039 genus
1739 4975 1987 5041 ponimus
2013 5016 2027 5040 ,
2057 4987 2111 5031 et

522 5067 648 5122 inde
687 5077 883 5121 caetera
925 5080 1019 5133 per
1059 5063 1386 5119 dill'erentias
1426 5065 1480 5118 in
1521 5066 1768 5121 oratione
1813 5068 2102 5139 subjungi-

523 5174 663 5216 ntus.
710 5161 825 5214 Non
870 5159 1099 5215 alienum
1150 5156 1357 5212 videtur
1399 5159 1706 5227 exemplum
1756 5175 1997 5230 ponere,
2052 5175 2106 5218 et

521 5254 602 5311 sic
638 5254 703 5308 ad
745 5255 952 5323 reliqua
980 5269 1097 5321 qua:
1125 5264 1249 5308 sunt
1281 5253 1507 5308 obscura
1541 5255 1794 5312 transire.
1839 5255 2108 5322 Quaeritur

522 5344 685 5402 homo
712 5348 836 5417 quid
867 5349 968 5412 sit,
1003 5346 1122 5402 huic
1161 5349 1342 5416 utique
1381 5361 1549 5417 genus
1588 5357 1672 5403 est
1715 5347 1934 5404 animal.
1972 5351 2102 5407 Cum

523 5439 684 5510 igitur
723 5442 774 5493 in
809 5437 1128 5493 diiﬁnitione
1164 5453 1282 5508 qum
1319 5438 1601 5507 explicabo
1637 5439 1760 5509 quid
1800 5441 1872 5495 sit
1913 5442 2102 5509 homo,

519 5532 718 5589 animal
761 5532 984 5599 dixero,
1024 5548 1088 5587 ac
1124 5532 1319 5589 deinde
1367 5535 1568 5604 reliqua
1610 5544 1960 5600 connectatn,
2004 5536 2104 5589 erit

521 5627 892 5683 subStantialis
938 5624 1212 5681 dilliuitio.
1263 5625 1628 5682 Substantiam
1680 5627 1821 5681 enim
1871 5627 2103 5683 hominis

520 5717 796 5772 declaravi
821 5731 942 5774 eum
973 5717 1086 5771 dixi
1115 5717 1330 5772 animal.
1360 5715 1491 5773 Item
1517 5731 1639 5771 cum
1671 5732 1849 5787 qumro
1879 5716 2004 5788 quid
2033 5719 2102 5773 sit

531 5806 710 5865 album
743 5819 834 5867 aut
866 5813 1083 5878 nigrum
1104 5850 1120 5876 ,
1150 5810 1197 5867 si
1225 5811 1409 5868 dixero
1437 5809 1615 5868 album
1644 5819 1729 5867 est
1767 5812 1934 5880 color,
1978 5814 2100 5879 quia

2217 4705 2627 4761 substantialem
2663 4722 2727 4762 ex
2759 4709 2993 4776 quinque
3028 4692 3270 4778 partibus
3293 4752 3308 4776 ,
3341 4712 3390 4766 id
3420 4723 3502 4768 est
3525 4753 3541 4778 ,
3577 4729 3797 4782 genere,

2216 4797 2409 4863 Specie
2431 4839 2445 4863 ,
2479 4797 2778 4854 dili‘erenlia
2802 4842 2818 4867 ,
2859 4801 3142 4862 accidenti,
3183 4803 3420 4872 proprio,
3451 4805 3650 4862 debere
3677 4821 3796 4862 con-

2227 4889 2443 4942 sistere.
2531 4889 2634 4945 Sed
2717 4893 2964 4948 accidens
3017 4895 3068 4948 in
3121 4895 3439 4951 difﬁtiitione
3506 4902 3796 4968 minimum,

2218 4988 2504 5050 proprium
2551 4985 2834 5050 plurimum
2884 4987 3046 5042 valet.
3080 4989 3144 5044 Et
3175 5000 3318 5046 recte
3345 4990 3558 5061 quidem
3587 5009 3649 5049 ac
3679 5009 3796 5052 vers

2222 5074 2328 5126 ista
2365 5088 2822 5146 commemorant,
2868 5095 2965 5134 nec
2998 5081 3168 5136 aliena
3191 5122 3205 5147 ,
3244 5092 3336 5136 aut
3365 5098 3394 5138 a
3435 5083 3677 5155 principe
3712 5085 3795 5139 ba-

2222 5182 2354 5221 rum
2391 5171 2588 5223 artium
2622 5171 2839 5225 Aristoti
2861 5172 2910 5227 le
2932 5215 2947 5240 ,
2980 5183 3072 5228 aut
3096 5191 3125 5229 a
3153 5174 3220 5229 Μ.
3255 5175 3430 5230 Tullio
3455 5178 3545 5249 qui
3583 5178 3652 5234 de
3692 5177 3795 5235 istis

2227 5271 2510 5331 praecepta
2540 5264 2872 5319 tradiderunt
2897 5267 3180 5334 judicanda
3223 5279 3367 5324 sunt.
3402 5270 3627 5326 Consm
3661 5273 3795 5332 enim

2235 5351 2318 5406 his
2361 5355 2600 5424 uuinque
2651 5359 2890 5425 partibus
2937 5359 3099 5414 veluti
3150 5363 3406 5418 membris
3451 5364 3561 5419 suis
3601 5364 3795 5434 integra

2227 5443 2518 5509 difﬁnitio;
2555 5461 2740 5501 verum
2763 5459 2818 5503 et
2845 5449 3182 5519 Aiistoteles,
3203 5454 3252 5505 iu
3284 5452 3436 5508 libris
3461 5455 3795 5524 quosTopica

2225 5535 2553 5603 appellavit,
2606 5537 2793 5591 docuit
2842 5540 2968 5606 quid
3019 5557 3187 5610 genus
3230 5542 3333 5611 sit,
3382 5545 3507 5614 quid
3559 5548 3794 5616 spec-ica,

2235 5629 2361 5698 quid
2394 5628 2688 5685 differentia
2710 5672 2726 5698 ,
2757 5633 2890 5701 quid
2923 5637 3196 5705 prOprium
3217 5680 3232 5706 ,
3270 5648 3325 5692 et
3362 5640 3488 5708 quid
3528 5640 3790 5694 arridens.

2235 5719 2301 5774 Et
2334 5719 2547 5789 plurimi
2579 5729 2837 5790 praeterea
2871 5723 3170 5795 philosophi
3215 5727 3364 5783 libris
3391 5742 3503 5782 suis
3533 5730 3790 5799 complexi

2227 5812 2417 5869 barum
2470 5815 2575 5867 vim
2622 5827 2800 5871 rerum
2849 5826 2898 5870 et
2939 5818 3231 5883 potentiam
3279 5819 3635 5877 declararunt.
3686 5820 3787 5879 Nos
