4056 6330
232 382 325 440 597

1441 381 1639 444 LIBER
1683 382 1768 440 DE
1811 379 2283 442 DlH‘lNlTlONE.

3403 382 3505 433 85‘;

232 501 350 571 quia
377 501 488 568 jam
522 513 630 554 uno
663 497 803 555 libro
831 507 887 554 et
914 498 982 556 de
1012 498 1095 555 his
1128 499 1363 570 quinque
1402 501 1563 552 rebus
1603 498 1803 568 plenis-
1835 497 1886 558 Α
1911 509 2039 548 hum
2071 503 2246 549 autem
2291 495 2427 546 ultra
2455 493 2597 562 quod
2652 481 2894 548 debitum
2932 501 3016 548 est
3065 490 3313 556 facimus,
3361 505 3503 561 pra:-

233 592 362 646 time
391 591 811 658 disputavimus,
844 605 911 647 ne
938 606 1026 647 res
1055 591 1131 646 rei
1164 590 1474 659 interposita
1504 588 1805 644 obscurita-

234 689 336 742 tem
365 684 566 755 pariat,
599 693 691 738 aut
712 684 853 738 dicta
880 692 1208 753 repetamus.
1241 682 1497 737 lectorem
1523 682 1589 736 ad
1616 682 1807 736 librum

233 779 322 851 qui
348 776 462 849 jam
492 779 726 847 scriptus
755 786 871 843 i-st,
900 777 944 831 si
972 776 1125 832 adest
1152 776 1200 831 ei
1233 775 1516 846 indigentia
1537 815 1551 840 ,
1594 775 1672 830 ire
1715 789 1808 830 vo-

234 869 444 932 lumus.
490 887 630 926 nunc
672 871 776 925 sibi
813 885 920 925 non
962 884 1084 924 esse
1124 869 1509 936 impedimento
1551 867 1692 937 quod
1722 866 1810 921 hic

234 965 658 1038 pratermissum
711 971 829 1027 est,
886 961 1294 1016 au‘madvertat.
1350 959 1406 1014 Id
1454 960 1595 1015 enim
1650 958 1811 1014 etiam

235 1057 344 1112 illis
390 1059 642 1110 omnibus
682 1055 909 1125 cognitis
953 1070 1017 1108 ex
1063 1062 1448 1123 praeceptorum
1493 1053 1814 1108 necessitate

236 1149 504 1207 retinebit.
540 1150 593 1203 ln
630 1152 872 1204 oratione
914 1148 1012 1203 ista
1053 1148 1386 1202 substantiali
1428 1147 1611 1201 tandiu
1653 1147 1817 1201 inter-

236 1255 435 1309 ponere
465 1241 722 1295 debemus
751 1240 961 1308 species
989 1249 1043 1292 et
1082 1240 1413 1294 dill'erentias
1450 1239 1684 1308 quandiu
1727 1255 1816 1292 se-

237 1332 403 1388 clusis
430 1332 680 1386 omnibus
705 1347 824 1400 qua:
857 1333 954 1386 IlOC
1001 1331 1138 1385 idem
1171 1347 1291 1386 tSSC
1321 1339 1560 1396 possunt,
1603 1345 1668 1384 eo
1698 1345 1817 1395 per-

237 1427 498 1487 veniatur,
541 1435 599 1479 ut
639 1435 935 1493 proprietas
971 1425 1078 1494 jam
1120 1435 1265 1480 certa
1298 1435 1556 1480 teneatur.
1588 1423 1656 1477 Μ.
1689 1422 1819 1477 Tul-

239 1515 337 1572 lius
389 1517 442 1570 in
473 1518 688 1585 Topicis
736 1517 824 1587 jus
878 1519 1036 1571 Civile
1088 1518 1258 1571 voluit
1306 1517 1572 1582 diflinire,
1624 1526 1708 1578 et,
1764 1523 1820 1569 ιιι

239 1611 473 1679 ορηιιιιίι
497 1651 511 1672 ,
541 1611 705 1678 carpit
735 1627 763 1663 a
793 1626 989 1678 genere
1016 1627 1027 1662 :
1061 1609 1194 1665 dixit
1233 1610 1376 1664 enim
1425 1611 1475 1664 in
1521 1609 1781 1678 principio
1802 1649 1818 1674 ,

238 1705 330 1762 lus
357 1704 514 1760 civile
543 1715 623 1759 est
650 1707 910 1774 aequitas,
941 1709 1039 1758 boc
1065 1705 1200 1772 juris
1228 1718 1395 1772 genus
1423 1712 1524 1758 est.
1558 1703 1660 1758 Sed
1692 1719 1821 1772 quo-

238 1798 380 1853 niam
413 1796 600 1879 eadem
633 1795 858 1863 aequitas
891 1811 1029 1850 nunc
1055 1796 1341 1850 constituta
1387 1807 1500 1859 est,
1545 1810 1686 1850 nunc
1731 1811 1822 1848 na-

1915 586 2088 639 smndi
2144 583 2516 639 benevolentia
2556 595 2610 642 et
2668 584 2998 654 benignitate
3047 582 3337 647 tribuendi,
3390 581 3506 637 haec

1915 678 2105 733 merita
2135 688 2526 746 nuncupantur.
2543 678 2825 733 Uouclusit
2848 677 3006 748 igitur
3027 687 3315 745 utrumque
3330 689 3501 745 genus

1919 771 2202 841 praestaudi
2252 788 2370 825 cum
2405 771 2558 835 dixit,
2602 771 2834 827 illustris
2875 781 2927 825 et
2952 778 3239 841 pervagata
3266 769 3402 823 fama
3433 771 3507 822 la-

1916 877 2121 921 ctarmn
2152 876 2207 921 et
2238 881 2685 935 praemaguorum,
2719 882 2841 921 cum
2869 864 2923 921 in
2953 865 3365 934 rempublicam,
3392 874 3502 920 tum

1920 958 2182 1013 inmunes
2213 963 2360 1012 cives
2392 958 2527 1012 fama
2561 959 2896 1013 meritorum.
2930 958 3005 1013 Ex
3039 957 3123 1012 bis
3148 956 3396 1013 omnibus
3425 971 3509 1010 aro

1924 1054 2092 1108 bitror
2137 1064 2378 1123 apertam
2424 1067 2546 1108 esse
2588 1067 2706 1106 eam
2765 1052 3165 1120 diflinitionem,
3214 1067 3335 1122 quae
3387 1051 3510 1105 sub-

1924 1137 2188 1200 stantialis
2229 1147 2560 1213 essedebet,
2590 1149 2669 1201 sic
2712 1161 2833 1201 esse
2876 1145 3183 1214 dicendam,
3216 1155 3273 1198 ut
3312 1158 3507 1214 propo-

1927 1239 2029 1295 sito
2081 1239 2198 1307 ejus
2250 1239 2325 1292 rei
2370 1239 2438 1293 de
2467 1254 2569 1308 qua
2601 1239 2855 1308 quaeritur
2891 1253 3109 1306 genere.
3155 1247 3210 1292 ct
3238 1234 3508 1305 adjunctis

1926 1331 2207 1400 speciebus
2236 1346 2357 1385 cum
2405 1330 2706 1385 dillerentia
2751 1345 2917 1399 usque
2948 1328 3013 1382 ad
3043 1332 3162 1392 eius
3207 1327 3506 1398 proprimn,

1929 1427 2158 1481 disclusa
2189 1426 2407 1480 omnino
2437 1425 2834 1490 communione,
2873 1426 3167 1480 veniamus.
3198 1425 3274 1480 Ac
3298 1423 3343 1478 si
3387 1423 3510 1478 veli-

1932 1535 2049 1574 tnus
2094 1519 2356 1586 judicium
2407 1520 2522 1574 veri
2573 1519 2910 1586 philosophis
2962 1518 3268 1572 auctoribus
3323 1516 3510 1588 sequi,

1931 1611 2073 1666 trulla
2105 1612 2308 1667 dicetur
2349 1611 2451 1665 alia
2496 1611 2755 1666 delinitio.
2804 1611 3015 1667 Etenim
3053 1610 3273 1678 reliqua:
3303 1610 3512 1664 intelle-

1929 1711 2071 1757 ctum
2104 1704 2276 1771 potius
2301 1703 2374 1756 rei
2418 1702 2676 1761 tribuunt.
2720 1719 2826 1758 non
2859 1700 3170 1768 plenissime
3198 1701 3322 1770 quid
3353 1702 3422 1754 sit
3451 1714 3512 1754 ea

1933 1810 2017 1849 res
2060 1795 2294 1849 adhibita
2341 1796 2585 1850 oratione
2633 1796 2938 1860 declarant;
2968 1802 3339 1848 verumtamen
3382 1808 3514 1861 quo-

242 1878 592 1956 turalis,jus
618 1900 794 1942 autem
825 1889 982 1943 civile
1023 1889 1247 1958 aequitas
1291 1898 1373 1943 est
1414 1889 1480 1941 ab
1521 1888 1824 1942 hominibus
1852 1878 1902 1940 Β
1929 1889 2070 1942 niam
2105 1887 2355 1942 translata
2401 1889 2620 1942 nomine
2664 1887 2826 1942 etiam
2856 1897 3068 1942 caetera:
3105 1885 3376 1938 orationes
3417 1883 3516 1938 hoc

239 1979 489 2036 instituta
512 2023 527 2047 ,
561 1980 681 2035 ideo
711 1980 939 2049 adjecit,
971 1981 1066 2037 Jus
1107 1981 1264 2034 civile
1308 1989 1391 2036 cst
1433 1984 1656 2051 :cquitas
1699 1997 1826 2034 con-

239 2075 450 2126 stitnta.
487 2072 666 2125 Posito
697 2086 929 2142 genere,
959 2071 1167 2140 adjecta
1198 2072 1378 2139 specie
1404 2073 1638 2141 speciem
1669 2072 1823 2125 aliam

238 2165 548 2234 separavit,
593 2164 798 2219 scilicet
842 2165 1157 2218 naturalem.
1207 2164 1311 2219 Sed
1364 2164 1616 2234 quoniam
1664 2163 1824 2217 etiam

237 2258 324 2328 jus
348 2260 588 2328 gentium
614 2260 838 2328 aequitas
862 2259 1150 2312 consututa
1175 2269 1296 2327 est,
1327 2272 1379 2314 et
1406 2273 1510 2312 non
1541 2269 1621 2312 est
1649 2268 1824 2311 tamen

237 2352 437 2416 civile,
469 2351 572 2419 adji
594 2361 737 2405 ctum
770 2349 820 2404 id
852 2350 990 2420 qund
1021 2365 1269 2420 separare
1301 2351 1556 2417 potuisset
1581 2350 1670 2419 jus
1700 2366 1829 2416 gen-

238 2444 374 2499 tium
411 2459 425 2498 :
455 2444 570 2506 bis,
600 2442 768 2514 inquit
804 2442 873 2495 Μ.
908 2441 1148 2510 Tullius,
1192 2441 1279 2510 qui
1321 2441 1561 2509 ejusdem
1602 2441 1830 2495 civitatis

236 2548 388 2593 Sunt.
427 2537 541 2602 Qua
585 2536 767 2607 specie
806 2536 1118 2604 interposita
1143 2575 1156 2596 ,
1193 2532 1284 2603 jus
1322 2535 1477 2589 civile
1519 2534 1825 2603 descripsit.

237 2627 340 2687 Est
366 2629 660 2683 etiamnum
693 2627 835 2697 quod
867 2643 987 2681 cum
1019 2626 1189 2680 altero
1233 2627 1397 2694 possit
1434 2641 1554 2681 esse
1589 2641 1831 2679 commu-

235 2733 349 2783 ne,
386 2720 487 2774 boc
519 2719 694 2787 ipsum
741 2719 882 2786 quod
922 2734 1084 2786 supra
1122 2718 1322 2772 dictum
1367 2729 1449 2772 est
1495 2717 1825 2772 universum.

235 2811 450 2872 Etenim
482 2813 802 2881 religionum
837 2813 945 2879 jnri
989 2822 1041 2866 et
1089 2827 1361 2866 sacrorum
1411 2812 1650 2865 omnium
1699 2826 1827 2864 con-

234 2904 404 2960 Venit.
433 2903 670 2973 Namque
691 2903 780 2974 jus
810 2903 1125 2971 religionum
1156 2903 1380 2972 aequitas
1409 2912 1523 2967 est,
1551 2912 1603 2956 et
1629 2902 1831 2956 consti-

237 3004 358 3051 tuta
389 2995 614 3062 aequitas
636 3034 652 3059 ,
683 2983 850 3050 et'bis
878 2994 1126 3049 omnibus
1153 2995 1240 3063 qui
1267 2993 1508 3062 ejusdem
1542 3001 1667 3074 sunt
1699 2992 1832 3045 civi-

235 3088 394 3145 tatis.
421 3085 525 3142 Sed
559 3086 689 3140 illud
716 3086 805 3156 jus
832 3102 939 3141 non
968 3087 1299 3155 appellamus
1322 3101 1444 3139 esse
1471 3084 1625 3139 civile
1646 3125 1659 3148 ,
1689 3083 1829 3152 quod

239 3187 334 3236 est
377 3180 720 3249 pnntilicum,
767 3180 870 3234 hoc
911 3181 1073 3251 igitur
1117 3189 1173 3233 ut
1219 3190 1397 3247 posset
1427 3179 1748 3245 excludere,
1779 3186 1834 3234 et

1932 1979 2072 2034 idem
2128 1979 2440 2050 imaginaria
2505 1979 2743 2034 dictione
2793 1978 3087 2034 retinentes
3138 1976 3249 2046 pari
3304 1975 3517 2029 nomine

1932 2079 2328 2140 nuncupantur,
2374 2081 2431 2124 ut
2459 2070 2808 2126 diffinitiones
2836 2069 3104 2137 dicantur,
3139 2067 3410 2136 ponendas
3432 2081 3518 2120 ar-

1931 2160 2100 2215 biror
2143 2163 2374 2230 reliquas
2421 2162 2650 2230 Species,
2685 2177 2791 2232 quo
2823 2160 3032 2214 facilius
3071 2168 3125 2214 et
3153 2156 3294 2228 quod
3338 2155 3519 2212 c:rteri

1930 2253 2110 2308 dicant
2134 2269 2292 2308 nosse
2325 2255 2624 2323 pOSsimus,
2655 2265 2714 2310 et
2764 2255 3097 2310 dilfinitionis
3137 2251 3349 2324 cognito
3387 2252 3522 2305 mul-

1943 2349 2112 2416 tiplici
2177 2350 2340 2402 modo
2385 2349 2572 2414 facile,
2617 2350 2692 2404 uti
2753 2363 2912 2416 supra
2962 2348 3162 2404 dictum
3207 2356 3324 2405 est.
3373 2343 3520 2400 dfli-

1935 2439 2116 2493 niendi
2149 2440 2345 2493 veritas
2373 2450 2666 2495 reseretur.
2717 2441 2783 2494 M.
2830 2440 3040 2496 Tullius
3089 2438 3143 2494 in
3195 2437 3407 2508 Topicis
3455 2435 3522 2494 de

1937 2528 2106 2582 tribus
2136 2528 2266 2583 locis
2293 2530 2478 2598 primis
2507 2539 2741 2584 tractans
2763 2545 2793 2584 a
2831 2539 2962 2593 toto,
2993 2545 3023 2584 a
3050 2529 3289 2599 partibus
3311 2544 3338 2581 a
3373 2536 3520 2592 nota,

1934 2636 2054 2676 cum
2085 2638 2114 2675 a
2167 2631 2278 2678 toto
2329 2633 2702 2694 argumentum
2745 2632 2849 2688 est,
2903 2632 2959 2677 ut
3013 2637 3175 2687 supra
3212 2620 3518 2687 docuimus,

1936 2715 2312 2770 diffinitionem
2341 2731 2464 2772 esse
2491 2715 2850 2771 adhibendam
2870 2714 3022 2779 dicit,
3052 2714 3162 2769 illic
3191 2713 3333 2768 enim
3367 2729 3522 2781 pont-

1939 2821 2022 2865 tur
2051 2824 2216 2878 genus
2267 2824 2372 2879 quo
2396 2809 2522 2878 quid
2551 2823 2637 2864 res
2679 2807 2792 2876 ipsa
2821 2808 2892 2862 sit
2929 2806 2996 2862 de
3024 2821 3127 2876 qua
3155 2805 3412 2876 quaaritur
3434 2820 3526 2860 ex-

1938 2907 2181 2974 plicetur.
2225 2906 2294 2958 At
2323 2920 2351 2956 a
2398 2904 2638 2971 partibus
2664 2919 2784 2959 cum
2833 2911 3207 2972 argumentum
3245 2911 3350 2971 est,
3367 2902 3526 2957 etiam

1938 2998 2048 3065 ipsa
2092 2996 2306 3066 quidem
2338 2997 2531 3050 dicitur
2583 2995 2854 3062 diflinitio,
2899 3005 3085 3050 verum
3136 2993 3399 3049 translato
3429 3006 3527 3047 no-

1939 3093 2083 3144 mine
2121 3105 2240 3144 cum
2273 3106 2302 3145 c
2352 3089 2650 3145 numeratis
2678 3088 2929 3145 omnibus
2969 3096 3113 3143 totus
3140 3086 3407 3157 partibus,
3455 3086 3531 3142 sic

1938 3183 2080 3254 quod
2111 3194 2275 3238 totum
2306 3193 2389 3238 est
2435 3182 2860 3252 recognoscitur,
2907 3181 3008 3235 bac
3038 3196 3177 3250 pene
3209 3194 3269 3234 re
3295 3178 3423 3233 nihil
3449 3178 3528 3233 in-

238 3270 333 3344 jus
361 3271 520 3326 civile
548 3287 712 3342 usque
739 3273 802 3324 ad
827 3273 1100 3342 proprium
1130 3273 1601 3342 diflinire,adjecit
1623 3273 1717 3326 :ad
1749 3288 1834 3326 res
1867 3256 1911 3319 C
1946 3287 2111 3331 terest
2171 3287 2344 3329 utrum
2387 3275 2712 3329 dillinitione
2763 3289 2882 3343 quae
2933 3287 3052 3328 esse
3090 3287 3118 3326 a
3176 3280 3286 3326 toto
3315 3279 3533 3326 cunctas

240 3376 373 3422 luas
399 3363 735 3419 obtinendas.
769 3364 968 3419 Demus
999 3366 1146 3418 aliud
1177 3366 1483 3432 exemplum
1533 3367 1586 3419 in
1630 3366 1832 3420 oratio-

243 3454 409 3511 nibus
442 3455 670 3523 positum
694 3496 708 3518 ,
737 3469 842 3524 quo
872 3455 1080 3508 facilius
1109 3471 1195 3510 res
1220 3467 1273 3522 et
1301 3456 1635 3511 manifestius
1661 3457 1835 3525 expli-

245 3555 425 3601 cetur.
461 3546 661 3600 Dillinit
690 3546 763 3600 Ill.
797 3546 1006 3601 Tullius
1035 3536 1162 3616 Quid
1192 3550 1263 3601 sit
1293 3548 1457 3614 gloria
1479 3586 1495 3613 ,
1525 3547 1605 3601 his
1637 3558 1691 3602 ut
1716 3549 1835 3616 opi-

245 3650 354 3693 nor
385 3637 603 3691 verbis:
633 3637 712 3690 Gl.
736 3638 814 3691 ria
834 3678 849 3701 ,
882 3637 1081 3706 inquit,
1117 3647 1200 3691 est
1229 3638 1446 3692 illustris
1475 3648 1526 3692 et
1552 3649 1835 3707 pervagata

248 3739 402 3786 recte
431 3728 695 3783 facturum
728 3739 781 3783 et
814 3743 1274 3798 prmmagnorum,
1306 3729 1388 3784 vel
1419 3729 1471 3783 in
1501 3744 1626 3784 suos
1656 3731 1834 3795 cives,

248 3822 334 3880 Vel
371 3824 424 3877 in
461 3822 881 3888 rempublicam,
915 3805 998 3876 vel
1042 3822 1092 3875 in
1137 3837 1298 3877 omne
1326 3837 1494 3891 genus
1526 3822 1835 3887 hominum,

249 3916 390 3972 fama
416 3929 518 3970 mei
535 3915 752 3968 itorum.
781 3911 962 3966 Gloria
985 3912 1144 3982 igitur
1166 3913 1588 3968 substantialiter
1607 3911 1836 3968 diffinita

249 4018 368 4072 est,
401 4021 521 4061 cum
551 4004 753 4060 dictum
796 4013 876 4058 est
914 4001 1074 4058 fama.
1120 4004 1216 4058 Est
1254 4004 1398 4059 enim
1437 4002 1624 4073 gloria:
1665 4017 1835 4073 genus

251 4099 390 4157 fama
414 4138 430 4164 ,
458 4113 578 4168 qua:
605 4099 727 4167 quia
760 4112 901 4152 nunc
932 4113 1112 4152 rerum
1139 4097 1400 4151 malarum
1426 4107 1541 4160 est,
1570 4111 1710 4152 nunc
1739 4095 1834 4150 bo-

253 4206 465 4253 narum,
495 4189 691 4244 idcirco
716 4203 885 4260 genus
907 4199 1009 4256 est,
1034 4190 1118 4244 cui
1139 4188 1345 4258 species
1365 4188 1539 4242 addita
1564 4198 1676 4252 est,
1710 4188 1833 4243 illu-

253 4285 380 4340 stris
397 4324 414 4350 ,
437 4285 579 4354 quod
608 4285 723 4339 laus
749 4295 868 4339 est:
899 4284 1037 4338 fama
1065 4284 1206 4338 enim
1229 4299 1351 4353 quae
1374 4285 1633 4337 bonarum
1657 4298 1834 4337 rerum

255 4386 376 4440 est,
407 4377 523 4431 laus
553 4388 666 4444 est,
700 4386 754 4432 et
799 4376 1043 4431 illustris.
1095 4376 1202 4432 llac
1241 4377 1398 4446 igitur
1429 4391 1487 4432 re
1513 4377 1728 4432 exclusa
1758 4385 1841 4431 est

254 4470 392 4526 fama
418 4470 655 4527 deterior
675 4488 686 4524 :
704 4479 762 4528 et
789 4471 1041 4541 quoniam
1069 4470 1183 4526 lucc
1210 4469 1349 4525 fama
1377 4470 1638 4525 laudatrix
1668 4479 1840 4540 potest

253 4578 398 4621 nunc
421 4579 516 4632 pro
539 4565 760 4628 merito,
786 4578 926 4619 nunc
951 4563 1090 4618 ultra
1117 4564 1366 4619 meritum
1395 4579 1537 4630 esse,
1584 4563 1838 4634 frequen-

1947 3378 2125 3437 partes
2175 3369 2338 3422 totius
2387 3383 2452 3422 ex
2485 3365 2805 3422 difﬁnitione
2858 3379 3168 3429 noscamus,
3197 3379 3263 3417 an
3295 3362 3534 3425 collectis

1946 3461 2193 3514 omnibus
2222 3461 2462 3529 partibus
2485 3459 2624 3528 quod
2655 3470 2823 3515 t0tum
2845 3467 2930 3514 est
2978 3474 3042 3514 ex
3072 3469 3297 3526 partium
3318 3471 3534 3512 enume-

1944 3553 2152 3605 ratione
2205 3553 2494 3617 capiamus.
2541 3551 2733 3607 Cicero
2781 3550 2945 3606 talem
2995 3548 3370 3604 diffinitionem
3415 3547 3534 3617 par:

1947 3641 2074 3695 tium
2115 3645 2571 3696 enumerationem
2619 3641 2870 3711 appellat,
2917 3640 3012 3695 sed
3063 3655 3184 3694 eam
3229 3638 3532 3696 difllnitioni

1947 3733 2214 3798 tribuens,
2261 3736 2512 3802 quoniam
2561 3743 2613 3787 et
2660 3734 2995 3787 enumeratio
3025 3731 3255 3803 partium
3299 3729 3530 3799 idipsum

1946 3826 2012 3880 de
2042 3840 2147 3894 quo
2173 3825 2428 3895 quieritur
2457 3826 2580 3894 quid
2613 3825 2683 3880 sit
2711 3825 2965 3891 ostendit,
2999 3836 3050 3880 et
3083 3823 3185 3879 hoc
3228 3822 3372 3880 idem
3420 3822 3534 3894 agit

1944 3931 2105 3988 supra
2139 3918 2303 3986 posita
2342 3915 2609 3981 diffinitio,
2644 3931 2765 3972 cum
2806 3919 2980 3972 oratio
3019 3930 3138 3986 qua:
3173 3915 3298 3985 quid
3347 3914 3418 3970 sit
3447 3928 3530 3970 os-

1946 4013 2115 4068 tendit
2155 4012 2348 4066 dicitur
2377 4011 2646 4077 difﬁnitio,
2702 4011 2843 4067 unde
2873 4010 3003 4065 nulli
3043 4009 3262 4064 dubium
3294 4017 3376 4064 est
3404 4006 3534 4079 quin

1943 4109 2105 4163 etiam
2146 4107 2244 4159 ista
2273 4105 2520 4161 diffinitio
2564 4121 2684 4161 esse
2726 4105 2968 4169 dicatur;
3030 4104 3204 4173 posuit
3255 4101 3414 4174 igitur
3464 4101 3536 4160 Μ.

1945 4199 2148 4254 Tullius
2167 4198 2440 4266 explicans
2465 4198 2590 4269 quid
2623 4200 2692 4253 sit
2722 4198 2882 4266 liber,
2916 4198 2994 4252 vel
3026 4197 3078 4252 in
3104 4196 3376 4252 contrario
3404 4195 3531 4264 quid

1945 4290 2014 4345 sit
2031 4305 2135 4344 non
2153 4291 2319 4356 liber.
2334 4289 2596 4353 Quoniam
2619 4289 2838 4346 libertas
2855 4302 3019 4344 censu
3042 4286 3222 4353 datur,
3254 4287 3409 4342 datur
3428 4287 3534 4344 vin.

1945 4383 2106 4452 dicta,
2133 4384 2288 4438 datur
2313 4395 2650 4450 testamento,
2673 4393 2724 4440 et
2743 4384 2826 4438 ha:
2852 4392 3031 4452 partes
3055 4381 3249 4437 danda:
3270 4381 3536 4438 libertatis

1945 4486 2098 4540 sunt;
2131 4477 2176 4529 si
2202 4493 2394 4546 neque,
2427 4477 2618 4546 inquit,
2647 4491 2834 4541 censu,
2864 4490 3041 4544 neque
3071 4473 3327 4540 vindicta,
3363 4487 3536 4543 neque

1949 4581 2265 4626 testamento
2289 4572 2422 4626 liber
2452 4580 2556 4637 est,
2589 4586 2693 4624 non
2720 4578 2804 4624 est
2832 4569 2993 4639 igitur
3037 4567 3196 4624 liber.
3230 4567 3320 4624 Sic
3351 4567 3536 4637 positi!

259 4667 340 4713 ter
372 4656 516 4710 enim
546 4657 706 4712 aliter
731 4672 891 4727 quam
922 4671 1008 4711 res
1035 4666 1183 4727 gesta
1213 4667 1312 4723 est,
1347 4657 1530 4726 opinio
1559 4656 1627 4711 de
1658 4656 1838 4726 aliquo
1866 4639 1922 4702 D
1950 4665 2184 4734 partibus
2214 4665 2404 4732 quibus
2431 4666 2563 4721 liber
2591 4663 2845 4730 efﬁcitur,
2869 4663 3110 4732 sequitur
3135 4665 3347 4732 negatio
3377 4663 3537 4719 libero

255 4751 545 4814 emanavit,
589 4749 790 4804 idcirco
842 4749 1017 4820 inquit
1059 4752 1196 4805 fama
1241 4752 1578 4815 meritorum,
1615 4765 1679 4806 ea
1710 4760 1836 4807 sunt

254 4845 398 4902 enim
440 4845 628 4900 merita
679 4861 802 4914 quae
843 4860 964 4900 cum
996 4855 1313 4915 praestamus
1357 4848 1554 4902 mereri
1599 4861 1698 4902 nos
1723 4848 1838 4918 glo~

253 4937 388 4992 riam
433 4936 650 4992 faciunt.
684 4937 826 5008 Ergo
854 4937 1063 5004 Cicero,
1091 4939 1185 5008 qui
1227 4938 1441 4995 volebat
1465 4949 1590 4995 tunc
1618 4940 1842 5009 gloriam

254 5027 455 5084 Caesari
493 5028 625 5085 dare
652 5044 774 5085 cum
817 5029 1126 5099 reipublicae
1159 5030 1481 5100 pra-fuisset,
1514 5032 1715 5088 idcirco
1742 5032 1843 5089 ista

257 5119 394 5176 facta
415 5122 500 5176 vel
531 5123 720 5178 merita
753 5123 1085 5194 generaliter
1117 5124 1291 5192 posita
1320 5123 1506 5181 divisit
1534 5125 1587 5180 in
1614 5127 1846 5195 species,

256 5220 313 5267 et
332 5211 596 5282 adjunxit,
627 5231 750 5270 cum
781 5215 834 5269 in
863 5230 990 5270 suos
1015 5216 1185 5283 cives,
1217 5225 1332 5272 tum
1373 5217 1426 5272 in
1457 5218 1848 5288 rempublicam

255 5305 340 5362 vel
373 5304 428 5361 in
469 5319 630 5364 omne
667 5323 837 5377 genus
866 5307 1166 5376 hominum,
1207 5325 1329 5380 qua:
1355 5310 1561 5366 scilicet
1587 5310 1848 5370 factorum

256 5406 405 5454 recte
444 5399 655 5467 species
681 5399 940 5468 subjectae
967 5417 1137 5472 usque
1158 5402 1224 5458 ad
1253 5403 1633 5473 proprietatem
1661 5405 1848 5475 gloria

254 5491 567 5548 convenire.
617 5491 791 5549 Habet
831 5495 973 5549 enim
1017 5510 1159 5551 nunc
1196 5507 1397 5553 certam
1429 5507 1484 5553 et
1510 5513 1692 5553 veram
1721 5502 1849 5568 pro;

259 5581 539 5650 prietatem
591 5583 644 5638 in
680 5583 922 5652 partibus
951 5584 1142 5656 gloria.
1189 5585 1320 5641 Nam
1351 5602 1510 5642 omne
1535 5597 1675 5660 quoa
1700 5605 1841 5659 prae-

251 5684 486 5743 stamus,
513 5687 604 5732 aut
631 5677 784 5748 quasi
808 5677 1045 5734 debitum
1073 5679 1286 5746 damus,
1320 5688 1412 5734 aut
1438 5682 1589 5750 quasi
1620 5698 1727 5738 non
1751 5684 1841 5738 de-

259 5764 447 5834 bitum,
481 5783 604 5824 cum
649 5779 796 5826 recte
823 5769 1102 5839 faciamus,
1131 5771 1178 5827 si
1209 5772 1323 5827 sola
1353 5772 1489 5829 facta
1547 5787 1671 5830 sunt
1721 5792 1842 5847 quas

260 5857 412 5919 quasi
441 5857 620 5922 debita
665 5870 811 5931 sunt,
844 5861 1038 5926 dicitur
1094 5861 1317 5954 illustris
1373 5863 1511 5927 fama
1553 5867 1836 5931 factorum.

1950 4756 2095 4824 tatis,
2118 4757 2159 4811 si
2191 4757 2333 4810 nulla
2364 4756 2550 4812 barum
2579 4757 2806 4826 partium
2835 4757 2886 4811 in
2919 4755 3092 4812 danda
3116 4755 3361 4811 libertate
3390 4770 3527 4825 pra:-

1953 4849 2132 4904 cessit.
2183 4848 2292 4904 Nec
2323 4863 2414 4904 vos
2461 4858 2673 4904 moveat
2708 4849 2850 4919 quod
2876 4847 3007 4919 quid
3054 4863 3159 4903 non
3187 4849 3258 4903 sit
3305 4847 3442 4902 liber
3483 4846 3535 4903 in

1953 4938 2272 4995 diffinitione
2313 4952 2396 4996 est
2425 4943 2798 5008 constitutum,
2832 4956 2937 4997 non
2968 4942 3096 5013 quid
3125 4940 3215 4997 sit.
3259 4939 3364 4995 Par
3393 4940 3534 4996 enim

1955 5033 2094 5089 ratio
2129 5045 2213 5089 est
2255 5044 2307 5089 et
2335 5036 2520 5092 eadem
2555 5035 2856 5091 difliniendi
2885 5037 2986 5103 vis,
3027 5048 3081 5093 et
3107 5050 3231 5091 cum
3262 5033 3388 5104 quid
3431 5052 3535 5092 non

1958 5126 2030 5180 sit
2056 5126 2375 5195 ostenditur,
2409 5137 2463 5184 et
2492 5143 2613 5184 cum
2643 5128 2770 5199 quid
2818 5129 2888 5184 sit
2936 5127 3175 5184 adhibita
3215 5126 3534 5185 dilllnitione

1957 5219 2208 5274 nudatur.
2238 5221 2549 5292 Quanquam
2589 5221 2662 5278 Μ.
2691 5221 2899 5278 Tullius
2923 5221 3080 5278 aliter
3101 5225 3155 5277 in
3181 5219 3372 5276 eodem
3400 5219 3534 5275 libro

1956 5311 2273 5382 Topicorum
2329 5315 2406 5368 ait
2441 5329 2563 5371 esse
2590 5315 2697 5372 duo
2725 5329 2924 5388 genera
2961 5313 3342 5370 dil'tinitionum
3379 5329 3392 5366 :
3433 5312 3532 5380 pri-

1954 5420 2099 5462 mum
2141 5407 2288 5462 enim
2328 5423 2448 5465 cum
2496 5407 2550 5465 id
2591 5409 2734 5482 quod
2768 5417 2853 5468 est
2898 5407 3185 5475 diffinitur,
3236 5405 3531 5463 secundum

1951 5517 2074 5559 cum
2120 5503 2171 5560 id
2206 5505 2344 5574 quod
2378 5505 2462 5561 sui
2492 5504 2842 5561 substantiam
2889 5517 2997 5559 non
3055 5500 3218 5558 habet
3242 5500 3529 5563 dilfinitur,

1949 5594 2052 5652 hoc
2075 5605 2159 5652 est
2184 5597 2328 5669 quod
2368 5613 2474 5654 non
2503 5607 2607 5664 est,
2626 5606 2682 5654 et
2706 5595 2810 5653 hoc
2841 5594 3139 5666 partitionis
3172 5609 3340 5666 genus
3365 5593 3417 5650 in
3452 5592 3533 5647 bis

1949 5704 2067 5758 qua:
2102 5705 2260 5758 supra
2290 5689 2401 5746 dixi
2429 5691 2619 5746 clausit
2645 5700 2702 5747 et
2750 5688 3074 5746 extenuavit.
3123 5687 3227 5745 Sed
3273 5687 3373 5741 alia
3413 5701 3533 5742 csse

1951 5783 2115 5836 voluit
2142 5798 2261 5852 quae
2304 5799 2423 5839 esse
2461 5783 2689 5846 diccbat,
2742 5781 2843 5835 alia
2889 5797 3007 5852 quae
3057 5798 3159 5836 non
3208 5794 3346 5836 csse.
3401 5779 3530 5838 Esse

1947 5874 2088 5930 enim
2119 5874 2250 5932 dicit
2290 5890 2350 5932 ea
2387 5890 2611 5939 quorum
2639 5875 2880 5943 subiacet
2903 5890 3119 5947 corpus,
3148 5883 3204 5932 ut
3237 5888 3356 5932 cum
3386 5867 3534 5931 difﬁ-
