4064 6336
543 281 647 348 899

1757 291 1863 347 ΑΝ.
1907 291 2116 350 ΜΑΝι.
2158 291 2306 352 SEV.
2351 291 2572 350 ΒΟΕΤΙΙ

543 405 721 458 nimus
746 404 869 472 quid
897 403 965 456 sit
990 417 1144 471 aqua,
1177 401 1300 473 quid
1342 404 1495 473 ignis.
1530 404 1643 458 Non
1678 415 1852 461 autem
1879 421 2001 463 esse
2029 408 2118 463 illa
2147 414 2198 473 Α
2226 417 2335 464 tum
2365 422 2479 476 est,
2509 410 2705 480 quippe
2751 425 2873 467 cum
2905 412 2992 480 sit,
3018 422 3072 469 et
3116 430 3170 470 in
3216 422 3724 487 senatusconsultis.
3757 433 3811 479 et

544 495 766 565 intelligi
795 495 958 549 voluit
985 496 1176 563 quibus
1217 493 1360 548 nulla
1404 497 1698 564 corporalis
1744 497 1954 553 videtur
1997 514 2119 556 esse

544 592 858 652 substantia,
891 600 946 644 ut
975 599 1094 643 sunt
1139 591 1324 658 pietas,
1361 591 1546 656 virtus,
1599 591 1834 647 libertus.
1880 593 1986 648 Sed
2022 608 2119 648 nos

545 686 719 740 omnia
761 684 860 738 ista
883 683 962 737 vel
992 698 1110 753 quae
1139 692 1262 738 sunt
1290 699 1410 739 cum
1444 699 1690 753 corpore,
1734 686 1820 740 vel
1849 701 1968 756 quae
1995 694 2119 741 sunt

544 776 746 832 scilicet
777 776 1094 844 incorpore,
1127 777 1170 830 si
1195 777 1325 831 ineo
1355 777 1708 846 accipiuntur,
1737 790 1792 831 ut
1821 788 1912 832 aut
1938 793 2035 848 per
2064 794 2125 834 se

544 885 682 935 esse,
704 873 859 925 autin
890 871 1066 941 aliquo
1091 886 1212 926 esse
1243 871 1537 938 videantur,
1572 873 1621 925 in
1654 886 1758 925 uno
1793 886 1990 942 genere
2024 888 2125 926 nu—

545 965 795 1021 meranda
837 964 1101 1031 ducimus,
1141 974 1196 1019 ut
1237 965 1336 1019 ista
1375 964 1555 1018 omnia
1585 977 1706 1018 esse
1753 963 2123 1033 intelligantur

543 1058 735 1129 quibus
789 1058 1038 1114 omnibus
1092 1072 1187 1112 sua
1233 1066 1407 1126 potest
1462 1071 1582 1112 esse
1631 1055 1950 1122 substantia,
2008 1056 2123 1111 sive

545 1150 648 1205 illa
673 1149 1000 1216 corporales,
1029 1150 1167 1218 sive,
1191 1159 1245 1203 ut
1275 1149 1632 1202 certissimum
1666 1156 1747 1201 est
1769 1156 1823 1200 et
1855 1156 2002 1200 recto
2026 1162 2121 1200 no-

545 1244 687 1300 mine
714 1245 968 1314 appellari
995 1253 1235 1314 possunt,
1253 1243 1553 1313 qualitates.
1578 1242 1769 1296 Verum
1795 1250 1988 1312 prater
2008 1242 2121 1296 haec

545 1336 792 1392 difﬁnitio
832 1345 932 1401 est,
969 1350 1090 1390 cum
1132 1335 1330 1404 aliquid
1357 1334 1496 1404 quod
1542 1349 1643 1386 non
1688 1336 1758 1387 sit
1798 1333 2114 1387 ostenditur.

544 1429 870 1486 Dil‘ﬁnitione
913 1429 1055 1484 enim
1100 1444 1234 1498 opus
1261 1438 1344 1482 est
1388 1437 1442 1480 ut
1475 1427 1738 1497 possimus
1765 1425 1960 1480 docere
1991 1422 2140 1494 quid

545 1537 650 1580 non
700 1523 792 1578 sit.
847 1521 984 1592 Ergo
1025 1522 1068 1575 si
1122 1522 1440 1590 partitione,
1497 1519 1819 1575 enumeatis
1860 1517 2118 1587 partibus,

542 1617 672 1687 quid
703 1615 922 1671 libertas
972 1617 1038 1670 sit
1073 1616 1322 1678 dicimus,
1356 1613 1477 1682 quid
1510 1630 1613 1667 non
1643 1616 1713 1666 sit
1758 1614 1976 1667 libertas
2026 1626 2118 1665 ea-

543 1709 669 1766 dem
718 1711 1005 1780 partitione
1054 1709 1490 1763 menstraliimus.
1524 1707 1639 1762 Fiet
1683 1708 1842 1777 igitur
1889 1707 2048 1761 etiam
2092 1720 2122 1760 a

2229 503 2541 572 plebiscitis,
2590 504 2658 558 sit
2717 505 2773 559 in
2818 504 3029 570 edictis,
3078 511 3134 561 et
3179 509 3478 581 principum
3523 513 3690 582 jussis
3716 517 3807 583 sit,

2214 589 2454 652 'lortasse
2482 597 2655 650 adhuc
2692 605 2746 652 et
2797 599 2847 652 in
2888 598 3028 654 aliis.
3078 598 3184 655 Sed
3216 615 3336 656 cum
3388 607 3719 660 enumeratis
3746 621 3812 662 ex

2229 689 2450 743 inﬁnitis
2494 690 2761 758 aliquibus
2811 690 3051 759 partibus
3097 692 3245 747 notio
3288 694 3408 749 data
3451 694 3613 751 fuerit
3635 699 3811 766 juris,

2229 781 2355 852 quid
2398 782 2485 850 jus
2521 780 2676 837 civile
2701 783 2777 838 sit
2806 783 2858 838 in
2896 783 3162 839 similibus
3186 785 3639 842 existimabimus.
3673 788 3817 856 Erige

2231 876 2491 931 divisione
2513 877 2594 931 vel
2638 877 2926 946 partitione
2967 878 3200 934 efﬁcitur
3245 880 3346 935 ista
3389 881 3456 936 de
3484 897 3589 951 qua
3645 881 3817 950 loqui-

2226 983 2347 1023 mur
2366 967 2637 1035 diflinitio,
2658 968 2736 1024 sic
2751 971 2894 1025 enim
2925 972 3085 1026 etiam
3110 971 3222 1041 ipsa
3250 972 3575 1029 difﬁnitione
3596 973 3819 1028 eadem-

2225 1075 2331 1130 que
2365 1064 2668 1130 partitione,
2700 1065 3029 1118 enumeratis
3067 1063 3150 1118 vel
3198 1063 3471 1129 omnibns,
3528 1066 3575 1120 si
3634 1079 3816 1137 pauca

2225 1164 2372 1221 sunt,
2402 1157 2480 1210 vel
2506 1156 2704 1222 multis,
2737 1157 2781 1211 si
2804 1157 3044 1224 inﬁnitae,
3073 1171 3162 1213 aut
3193 1159 3500 1229 speciebus,
3532 1170 3627 1215 aut
3654 1162 3815 1231 parti-

2226 1248 2345 1313 bus,
2395 1248 2462 1302 ad
2492 1250 2850 1319 cognitionem
2878 1249 2953 1305 rei
2984 1251 3051 1306 de
3091 1266 3193 1321 qua
3220 1252 3479 1322 quaeritur
3510 1256 3816 1309 notionem-

2227 1355 2331 1410 que
2369 1340 2704 1398 deducimur.
2748 1341 2992 1397 Sciamus
3021 1351 3198 1399 autem
3233 1344 3602 1400 deﬁnitionem
3649 1359 3678 1399 a
3725 1362 3814 1417 ge-

2229 1448 2357 1487 nere
2376 1447 2510 1497 esse,
2535 1448 2655 1487 cum
2684 1436 2890 1503 species
2907 1449 3310 1503 enumerantur,
3326 1439 3668 1508 par-itionem
3693 1455 3811 1495 cum

2229 1536 2425 1596 partes.
2445 1529 2773 1598 Quapropter
2800 1529 2998 1584 animal
3027 1529 3371 1598 diflluiamus,
3405 1532 3529 1586 huic
3550 1547 3676 1587 cum
3706 1534 3813 1588 sint

2228 1623 2434 1688 species
2451 1636 2674 1676 numero
2691 1622 2934 1689 inﬁnitae,
2953 1632 3010 1677 ut
3037 1622 3220 1689 homo,
3245 1625 3363 1688 bos,
3388 1640 3581 1695 equus,
3607 1625 3712 1694 leo,
3744 1627 3812 1695 pi-

2227 1713 2352 1776 scis,
2386 1713 2511 1766 item
2538 1722 2754 1780 efetera,
2781 1713 2963 1782 paucis
2984 1717 3312 1769 enumeratis
3325 1717 3608 1784 speciebus
3627 1727 3812 1785 possu-

545 1803 787 1874 partibus
813 1802 1080 1866 difﬁnitio,
1114 1809 1171 1855 ut
1205 1802 1249 1856 si
1276 1801 1470 1865 dicam,
1519 1802 1563 1855 si
1595 1816 1690 1856 nec
1722 1801 1989 1855 masculus
2017 1810 2119 1863 est,
2156 1823 2203 1888 Β
2230 1806 2483 1874 musqnid
2500 1807 2570 1860 sit
2594 1807 2811 1873 animal,
2841 1808 3132 1863 declarare.
3150 1808 3276 1865 Atsi
3306 1810 3422 1865 illas
3451 1811 3659 1880 species
3691 1813 3812 1866 ιειί-

546 1909 644 1952 nec
674 1894 888 1963 femina,
923 1895 1082 1948 homo
1113 1909 1216 1947 non
1246 1904 1346 1948 est.
1382 1894 1509 1947 Item
1559 1894 1603 1946 si
1652 1908 1750 1946 nec
1791 1907 1980 1946 servus
2008 1901 2122 1958 est,

546 2004 644 2045 nec
676 1989 829 2052 liber,
855 1989 1013 2042 homo
1036 2001 1138 2041 non
1169 1994 1269 2040 est.
1297 1987 1436 2041 Sane
1469 1986 1553 2039 liic
1583 1984 1974 2038 admonendum
1999 1994 2126 2052 puto

547 2092 725 2154 partes
762 2096 904 2151 saepe
946 2081 1014 2135 ab
1042 2081 1156 2149 ipso
1187 2082 1253 2134 de
1281 2095 1386 2149 quo
1413 2080 1667 2145 quaeritur
1694 2087 1805 2131 toto
1859 2077 2030 2146 accipi
2058 2077 2122 2131 ad

543 2179 658 2248 ejus
688 2176 1082 2240 difﬁnitiouem,
1110 2190 1252 2245 saepe
1280 2190 1384 2228 non
1430 2173 1495 2227 ab
1523 2171 1711 2226 eodem
1759 2173 1900 2241 ipso,
1932 2172 2026 2226 sed
2058 2172 2124 2225 ab

544 2287 609 2327 eo
639 2272 779 2342 quod
803 2272 850 2325 ei
875 2270 1083 2334 accidit,
1111 2277 1167 2322 ut
1195 2267 1487 2322 accidentis
1517 2265 1851 2320 enumeratio
1897 2265 2123 2336 partium

542 2364 709 2433 possit
739 2362 974 2417 diffinire
1004 2363 1142 2430 quoi
1173 2369 1338 2414 totum
1366 2369 1469 2415 est.
1509 2358 1749 2426 Namque
1790 2373 1912 2412 cum
1957 2365 2126 2411 totum

541 2457 610 2510 sit
641 2457 798 2509 homo
827 2456 894 2510 de
934 2470 1039 2524 quo
1068 2455 1323 2524 qumritur
1357 2453 1484 2523 quid
1527 2453 1615 2519 sit,
1655 2466 1761 2506 non
1792 2452 1906 2523 ejus
1950 2460 2128 2520 partes

539 2555 666 2601 sunt
693 2563 879 2602 servus
909 2546 1141 2609 acliber,
1174 2545 1266 2600 sed
1290 2543 1587 2598 accidentia
1632 2543 1855 2598 homini.
1883 2541 2127 2608 Quorum

540 2643 875 2697 enumeratio
919 2653 1039 2696 cum
1092 2639 1249 2693 fut-rit
1293 2638 1620 2704 constituta,
1674 2637 1833 2691 homo
1889 2635 2016 2705 quid
2057 2636 2129 2690 sit

540 2734 859 2788 ostenditur.
893 2733 1034 2788 Sane
1063 2733 1222 2787 etiam
1251 2731 1379 2784 illud
1415 2730 1809 2784 admonendum
1858 2727 1945 2783 hic
1984 2727 2126 2781 arbi-

539 2832 678 2892 tror,
711 2840 831 2879 cum
871 2840 898 2875 a
943 2824 1178 2893 partibus
1219 2823 1276 2876 iit
1314 2822 1584 2886 difﬁnitio,
1618 2833 1776 2890 posse
1820 2820 2131 2888 contingere

543 2927 602 2973 ιιι
642 2920 800 2974 modo
832 2927 1002 2972 totum
1051 2917 1117 2971 ab
1146 2916 1394 2970 omnibus
1447 2917 1689 2986 partibus
1734 2915 2040 2984 colligatur,
2072 2923 2131 2968 ut

539 3025 697 3077 supra
742 3009 1094 3075 ostendimus,
1137 3009 1297 3062 modo
1342 3009 1413 3061 ita
1446 3017 1625 3074 partes
1661 3015 2048 3061 enumerentur
2075 3006 2124 3058 in

540 3099 864 3162 deﬁnitione,
899 3109 956 3153 ut
1001 3101 1054 3152 in
1102 3099 1326 3167 singulis
1377 3108 1540 3151 totum
1586 3099 1680 3164 sit,
1730 3101 1866 3152 sicut
1915 3098 2040 3152 illud
2074 3097 2126 3152 in

2229 1911 2361 1966 gero
2387 1912 2504 1965 quae
2533 1897 2849 1954 diﬁ‘erentia:
2877 1901 3045 1968 magis
3078 1910 3220 1964 sunt,
3246 1917 3366 1971 qua:
3397 1904 3526 1971 ipsa:
3557 1913 3667 1956 tres
3693 1916 3813 1959 esse

2231 1999 2472 2055 possunt,
2498 1988 2794 2055 humidum,
2821 2001 3115 2056 terrenum,
3139 1992 3382 2058 cccleste,
3407 1994 3816 2049 enumeratione

2233 2077 2417 2132 harum
2443 2095 2620 2134 rerum
2643 2082 2879 2134 omnimn
2905 2083 3100 2136 animal
3119 2083 3404 2138 ditlinitum
3421 2085 3509 2138 sit.
3536 2083 3650 2139 Hoc
3672 2085 3811 2141 idem

2230 2181 2283 2225 et
2314 2172 2365 2225 in
2399 2173 2621 2240 partium
2652 2174 3061 2229 enumeratione
3088 2176 3347 2242 servabis,
3383 2184 3441 2230 ut
3466 2177 3512 2230 si
3541 2176 3808 2246 dicamus,

2232 2265 2462 2318 mundus
2492 2275 2594 2331 est,
2621 2281 2787 2333 mare,
2820 2277 2981 2335 terra,
3007 2269 3227 2333 caelum,
3256 2271 3668 2326 enumeratione
3699 2287 3814 2339 par-

2236 2355 2390 2423 tium,
2417 2358 2510 2412 sed
2541 2374 2643 2411 non
2675 2368 2850 2415 tamen
2877 2361 3137 2428 omnium,
3165 2361 3290 2428 quid
3315 2364 3544 2418 mundus
3584 2365 3691 2429 sit,
3724 2379 3812 2418 ex-

2234 2450 2484 2519 plicatum
2501 2461 2604 2505 est.
2619 2452 2694 2504 Ac
2720 2454 2762 2505 si
2789 2452 2888 2506 hoc
2924 2452 3062 2508 idem
3088 2469 3182 2522 per
3203 2463 3381 2523 partes
3399 2455 3533 2510 alias
3552 2455 3812 2523 inﬁnitas,

2235 2543 2559 2597 voluerimus
2597 2544 2834 2599 adhibita
2885 2549 3291 2602 enumeratione
3323 2548 3452 2618 quid
3483 2549 3718 2602 mundus
3746 2551 3813 2605 sit

2233 2633 2479 2700 delinire,
2509 2635 2780 2701 quoniam,
2813 2649 2866 2690 ut
2890 2637 2958 2691 M.
2987 2637 3192 2692 Tullius
3208 2638 3301 2704 ait,
3327 2643 3669 2694 enumeratio
3695 2656 3812 2710 par-

2235 2729 2365 2780 tium
2396 2741 2538 2795 saepe
2570 2738 2651 2781 est
2674 2727 2960 2794 infinitior,
3001 2739 3326 2800 praeceptum
3352 2732 3507 2786 nobis
3537 2731 3670 2786 illud
3703 2739 3811 2797 est,

2234 2833 2301 2872 ne
2345 2819 2564 2888 aliquod
2610 2820 2795 2873 vitium
2826 2819 2877 2873 in
2903 2822 3311 2877 enumeratione
3341 2822 3628 2878 credamus
3653 2865 3666 2886 ,
3695 2837 3812 2882 cum

2232 2912 2432 2984 aliquid
2466 2913 2892 2982 prieterimus,ea
2921 2913 3178 2970 duntaxat
3201 2917 3252 2970 in
3277 2929 3356 2980 re,
3375 2917 3465 2970 ubi
3489 2929 3671 2986 partes
3694 2925 3813 2978 sunt

2232 3006 2474 3069 inﬁnitae,
2508 3020 2634 3076 ergo
2660 3007 2951 3076 poterimus
2973 3007 3180 3062 dicere:
3198 3007 3521 3063 Mundusest
3542 3009 3811 3075 sol,lnna,

2231 3109 2404 3161 astra,
2434 3113 2556 3165 aer,
2583 3109 2634 3152 et
2659 3109 2847 3154 cuncta
2888 3113 3007 3170 qua:
3036 3101 3086 3154 in
3123 3115 3188 3155 co
3214 3111 3367 3167 sunt,
3404 3100 3455 3155 id
3480 3111 3565 3156 est
3591 3111 3733 3156 terra
3762 3109 3812 3158 ct

540 3194 919 3248 controversiis
943 3201 1044 3257 est,
1071 3192 1326 3245 auxilium
1365 3190 1505 3245 ferre
1538 3201 1619 3245 est
1649 3190 1963 3253 decernere,
2005 3193 2123 3244 mit-
2152 3213 2201 3282 ρ
2229 3200 2446 3254 caetera,
2475 3207 2592 3260 qua:
2619 3192 2722 3246 etsi
2766 3207 2869 3245 non
2904 3193 3236 3246 enumeratis
3267 3193 3505 3262 partibus
3534 3193 3810 3250 enuntiata

539 3284 702 3339 tendo
728 3281 1012 3354 proﬁcisci,
1037 3284 1222 3338 venire
1249 3283 1410 3338 etiam
1451 3283 1496 3337 si
1525 3298 1628 3337 non
1659 3282 2000 3351 pugnaveris,
2028 3283 2126 3337 ho-

539 3389 650 3436 stes
680 3395 747 3436 ne
789 3380 1042 3436 dimicent
1081 3386 1303 3436 terrere.
1344 3378 1434 3436 Sic
1476 3381 1544 3434 M.
1586 3380 1792 3434 Tullius
1842 3380 2023 3434 multis
2046 3383 2122 3468 'in

540 3473 692 3539 locis,
735 3486 785 3529 et
817 3474 931 3544 ipse
977 3489 1072 3544 pro
1115 3473 1398 3540 Cornelio,
1432 3474 1520 3529 ubi
1572 3475 1830 3544 quaeritur
1879 3473 2007 3543 quid
2055 3475 2124 3528 sit

540 3570 870 3639 majestatem
905 3568 1165 3633 minuere,
1199 3574 1410 3632 tractat,
1433 3566 1575 3635 quod
1608 3567 1802 3620 malam
1827 3565 2000 3636 legem
2035 3576 2118 3619 tu-

540 3658 618 3716 lit:
665 3660 805 3732 quod
863 3661 1087 3731 legendo
1119 3659 1357 3714 codicem
1403 3659 1836 3712 intercessimiem
1879 3659 2115 3723 sustulit,

540 3755 680 3823 quod
708 3754 1025 3809 seditionem
1063 3753 1206 3808 fecit.
1251 3753 1304 3807 In
1343 3752 1534 3820 quibus
1562 3753 1808 3806 omnibus
1856 3751 2120 3806 difﬁnitur

542 3848 666 3902 laesa
697 3845 965 3916 majeStas.
992 3847 1096 3899 Sed
1119 3845 1189 3898 ita
1233 3846 1435 3911 singula
1476 3852 1622 3912 sunt,
1657 3851 1716 3896 ιιι
1757 3845 1807 3896 in
1840 3842 1973 3912 ipsis
2003 3843 2118 3897 sin-

541 3937 678 4007 gulis
707 3945 895 3998 totum,
919 3934 972 3990 id
1000 3944 1082 3989 est
1104 3937 1225 3990 laesa
1265 3939 1516 4004 Illajt'Sllls
1542 3937 1707 4003 possit
1734 3936 1968 3989 ostendi.
2007 3934 2120 3988 Hoc

540 4027 701 4083 etiam
734 4043 830 4098 pro
862 4028 928 4084 Μ.
979 4027 1151 4082 Ctelio
1181 4035 1348 4086 tenet.
1395 4028 1481 4080 tibi
1533 4042 1625 4094 per
1655 4026 2116 4081 enumerationem

543 4121 800 4174 malorum
829 4135 922 4189 per
947 4134 1081 4189 quos
1131 4118 1188 4172 lit
1225 4119 1379 4172 dolus
1434 4121 1601 4173 malus
1627 4118 1868 4173 deﬁnitio
1917 4118 1988 4173 ita
2037 4119 2116 4185 lit,

541 4224 598 4269 ιιι
646 4214 868 4282 singulis
920 4213 1199 4282 speciebus
1250 4212 1402 4266 dolui
1459 4213 1632 4266 malus
1664 4212 1832 4282 possit
1882 4215 2118 4282 agnosci.

541 4303 651 4362 Hoc
677 4321 794 4360 cum
817 4316 999 4369 aperte
1028 4306 1255 4375 positum
1280 4304 1658 4376 intelligamus,
1693 4312 1804 4359 tum
1828 4303 1956 4358 illud
1985 4319 2118 4374 quo-

540 4414 642 4471 que
672 4396 1003 4454 manifestum
1032 4410 1132 4464 est,
1161 4400 1431 4453 notionem
1467 4399 1752 4468 quamdam
1783 4400 1834 4453 in
1857 4398 1960 4453 ista
1979 4395 2123 4453 difﬁ-

541 4490 763 4556 nitione,
793 4505 898 4545 non
943 4503 1058 4545 rem
1108 4491 1494 4560 plenissimam,
1527 4489 1812 4553 contineri,
1863 4497 1919 4544 et
1966 4489 2124 4559 longe

2233 3283 2582 3353 proferimus,
2623 3299 2690 3338 ex
2714 3284 2873 3338 dictis
2903 3286 3132 3354 partium
3177 3284 3526 3339 similitudine
3567 3297 3812 3354 compre-

2230 3375 2393 3431 hensa
2441 3376 2689 3430 omnibus
2731 3377 2855 3446 quid
2900 3376 2970 3431 sit
3019 3377 3250 3432 mundus
3297 3377 3651 3431 ostendimus.
3705 3376 3812 3431 Hoc

2227 3469 2389 3539 igitur
2444 3470 2603 3524 modo
2647 3470 2896 3525 difﬁnitio
2929 3470 3091 3525 etiam
3139 3470 3370 3539 partium
3406 3472 3813 3525 enumeratione

2227 3563 2570 3632 tractabitur,
2626 3573 2806 3633 partes
2863 3577 2961 3631 pro
3007 3562 3290 3630 speciebus
3350 3561 3472 3628 poni
3535 3560 3812 3616 rationalis

2226 3657 2438 3713 licentia
2489 3665 2598 3721 est,
2647 3667 2703 3710 ut
2749 3663 2918 3709 totum
2974 3669 3072 3724 pro
3117 3667 3344 3723 genere,
3399 3665 3674 3722 nunquam
3727 3661 3808 3708 ta-

2224 3763 2343 3802 men
2387 3762 2550 3817 genus
2591 3762 2690 3816 pro
2729 3755 2872 3812 toto,
2914 3757 3004 3800 aut
3045 3761 3141 3816 pro
3170 3753 3322 3815 parte
3375 3746 3583 3814 species
3637 3745 3808 3800 nomi-

2223 3854 2398 3896 natur.
2453 3841 2622 3895 Omne
2673 3839 2932 3910 cujusque
2990 3854 3160 3908 genus
3207 3852 3332 3892 suas
3362 3837 3428 3892 ad
3479 3840 3692 3907 species
3730 3843 3811 3894 est

2224 3933 2373 4003 quasi
2433 3941 2597 3986 totum
2628 3973 2642 3997 ,
2705 3934 2845 3987 unde
2891 3941 3060 3986 totum
3113 3946 3210 4002 pro
3260 3946 3456 4002 genere
3501 3931 3624 4000 jure
3675 3930 3808 3985 dici-

2224 4041 2360 4079 mus.
2395 4025 2700 4094 Eodemque
2731 4024 2889 4078 modo
2919 4033 3098 4095 partes
3137 4038 3234 4093 pro
3279 4022 3457 4090 specie
3501 4020 3804 4077 nominabi-

2227 4131 2367 4172 mus.
2424 4117 2552 4171 Nam
2580 4117 2622 4171 si
2650 4117 2714 4170 ad
2741 4117 2790 4172 id
2815 4131 2984 4188 genus
3010 4127 3064 4172 et
3085 4117 3398 4172 vocabulum
3445 4114 3586 4187 quod
3617 4115 3807 4170 dicitur

2228 4219 2394 4266 totum
2421 4211 2539 4279 jure
2565 4211 2818 4272 sociatur.
2854 4226 2950 4280 par
2988 4212 3123 4267 ratio
3150 4219 3234 4266 est
3266 4225 3362 4280 pro
3389 4211 3676 4281 speciebus
3698 4223 3807 4279 pan

2227 4311 2308 4358 tes
2333 4303 2484 4373 quasi
2526 4303 2623 4357 sub
2660 4304 2753 4356 toti
2801 4301 3158 4372 appellatione
3191 4315 3531 4358 enumerare.
3565 4300 3700 4355 illud
3735 4309 3808 4354 ta-

2228 4413 2350 4452 men
2377 4397 2541 4468 probe
2573 4395 2900 4451 admonitum
2929 4396 3074 4462 volo,
3101 4409 3219 4450 cum
3252 4397 3358 4449 duo
3394 4407 3589 4465 genera
3633 4405 3807 4448 rerum

2229 4490 2356 4554 sint,
2385 4488 2681 4558 corporalia
2720 4496 2775 4542 et
2817 4487 3191 4555 incorporalia,
3223 4487 3276 4541 in
3307 4495 3537 4556 utroque
3561 4491 3616 4540 et
3641 4499 3806 4554 genus

539 4583 686 4638 illam
721 4593 974 4651 praestare
998 4581 1368 4637 difﬁnitionem
1399 4598 1558 4651 quam
1602 4596 1762 4652 supra
1811 4581 2118 4652 posuimus,
2153 4560 2204 4624 Ῑ)
2227 4591 2279 4638 ει
2306 4592 2470 4636 totum
2499 4581 2686 4650 accipi,
2718 4593 2779 4634 ac
2813 4580 2928 4650 pari
2969 4580 3132 4634 modo
3163 4589 3344 4648 partes
3371 4588 3427 4633 et
3457 4577 3667 4646 species
3710 4591 3806 4631 no-

521 4689 659 4730 cum
690 4688 890 4745 genere
916 4675 1180 4729 collocato
1203 4675 1268 4728 ad
1305 4673 1720 4730 declarationem
1752 4674 1828 4729 rei
1857 4690 1977 4744 quae
2015 4674 2120 4728 dil-

539 4769 727 4824 ﬁnitur
777 4766 1129 4822 substantiam
1154 4767 1292 4851 .ejus
1340 4767 1582 4821 indicans
1637 4764 1858 4821 aﬁertur
1919 4767 2120 4824 oratio.

521 4863 678 4919 'Sane
707 4858 1068 4932 adjiciendum
1094 4861 1323 4915 arbitror
1345 4874 1449 4913 non
1475 4873 1591 4914 esse
1619 4859 1902 4929 quamdam
1931 4873 2121 4914 neces-

458 5006 464 5012 .
535 4953 747 5009 sitatem
777 4953 829 5006 in
858 4951 957 5006 ista
996 4952 1221 5020 partium
1260 4949 1686 5015 enumeratione,
1743 4949 1829 5003 ubi
1873 4957 1958 5003 est
1985 4964 2120 5019 quo-

535 5045 824 5101 dammodo
865 5043 1132 5107 difﬁnitio,
1176 5043 1220 5096 si
1272 5042 1493 5096 infinitae
1540 5051 1719 5112 partes
1764 5043 1983 5108 fuerint,
2031 5044 2117 5098 vel

534 5139 781 5210 plurim
804 5136 1030 5207 species,
1061 5150 1283 5206 quarum
1311 5135 1600 5204 partitione
1630 5133 1868 5189 iacienda
1895 5149 2122 5191 enume-

534 5233 668 5287 ratio
688 5239 801 5295 est;
831 5241 944 5283 non
965 5227 1202 5298 inquam,
1239 5227 1468 5282 arbitrer
1496 5227 1548 5280 in
1580 5228 1680 5281 ista
1710 5227 2120 5283 enumeratione

535 5326 786 5379 universa
813 5335 934 5394 qua
976 5322 1182 5376 inﬁnita
1223 5332 1346 5378 sunt
1391 5337 1493 5376 non
1525 5322 1720 5376 debere
1769 5322 2118 5378 concludere.

534 5415 741 5472 Sufficit
791 5418 934 5470 enim
961 5415 1047 5470 vel
1081 5415 1436 5485 plurimumet
1459 5415 1594 5471 efﬁci
1620 5417 2108 5482 enumerationem,

529 5525 653 5565 cum
697 5509 750 5563 in
778 5509 994 5563 inﬁnitis
1027 5523 1134 5562 non
1173 5510 1240 5563 sit
1267 5509 1467 5579 aliquid
1518 5509 1930 5577 praetermittere
1961 5510 2115 5562 vitio-

531 5617 648 5655 sum
675 5601 812 5656 :hec
831 5601 1024 5655 Cicero
1048 5603 1102 5654 in
1131 5601 1346 5669 Topicis
1375 5601 1682 5666 collocavit,
1716 5616 1871 5670 posse
1907 5615 2008 5654 nos
2024 5599 2111 5668 jus

530 5693 694 5747 civile
716 5695 1116 5748 enumeratione
1145 5691 1398 5747 difﬁnire.
1430 5692 1580 5758 Quod
1630 5691 1686 5745 in
1726 5690 1934 5761 legibus
1965 5705 2116 5745 more

534 5785 785 5859 cquitate
827 5784 1090 5851 consistit,
1133 5800 1242 5840 non
1286 5793 1467 5841 autem
1508 5791 1677 5839 totum
1713 5783 1802 5852 jus
1830 5798 2116 5841 enumera-

2225 4676 2437 4741 minari,
2487 4674 2580 4729 sed
2623 4685 2865 4744 separata
2915 4672 3140 4728 rationis
3183 4671 3415 4742 propria:
3455 4673 3720 4740 sectione,
3754 4680 3806 4730 ut

2223 4783 2347 4822 cum
2374 4781 2542 4836 genus
2566 4766 2832 4835 qualitatis
2855 4765 3012 4819 modo
3037 4763 3202 4820 fuerit
3227 4763 3581 4832 nominatum,
3611 4764 3661 4818 ei
3689 4775 3807 4832 ερο-

2225 4860 2337 4914 cies
2375 4858 2677 4927 suppositas
2712 4859 3010 4927 intelligere
3048 4855 3362 4911 debeamus.
3391 4853 3524 4909 Cum
3561 4869 3692 4910 vero
3731 4864 3807 4910 to-

2226 4963 2358 5017 tum,
2407 4967 2510 5007 non
2547 4968 2652 5024 quo
2688 4951 2913 5022 qualitas
2947 4950 3065 5021 ejus
3102 4949 3562 5005 animadvertatur
3587 4963 3708 5020 quae
3737 4948 3806 5002 si-

2224 5046 2506 5115 gniﬁcatur
2555 5059 2774 5115 semper
2818 5044 2870 5098 in
2916 5057 3136 5113 genere,
3193 5041 3288 5096 sed
3337 5042 3490 5113 quasi
3539 5041 3804 5110 quoddam

2225 5137 2572 5192 Substantiale
2600 5150 2819 5206 corpus,
2852 5145 2908 5188 ut
2949 5133 3001 5189 id
3037 5143 3241 5189 sectum
3281 5135 3334 5188 in
3375 5142 3556 5204 partes
3582 5146 3708 5186 snas
3732 5140 3805 5185 at-

2224 5243 2330 5299 que
2363 5229 2702 5283 distributum
2729 5226 2886 5298 quasi
2909 5224 3188 5294 cujusdam
3213 5224 3804 5295 quantitatisreceperil

2226 5323 2537 5376 sectionem.
2585 5319 2709 5375 Sive
2748 5317 2878 5374 illud
2921 5331 3122 5388 corpus
3156 5316 3248 5384 sit,
3279 5317 3392 5372 sive
3427 5316 3512 5385 (ut
3545 5315 3802 5382 uisimus)

2225 5415 2582 5486 incorporale,
2627 5412 3092 5469 animadversione
3124 5412 3414 5482 utriusque
3444 5409 3800 5480 cognationis,

2221 5520 2338 5574 qur:
2368 5516 2458 5558 aut
2489 5505 2539 5558 in
2568 5505 2822 5574 qualitate
2865 5512 2957 5559 aut
2998 5503 3050 5559 in
3082 5503 3384 5574 quantitate
3409 5512 3514 5557 est.
3543 5501 3603 5556 8i
3633 5500 3803 5570 quail-

2223 5606 2329 5652 tate
2360 5612 2472 5651 rem
2502 5596 2817 5666 appellatam
2847 5596 3092 5660 velimus,
3123 5607 3296 5665 genus
3317 5607 3440 5649 esse
3466 5593 3727 5653 dicamus,
3749 5597 3801 5645 et

2225 5692 2346 5745 huic
2372 5690 2579 5759 species
2607 5703 2727 5745 esse
2768 5690 3091 5759 suppositas.
3135 5686 3192 5744 Si
3232 5687 3583 5758 quantitatem
3610 5696 3799 5754 quam-

2221 5784 2340 5838 dant
2374 5785 2424 5838 in
2455 5798 2519 5838 eo
2549 5782 2688 5853 quod
2717 5790 2887 5839 totum
2929 5791 3016 5839 est
3043 5781 3568 5854 comprehendimtl,
3609 5778 3803 5845 net-ite
