4064 6336
529 409 630 470 905

1736 401 1845 458 ΑΝ.
1884 399 2089 455 MANL.
2129 397 2284 456 SEV.
2325 396 2550 454 BOETll

3696 389 3796 444 90‘

531 533 655 594 tam,
681 524 775 582 Sed
803 523 977 579 solum
1003 521 1104 576 hoc
1131 519 1350 586 animal,
1382 518 1523 590 quod
1551 524 1637 574 est
1663 517 1846 581 homo,
1881 515 2113 587 qualita-
2140 521 2194 581 Α
2217 515 2576 576 declaramus,
2608 513 2724 566 hac
2748 511 2846 566 erit
2876 511 3059 582 quinta
3090 510 3159 567 de
3215 523 3320 580 qua
3359 507 3636 581 loquimur
3663 505 3797 560 dttli-

531 622 669 678 libus
717 622 767 675 in
814 627 990 674 mente
1019 617 1205 687 positis
1227 601 1297 672 'et
1339 613 1664 681 constitutis,
1697 612 1849 682 quasi
1879 611 2106 680 quidam

531 716 609 770 vel
639 713 892 770 naturalis
921 713 1110 766 artifex
1150 709 1227 765 vel
1278 710 1398 763 vitae
1441 709 1791 777 gubernator,
1836 706 2106 770 impletur.

530 807 652 864 Haec
674 805 886 877 quidem
908 808 1062 860 venia
1089 812 1143 859 et
1171 802 1402 858 secunda
1431 801 1521 853 illa
1549 808 1770 867 possunt
1791 796 1958 851 videri
1985 794 2107 865 qui-

530 901 750 955 busdam
775 913 894 953 esse
922 910 1232 951 communes
1262 912 1275 946 ε
1307 909 1425 947 nam
1457 907 1599 960 saepe
1627 890 1825 946 sufﬁcit
1855 889 1904 942 in
1933 886 2103 958 quali-

530 993 619 1048 bet
651 994 834 1045 harum
863 993 927 1044 ad
959 988 1330 1043 dil'tittitionetn
1355 986 1469 1054 ejus
1496 983 1574 1039 rei
1603 984 1668 1036 de
1696 999 1799 1053 qua
1851 982 2106 1050 qua‘ritur

530 1085 699 1139 solum
729 1083 843 1150 ejus
884 1081 1151 1150 proltriutn
1194 1077 1475 1142 nominari,
1517 1086 1572 1130 ut
1617 1077 1658 1128 si
1705 1074 1900 1138 dicant,
1947 1073 2107 1126 homo

531 1189 611 1233 cst
647 1176 783 1245 quod
831 1176 987 1240 ridet,
1031 1176 1129 1228 hoc
1175 1172 1313 1226 enim
1355 1171 1622 1239 proprium
1671 1167 1901 1221 hominis
1933 1179 2104 1232 neque

532 1269 692 1322 ullius
725 1268 970 1321 animalis
999 1275 1108 1328 est;
1139 1281 1243 1333 quo
1274 1263 1418 1316 dicto
1455 1261 1736 1330 tacitisque
1773 1261 1890 1313 aliis
1929 1259 2106 1312 omni-

533 1359 630 1417 bus
657 1361 849 1431 quibus
881 1365 1038 1413 ttomo
1069 1355 1240 1424 possit
1263 1354 1492 1418 ostendi,
1522 1355 1637 1407 solo
1671 1361 1843 1405 tamen
1876 1351 1956 1405 sui
1989 1365 2112 1419 pro-

533 1455 645 1525 prio
669 1451 968 1508 declaratus
988 1459 1089 1504 est.
1120 1452 1182 1502 lit
1210 1449 1310 1501 hoc
1333 1447 1518 1502 Cicero
1541 1446 1609 1500 de
1635 1447 1957 1514 proprietate
1978 1443 2114 1496 dixit

531 1559 696 1614 genus
717 1559 837 1599 esse
864 1542 1199 1597 diftinitionis
1227 1538 1369 1610 quod
1402 1539 1603 1592 notiotti
1635 1536 1888 1606 applicari
1920 1544 2109 1604 potest,

533 1647 593 1693 ut
618 1635 933 1707 quihusdam
979 1634 1203 1701 videtur,
1248 1640 1424 1702 potest
1454 1631 1612 1684 etiam
1653 1629 1775 1683 huic
1807 1626 2114 1682 dilftnitioui

533 1745 652 1800 quae
689 1727 958 1798 qualitatis
993 1727 1180 1780 sortita
1221 1737 1302 1781 est
1343 1740 1559 1779 nomen.
1592 1723 1741 1779 Unde
1777 1723 1987 1790 quidam
2021 1722 2115 1775 has

534 1823 664 1878 duas
693 1821 830 1876 inter
855 1836 914 1875 5e
945 1820 1089 1873 nullo
1121 1820 1224 1873 tine
1265 1818 1523 1872 discretas
1578 1832 1737 1870 unam
1775 1831 1896 1870 esse
1918 1814 2116 1881 'politts

2212 607 2360 660 nitio.
2390 604 2458 660 Μ.
2489 604 2695 658 Tullius
2727 604 2824 658 hac
2864 619 2990 658 usus
3027 613 3111 660 est
3150 603 3204 658 in
3233 601 3475 674 Topiris,
3515 615 3670 667 cum,
3722 598 3798 652 lo-

2212 713 2332 754 cum
2363 697 2660 767 argumenti
2695 695 2991 764 diftiniens,
3019 695 3155 751 dixit
3186 709 3306 750 esse
3351 694 3569 756 sedem.
3603 692 3674 748 ita
3721 691 3795 745 lo-

2213 803 2335 844 cum
2367 789 2584 844 nomine
2616 803 2722 844 uno
2764 788 2929 859 cujus
2970 804 3082 843 rem
3109 788 3382 858 quaerebat
3412 786 3515 840 alia
3557 783 3795 854 appella-

2215 885 2357 939 tione
2381 884 2446 938 ad
2477 884 2695 938 verbum
2727 885 2899 953 posita
2932 897 3028 950 per
3053 881 3428 960 diftinitionem
3458 879 3585 948 qttid
3615 885 3795 942 esset,

2216 977 2478 1039 ostendit,
2518 974 2699 1031 sedem
2741 974 2988 1040 dicendo,
3021 973 3159 1028 hanc
3187 972 3360 1028 ϐε·κοὶ
3403 970 3518 1026 κατ’
3548 969 3792 1032 mihi”

2205 1071 2509 1138 “appellant.
2537 1077 2594 1122 ut
2617 1071 2739 1145 ἀνὴρ
2770 1070 2908 1124 ἐστὶν
2928 1066 2955 1122 ὁ
2982 1064 3259 1145 ἅνθρωπος.
3288 1065 3450 1121 Sexta
3470 1065 3602 1118 κατὰ
3629 1060 3800 1132 dtus-0‘

2217 1165 2332 1240 ράν,
2364 1160 2572 1229 species
2610 1160 2943 1214 diftinitionis
2972 1166 3084 1223 est,
3120 1159 3256 1212 hanc
3287 1170 3385 1210 nos
3425 1170 3520 1225 per
3549 1153 3800 1209 differen-

2220 1253 2345 1306 tiam
2376 1252 2620 1307 dicimus.
2669 1252 2969 1319 Scriptores
3010 1267 3138 1306 vero
3185 1249 3378 1304 artium
3416 1249 3484 1303 de
3526 1248 3717 1303 eodem
3748 1256 3801 1302 et

2221 1347 2388 1401 altero
2420 1345 2728 1409 nominant,
2758 1353 2814 1398 ut
2843 1360 2962 1399 cuin
2995 1345 3253 1412 qumritur
3283 1342 3407 1412 quid
3449 1341 3591 1396 inter
3619 1355 3797 1410 regem

2220 1442 2287 1493 sit
2320 1449 2374 1494 et
2403 1451 2682 1508 tyrannum
2709 1438 2913 1505 adjecta
2954 1435 3253 1490 diti‘erentia
3275 1477 3292 1502 ,
3322 1435 3445 1505 quid
3479 1444 3702 1504 uterque
3732 1432 3801 1490 sit

2215 1531 2495 1597 diftinitur,
2526 1540 2581 1584 et
2618 1531 2793 1585 omnis
2838 1529 3050 1599 quidem
3093 1529 3362 1596 diltinitio,
3412 1529 3568 1582 sicuti
3611 1528 3798 1581 docui-

2218 1641 2334 1680 tnus
2362 1640 2554 1694 supra,
2596 1639 2700 1679 non
2752 1625 2850 1677 nisi
2897 1622 3155 1693 appositis
3185 1622 3502 1678 ditl'erentiis
3549 1635 3798 1689 Compre-

2219 1719 2493 1786 hensoque
2530 1732 2628 1771 suo
2657 1717 2874 1786 pr0prio
2921 1716 3049 1787 quid
3099 1716 3170 1770 sit
3197 1715 3264 1769 de
3295 1729 3402 1783 quo
3431 1712 3686 1783 quaeritur
3712 1727 3802 1767 ex-

2221 1813 2434 1882 primit;
2485 1827 2591 1866 non
2623 1821 2798 1866 tamen
2832 1814 2932 1866 hoc
2979 1811 3118 1866 idem
3153 1809 3420 1865 videbitur
3450 1823 3575 1864 esse
3614 1806 3801 1862 modus

534 1924 775 1976 censent,
807 1927 927 1967 cum
952 1912 1081 1966 satis
1114 1920 1365 1981 appareat
1403 1910 1544 1978 illam
1581 1910 1740 1962 nullis
1773 1909 1957 1977 positis
1987 1924 2118 1975 qna-
2147 1897 2195 1957 B
2222 1906 2322 1958 iste
2352 1905 2418 1960 de
2446 1920 2551 1972 quo
2583 1919 2721 1958 nunc
2749 1902 3034 1973 loquimur,
3063 1903 3326 1972 siquidem
3363 1901 3478 1956 sola
3505 1899 3803 1956 (ἥσει-θηλὴ

534 2007 768 2064 litatibus
811 2006 1105 2074 notionem,
1139 2013 1193 2058 ttt
1222 2018 1381 2071 supra
1420 2003 1722 2062 docuimus.
1768 2016 1924 2070 posse
1965 2016 2117 2055 cont-

534 2105 688 2173 pleri,
727 2104 865 2157 hanc
911 2101 1098 2169 positis
1137 2099 1482 2168 qualitatibus
1526 2113 1646 2167 qua:
1693 2111 1778 2151 res
1825 2097 1914 2160 sit,
1959 2097 2120 2150 tacito

533 2198 693 2252 etiam
728 2195 844 2263 ejus
889 2194 1104 2263 proprio
1150 2205 1337 2262 posse,
1383 2192 1687 2245 ostendere.
1729 2189 1981 2256 Quartam
2024 2202 2120 2243 nos

535 2286 905 2344 diftinitionent
959 2286 1308 2362 ὑπογραφαήν
1360 2283 1623 2346 diximus,
1671 2297 1776 2336 non
1834 2295 2113 2334 numerum

531 2379 684 2450 quasi
731 2378 1000 2449 proprium
1033 2377 1379 2438 coltocantes,
1417 2376 1511 2430 sed
1554 2376 1797 2429 instituto
1826 2374 2014 2428 ordine
2051 2373 2117 2427 ad

531 2470 820 2527 factliorem
853 2469 1209 2540 cognitionem
1233 2467 1551 2521 vocabulum
1580 2466 1834 2520 exltibitae
1865 2481 2006 2519 nunc
2036 2482 2121 2518 ra-

534 2562 662 2618 tioni
688 2561 988 2618 sociantes:
1016 2576 1120 2614 non
1162 2559 1304 2614 enim
1334 2569 1544 2629 quarta,
1574 2574 1694 2629 qua:
1720 2569 1802 2612 est
1827 2559 2117 2631 ὑπογραφὴ,

531 2670 650 2726 qua:
678 2671 709 2710 a
739 2654 891 2710 nobis
914 2653 1203 2720 descriptio
1229 2652 1368 2708 dicta
1397 2662 1502 2718 est,
1535 2664 1725 2722 quarta
1758 2651 1981 2706 dicenda
2015 2663 2118 2706 est.

533 2746 638 2805 Sed
686 2747 807 2815 quia
842 2745 974 2799 ordo
1009 2743 1389 2814 propositionis
1426 2751 1698 2811 exegerat,
1753 2742 1873 2796 ideo
1923 2755 2120 2795 nomen

531 2837 741 2893 numeri
768 2836 1151 2892 collocavimus
1181 2837 1281 2890 hoc
1310 2837 1446 2890 loco.
1482 2836 1722 2904 Namque
1774 2835 1865 2906 qui
1895 2845 2119 2904 quartus

530 2940 631 2996 est,
662 2928 850 2984 Cicero
873 2928 941 2984 de
961 2928 1149 2984 eodem
1173 2939 1224 2982 et
1245 2929 1413 2982 alt’ero
1441 2928 1815 2983 diftinitionem
1846 2929 2041 2997 posuit,
2065 2938 2122 2983 et

533 3024 612 3078 sic
635 3023 987 3097 ὑπογραφικήν
1020 3022 1258 3090 quintam
1286 3022 1594 3086 constituit;
1626 3020 1719 3075 sed
1760 3037 1881 3083 nos,
1910 3023 2118 3076 omissa

533 3113 934 3174 numerositate,
956 3112 1081 3180 quid
1103 3114 1421 3184 ὑπογραφική
1440 3112 1526 3176 sit,
1546 3127 1664 3180 quae
1684 3125 1714 3164 a
1734 3111 1800 3164 Μ.
1828 3111 2004 3165 Tullio
2033 3112 2119 3166 de-

533 3205 754 3276 scriptio
783 3205 1107 3271 nominatur,
1143 3205 1413 3273 pr0posita
1457 3206 1663 3257 ratione
1693 3203 2025 3268 docebimus,
2063 3214 2121 3259 et

2222 2013 2340 2052 cuin
2387 1998 2560 2066 posita
2604 1996 2766 2050 fuerit
2817 1997 2953 2050 inter
2995 1997 3153 2059 duos,
3195 1994 3260 2048 de
3305 1994 3499 2064 quibus
3547 1994 3804 2062 quaeritur

2223 2090 2349 2160 quid
2380 2091 2478 2151 sit,
2517 2100 2801 2158 utrumque
2830 2088 3209 2157 cognoscitur:
3240 2086 3436 2142 etenim
3470 2088 3520 2139 in
3563 2086 3805 2154 superio-

2223 2183 2368 2238 ribus
2415 2183 2531 2238 sola
2579 2198 2808 2252 quasque
2858 2183 3206 2249 detiniuntur,
3248 2181 3334 2236 hic
3370 2181 3477 2234 duo
3518 2181 3671 2251 quasi
3713 2195 3805 2236 co-

2221 2276 2390 2346 gnita,
2431 2275 2524 2329 sed
2563 2275 2791 2344 quadam
2836 2275 2978 2330 inter
3020 2290 3078 2330 se
3124 2273 3501 2329 communione
3548 2272 3804 2338 confusa,

2230 2382 2260 2420 a
2293 2365 2435 2436 jecta
2482 2365 2779 2420 differentia
2821 2375 3195 2432 secernuntur,
3232 2381 3324 2435 per
3362 2381 3524 2436 quam
3568 2364 3696 2435 quid
3737 2366 3805 2421 sit

2230 2469 2512 2530 utrumque
2556 2459 2916 2528 cegnoscitur,
2950 2469 3008 2528 ut
3035 2476 3129 2515 rex
3157 2469 3238 2516 est
3282 2459 3560 2514 modestus
3589 2471 3644 2514 et
3675 2469 3806 2515 tem-

2229 2561 2465 2620 peratus,
2497 2562 2751 2622 tyrannus
2776 2567 2902 2607 vero
2931 2551 3182 2607 crudelis.
3207 2549 3287 2606 Ex
3320 2552 3420 2607 hoc
3446 2551 3577 2607 illud
3604 2561 3687 2607 est
3710 2552 3805 2609 Te-

2227 2648 2415 2715 rentii,
2450 2647 2650 2716 pudore
2675 2661 2738 2702 ac
2783 2647 3103 2703 liberalitate
3133 2647 3331 2702 liberos
3372 2647 3608 2702 retinere
3643 2648 3808 2704 satius

2229 2755 2348 2795 esse
2388 2752 2514 2810 pttto
2557 2756 2715 2809 quam
2757 2749 2929 2805 metu,
2987 2741 3085 2794 hoc
3133 2750 3284 2808 pater
3323 2753 3386 2793 ac
3431 2739 3682 2795 dominus
3723 2740 3806 2795 in-

2230 2841 2415 2888 terest.
2449 2833 2578 2886 Item
2614 2832 2680 2886 Μ.
2704 2831 2911 2886 Tullius
2943 2847 3036 2902 pro
3063 2832 3226 2888 Sexto
3260 2832 3454 2888 ltnscio
3481 2851 3492 2886 :
3525 2838 3702 2903 Atque
3731 2833 3807 2889 in-

2227 2932 2304 2978 ter
2338 2925 2474 2978 hanc
2502 2925 2664 2978 vitam
2708 2925 3023 2992 perpolitam
3072 2924 3405 2981 humanitate
3433 2934 3489 2981 et
3530 2926 3678 2981 illam
3711 2927 3804 2983 im-

2224 3030 2436 3070 manem
2480 3015 2611 3070 nihil
2655 3015 2876 3072 interest
2911 3033 3067 3086 quam
3104 3017 3193 3088 jus
3230 3027 3387 3087 atque
3435 3019 3534 3073 vis.
3571 3020 3803 3089 Septima

2221 3118 2303 3161 est
2342 3109 2474 3164 κατὰ
2519 3111 2834 3184 μεταφορὰν,
2885 3109 2934 3162 id
2985 3119 3068 3165 est
3112 3124 3208 3179 per
3277 3111 3708 3179 translationem,
3752 3122 3804 3168 ut

2223 3199 2410 3256 Cicero
2441 3203 2493 3256 in
2523 3202 2758 3272 Tepicis,
2790 3203 2964 3258 Littus
2992 3213 3074 3259 est
3103 3205 3242 3273 quod
3277 3204 3466 3260 fluctus
3489 3206 3638 3262 eluit.
3674 3208 3800 3263 Item

533 3314 629 3370 per
645 3271 975 3366 exemplum,
1000 3311 1118 3367 quae
1144 3271 1320 3350 oratio
1350 3311 1455 3350 non
1484 3297 1607 3366 quid
1638 3298 1706 3353 sit
1763 3298 1940 3367 potius
1966 3299 2114 3365 dicit,
2149 3271 2583 3360 C_'adolescentia
2609 3271 2694 3349 est
2721 3295 2820 3349 llos
2853 3297 3046 3364 aetatis,
3075 3271 3321 3353 senectus
3349 3313 3572 3356 occasus
3600 3303 3801 3366 aetatis;

533 3390 627 3448 sed
641 3389 876 3446 adhibita
898 3388 1218 3445 circuitione
1238 3388 1499 3444 dictorum
1521 3389 1888 3458 factorumque
1911 3391 1964 3445 id
1981 3394 2119 3459 quae-

536 3498 645 3562 que
686 3499 774 3538 res
819 3483 889 3537 sit
923 3481 1286 3552 descriptione
1329 3481 1583 3536 declarat.
1621 3482 1954 3551 Descriptiva
2019 3482 2119 3537 ista

531 3578 728 3635 dicitur
754 3592 874 3633 esse
901 3576 1170 3644 diftinitio,
1201 3585 1257 3630 ut
1280 3591 1401 3631 cum
1446 3577 1707 3645 quaeritur
1746 3577 1872 3646 qttid
1924 3591 2118 3632 avarus

532 3673 635 3736 sit,
683 3670 810 3744 quid
859 3670 1123 3738 crudelis,
1179 3670 1307 3741 quid
1358 3671 1700 3736 luxuriosus,
1749 3681 1804 3726 et
1861 3674 2114 3728 universa

530 3765 714 3830 avari,
741 3763 1047 3827 ,luxuriosi,
1086 3763 1343 3829 crudelis,
1377 3773 1566 3818 natura
1597 3764 1940 3819 describitur.
1986 3765 2115 3833 Qua:

531 3857 868 3914 difﬁnitionis
910 3856 1118 3926 species
1146 3856 1340 3912 dicitur
1370 3859 1759 3914 exhortationis
1800 3875 1998 3927 genere
2026 3862 2120 3917 de-

533 3948 773 4018 scriptio,
813 3956 870 4003 ut
899 3948 1201 4003 luxuriosus
1224 3958 1307 4004 est
1333 3949 1504 4004 victus
1533 3965 1640 4004 non
1673 3953 1992 4022 necessarii,
2019 3954 2117 4009 sed

533 4042 833 4110 sumptuosi
864 4050 920 4098 et
948 4040 1158 4097 onerosi
1195 4051 1470 4112 appetens,
1508 4042 1562 4096 in
1593 4041 1818 4098 delicias
1865 4044 2113 4110 attinens,

533 4134 586 4192 in
620 4133 892 4191 libidinem
923 4149 1140 4204 pronus.
1166 4133 1293 4190 Haec
1321 4143 1376 4188 et
1402 4134 1506 4189 alia
1551 4134 1824 4190 diftiniunt
1867 4137 2113 4193 luxurio-

533 4243 686 4293 sum,
724 4237 778 4283 et
803 4229 1166 4298 descriptione
1205 4226 1508 4293 diftiniunt,
1541 4229 1656 4285 haec
1704 4230 1954 4285 diftinitio
1992 4244 2115 4301 apta

532 4335 746 4390 semper
777 4332 857 4377 est
893 4323 1116 4376 oratori.
1150 4320 1282 4376 Huic
1313 4321 1454 4377 enim
1489 4321 1605 4388 laus
1635 4322 1847 4378 dicendi
1882 4339 1977 4393 per
2007 4326 2118 4380 cir-

533 4414 733 4472 cuitum
759 4413 1006 4470 tribuitur
1031 4424 1247 4485 propter
1270 4413 1601 4469 honestatem
1620 4455 1635 4481 ,
1666 4432 1769 4471 non
1796 4417 1884 4471 ille
1944 4419 2120 4486 aptior

533 4517 588 4564 et
612 4507 994 4564 determinatus
1020 4521 1199 4563 sermo
1228 4507 1319 4577 qui
1351 4509 1515 4564 veluti
1548 4507 1830 4563 familiaris
1865 4517 1949 4563 est
1979 4510 2120 4564 difti-

535 4600 721 4657 nitioiti
771 4615 930 4670 quam
965 4615 1122 4671 supra
1150 4601 1560 4657 substantialem
1587 4615 1707 4656 esse
1736 4602 2117 4670 praecepimus.

537 4690 736 4748 [dcimo
763 4693 943 4747 multis
976 4692 1028 4748 in
1060 4693 1196 4749 locis
1227 4694 1294 4749 Μ.
1336 4693 1559 4758 Tullius,
1591 4707 1712 4759 eum
1747 4693 2117 4748 dittiniendum

534 4783 729 4855 aliquid
761 4783 920 4852 dicit,
951 4798 1058 4840 non
1089 4783 1516 4840 substantialiter
1548 4785 1804 4854 praecepit
1841 4799 1960 4839 esse
1985 4784 2124 4840 ditii-

536 4876 819 4944 niendum,
851 4876 946 4934 sed
977 4879 1152 4946 potius
1181 4877 1623 4942 describendum,
1661 4889 1716 4934 et
1756 4878 1861 4933 hoc
1905 4879 2120 4935 nomine

537 4973 718 5037 utitur,
745 4980 804 5027 ut
826 4987 947 5028 cum
978 4972 1254 5043 quieritur,
1287 4972 1487 5043 inquit,
1519 4971 1643 5042 quid
1676 4973 1746 5026 sit
1773 4973 1879 5039 fur,
1911 4983 1964 5028 et
1992 4972 2120 5042 quid

537 5065 608 5120 sit
644 5065 958 5135 sacrilegus,
1001 5079 1095 5120 sua
1136 5065 1500 5135 descriptione
1550 5065 1958 5121 monstrandum
2010 5075 2114 5121 est.

534 5156 727 5225 Quinta
754 5158 959 5227 species
1004 5155 1336 5212 diftinitionis
1381 5166 1464 5213 est
1505 5173 1665 5228 quam
1719 5157 1833 5216 κατ’
1876 5159 2118 5224 ἀντιλέξιν

535 5247 785 5311 diximus,
819 5247 1005 5303 Latine
1033 5247 1098 5302 ad
1142 5247 1361 5303 verbum
1409 5263 1698 5318 possumus
1741 5251 1944 5306 dicere.
1995 5253 2120 5304 llaec

537 5353 720 5396 vocem
746 5339 892 5395 illam
937 5340 1005 5397 de
1040 5340 1194 5409 cujus
1222 5355 1279 5396 re
1307 5340 1565 5412 quaeritur
1601 5341 1707 5396 alio
1737 5357 1988 5398 sermone
2018 5341 2116 5398 de-

539 5430 711 5504 signat
747 5446 852 5486 uno
882 5446 945 5488 ac
969 5431 1258 5503 singulari,
1299 5444 1350 5489 et
1379 5433 1773 5504 quodammodo
1807 5436 1933 5506 quid
1981 5435 2110 5490 illud

505 5525 508 5528 ’
537 5523 606 5578 sit
632 5539 737 5580 uno
765 5525 930 5581 verbo
977 5528 1204 5593 positum
1261 5541 1368 5582 uno
1406 5527 1568 5582 verbo
1611 5525 1719 5581 alio
1747 5526 2025 5592 declarat,
2057 5535 2115 5582 ut

503 5617 900 5673 'conticescere
928 5626 1106 5674 tacere
1132 5627 1242 5684 est,
1276 5619 1400 5674 item
1435 5619 1570 5673 latus
1602 5618 1780 5672 haurit
1830 5628 2112 5688 apertum,

540 5706 592 5760 id
622 5717 702 5762 est
733 5708 989 5775 percutit,
1021 5709 1146 5764 item
1176 5724 1295 5764 cum
1340 5711 1622 5764 terminum
1655 5710 1880 5763 dicimus
1912 5710 2070 5766 tinem
2095 5751 2113 5779 ,

496 5813 508 5824 “
541 5807 632 5852 aut
672 5800 948 5867 populatas
991 5802 1398 5869 interpretamur
1445 5815 1567 5856 esse
1601 5811 1854 5866 vastatas,
1900 5813 1954 5858 et
1997 5821 2114 5859 om-

543 5888 670 5949 nino
704 5901 822 5942 cum
869 5887 1021 5943 unius
1071 5888 1216 5946 verbi
1263 5905 1372 5945 rem
1407 5892 1569 5947 verbo
1615 5891 1978 5952 manifestiora
2011 5895 2114 5955 alio

2229 3385 2342 3440 hmc
2385 3387 2528 3440 varie
2577 3388 2794 3442 tractari
2827 3399 3030 3458 poteSI.
3075 3389 3228 3446 Modo
3264 3392 3412 3448 enim
3455 3401 3512 3447 ut
3557 3405 3799 3462 moneat,

2227 3481 2385 3536 modo
2414 3489 2474 3535 ut
2497 3481 2766 3548 designet,
2794 3484 2954 3538 modo
2989 3495 3044 3538 ut
3065 3486 3359 3555 vituperet,
3387 3499 3478 3543 aut
3506 3489 3719 3548 laudet:
3749 3501 3802 3549 ut

2225 3585 2470 3642 moneat,
2504 3577 2754 3631 nobilitas
2783 3588 2865 3634 est
2889 3580 3058 3634 virtus
3088 3580 3349 3651 majorum
3389 3584 3528 3654 apud
3561 3596 3802 3654 posteros

2225 3667 2460 3733 sarcina;
2493 3678 2552 3722 ut
2582 3669 2855 3740 designet,
2883 3681 3042 3741 caput
3071 3681 3154 3728 est
3186 3688 3277 3727 arx
3324 3677 3594 3744 corporis;
3630 3687 3690 3731 ut
3729 3678 3802 3734 vi-

2225 3766 2460 3827 tuperet,
2503 3759 2700 3816 divitia:
2739 3772 2864 3817 sunt
2903 3764 3078 3818 brevis
3118 3764 3240 3819 vitae
3276 3766 3487 3836 longum
3520 3768 3800 3835 viaticum;

2228 3860 2282 3904 ut
2309 3852 2518 3916 laudet,
2550 3855 2910 3910 adolescentia
2951 3865 3034 3910 est
3061 3854 3160 3911 ﬂos
3193 3857 3386 3913 aetatis.
3416 3859 3508 3914 llis
3537 3860 3724 3931 itaque
3751 3868 3805 3918 et

2223 3945 2342 3998 aliis
2373 3945 2546 4000 modis
2578 3946 2803 4014 proferri
2837 3958 3013 4018 potest
3042 3950 3144 4005 ista
3184 3949 3453 4017 diftinitio,
3487 3953 3542 4007 in
3580 3968 3686 4024 quo
3715 3969 3805 4026 ge-

2226 4049 2353 4089 nere
2382 4045 2554 4091 tamen
2587 4037 2715 4092 illud
2740 4039 3031 4094 cavendum
3060 4050 3171 4108 est,
3205 4057 3272 4098 ne
3302 4052 3394 4097 aut
3428 4043 3586 4113 longe
3613 4044 3686 4100 sit
3717 4061 3808 4116 pe-

2224 4126 2317 4182 tita
2361 4128 2674 4198 translatio,
2720 4139 2811 4186 aut
2855 4135 3046 4203 turpis.
3089 4133 3272 4205 Longe
3310 4137 3475 4206 petita
3523 4140 3806 4197 translatio

2225 4231 2337 4287 est,
2362 4231 2418 4277 ut
2447 4225 2599 4278 turba
2623 4225 2949 4294 reipublicae,
2976 4228 3142 4284 chaos
3164 4241 3247 4285 est
3272 4230 3480 4302 legum,
3510 4235 3654 4304 quod
3677 4235 3805 4292 Tul-

2228 4312 2328 4367 lius
2363 4328 2458 4382 pro
2485 4315 2647 4370 Sexto
2681 4316 2875 4372 Roscio
2907 4320 3239 4387 temperavit.
3272 4321 3436 4387 Quasi
3466 4324 3802 4395 sempiterna

2228 4419 2328 4461 nox
2374 4417 2542 4472 esset,
2579 4409 2773 4476 inquit,
2805 4411 2857 4464 in
2904 4426 3010 4481 quo
3048 4413 3210 4467 etiam
3249 4413 3295 4469 si
3339 4416 3410 4470 sit
3437 4418 3587 4486 quasi
3618 4426 3680 4472 ut
3713 4434 3805 4489 per

2229 4499 2633 4557 similitudinem
2665 4503 2762 4568 sit,
2793 4503 3042 4560 diftinitio
3073 4507 3241 4577 accipi
3281 4517 3481 4576 potest,
3534 4521 3803 4581 tempera-

2231 4602 2465 4646 mentum
2495 4593 2764 4661 accipiens
2787 4611 2853 4650 ex
2896 4598 3151 4665 particula
3189 4601 3574 4657 similitudinis.
3610 4601 3803 4672 Turpis

2230 4686 2504 4740 translatio
2543 4687 2601 4741 tit
2635 4687 2842 4743 duobus
2885 4691 3088 4757 modis,
3126 4707 3248 4747 cum
3294 4692 3516 4750 honesta
3559 4697 3805 4764 turpibus

2227 4776 2535 4840 diffinimus,
2570 4788 2659 4834 aut
2702 4782 2878 4850 turpia
2924 4782 3182 4849 honestis,
3230 4795 3286 4841 ut
3311 4787 3356 4841 si
3386 4789 3506 4856 quis
3546 4790 3806 4859 patratio-

2226 4883 2348 4923 nem
2399 4869 2700 4937 diftiniens,
2776 4873 3042 4945 lacrymas
3095 4875 3238 4932 dicat
3302 4879 3516 4935 veneris
3573 4879 3806 4950 fatigatae

2226 4976 2385 5030 quem
2417 4964 2665 5021 sudorem
2697 4965 2886 5022 melius
2917 4968 3237 5025 nominaret.
3263 4972 3368 5026 Aut
3393 4982 3585 5028 contra
3612 4974 3806 5044 aliquis

2226 5052 2392 5125 dicat,
2420 5055 2668 5127 lacrynta:
2706 5067 2831 5114 sunt
2855 5060 3056 5116 doloris
3086 5064 3335 5132 patratio,
3366 5063 3490 5120 huic
3533 5066 3665 5123 vitio
3711 5083 3806 5124 nec

2225 5150 2474 5216 superior
2535 5152 2793 5220 particula
2856 5161 3334 5224 temperamentum
3388 5158 3602 5214 tribuit.
3664 5159 3804 5231 Ergo

2225 5253 2548 5308 magnopere
2587 5243 2728 5297 istud
2779 5246 2948 5300 vitare
3004 5247 3280 5304 debemus.
3334 5249 3536 5306 Octava
3593 5253 3804 5322 species

2221 5328 2554 5387 diflinitionis
2601 5334 2714 5390 κατ’
2752 5337 3014 5410 ἀφαίρεσιν
3055 5345 3148 5395 τοῦ
3189 5342 3438 5405 ἐναντίου,
3486 5343 3540 5396 id
3583 5352 3668 5399 est
3712 5358 3803 5413 per

2221 5421 2536 5490 privantiam
2573 5425 2828 5482 contrarii
2864 5426 2981 5496 ejus
3020 5429 3162 5497 quod
3201 5429 3486 5499 diftinitur,
3515 5440 3574 5487 ut
3603 5434 3797 5489 bonum

2225 5522 2308 5569 est
2331 5515 2472 5584 quod
2502 5516 2704 5572 malum
2736 5533 2838 5570 non
2869 5527 2979 5586 est;
3010 5518 3112 5576 hoc
3136 5536 3333 5591 genere
3359 5521 3698 5582 difﬁnitiouis
3727 5523 3800 5579 uti

2225 5607 2482 5664 debemus
2521 5624 2642 5666 cum
2671 5612 2996 5668 contrarium
3037 5623 3220 5672 notum
3247 5626 3350 5672 est.
3391 5615 3524 5673 Nam
3556 5618 3668 5674 haec
3695 5619 3800 5673 duo

2224 5722 2342 5763 cum
2374 5707 2444 5763 ita
2471 5710 2832 5779 intelligentur
2856 5721 2916 5767 ut
2943 5713 3167 5768 alterum
3196 5716 3314 5772 sine
3347 5714 3517 5773 altero
3545 5731 3665 5772 esse
3696 5733 3798 5772 non

2226 5803 2428 5868 possit,
2472 5801 2693 5856 alterius
2743 5805 2978 5873 cognitio
3016 5807 3285 5876 quomodo
3333 5807 3457 5875 fiet,
3501 5808 3600 5864 uisi
3643 5809 3801 5866 fuerit

2228 5910 2510 5965 utrumque
2535 5901 3020 5968 comprehensum?
3050 5902 3183 5963 Cum
3214 5908 3375 5978 igitur
3404 5911 3631 5966 alterum
3661 5923 3800 5980 qutu-

4033 395 4035 512 ψ

4033 645 4035 788 l
