4056 6330
299 275 400 331 905

1525 283 1723 340 LIBER
1764 286 1852 342 DE
1890 286 2367 347 DIFE‘INITIONE.

2897 251 2969 266 σιμ.
3021 258 3033 266 ν

3482 311 3582 367 906

296 411 435 465 ritur
476 404 604 478 quid
650 409 749 476 sit,
786 409 966 481 utique
997 410 1096 467 hac
1124 411 1446 471 difﬁnitionc
1488 413 1878 493 comprehendi
1911 406 2369 475 Aconsequemia
2399 417 2521 462 sum
2560 422 2626 463 ex
2679 411 2781 466 hoc
2813 408 2967 485 ’τιίιυιι
3010 428 3121 473 om
3178 435 3400 481 munere
3453 442 3584 483 con-

298 518 403 558 non
437 511 644 572 potest,
670 517 793 559 cum
827 514 1113 579 utrumque
1141 508 1400 576 nescitur,
1427 510 1569 579 quod
1595 525 1653 567 se
1682 513 1751 565 ita
1783 527 1879 567 na-

296 596 538 652 turaliter
562 594 723 666 ligatj,
747 604 803 651 ιιι
829 597 1187 655 necessariam
1207 601 1565 671 cognitionem
1592 602 1695 658 sibi
1725 603 1882 659 unius

294 686 778 757 comprehensione
823 698 1130 745 connectat.
1187 691 1526 747 Periclitatur
1576 707 1705 763 ergo
1756 693 1882 749 talis

294 779 563 846 diiﬁuitio,
593 779 733 835 unde
762 794 831 836 an
876 784 1204 838 contrarium
1234 783 1350 853 ejus
1380 793 1567 839 notum
1598 783 1703 849 sit,
1743 784 1887 840 scire

294 870 584 940 debemus,
618 882 676 929 ut
702 873 804 931 hoc
831 876 1041 931 sublato
1070 875 1162 932 ﬁat
1188 877 1304 947 ejus
1343 877 1581 948 cegnitio
1608 878 1752 950 quod
1786 877 1890 934 dii-

297 964 501 1023 ﬁnitur.
533 966 716 1035 Quare
745 969 937 1026 melius
975 985 1121 1041 saepe
1148 970 1208 1025 ﬁt
1249 972 1294 1026 si
1339 982 1641 1043 quaerentes
1686 972 1887 1045 aliquid

293 1061 438 1132 quod
480 1060 854 1118 difﬁniendum
882 1064 982 1131 sit,
1014 1064 1341 1120 contrarium
1370 1066 1490 1135 ejus
1534 1065 1883 1134 difﬁniamus,

292 1165 403 1221 quo
430 1151 810 1209 sublato-illud
851 1155 993 1225 quod
1023 1156 1281 1226 quaeritur
1308 1157 1721 1228 declarabimus,
1751 1166 1810 1213 ut
1836 1160 1885 1216 si

292 1244 494 1301 bonum
515 1254 599 1301 est
625 1247 768 1318 quod
797 1248 1014 1317 prodest
1039 1263 1161 1304 cum
1193 1250 1498 1319 honestate,
1529 1250 1580 1307 id
1608 1251 1753 1323 quod
1781 1252 1887 1308 tals

294 1350 401 1392 non
441 1348 521 1392 est
564 1338 904 1395 malum‘est.
950 1337 1143 1396 Cicero
1198 1343 1249 1397 in
1297 1342 1649 1399 Rhetoricis:
1691 1344 1890 1400 Neces-

291 1424 433 1481 sarie
461 1425 904 1483 demonstrantur
940 1442 1005 1484 ea
1034 1444 1156 1499 quae
1187 1430 1347 1487 aliter
1387 1445 1452 1487 ac
1481 1432 1747 1488 debentur
1788 1449 1891 1491 nec

291 1518 408 1573 ﬁeri
453 1532 556 1575 nec
599 1520 813 1590 probari
861 1531 1106 1591 possunt.
1141 1523 1411 1581 Ponamus
1451 1526 1595 1582 enim
1639 1542 1889 1585 necessa-

291 1607 427 1664 rimn
460 1620 514 1665 et
545 1625 654 1666 non
700 1615 1066 1670 necessarium
1099 1620 1392 1687 contraria,
1426 1627 1486 1673 ut
1524 1621 1707 1675 omnia
1755 1635 1888 1678 con-

291 1710 455 1764 traria
489 1710 577 1769 hic
606 1725 710 1767 nos
748 1727 949 1782 ponere
987 1714 1255 1787 intelligas
1304 1732 1531 1787 quorum
1580 1718 1885 1776 sublatione

2001 495 2232 563 sulatus,
2278 500 2418 555 unde
2464 504 2823 573 ὲννοηματική,
2861 505 2975 562 base
3015 512 3118 565 erit
3162 512 3441 584 difﬁuitio;
3476 518 3583 576 huc
3663 495 3675 519 ς

1997 590 2233 659 apertius
2282 601 2339 647 ut
2380 592 2502 659 ﬁat,
2537 595 2675 652 dabo
2717 599 2860 655 aliud
2910 605 3234 675 exemplum.
3269 610 3338 665 Μ.
3368 610 3583 675 Tullius

1995 680 2050 735 in
2076 681 2310 739 eadem:
2340 684 2482 753 Quid
2518 697 2602 743 est
2630 690 2773 745 aliud
2807 691 2984 749 furere
3025 713 3182 766 quam
3226 716 3332 757 non
3378 719 3582 777 cogno—

1997 788 2151 831 scere
2181 776 2445 846 homines,
2479 795 2583 837 uon
2612 798 2938 856 cognoscere
2970 790 3135 862 leges,
3166 810 3275 849 non
3302 776 3546 855 senatum
3565 844 3582 868 ,
3646 818 3665 873 πρ

1996 882 2101 923 non
2145 871 2446 939 civitatem,
2488 888 2768 935 cruentare
2798 896 2993 955 corpus
3042 890 3232 943 suum?
3264 891 3406 963 Ergo
3450 909 3580 950 con-

1996 964 2270 1031 sequentia
2302 966 2595 1023 accidentia
2639 971 2894 1041 colligere
2922 975 3257 1036 tlifﬁnitionis
3297 993 3382 1037 est
3428 984 3585 1041 ἔννοι-
3650 964 3659 1016 ἶ

1994 1062 2230 1125 ματικής,
2260 1057 2380 1128 ejus
2414 1074 2545 1115 vero
2574 1066 2712 1131 quod
2745 1064 2976 1122 difﬁnies
3005 1074 3331 1129 contrarium
3372 1078 3583 1145 tollere,

1995 1144 2111 1202 haec
2146 1158 2229 1203 est
2258 1150 2344 1205 illa
2381 1167 2538 1223 quam
2565 1163 2808 1211 oetavam
2854 1172 3012 1228 supra
3052 1161 3281 1221 diximus
3309 1144 3588 1226 difﬁnitio.‘

1993 1236 2141 1295 Nona
2170 1244 2376 1310 species
2397 1246 2727 1305 dii‘ﬁnitionis
2765 1260 2848 1306 est
2879 1255 3005 1311 κατὰ
3034 1257 3395 1330 ὑποτύπωσιν,
3418 1263 3469 1319 id
3502 1276 3587 1322 est

1997 1344 2092 1399 per
2132 1335 2415 1403 quamdam
2455 1338 2921 1413 imaginationem,
2960 1356 3020 1400 ut
3068 1348 3267 1406 Aineas
3312 1362 3395 1409 est
3442 1354 3585 1411 ﬁlius

1998 1423 2218 1481 Veneris
2242 1436 2298 1485 et
2322 1429 2585 1495 Anchise;
2620 1434 2733 1489 haec
2762 1450 2977 1507 semper
3004 1439 3055 1493 in
3088 1439 3375 1501 individuis
3402 1461 3584 1502 vorsa-

1996 1523 2101 1580 tur,
2147 1534 2266 1588 qum
2313 1519 2486 1578 Graeci
2533 1522 2704 1597 ἄτομα
2753 1539 2965 1585 vocant.
3015 1532 3355 1594 Desideratur
3400 1552 3581 1597 autem

1995 1609 2096 1664 ista
2138 1611 2385 1669 diiﬁnitio
2438 1615 2581 1672 circa
2639 1622 2855 1675 nomina
2911 1639 3029 1692 qua:
3082 1639 3372 1699 omonyma
3420 1642 3577 1698 sunt,

1997 1701 2265 1759 individua
2312 1707 2597 1776 duntaxat,
2633 1721 2689 1767 ιιι
2733 1713 2865 1784 Ajax
2897 1724 2950 1770 et
2997 1714 3178 1773 Oileus
3207 1730 3261 1775 et
3289 1721 3580 1780 Thelamo-

292 1802 342 1857 id
389 1802 532 1873 quod
587 1786 1213 1877 quaeriturgditﬁniatur.
1265 1808 1407 1882 Ergo
1462 1812 1606 1883 quod
1658 1828 1765 1869 non
1807 1824 1890 1872 est

1998 1796 2134 1852 nius.
2188 1798 2315 1853 Item
2373 1801 2621 1857 subvenit
2680 1805 2731 1858 in
2782 1821 2848 1860 eo
2902 1822 3100 1878 genere
3157 1811 3433 1881 dictionis,
3490 1815 3581 1871 ubi

294 1894 665 1953 necessarium
695 1898 767 1953 ita
797 1897 1020 1956 difﬁniri
1065 1910 1280 1970 potest,
1309 1902 1452 1975 quod
1482 1905 1639 1961 aliter
1663 1921 1727 1962 ac
1753 1906 1892 1963 dici.

293 1997 379 2041 tur
408 1997 463 2041 et
491 1985 607 2042 ﬁeri
645 1997 701 2044 et
726 1990 946 2059 probari
978 2001 1154 2061 potest
1182 2012 1196 2047 :
1229 1994 1332 2050 hoc
1358 2010 1479 2051 cum
1503 1997 1636 2052 tolio
1656 2040 1672 2065 ,
1701 2013 1891 2056 neces-

250 2075 421 2135 'sarii
464 2080 845 2139 difﬁnitionern
890 2084 1182 2143 constituo.
1233 2088 1374 2159 Ergo
1420 2098 1565 2145 recte
1620 2090 1737 2147 ﬁeri
1788 2107 1887 2163 po-

292 2181 397 2229 test
423 2174 727 2249 hujusmodi
756 2177 1025 2247 diiiinitio,
1062 2181 1154 2237 sed
1197 2182 1297 2237 hoc
1330 2182 1490 2238 modo
1534 2185 1887 2254 quemadmo-

289 2267 417 2323 dum
455 2271 632 2326 docui.
671 2272 736 2327 Et
775 2273 877 2328 hoc
916 2282 1000 2329 est
1043 2275 1186 2345 quod
1224 2275 1291 2331 M.
1317 2275 1529 2332 Tullius
1559 2278 1611 2332 in
1643 2279 1891 2335 Partitio-

293 2361 448 2417 nibus
475 2366 750 2435 prazcepit,
774 2381 921 2431 saepe
942 2382 1005 2422 ex
1035 2369 1320 2424 contrariis
1342 2383 1466 2425 esse
1491 2368 1887 2426 diiﬁniendum.

293 2454 407 2510 Sub
452 2456 589 2513 hanc
620 2455 997 2513 dit‘tinitionem
1040 2458 1238 2514 cadunt
1267 2459 1435 2516 etiam
1466 2462 1739 2530 notiones,
1766 2478 1888 2520 cum

292 2548 589 2605 accidentia
620 2552 898 2615 tolluntur,
925 2560 980 2606 et
999 2551 1105 2606 alia
1131 2553 1311 2609 omnia
1342 2568 1461 2625 quae
1490 2556 1705 2612 diversa
1738 2568 1886 2629 sunt,

292 2649 489 2696 etcum
532 2644 861 2698 contrarium
910 2644 1207 2701 accidentis
1240 2648 1328 2703 vel
1369 2652 1756 2719 consequentis
1800 2667 1890 2706 ac-

292 2731 525 2787 cidentis
573 2733 797 2800 tollitur,
828 2742 885 2789 ut
912 2735 958 2790 si
987 2736 1108 2806 quis
1146 2751 1268 2793 esse
1310 2737 1669 2795 substantiam
1714 2740 1889 2809 dicat,

293 2828 435 2896 quod
468 2842 644 2899 neque
670 2829 925 2900 qualitas,
957 2847 1131 2902 neque
1156 2835 1449 2905 quantitas,
1482 2851 1654 2908 neque
1685 2839 1890 2911 reliqua

292 2921 592 2976 accidentia
614 2925 713 2988 sit,
738 2937 858 2979 cum
889 2925 995 2979 alia
1027 2941 1146 2996 quae
1186 2926 1405 2983 diversa
1432 2938 1561 2985 sunt
1599 2932 1887 2998 tolluntur;

293 3016 418 3069 talis
462 3024 542 3070 est
595 3014 870 3084 difﬁnitio,
920 3026 978 3072 ut
1020 3018 1065 3073 si
1112 3019 1233 3089 quis
1284 3019 1557 3077 hominem
1608 3021 1883 3078 diiﬁnieus

295 3109 454 3164 tollat
480 3111 659 3165 omnia
698 3111 983 3180 animalia,
1015 3114 1095 3169 vel
1123 3113 1468 3184 generaliter,
1503 3115 1583 3171 vel
1629 3116 1887 3187 speciali-

1994 1887 2228 1958 aliquem
2273 1893 2446 1961 pudor
2490 1903 2581 1948 aut
2622 1905 2795 1951 metus
2821 1908 2904 1953 est
2934 1900 3247 1958 nominare:
3282 1904 3365 1961 Me
3393 1905 3585 1963 Videli«

1994 1991 2110 2047 cet,
2145 1982 2317 2053 inquit
2347 1984 2666 2058 M.Tullius,
2711 1991 2888 2045 sicarii
2937 1992 3012 2048 illi
3060 1996 3465 2066 describebant;
3516 2002 3584 2059 de

1993 2075 2155 2133 domo
2184 2092 2279 2134 sua
2309 2078 2406 2134 sic.
2441 2084 2508 2135 At
2546 2095 2643 2152 pro
2690 2082 2967 2141 Fundanio
3009 2087 3111 2155 ita,
3153 2090 3484 2163 descripsisti
3517 2112 3583 2150 nc

1993 2168 2113 2238 ejus
2149 2172 2511 2228 necessarium
2559 2187 2801 2231 nostrum
2847 2184 3252 2250 competitorem
3297 2185 3455 2242 istum
3497 2191 3579 2260 ip-

1998 2277 2145 2331 sum;
2188 2265 2303 2335 ejus
2351 2281 2490 2323 nunc
2536 2270 2735 2339 studio,
2785 2280 2838 2328 et
2890 2276 3091 2345 gratia,
3159 2288 3263 2332 tota
3309 2285 3582 2339 accusatio

1994 2354 2095 2409 ista
2150 2359 2355 2414 munita
2403 2370 2504 2416 est.
2567 2361 2625 2418 In
2675 2373 2820 2420 metu
2874 2366 3045 2423 fuerat
3092 2374 3405 2443 nominare,
3462 2377 3585 2434 ideo

1996 2462 2124 2518 ergo
2165 2450 2465 2522 descriptus
2509 2462 2611 2509 est.
2655 2455 2785 2512 Item
2830 2475 2929 2529 pro
2966 2460 3260 2521 Cornelio:
3292 2467 3584 2539 Majestatis

1996 2537 2108 2609 ipsa
2139 2550 2284 2607 sunt,
2317 2543 2478 2613 legite
2504 2554 2565 2599 ut
2592 2546 2875 2616 Iegebatis,
2923 2550 3048 2607 hinc
3087 2537 3393 2626 inttlligctis
3438 2563 3587 2617 nulla

1996 2633 2308 2688 tenuissima
2339 2636 2644 2709 suspicione
2672 2638 2903 2696 describi
2945 2654 3034 2698 aut
3063 2647 3351 2717 signiﬁcari
3382 2651 3585 2709 Corne-

1997 2722 2147 2778 iinm.
2182 2724 2307 2781 Haec
2339 2734 2542 2783 tantum
2582 2729 2651 2785 de
2692 2732 2923 2802 propriis
2954 2740 3259 2795 nominibus
3293 2759 3305 2796 :
3348 2744 3452 2800 alia
3494 2748 3587 2801 illa

1994 2817 2064 2871 sit
2104 2832 2264 2888 quam
2315 2820 2663 2898 ὑπογραφικήν
2722 2825 2957 2883 diximus
3008 2835 3255 2899 superior
3310 2836 3583 2895 difﬁnitio.

1996 2906 2140 2978 Ergo
2185 2925 2215 2965 a
2257 2927 2482 2983 genere,
2525 2915 2718 2984 patria,
2753 2931 2999 2988 corpore,
3028 2920 3203 2989 factis,
3246 2925 3423 2995 dictis,
3471 2930 3586 2986 sive

1994 3001 2229 3069 casibus,
2271 3012 2429 3073 atque
2458 3005 2527 3059 ab
2546 3006 2727 3061 animo
2752 3022 2913 3064 unum
2948 3011 3098 3067 illum
3136 3031 3294 3085 quem
3337 3021 3587 3079 uolumus

1994 3089 2335 3150 diitiuitionis
2380 3110 2583 3166 genere
2621 3097 2979 3158 declaramus.
3014 3103 3226 3160 Decima
3268 3111 3475 3179 species
3505 3126 3587 3170 est

294 3210 394 3257 ter.
434 3201 552 3267 Quo
594 3217 795 3273 genere
844 3177 1183 3260 difﬁnitionis
1232 3207 1369 3261 Deus
1415 3177 1634 3262 dil'iiniri
1663 3177 1885 3279 'potest.

1998 3187 2065 3246 ὡς
2094 3184 2290 3254 τύπος,
2321 3188 2459 3244 hanc
2503 3189 2661 3246 veluti
2694 3192 2948 3262 diximus,
2981 3204 3038 3250 ut
3074 3197 3119 3251 si
3145 3177 3418 3269 quaeratur
3456 3207 3582 3276 quid

297 3292 508 3348 Etenim
545 3310 666 3349 cum
703 3294 829 3366 quid
874 3296 942 3352 sit
980 3296 1120 3353 Deus
1164 3300 1311 3354 nullo
1340 3300 1501 3355 modo
1547 3302 1687 3370 scire
1722 3302 1894 3371 possi-

295 3400 443 3454 mus,
494 3386 805 3443 sublatioue
853 3391 1095 3445 omnium
1153 3393 1497 3448 existentiqu
1551 3411 1668 3466 qua:
1718 3393 1891 3452 δι’ωοί

298 3472 415 3531 ὅντα
435 3478 729 3548 appellant,
753 3480 1116 3549 cognitionem
1153 3482 1269 3548 Dei,
1298 3483 1453 3537 nobis
1483 3485 1894 3554 circumscripta

296 3577 349 3625 et
379 3569 554 3624 ablata
587 3579 836 3625 notarum
877 3586 1057 3628 rerum
1087 3573 1417 3643 cognitione,
1453 3575 1725 3644 supponit.
1752 3575 1896 3631 Deus

298 3671 377 3713 est
416 3675 589 3731 neque
632 3673 852 3730 corpus,
893 3666 1068 3731 neque
1108 3663 1275 3718 ullum
1305 3665 1663 3730 elementum,
1721 3682 1895 3735 neque

299 3751 511 3819 anima,
548 3765 721 3823 neque
760 3767 936 3819 mens,
978 3768 1153 3823 neque
1198 3767 1411 3821 sensus,
1460 3769 1633 3825 neque
1681 3754 1895 3811 intezlc-

300 3854 442 3910 ctus,
476 3859 650 3916 neque
674 3844 875 3916 aliquid
916 3846 1057 3917 quod
1089 3860 1158 3902 ex
1191 3846 1275 3902 his
1301 3848 1416 3917 capi
1448 3857 1644 3916 potest.
1693 3848 1786 3902 Ilis
1817 3857 1895 3903 ta-

301 3935 441 3991 libus
467 3936 721 4004 sublatis,
751 3936 881 4007 quid
911 3937 980 3991 sit
1028 3936 1169 3993 Deus
1217 3938 1415 4007 poterit
1443 3936 1692 4005 dilﬁniri,
1727 3939 1896 4009 magis

302 4030 347 4081 si
397 4027 566 4083 addas
611 4027 755 4099 quod
802 4029 964 4083 etiam
996 4028 1215 4085 diiiiniri
1260 4045 1365 4084 non
1417 4040 1589 4100 potest
1625 4031 1677 4085 id
1726 4030 1895 4086 Deum

302 4132 442 4174 csse.
486 4118 823 4175 Contrarium
866 4120 1161 4177 accidentis
1208 4122 1294 4178 vel
1344 4121 1724 4192 consequentis
1772 4138 1893 4178 cum

306 4211 507 4267 tollitur
538 4211 658 4267 talis
681 4221 768 4269 est
792 4212 1091 4268 dilﬁnitio:
1126 4214 1361 4285 Vigilare
1397 4224 1482 4271 est
1515 4217 1589 4271 uti
1624 4215 1895 4281 sensibus,

1999 3279 2068 3332 sit
2110 3279 2330 3348 animal,
2366 3285 2759 3351 respondeatur
2806 3297 2862 3341 ut
2916 3288 3095 3346 homo.
3137 3290 3227 3348 Sic
3263 3294 3585 3357 Aristoteles

1996 3369 2126 3426 dicit
2172 3374 2326 3430 οὐσία
2370 3375 2482 3432 ἐστι
2508 3378 2579 3438 ὡς
2616 3373 2910 3456 ἄνθρωπος,
2958 3396 3071 3437 rem
3119 3387 3262 3440 enim
3303 3390 3590 3459 quaesitam

1998 3464 2347 3534 subjunctum
2372 3465 2614 3522 declarat
2634 3471 2967 3541 exemplum,
2995 3482 3049 3529 et
3079 3474 3178 3531 hoc
3201 3487 3280 3533 est
3310 3485 3588 3552 proprium

1998 3555 2358 3624 ditﬁnitionis,
2388 3560 2516 3628 quid
2544 3560 2616 3615 sit
2657 3561 2787 3616 illud
2831 3564 2972 3632 quod
3002 3570 3259 3636 quaeritur
3288 3572 3613 3632 declarare.‘

2001 3648 2292 3705 Undecima
2340 3652 2548 3720 species
2597 3653 2933 3712 difﬁnitionis
2981 3670 3064 3715 est
3114 3662 3225 3717 κατ’
3264 3662 3452 3722 ἔνδειαν
3496 3652 3613 3724 τοῡ’

1999 3743 2224 3820 πλήρους
2251 3745 2303 3809 ἐξ
2328 3746 2491 3801 αὐτοῦ
2518 3748 2713 3819 γένους,
2747 3749 2798 3802 id
2832 3758 2913 3805 est
2942 3767 3037 3822 per
3067 3754 3413 3826 indigentiam
3442 3761 3589 3829 pleni

2001 3851 2067 3891 ex
2100 3837 2290 3892 eodem
2318 3851 2537 3907 genere,
2574 3848 2631 3894 ut
2656 3841 2701 3894 si
2735 3852 3005 3913 quaeratur
3033 3845 3159 3915 quid
3198 3849 3267 3901 sit
3289 3829 3611 3921 quadrans,3

2002 3931 2393 3999 respondeatur
2418 3934 2505 3988 cui
2534 3932 2768 3990 dodrans
2795 3934 2969 4005 deest,
3004 3948 3061 3993 ut
3090 3940 3162 3994 sit
3185 3942 3340 3997 assis.
3372 3932 3610 4003 Duodesi

2001 4025 2138 4080 cima
2183 4026 2389 4096 species
2416 4027 2755 4085 dilﬁnitionis
2780 4038 2865 4085 est
2899 4031 3005 4086 κατ’
3036 4032 3261 4099 ἔπαινον,
3294 4034 3348 4091 id
3376 4046 3460 4094 est
3489 4010 3610 4109 pcr‘

2004 4116 2238 4184 Iaudem,
2271 4126 2329 4174 ut
2358 4118 2424 4174 Μ.
2464 4119 2670 4176 Tullius
2703 4136 2800 4191 pro
2829 4121 3080 4179 Ciuentio
3111 4142 3121 4177 :
3160 4125 3269 4181 Lex
3300 4140 3383 4185 est
3409 4118 3609 4201 mcus,‘

2002 4219 2057 4264 et
2085 4210 2318 4277 animus,
2348 4220 2403 4267 et
2431 4213 2739 4281 consilium,
2771 4223 2826 4267 et
2855 4214 3080 4269 scientia
3108 4218 3371 4288 civitatis;
3400 4232 3456 4280 et
3486 4221 3615 4313 nos;

304 4303 541 4358 dormire
584 4312 667 4359 est
712 4318 819 4359 non
856 4304 934 4359 uti
974 4305 1258 4374 sensibus;
1297 4309 1622 4363 naturaliter
1667 4318 1890 4378 possunt

305 4396 470 4421 -.2-I-..:
514 4396 813 4421 Ι...ζ.....-.-ΔΞ
850 4398 1196 4421 ΔίιἿὶ-ξιζ-..--
1242 4401 1526 4421 Α-..---ξ..-
1573 4400 1652 4421 :II:
1698 4400 1863 4421 1110...:

2002 4304 2243 4373 quidem,
2287 4315 2345 4359 ut
2384 4304 2763 4361 dilﬁnitionem
2809 4307 3241 4377 ostenderemus,
3286 4313 3359 4369 ita
3400 4303 3613 4421 posui-;

2006 4412 2121 4421 ..ι-...ι
2171 4397 2471 4421 Α..,ι......-....
2533 4396 2663 4421 ΝΑ..
2708 4399 2805 4421 ι.--
2849 4399 2987 4421 2-1--..
3038 4401 3088 4421 II
3153 4402 3195 4421 II!
3237 4404 3287 4421 In
3340 4420 3347 4421 κ
3421 4408 3453 4421 ιο

305 4396 472 4452 videri
513 4396 814 4467 ltujusmodi
845 4398 1198 4457 dit'ﬁnitiones
1237 4401 1532 4457 convenire
1573 4400 1654 4457 illi
1691 4400 1898 4456 diiﬁni-
2004 4412 2124 4452 mus
2168 4397 2494 4467 exemplum.
2531 4396 2665 4453 Nam
2708 4399 2807 4453 hoc
2848 4399 2990 4456 idem
3036 4401 3109 4457 Μ.
3153 4402 3359 4461 Tullius
3402 4408 3587 4466 dicens

307 4492 437 4546 tioni
483 4507 642 4563 quam
682 4507 843 4563 supra
894 4495 1242 4565 ἐννοιματικήν
1276 4494 1529 4552 diximus.
1562 4494 1760 4552 Verum
1800 4495 1915 4550 illa
2008 4505 2114 4545 non
2138 4488 2375 4548 adhibita
2403 4492 2651 4549 oratione
2691 4491 3050 4561 difﬁnitionis,
3082 4495 3399 4568 simpliciter
3420 4484 3614 4561 collo:
3672 4524 3680 4560 ι

308 4599 371 4637 cx
403 4582 770 4639 accidentibus
813 4584 932 4654 ejus
963 4586 1041 4639 rei
1073 4600 1231 4656 quam
1270 4585 1625 4641 dilﬁnivimus
1651 4594 1893 4653 constat,
1922 4568 1979 4630 Ῑ)
2002 4585 2364 4653 cavitzbicns,
2400 4585 2590 4656 inquit,
2620 4595 2676 4642 et
2700 4586 2914 4642 animus
2938 4587 3173 4644 civitatis
3195 4601 3250 4647 et
3276 4571 3614 4665 consilium,’
3666 4592 3676 4665 ᾇ

308 4676 389 4730 vel
417 4675 899 4746 consequentibus;
929 4676 1044 4733 hac
1063 4695 1129 4733 ex
1159 4678 1467 4743 contrariis,
1502 4679 1683 4749 itaque
1710 4693 1777 4735 ex
1808 4679 1897 4733 illa

306 4784 426 4837 quae
470 4773 783 4841 ιννοιματική
824 4780 907 4827 est
956 4786 1023 4825 ex
1071 4771 1437 4829 accidentibus
1485 4771 1578 4835 ﬁt,
1630 4777 1691 4826 ut
1738 4770 1899 4827 docet

306 4860 376 4918 M.
407 4862 616 4919 Tullius
664 4863 913 4918 Pisonem
958 4877 1065 4919 non
1112 4864 1279 4920 fuisse
1327 4865 1609 4920 consulem
1649 4862 1772 4921 ita:
1816 4864 1897 4917 An

309 4968 437 5011 vero
470 4954 675 5026 reliquo
712 4962 956 5025 tempore
994 4956 1271 5011 consulem
1306 4966 1357 5011 te
1393 4958 1677 5027 quisquam
1707 4955 1901 5011 duxit?

308 5048 586 5118 quisquam
605 5048 697 5104 tibi
715 5048 947 5105 venienti
967 5049 1021 5104 in
1043 5050 1246 5105 curiam
1265 5050 1585 5114 assurrexit,
1612 5050 1895 5121 quisquam

310 5138 612 5193 consulenti
650 5139 1081 5211 respondendum
1110 5139 1353 5210 putavit?
1383 5140 1556 5208 Atque
1588 5139 1747 5209 hujus
1794 5140 1895 5196 loci

308 5232 555 5299 superior
599 5232 771 5286 oratio
826 5239 883 5286 et
922 5246 1262 5303 consequens
1308 5231 1363 5286 in
1416 5230 1520 5285 hac
1572 5230 1897 5288 difﬁnitione

309 5324 586 5392 consistit,
616 5339 720 5395 qua
748 5324 909 5380 variis
947 5324 1119 5381 modis
1147 5324 1379 5394 explicat
1423 5337 1547 5377 eum
1593 5336 1698 5377 non
1730 5320 1895 5377 fuisse

307 5415 614 5482 consulem,
644 5416 849 5472 docens
872 5415 1034 5471 etiam
1063 5430 1160 5487 per
1183 5430 1245 5471 ea
1286 5430 1406 5486 quae
1438 5422 1742 5485 repugnant
1766 5427 1896 5469 con-

307 5510 411 5565 suli
451 5510 687 5577 adictis,
717 5511 891 5578 iactis,
921 5510 1203 5580 cogitatis;
1244 5525 1272 5562 a
1314 5507 1776 5579 consequentibus
1816 5508 1896 5563 sic

306 5602 503 5659 diilinit
527 5603 804 5660 consulem
838 5619 852 5657 :
879 5604 1061 5659 animo
1088 5616 1212 5658 esse
1240 5602 1458 5673 oportet
1480 5600 1730 5667 consilio,
1764 5599 1893 5665 ﬁde,

306 5696 600 5767 gravitate,
658 5696 967 5768 vigilantia,
1021 5710 1181 5762 cura,
1230 5703 1344 5751 toto
1386 5694 1621 5764 denique
1673 5706 1894 5749 munere

304 5790 637 5860 consulatus,
669 5791 941 5861 hucusque
959 5803 991 5845 a
1015 5787 1486 5860 consequentibus.
1518 5785 1712 5844 Omnia
1740 5785 1886 5844 enim

592 5930 864 5993 Ρλτιιοι..
911 5925 1141 5991 LXIV.

2001 4687 2059 4735 et
2095 4678 2316 4734 scientia
2349 4679 2521 4749 posita
2550 4688 2635 4735 est
2680 4680 2735 4734 in
2776 4680 3019 4749 legibus;
3060 4692 3133 4749 et,
3184 4694 3241 4740 ut
3283 4702 3382 4743 nos
3424 4704 3613 4765 supra
3669 4680 3674 4687 ’

2003 4772 2304 4839 docuimus,
2337 4771 2709 4828 diiﬁnitionem
2735 4773 2869 4828 nihil
2896 4774 3041 4830 aliud
3071 4778 3241 4832 voluit
3266 4794 3427 4850 quam
3461 4768 3619 4853 ora-1
3660 4796 3670 4835 l

2007 4865 2204 4921 tionem
2231 4879 2375 4921 esse.
2419 4865 2560 4935 Ergo
2586 4863 2806 4924 diverso
2834 4867 2996 4924 modo
3033 4867 3102 4924 Μ.
3135 4868 3342 4927 Tullius
3368 4856 3619 4944 protulit'

2005 4955 2150 5026 quod
2185 4971 2215 5011 a
2248 4956 2404 5011 nobis
2430 4957 2732 5012 conversim
2764 4959 3009 5014 oratione
3051 4974 3149 5015 sua
3190 4964 3361 5018 forma
3387 4961 3581 5018 difﬁni-
3610 4960 3624 5039 ξ
3659 5000 3667 5011 ε

2006 5046 2167 5102 tionis
2196 5047 2422 5117 accepit,
2451 5055 2506 5103 et
2547 5045 2648 5103 hoc
2678 5050 2834 5120 longe
2863 5051 2930 5106 ab
2969 5051 3060 5106 illo
3090 5052 3251 5108 modo
3302 5050 3469 5110 distat
3496 5055 3619 5125 qui“

2007 5139 2065 5192 tit
2103 5153 2198 5209 per
2245 5138 2642 5209 metaphoram,
2684 5155 2790 5196 non
2828 5141 2973 5197 enim
3006 5143 3285 5200 translatio
3329 5154 3434 5212 est,
3462 5160 3588 5203 cum

2004 5232 2089 5287 lex
2123 5246 2273 5288 mens
2310 5231 2506 5288 dicitur
2535 5234 2791 5301 civitatis,
2836 5251 2937 5293 nec
2968 5246 3145 5293 tamen
3191 5253 3363 5307 genus
3402 5251 3487 5297 est
3527 5254 3589 5297 ut

2003 5322 2363 5381 substantialis
2389 5323 2647 5383 habeatur
2670 5325 2939 5391 οὐσιῶδης.
2965 5343 3305 5400 consequens
3333 5332 3480 5389 enim
3503 5345 3588 5390 est

2003 5420 2061 5465 nt
2087 5420 2141 5466 et
2170 5425 2265 5481 per
2309 5411 2776 5481 vituperationem,
2826 5413 2920 5470 sed
2951 5412 3067 5469 sine
3097 5415 3446 5475 translatione
3492 5435 3589 5489 po-

2003 5512 2192 5570 natur;
2219 5504 2299 5559 sic
2326 5504 2496 5562 videri
2521 5516 2701 5575 potest
2727 5522 2753 5559 a
2785 5505 2961 5563 Tullio
2991 5505 3277 5564 diiﬁnitum
3304 5527 3318 5564 :
3342 5510 3591 5568 Servitus

1999 5605 2083 5652 est
2113 5605 2440 5668 postremum
2464 5599 2747 5666 malorum,
2776 5613 2884 5654 non
2907 5600 3067 5656 modo
3093 5601 3261 5669 bello,
3286 5605 3382 5660 sed
3410 5614 3588 5661 morte

2000 5688 2159 5743 etiam
2183 5689 2569 5760 repellendum.
2603 5690 2920 5760 Quanquam
2948 5692 3092 5748 enim
3129 5693 3201 5749 ita
3228 5695 3299 5751 sit
3332 5711 3584 5767 exorsus,

2006 5796 2109 5849 pax
2140 5790 2224 5838 est
2246 5780 2530 5853 tranquilla
2558 5781 2776 5838 libertas
2798 5826 2811 5848 ,
2838 5783 2933 5839 sed
2966 5784 3105 5842 inter
3134 5801 3322 5846 pacem
3341 5796 3398 5847 et
3417 5791 3602 5871 εει-νίς,

2992 5929 3065 5992 29
