4064 6336
472 342 574 399 907

1679 345 1787 400 ΑΝ.
1832 343 2039 399 MANL.
2081 341 2229 398 δην.
2274 340 2513 397 ΒΟΕΤΙΙ.

3638 336 3739 390 908

472 462 642 510 tutem
674 453 956 526 plurimum
990 454 1233 516 interest,
1264 462 1320 506 ut
1352 466 1447 522 per
1472 452 1827 507 diil'creutiam
1855 450 2055 507 diliini-
2084 456 2133 514 Α
2163 452 2443 516 rationale,
2472 444 2724 518 mortale,
2757 452 2925 521 bipes,
2970 450 3108 505 risus
3138 465 3328 518 capax,
3362 450 3453 504 ﬁat
3485 450 3625 510 recta
3658 468 3739 505 re-

464 550 551 608 tio
583 547 702 607 esse
729 550 1001 616 videatur;
1050 559 1227 603 tamen
1256 549 1379 617 quia
1429 561 1533 601 non
1584 547 1872 601 articulum
1907 546 2054 601 illum

464 638 711 701 breviter
766 657 871 712 quo
914 641 1137 695 distaret
1190 638 1445 705 ostendit,
1486 638 1580 693 sed
1626 650 2055 708 unamquamque

404 748 407 749 '
464 726 586 791 'rem
628 750 727 789 suo
759 749 953 805 genere
984 732 1253 798 tliflinivit,
1305 732 1590 787 collatione
1632 730 1803 801 magis
1831 746 1937 801 quo
1967 730 2054 783 di-

391 880 394 884 .
435 813 443 870 ί
466 833 677 881 ‘starent
710 824 966 889 ostendit,
1019 838 1123 877 non
1156 837 1353 893 genere
1402 821 1746 876 diffinitionis
1775 836 1871 891 per
1904 819 2054 876 (ἥσθ-

468 919 719 973 tentiam.
758 917 873 972 Erit
904 916 1062 986 igitur
1086 915 1228 985 prior
1253 914 1396 986 pacis
1428 913 1680 969 diiiinitio
1704 914 2053 985 ἐννοηματική,

469 1025 502 1066 a
525 1009 977 1079 consequentibus
1006 1008 1121 1078 ejus
1152 1007 1227 1063 rei
1258 1020 1417 1077 quam
1451 1006 1753 1062 difﬁniebat
1783 1024 1796 1059 :
1830 1004 1939 1060 Pax
1972 1014 2056 1061 est

470 1103 754 1176 tranquilla
783 1104 1022 1160 libertas.
1056 1104 1179 1158 ll:ec
1203 1103 1432 1159 secunda
1461 1103 1630 1172 magis
1660 1117 1757 1172 per
1785 1102 2054 1171 vituperao

467 1200 671 1255 tionem
704 1218 717 1254 :
745 1215 853 1255 non
884 1199 1029 1255 enim
1056 1210 1145 1253 aut
1182 1212 1517 1268 consequens
1542 1199 1659 1268 ejus
1689 1207 1794 1264 est,
1839 1206 1932 1253 aut
1956 1196 2055 1252 ali-

469 1289 596 1363 quid
625 1292 813 1347 borum
839 1308 959 1359 qua:
982 1295 1311 1364 ἐννοηματική
1334 1289 1641 1345 difﬁnitioni
1664 1288 1931 1365 dedimus,
1960 1290 2053 1345 sed

468 1384 585 1439 sola
630 1376 964 1454 vituperatio
1010 1397 1096 1439 est
1126 1400 1245 1454 qua:
1287 1386 1601 1439 servitutem
1635 1382 1896 1455 malorum
1937 1396 2053 1437 omo

468 1474 617 1530 nium
662 1474 791 1530 dicit
840 1490 960 1531 esse
1015 1485 1367 1546 postremum.
1414 1474 1523 1531 Nec
1568 1474 1829 1544 accipitur
1870 1490 2055 1530 rursus

468 1566 669 1621 malum
694 1566 847 1639 quasi
877 1582 1045 1638 genus
1075 1567 1138 1621 ad
1169 1566 1505 1635 servitutem,
1541 1582 1661 1621 nam
1693 1566 1892 1620 malum
1920 1581 2054 1635 qua-

466 1658 591 1712 litas
621 1667 727 1726 est,
757 1659 989 1714 servitus
1016 1658 1081 1713 ad
1114 1658 1345 1730 aliquid;
1371 1659 1511 1714 unde
1538 1675 1660 1716 cum
1690 1658 1915 1714 diversa:
1947 1659 2054 1715 sint

465 1765 577 1816 res,
615 1748 815 1805 malum
861 1767 1027 1821 genus
1068 1767 1186 1806 esse
1232 1767 1336 1806 non
1384 1761 1560 1821 potest
1598 1751 1663 1804 ad
1709 1751 2047 1817 servitutem.

2160 544 2398 612 sponsio,
2433 544 2592 599 homo
2620 552 2722 599 est.
2758 545 2825 597 At
2853 542 2898 599 si
2926 541 2998 597 ita
3028 540 3284 607 diflinias,
3316 541 3479 596 homo
3506 551 3591 597 est
3614 543 3741 597 sub-

2158 633 2350 687 stantia
2381 632 2610 688 animata
2643 631 2933 700 sensibilis,
2967 642 3051 688 est
3080 631 3295 702 quidem
3324 632 3619 690 declaratio
3648 633 3743 689 ho-

2160 726 2349 803 minis,
2383 742 2505 781 nam
2536 726 2651 782 haec
2681 726 2859 782 omnia
2886 725 3048 782 homo
3077 736 3193 793 est;
3223 740 3412 783 verum
3442 730 3489 781 si
3518 743 3743 784 convcr-

2158 830 2272 889 tas,
2336 836 2443 877 non
2501 820 2722 876 valebit.
2778 820 2894 876 Non
2946 822 3091 877 enim
3147 821 3449 877 substantia
3506 822 3739 877 animata

2156 913 2449 983 sensibilis,
2483 912 2644 967 homo
2677 922 2883 969 tantum
2912 923 3037 980 est;
3082 922 3268 983 peccat
3294 913 3457 984 igitur
3484 914 3743 971 diilinitio

2159 1019 2253 1075 per
2280 1004 2685 1073 abundantiam,
2710 1005 2835 1077 quia
2869 1006 3103 1075 amplius
3130 1006 3376 1063 continet
3403 1020 3565 1075 quam
3595 1022 3744 1078 qua:-

2156 1082 2394 1153 rebatur.
2444 1099 2507 1153 Et
2535 1098 2755 1155 omnino
2788 1107 2975 1168 peccat
3001 1097 3253 1157 difﬁnitio
3287 1113 3409 1170 qua:
3447 1112 3618 1169 genus
3650 1114 3747 1168 po-

2158 1189 2234 1243 nit
2262 1189 2405 1259 quod
2432 1190 2568 1245 ultra
2597 1204 2659 1246 se
2688 1199 2800 1255 est;
2828 1190 3059 1247 dicimus
3086 1190 3257 1262 enim,
3283 1189 3427 1260 quod
3455 1204 3619 1259 supra
3660 1198 3747 1245 est

2157 1298 2324 1353 genus
2356 1283 2528 1353 magis
2555 1282 2818 1339 declarat.
2848 1283 2977 1338 Item
3027 1290 3214 1352 peccat
3251 1283 3428 1339 minus
3456 1282 3743 1338 continens

2157 1392 2314 1446 quam
2352 1390 2574 1432 necesse
2603 1387 2706 1442 est,
2737 1386 2796 1431 ut
2826 1376 3093 1446 cupiditas
3121 1382 3207 1431 est
3235 1374 3411 1431 aliena
3453 1372 3742 1445 appetendi

2156 1466 2509 1536 desiderium,
2559 1469 2701 1540 quod
2731 1469 2985 1533 similiter
3022 1483 3345 1527 conversum
3388 1484 3495 1524 non
3535 1477 3740 1533 manet,

2155 1564 2278 1632 quia
2318 1564 2495 1620 minus
2525 1564 3031 1635 comprehensivum
3080 1562 3407 1619 diliinitione
3431 1577 3592 1633 quam
3652 1578 3740 1617 rcs

2154 1656 2386 1713 nominis
2416 1657 2732 1727 postulabat.
2767 1658 2898 1715 L-tte
2939 1660 3081 1715 enim
3112 1658 3382 1727 cupiditas
3428 1666 3593 1726 patet,
3637 1671 3737 1712 nec

2154 1749 2265 1804 sola
2317 1750 2535 1807 avaritia
2566 1762 2685 1816 est;
2730 1765 2858 1829 ergo
2908 1750 3096 1807 vitiosa
3141 1759 3225 1805 est
3271 1748 3524 1805 diiﬁnitio
3565 1749 3743 1803 minus

467 1841 599 1898 Jure
628 1841 789 1914 igitur
837 1858 932 1913 per
960 1843 1404 1914 vituperationem
1448 1843 1586 1898 facta
1638 1842 1835 1898 dicitur
1876 1844 2047 1899 set-vi-
2079 1839 2129 1901 B
2153 1840 2434 1911 complexa
2474 1857 2637 1915 quam
2670 1844 3030 1913 quaerebatur,
3056 1857 3119 1899 ac
3145 1842 3191 1899 si
3222 1842 3446 1907 diceret,
3474 1841 3741 1910 cupiditas

458 1937 597 2005 tutis
652 1937 993 2006 supraposita
1044 1936 1316 1991 tlilliuitio.
1361 1935 1540 1991 Tertia
1589 1936 1797 1990 decima
1846 1936 2056 2006 species

467 2018 801 2083 dillinitionis
823 2038 904 2083 est
929 2032 1063 2084 κατὰ
1092 2030 1383 2103 ἀναλογίαν,
1412 2028 1462 2083 id
1493 2038 1573 2084 est
1592 2027 1742 2097 juxta
1766 2030 2053 2097 rationem,

468 2135 585 2190 quae
637 2122 909 2190 proportio
954 2122 1172 2188 dicitur,
1219 2138 1339 2178 cum
1389 2121 1591 2195 aliquid
1620 2125 1760 2194 quod
1793 2123 2057 2193 diSputari

466 2210 596 2266 licet
622 2226 742 2267 cum
772 2216 942 2268 altero
975 2214 1025 2266 id
1074 2228 1196 2270 esse
1226 2213 1424 2269 dicitur
1465 2215 1604 2285 quod
1649 2216 1779 2270 illud
1813 2226 1893 2273 εει
1921 2217 2054 2271 alte-

465 2298 583 2359 rum
615 2316 831 2375 propter
864 2306 1124 2362 rationem
1150 2306 1554 2375 similitudinis;
1587 2309 1681 2384 sed
1712 2310 1814 2365 hoc
1840 2310 2044 2365 contin-

465 2395 545 2464 git
585 2410 705 2451 cum
750 2398 965 2466 majoris
1020 2399 1096 2454 rei
1140 2400 1357 2454 nomine
1392 2400 1653 2455 dillinitur
1700 2400 1952 2467 inferior,
2002 2413 2061 2458 et

470 2487 615 2556 quod
660 2489 761 2543 hoc
801 2490 1013 2544 additur
1043 2491 1167 2561 quid
1211 2496 1281 2547 sit
1324 2492 1563 2548 inferior.
1598 2492 1769 2548 Grtrei
1811 2496 1891 2550 sic
1918 2496 2057 2550 dil‘li-

468 2579 623 2635 niunt
650 2576 971 2662 ε”Δνθρωπός
995 2586 1108 2639 ἐστι
1126 2582 1469 2661 μικρόκοσμός
1489 2607 1589 2650 τις,
1614 2586 1664 2641 id
1682 2598 1765 2641 est
1790 2586 1951 2642 homo
1977 2595 2059 2642 est

466 2670 644 2726 minor
681 2673 931 2729 mundus.
970 2672 1161 2730 Cicero
1192 2674 1293 2731 ltoe
1332 2692 1461 2731 usus
1492 2688 1574 2732 est
1604 2677 1683 2733 sic
1715 2696 1726 2730 :
1761 2678 1860 2749 Qui
1889 2677 2056 2745 pluri-

464 2775 612 2816 mum
637 2762 875 2819 tribuunt
895 2764 1092 2830 edicto,
1121 2774 1316 2835 przeter
1357 2766 1590 2821 edictum
1621 2767 1791 2837 legem
1821 2768 2057 2822 animam

467 2852 653 2911 dicunt
679 2868 821 2912 esse.
855 2857 1053 2925 Quarta
1101 2856 1309 2912 decima
1356 2860 1573 2928 species
1605 2869 1690 2913 est
1721 2857 2059 2912 dilﬁnitionis

468 2948 601 3003 κατὰ
633 2947 761 3024 πρὸς
788 2971 859 3016 τι,
894 2948 946 3002 id
974 2958 1057 3002 est
1086 2948 1152 3002 ad
1181 2948 1408 3019 aliquid,
1444 2959 1499 3003 ut
1534 2949 1690 3003 Pater
1723 2958 1834 3017 est,
1867 2949 1951 3003 cui
1975 2957 2060 3003 est

467 3036 630 3093 ﬁlius.
665 3038 856 3093 Cicero
888 3037 938 3091 in
968 3036 1274 3093 Rhetoricis
1307 3056 1320 3093 :
1354 3040 1442 3095 Sic
1462 3054 1631 3108 genus
1657 3049 1740 3093 est
1767 3038 1907 3109 quod
1932 3040 2056 3109 plu-

468 3145 558 3187 res
580 3141 757 3202 partes
779 3130 1142 3202 amplectitur.
1182 3132 1308 3186 Item
1339 3147 1463 3202 pars
1490 3140 1575 3187 est
1602 3147 1723 3203 qua:
1757 3132 1939 3186 subi-st
1967 3147 2056 3202 ge-

2157 1944 2243 1991 est
2270 1935 2495 1991 avaritia
2523 1952 2541 1995 ;
2573 1953 2692 2009 quae
2728 1939 2773 1992 si
2804 1938 3113 2007 exemplum
3146 1937 3303 1993 daret
3336 1945 3393 1992 et
3434 1934 3739 1991 auditorem

2157 2028 2546 2087 transmitteret
2581 2029 2633 2083 in
2666 2038 2833 2085 totum
2888 2030 3030 2100 quod
3059 2029 3328 2099 cupiditas
3367 2037 3451 2084 est
3492 2028 3741 2082 similitu-

2157 2119 2299 2175 dinis
2341 2122 2729 2191 propositione,
2774 2131 2830 2182 ut
2869 2122 3132 2181 avaritiae.
3173 2130 3425 2190 essetque
3470 2119 3563 2175 illa
3595 2119 3740 2175 difﬁ-

2158 2210 2337 2266 nieudi
2407 2213 2618 2282 species
2690 2227 2847 2291 quam
2909 2212 3178 2268 decimam
3241 2210 3621 2271 collocavimus
3677 2214 3745 2271 ὡς

2156 2301 2338 2367 τύπος.
2360 2303 2511 2361 Nunc
2538 2319 2642 2361 non
2672 2305 2737 2362 ad
2776 2315 2947 2363 totum
2972 2305 3275 2361 transmisit
3295 2304 3629 2375 exemplum,
3649 2305 3745 2359 sed

2157 2397 2307 2467 quasi
2359 2406 2528 2452 totum
2573 2400 2856 2455 continens
2905 2400 3069 2454 multa
3122 2413 3153 2453 a
3200 2406 3313 2454 toto
3363 2399 3742 2468 prmterenndo

2160 2489 2417 2557 peccavit,
2445 2489 2583 2545 unde
2613 2506 2720 2547 non
2754 2500 2960 2561 poterat
2983 2490 3096 2547 ﬁeri
3126 2490 3191 2544 ad
3218 2505 3413 2547 nomen
3442 2507 3511 2545 ex
3540 2490 3745 2545 diffini-

2161 2580 2304 2636 tione
2350 2582 2651 2637 conversio.
2701 2582 2827 2638 Haec
2866 2581 2974 2661 duo
3003 2583 3127 2638 vitia
3168 2582 3214 2637 si
3238 2582 3495 2649 vitentur,
3535 2583 3745 2653 integra

2159 2672 2408 2729 ditiinitio
2446 2683 2550 2742 est,
2581 2689 2755 2746 neque
2786 2672 2904 2729 hate
2932 2675 3045 2729 sola
3076 2690 3194 2743 quzn
3225 2674 3596 2728 substantialis
3634 2685 3743 2741 eat,

2161 2761 2257 2818 sed
2299 2765 2465 2833 etiam}
2493 2764 2712 2833 reliquae
2758 2764 2987 2834 species.
3034 2758 3185 2820 Nunc
3224 2765 3339 2820 lucc
3366 2763 3436 2820 de
3464 2764 3626 2819 vitiis.
3662 2762 3745 2819 Ci.

2160 2869 2287 2910 cero
2313 2870 2433 2911 cum
2462 2855 2513 2910 in
2557 2854 2866 2912 Rhetoricis
2895 2857 2994 2912 tria
3026 2871 3147 2912 esse
3177 2856 3309 2911 vitia
3343 2856 3542 2921 docuit,
3578 2857 3743 2925 mala,

2160 2948 2367 3019 inquit,
2415 2947 2664 3005 diliinitio
2711 2951 2770 3005 lit
2816 2965 2939 3006 cum
2992 2960 3083 3007 aut
3130 2951 3434 3006 communia
3488 2952 3747 3007 describit

2161 3040 2265 3095 ltoc
2293 3041 2451 3095 modo
2484 3060 2493 3094 :
2524 3041 2824 3098 Seditiosus
2867 3052 2951 3099 est
2993 3043 3039 3099 is
3092 3045 3180 3113 qui
3224 3045 3397 3100 malus
3436 3052 3540 3109 est,
3581 3057 3744 3115 atque

2170 3133 2374 3188 inutilis
2404 3133 2556 3188 civis.
2609 3134 2740 3189 Nam
2796 3134 2898 3191 hoc
2936 3149 3042 3191 non
3076 3137 3245 3207 magis
3291 3135 3553 3203 seditiosi,
3585 3153 3745 3209 quam

465 3227 604 3283 neri.
636 3226 827 3294 Quinta
854 3226 1062 3281 decima
1102 3225 1307 3296 species
1351 3234 1434 3279 est
1471 3224 1732 3286 αἰτιωδής.
1763 3224 1937 3280 Latini
1966 3240 2051 3281 se-
2082 3228 2131 3294 C
2162 3225 2452 3294 ambitiosi,
2486 3243 2644 3298 quam
2676 3229 3099 3293 calumniatoris,
3127 3244 3286 3301 quam
3315 3228 3538 3300 alicujus
3563 3230 3741 3284 homi-

468 3321 699 3377 cundum
731 3320 809 3377 rei
856 3322 1118 3375 rationem
1163 3329 1376 3386 vocant,
1422 3330 1478 3374 ut
1507 3317 1621 3374 dies
1664 3330 1745 3374 est
1780 3319 1858 3374 sol
1896 3333 2055 3388 super

471 3427 678 3484 terras;
739 3430 862 3482 nos,
907 3416 987 3470 sol
1033 3413 1133 3469 sub
1178 3416 1375 3470 terris:
1406 3424 1463 3468 ut
1498 3414 1640 3470 enim
1683 3423 1775 3470 aut
1815 3414 1929 3470 dies
1966 3424 2056 3469 aut

467 3520 572 3564 nox
606 3508 695 3575 sit,
727 3522 883 3561 causa
917 3515 998 3563 est
1048 3518 1139 3561 aut
1169 3522 1329 3576 supra
1360 3517 1533 3562 terras
1574 3506 1656 3561 sol
1694 3516 1785 3563 aut
1822 3509 1922 3563 sub
1956 3519 2053 3561 ter~

467 3599 564 3654 ris.
591 3599 729 3655 Sunt
761 3609 811 3655 ct
838 3598 959 3653 alia:
991 3596 1219 3653 fortasse
1243 3600 1449 3669 species
1470 3598 1833 3665 difﬁnitionis,
1866 3614 2056 3654 verum

467 3693 510 3746 si
537 3691 656 3762 quis
686 3691 975 3758 invenerit,
1018 3688 1236 3760 adjiciat
1272 3692 1338 3745 ad
1372 3706 1677 3756 numerum,
1732 3692 1890 3746 modo
1920 3690 2055 3746 illud

466 3784 750 3854 diligenter
774 3786 1035 3850 attenuat,
1074 3797 1139 3838 ne
1174 3782 1313 3838 forte
1341 3783 1529 3839 barum
1552 3784 1714 3839 alicui
1748 3786 2055 3853 Specierum

463 3873 596 3929 illud
626 3870 765 3944 quod
808 3873 1072 3927 invenerit
1103 3873 1271 3942 possit
1300 3875 1541 3945 adjungi.
1586 3874 1696 3931 Nec
1736 3891 1835 3929 nos
1865 3890 2054 3932 rursus

462 3968 660 4021 {rustra
683 3965 875 4036 aliquis
903 3964 1178 4020 existimet
1204 3975 1285 4021 tot
1322 3981 1533 4038 spectes
1574 3982 1877 4038 separasse,
1910 3969 2053 4039 quod

461 4071 691 4135 possunt
719 4062 821 4117 sibi
860 4062 1051 4131 aliqum
1080 4063 1393 4119 convenire.
1423 4062 1879 4119 Considerattune
1909 4064 2052 4119 enim

460 4156 671 4226 plenius
718 4158 1073 4220 commodata,
1118 4171 1305 4212 omnes
1338 4157 1477 4211 inter
1526 4171 1587 4213 se
1629 4171 1822 4227 magno
1866 4167 2056 4215 cernet

462 4247 772 4304 discrimine
803 4260 1114 4319 separatas;
1150 4258 1328 4304 teneat
1350 4248 1511 4304 modo
1543 4249 1685 4319 quod
1714 4264 1877 4320 supra
1908 4263 2052 4319 saepe

460 4346 715 4415 prtecepi,
756 4346 920 4399 solam
973 4360 1099 4400 vero
1148 4345 1293 4402 illam
1337 4346 1604 4418 appellari
1646 4346 2049 4414 difﬁnitionem,

463 4434 585 4507 quae
637 4455 665 4492 a
723 4453 918 4507 genere
960 4440 1241 4497 exordium
1284 4457 1504 4497 sumens
1546 4442 1614 4498 ad
1665 4443 1938 4513 preprium
1973 4443 2051 4497 rei

464 4545 588 4601 quze
613 4529 891 4599 dil’linitur,
921 4534 1221 4603 separando
1257 4550 1354 4605 per
1383 4536 1714 4593 diﬂerentias
1752 4553 1873 4608 qua:
1900 4552 2050 4592 com-

2162 3317 2246 3377 ’ἐς
2277 3320 2506 3388 improbi
2547 3321 2649 3374 vim
2676 3320 2933 3377 describit
2963 3337 2978 3377 :
3015 3324 3153 3377 hanc
3180 3321 3562 3378 difﬁnitionem
3604 3323 3743 3378 dixi-

2161 3427 2280 3465 mus
2326 3410 2652 3468 abundantia
2679 3429 2799 3470 esse
2830 3415 3103 3471 vitiosam.
3143 3415 3304 3472 Aliud
3335 3415 3522 3472 vitium
3552 3416 3744 3485 adjun-

2158 3508 2253 3578 git,
2280 3506 2351 3563 ita
2377 3518 2433 3562 ut
2462 3509 2649 3565 falsum
2679 3510 2932 3581 quiddam
2954 3510 3101 3567 dicat
3132 3510 3233 3568 hoc
3267 3522 3444 3583 pacto,
3474 3514 3742 3583 sapientia

2158 3608 2241 3654 est
2271 3600 2509 3670 peeunize
2539 3602 2843 3672 quaerenda:
2872 3604 3220 3674 intelligentia
3255 3622 3269 3658 :
3298 3603 3403 3660 hoc
3442 3606 3629 3660 vitium
3658 3604 3745 3660 Ci-

2157 3706 2284 3747 cero
2312 3692 2509 3762 adjecit
2535 3704 2729 3763 praeter
2758 3694 2844 3750 illa
2876 3695 2984 3751 duo
3012 3711 3132 3766 qua}
3159 3695 3291 3753 dixi.
3320 3695 3561 3753 Tertium
3600 3702 3745 3756 enim

2159 3786 2276 3858 ipse
2303 3790 2481 3856 posuit
2507 3789 2648 3857 quod
2688 3805 2718 3844 a
2751 3790 2906 3845 nobis
2936 3791 3231 3848 secundum
3258 3789 3343 3848 est
3368 3792 3742 3849 constitutum.

2158 3878 2232 3933 Ita
2256 3880 2396 3934 enim
2419 3866 2494 3934 att
2515 3890 2571 3935 ut
2599 3881 2799 3952 aliquid
2829 3899 2938 3938 non
2967 3898 3130 3954 grave
3164 3898 3265 3939 nec
3291 3898 3543 3955 magnum
3571 3888 3747 3941 conti-

2157 3986 2292 4027 nens
2319 3974 2389 4028 sit
2424 3990 2436 4024 :
2467 3973 2704 4030 Stultitia
2754 3986 2840 4032 est
2892 3977 3174 4035 immensa:
3219 3980 3487 4048 cupiditas
3530 3980 3745 4050 glorix.

2158 4064 2271 4120 Hoc
2328 4065 2448 4121 ideo
2498 4077 2709 4136 peccat,
2749 4070 2872 4139 quia
2922 4071 3099 4125 minus
3149 4070 3556 4141 comprehendit
3601 4073 3745 4140 quod

2157 4160 2233 4214 sic
2270 4161 2524 4229 exprimit
2566 4162 2636 4217 Μ.
2666 4161 2897 4236 Tullius.
2938 4162 3035 4218 Est
3078 4164 3195 4220 hac
3242 4164 3459 4234 quidem
3493 4168 3743 4235 stultitia,

2154 4251 2251 4307 sed
2281 4267 2346 4307 ex
2380 4262 2531 4321 parte
2573 4254 2826 4324 quadam,
2859 4270 2965 4310 non
2987 4271 3053 4312 ex
3091 4256 3238 4312 omni
3263 4272 3464 4327 genere
3488 4257 3741 4312 difﬁnita.

2156 4344 2361 4401 Pra-ler
2402 4345 2515 4416 haec
2543 4346 2683 4402 idem
2715 4347 2783 4402 lli.
2820 4347 3027 4404 Tullius
3075 4349 3128 4405 in
3166 4342 3405 4407 secundo
3434 4350 3744 4407 Rhetorice-

2155 4454 2272 4493 rum
2298 4439 2495 4507 adjecit
2522 4440 2629 4498 duo
2658 4441 2810 4507 vitia,
2846 4442 2891 4497 si
2940 4453 3032 4498 aut
3074 4444 3245 4513 turpis
3285 4444 3359 4500 sit
3404 4454 3494 4498 aut
3537 4445 3745 4500 inutilis

2159 4527 2431 4598 difﬁnitio,
2468 4529 2517 4585 id
2544 4543 2723 4586 autem
2747 4532 2831 4604 (ut
2861 4533 2975 4601 ipse
3006 4534 3101 4606 ait)
3131 4550 3200 4590 es
3231 4533 3533 4590 honestatis
3557 4546 3609 4590 et
3633 4537 3743 4590 uti-

461 4629 645 4686 munia
683 4639 927 4698 poterant
964 4646 1107 4700 esse,
1142 4632 1443 4707 descendit.
1477 4633 1629 4689 Nunc
1665 4633 1778 4704 jam
1809 4634 1877 4689 de
1905 4634 2049 4689 vitiis
2078 4609 2131 4671 Β
2158 4622 2323 4680 malis
2356 4625 2593 4695 [κληῖδας
2624 4626 2974 4696 approbatur.
3018 4628 3097 4684 Ac
3125 4628 3195 4684 de
3247 4630 3387 4697 turpi
3417 4629 3741 4686 dilliﬂilittnc

458 4722 815 4791 diilinitionis,
853 4733 907 4778 ut
940 4725 1268 4797 promissum
1300 4734 1406 4793 est,
1440 4725 1789 4797 explicemus.
1840 4725 2050 4782 Difﬂui-

456 4816 535 4871 tio
560 4815 928 4871 substantialis
969 4831 1127 4884 quam
1162 4819 1390 4888 primam
1420 4817 1723 4885 docuimus,
1769 4832 1927 4888 quam
1958 4832 2044 4873 so-

457 4908 564 4962 lam
588 4908 815 4962 diximus
839 4906 1239 4977 dil‘linitionetn,
1273 4909 1381 4963 duo
1410 4908 1537 4964 vitia
1562 4909 1750 4978 recipit
1777 4908 2042 4980 principa-

454 4999 549 5054 lia.
580 4997 632 5056 Si
664 5001 931 5053 eaoratio
974 5014 1090 5067 qua:
1121 5000 1342 5068 diftinit,
1384 5009 1477 5055 aut
1504 5001 1735 5071 amplius
1764 5000 2045 5070 complexa

456 5092 638 5159 fuerit,
663 5102 752 5147 aut
776 5093 950 5147 minus
973 5108 1130 5160 quam
1158 5109 1243 5149 res
1267 5095 1421 5164 plena
1447 5095 1517 5150 sit
1537 5094 1847 5150 declaravit.
1880 5095 2042 5166 Opor-

454 5195 533 5243 tet
563 5168 701 5243 enint
732 5198 787 5241 ut
824 5187 995 5242 oratio
1040 5188 1324 5243 difiinitiva
1356 5189 1429 5243 ita
1470 5198 1821 5259 componatur
1848 5188 1915 5243 ad
1943 5204 2038 5243 no-

454 5297 578 5338 men
613 5281 766 5351 cujus
794 5298 903 5335 I'CIII
956 5280 1160 5349 deﬁnit,
1202 5292 1259 5337 ut
1288 5294 1473 5353 parem
1521 5284 1809 5353 potentiam
1858 5283 2039 5353 expri-

420 5351 431 5393 η’
452 5373 663 5435 mendae
710 5381 869 5440 at-tue
892 5371 1064 5441 ip~unt
1091 5351 1402 5431 vocabulum
1430 5351 1670 5442 praestet,
1705 5351 2038 5431 cottversim-

451 5477 558 5534 que
589 5477 783 5521 nomen
806 5471 861 5518 et
889 5463 1136 5517 diflinitio
1165 5477 1222 5518 se
1245 5462 1476 5531 invicem
1509 5466 1701 5520 collata
1733 5465 2036 5522 declarent.

450 5554 519 5617 Ut
538 5558 581 5614 si
608 5544 819 5628 quieras
840 5556 967 5628 quid
995 5557 1153 5613 homo
1179 5570 1293 5627 est,
1328 5569 1474 5616 recte
1496 5559 1887 5630 respondeatur
1913 5561 2031 5615 ani-

443 5650 556 5707 mal
587 5660 882 5713 terrenum,
932 5649 1216 5716 rationale,
1248 5656 1494 5717 mertare,
1540 5652 1711 5721 bipes,
1756 5654 1901 5706 risus
1946 5670 2035 5707 ca-

442 5752 576 5809 pax.
609 5738 719 5795 lloc
751 5754 935 5794 rursus
974 5741 1015 5794 si
1057 5750 1366 5808 convertas,
1414 5744 1574 5797 homo
1598 5744 1671 5803 sit
1701 5744 1898 5810 Optima
1936 5745 2032 5801 de-

446 5838 695 5899 claratio.
725 5839 992 5904 thrculi
1036 5838 1177 5893 enim
1206 5837 1333 5907 quid
1372 5844 1453 5892 est
1493 5835 1686 5891 animal
1720 5843 2025 5906 terrenum,

2157 4732 2257 4773 nos
2287 4720 2339 4773 itt
2384 4719 2751 4788 superioribus
2799 4719 3031 4777 diximus
3061 4736 3182 4775 cum
3220 4720 3603 4778 difﬁnitionem
3647 4737 3742 4790 per

2157 4812 2566 4869 translationem
2595 4824 2967 4882 tractaremus,
3001 4814 3099 4871 sed
3124 4814 3254 4871 illud
3284 4816 3469 4871 vitium
3495 4816 3546 4869 itt
3575 4814 3742 4871 verbo

2155 4915 2279 4971 est;
2323 4904 2440 4959 ﬁeri
2476 4915 2656 4962 autem
2702 4915 2882 4977 potest
2921 4916 2980 4962 ut
3015 4907 3195 4963 omnis
3236 4908 3409 4963 oratio
3453 4907 3740 4962 inhonesta

2157 5001 2257 5055 ista
2290 5000 2562 5054 contineat
2592 5000 2681 5056 vel
2723 5001 2926 5057 inutilia
2962 4989 3419 5072 comprehendat.
3454 5002 3509 5057 in
3542 5002 3739 5071 Philip—

2155 5094 2289 5164 picis
2316 5098 2383 5148 Μ.
2415 5094 2619 5151 Tullius
2647 5095 2698 5149 in
2730 5097 2972 5153 oratione
2997 5096 3169 5165 prima
3200 5095 3428 5153 docebat
3460 5097 3531 5150 ab
3562 5102 3734 5151 Antea

2150 5186 2244 5242 nio
2265 5185 2492 5241 lla-saris
2522 5197 2642 5243 aeta
2663 5186 2923 5252 subverti,
2949 5196 3007 5243 et
3028 5187 3081 5243 id
3113 5187 3412 5257 denegabat
3440 5188 3728 5255 Antonius.

2151 5277 2345 5335 Attulit
2372 5289 2599 5349 uterque
2636 5277 3039 5345 difﬁnitinnem,
3080 5288 3140 5337 ut
3167 5279 3478 5338 ostenderet
3507 5279 3638 5350 quid
3661 5280 3729 5334 sit

2149 5379 2327 5426 actum
2358 5370 2475 5440 ejus
2496 5370 2587 5442 qui
2617 5379 2826 5440 togatus
2847 5386 2971 5429 cum
2994 5381 3261 5443 potestate
3283 5372 3337 5429 ia
3362 5372 3590 5429 civitate
3610 5388 3727 5429 ver-

2147 5474 2319 5520 setur.
2353 5463 2522 5522 Docui
2546 5463 2600 5519 in
2631 5464 3003 5535 superioribus
3041 5465 3349 5527 asserenda
3386 5464 3731 5522 diiﬂnitienia

2145 5568 2325 5627 partes
2366 5574 2489 5621 esse
2513 5568 2741 5630 quatuor
2766 5576 2781 5612 :
2808 5560 3039 5629 primam
3060 5574 3187 5617 esse
3210 5558 3607 5624 difﬁnitianem.
3645 5571 3733 5614 sa-

2144 5652 2372 5708 cundam
2409 5651 2854 5722 approbationem
2895 5650 3261 5718 difﬁnitionis,
3297 5653 3511 5710 tertiam
3561 5650 3731 5705 dedu-

2140 5744 2374 5803 etionem
2420 5744 2755 5803 ditbnitionis
2798 5745 2867 5802 ad
2913 5746 3175 5817 speciem.
3216 5756 3464 5818 quartam
3509 5745 3727 5802 dati-uc

2138 5836 2370 5894 ctionetn
2403 5834 2735 5894 difﬁnitionis
2784 5837 3023 5901 adversa
3066 5840 3253 5912 partis.
3310 5838 3504 5898 Cicero
3546 5847 3723 5897 actum
