4064 6336
329 357 432 420 suo
881 323 883 326 ’
1220 354 1617 436 TOPlCOle-il
1646 349 2095 412 AtitsrortsLts
2141 353 2708 412 menenurmo.
3156 301 3164 314 ‘
3495 360 3596 414 oio

331 475 452 543 ejus
475 473 566 542 qui
606 472 675 526 sit
703 472 754 526 in
787 469 1058 540 republica
1091 485 1209 523 cum
1244 477 1506 538 potestate
1539 468 1781 540 degentis
1810 469 1911 522 dii-
1943 471 1992 530 Α
2017 479 2180 536 quam
2227 466 2404 535 leges,
2465 467 2849 522 advertendum
2898 467 3037 536 quod
3087 469 3349 522 Antonius
3389 469 3600 541 dixerat

331 569 453 621 ﬁni;
495 567 639 636 leges
681 579 832 627 esse;
873 564 1164 627 Antonius,
1219 561 1592 632 chirographa.
1641 561 1777 630 Ergo
1817 576 1912 615 sua
2021 556 2374 627 chirographa
2412 573 2551 621 esse,
2584 560 2963 629 consequentia
3000 559 3287 628 diligenter
3316 561 3601 619 advertens

331 659 575 712 oratione
601 658 789 712 Cicero
814 666 866 710 et
888 653 1100 718 difﬂuit,
1133 663 1185 707 et
1215 654 1496 722 approbat,
1533 660 1584 707 et
1606 651 1818 707 deducit
1846 652 1911 706 ad
2017 646 2204 702 falsam
2226 648 2382 703 docet
2403 647 2776 704 diiiinitionem
2803 650 2879 704 sic
2907 668 2918 701 :
2949 650 2996 704 is
3019 650 3106 718 qui
3135 661 3215 705 est
3239 652 3288 704 in
3316 665 3598 720 potestate,
3682 687 3688 704 .

265 741 271 750 ’
332 751 594 822 speciem,
643 755 697 804 et
741 749 968 803 destruit
1016 745 1387 801 difﬁnitionem
1433 745 1672 800 adversa:
1721 745 1911 814 partis.
2021 741 2186 795 estin
2218 741 2525 810 republica;
2555 757 2675 797 cum
2717 743 2887 812 egerit
2925 743 3150 813 aliquid,
3191 756 3364 800 actum
3394 758 3601 802 mutare

334 841 596 897 Difhnitio
633 840 910 896 Ciceronis
960 848 1042 894 est
1073 840 1222 893 haec:
1261 837 1325 892 Et
1350 838 1475 907 quid
1516 843 1599 893 est
1636 836 1778 908 quod
1806 845 1912 890 tam
2021 847 2128 887 non
2158 841 2360 903 potest,
2389 833 2488 888 hoc
2525 837 2782 903 competit
2826 837 2948 905 legi,
2981 847 3036 892 ut
3067 851 3188 892 cum
3217 839 3319 892 lata
3370 842 3440 894 sit
3466 857 3604 894 nun-
3681 868 3684 870 η

282 924 290 954 "
336 931 554 1004 proprie
594 931 701 988 diei
751 934 918 1001 possit
947 939 1122 984 actum
1164 929 1280 999 ejus
1304 929 1393 997 qui
1424 935 1632 999 togatus
1683 928 1732 981 in
1763 940 1908 982 rem-
2016 940 2177 996 quam
2240 941 2271 980 a
2333 927 2506 982 latore
2565 939 2816 984 mutetur.
2886 933 2954 984 At
3012 946 3142 985 vero
3205 933 3556 1003 chirographa
3585 974 3600 996 ,

333 1024 601 1096 publicam
652 1039 771 1080 cum
825 1030 1090 1094 potestate
1135 1031 1187 1078 et
1242 1021 1466 1092 imperio
1513 1027 1755 1075 versatus
1802 1020 1904 1084 sit,
2013 1018 2139 1090 quia
2185 1019 2515 1076 doesticus
2561 1031 2712 1077 actus
2739 1033 2841 1089 est,
2879 1024 3014 1078 hanc
3041 1028 3476 1096 consequentiam
3512 1028 3605 1080 ha-

335 1135 496 1190 quam
530 1119 651 1174 lex?
688 1117 885 1174 deinde
923 1116 1261 1187 subiungitur
1297 1115 1414 1184 ejus
1455 1113 1792 1170 dimnitionis
1820 1127 1914 1184 ap-
2017 1113 2170 1180 bent,
2202 1123 2256 1168 et
2283 1121 2342 1169 ut
2369 1124 2661 1182 mutentur,
2694 1127 2748 1170 et
2774 1130 2918 1186 saepe
2947 1134 3049 1172 non
3079 1121 3433 1186 proferantur.
3463 1121 3606 1190 Ergo

338 1215 584 1286 probatio
610 1214 708 1270 hoc
731 1213 927 1268 modo:
955 1214 1144 1280 Quaere
1167 1218 1284 1265 acta
1308 1209 1562 1278 Gracchi,
1587 1208 1732 1278 leges
1760 1206 1917 1263 Sem-
2019 1205 2094 1261 Μ.
2131 1205 2336 1261 Tullius
2378 1207 2450 1262 ita
2490 1207 2836 1278 reprehendit
2878 1210 3230 1280 chirographa
3270 1222 3447 1266 actum
3498 1228 3604 1267 non

338 1308 543 1378 proniaa
582 1308 938 1378 proferentur.
982 1305 1174 1372 Quaere
1221 1304 1404 1375 Syllae,
1456 1300 1738 1366 Corneliae,
1789 1299 1915 1370 quid
2020 1314 2165 1368 esse,
2192 1300 2318 1372 quia
2356 1312 2750 1372 consequenter
2794 1318 2898 1357 non
2945 1304 3143 1358 habent
3170 1315 3342 1370 actus,
3375 1306 3602 1361 dicens:

335 1399 439 1454 Gn.
474 1398 709 1468 Pompeii
743 1398 932 1453 tertius
959 1397 1291 1459 consulatus,
1324 1397 1373 1449 in
1410 1395 1606 1465 quibus
1633 1391 1919 1448 actis'con-
2022 1393 2389 1465 Cbirographa
2422 1410 2549 1449 vero
2573 1401 2669 1448 aut
2695 1402 2945 1459 mutaret,
2978 1404 3069 1448 aut
3095 1409 3201 1449 non
3233 1395 3413 1462 daret;
3439 1406 3533 1450 aut
3556 1414 3600 1449 Si

343 1493 524 1550 sistit?
553 1503 744 1564 nempe
767 1493 820 1547 in
848 1491 1084 1563 legibus;
1119 1491 1231 1545 haec
1254 1488 1570 1560 approbatio
1592 1496 1692 1543 est.
1719 1486 1921 1542 Deinde
2024 1485 2284 1552 dedisset,
2307 1502 2414 1541 non
2436 1487 2564 1541 istas
2588 1502 2675 1542 res
2707 1487 2758 1540 in
2792 1487 2926 1540 actis
2953 1488 3064 1541 suis
3093 1487 3298 1543 diceret
3327 1505 3340 1540 :
3365 1488 3457 1544 sed
3481 1490 3605 1558 quia

338 1588 647 1658 adjungitur
674 1585 924 1643 deductio
955 1585 1295 1640 dilﬁnitionis
1341 1583 1406 1637 ad
1436 1583 1695 1652 speciem.
1733 1583 1770 1636 Α
1805 1579 1924 1636 Cae-
2025 1593 2121 1648 per
2145 1580 2549 1634 concessionem
2589 1577 2922 1648 reprehensi,
2954 1579 3047 1634 sed
3091 1596 3149 1633 ei
3193 1580 3305 1648 ipsa
3346 1582 3604 1644 concedo,

321 1666 460 1734 'sare
500 1682 615 1748 ipso
657 1679 701 1734 sl
731 1693 940 1748 quarres
968 1676 1240 1748 quodnam
1283 1678 1481 1745 egisset
1510 1675 1559 1729 in
1593 1671 1740 1729 Urbe
1768 1683 1822 1728 et
1865 1674 1918 1728 in
2025 1685 2088 1727 ac
2111 1673 2428 1743 quibusdam
2454 1675 2616 1729 etiam
2648 1674 2699 1727 in
2745 1674 2906 1728 rebus
2931 1674 3231 1738 conniveo;
3269 1675 3322 1729 in
3365 1677 3609 1729 niaximis

321 1757 488 1841 'toga,
524 1771 667 1841 leges
700 1771 895 1825 multas
921 1769 1204 1840 respondet
1229 1783 1287 1824 se
1312 1775 1364 1824 et
1393 1769 1677 1839 prmclaras
1707 1766 1916 1823 tulisse.
1952 1818 1998 1841 ἢ
2025 1777 2156 1821 vero
2186 1767 2366 1831 rebus,
2400 1767 2453 1821 id
2493 1774 2579 1821 est
2623 1765 2676 1822 in
2707 1766 2936 1836 legibus,
2970 1775 3090 1821 aeta
3135 1767 3361 1822 Caesaris
3388 1767 3609 1822 dissolvi

338 1818 603 1934 δέἷιιέίιυῗ
642 1818 1674 1933 τερτθιιεηεεο³ἀπεμειεᾷιῖίέ’ἐπιπέτὲῖεέ
1710 1818 1916 1930 ista;
1949 1818 1999 1881 Β
2023 1818 2451 1915 [ἐξηριᾲῆιίόᾶ
2469 1818 3609 1930 ρὶῖιζιξᾲὰίῖιὲιέὲὶ’ρᾷἐῖιιαέἔἓέῇἑοῇζέιζέεόξ

321 1943 510 2028 eaque
540 1955 598 2011 ﬁt
628 1955 880 2026 bipartito
909 1973 923 2011 :
949 1965 1036 2010 aut
1067 1955 1210 2011 enim
1262 1969 1326 2010 ex
1374 1954 1478 2009 illis
1507 1953 1755 2008 omnibus
1778 1952 1920 2007 vitiis
2022 1965 2146 2007 nem
2176 1950 2428 2009 similiter
2455 1952 2743 2023 duplicem,
2771 1966 2930 2006 unam
2959 1967 3026 2006 ex
3059 1951 3207 2006 vitiis
3233 1960 3287 2004 ut
3317 1961 3371 2005 et
3398 1962 3610 2021 turpem

336 2050 541 2119 aliquid
583 2051 638 2105 in
687 2065 750 2105 ea
798 2049 1221 2121 reprehensione
1260 2046 1619 2112 concluditur,
1664 2052 1756 2100 aut
1792 2055 1922 2100 eon-
2022 2043 2398 2100 dilﬂnitionem
2446 2045 2622 2112 dicat,
2678 2053 2735 2100 et
2783 2044 3048 2100 inutilem.
3104 2043 3312 2099 Deinde
3355 2045 3612 2100 concedat

319 2127 496 2200 'cesso
522 2161 588 2201 eo
615 2144 755 2216 quod
779 2143 1077 2200 adversarii
1101 2142 1288 2197 dicunt
1317 2155 1414 2211 per
1430 2137 1916 2210 comparationem,
2021 2139 2376 2194 couclusurus
2399 2153 2464 2194 ex
2484 2138 2892 2208 comparatione
2919 2152 3072 2192 suam
3106 2138 3390 2207 puriorem,
3424 2139 3610 2192 dicens

337 2238 508 2308 magis
535 2237 634 2292 hoc
673 2251 793 2292 esse
833 2236 978 2307 quod
1011 2249 1108 2290 nos
1133 2234 1366 2290 dicimus
1412 2231 1794 2303 approbamus.
1825 2228 1922 2284 Hic
2023 2244 2146 2286 esse
2169 2241 2379 2302 turpem
2410 2239 2468 2289 et
2495 2231 2736 2288 inutilem
2760 2232 2812 2287 in
2839 2230 3144 2301 bujusmodi
3164 2231 3310 2285 dicto
3330 2230 3474 2300 quod
3505 2241 3612 2294 est,

337 2342 628 2402 utrumque
657 2331 722 2386 lli.
765 2328 976 2386 Tullius
1017 2328 1158 2384 iacit.
1194 2327 1324 2382 Nam
1351 2333 1405 2381 et
1431 2325 1497 2380 de
1520 2324 1659 2379 vitiis
1691 2324 1778 2378 illa
1820 2333 1919 2393 po«
2026 2324 2129 2378 nisi
2154 2326 2322 2390 sorte,
2344 2327 2387 2380 si
2416 2324 2542 2395 quid
2567 2324 2843 2380 memorias
2868 2339 3026 2380 causa
3055 2323 3242 2379 retulit
3267 2322 3325 2378 in
3347 2321 3609 2384 libellum,

339 2423 419 2481 nit
471 2437 528 2480 ut
587 2425 774 2480 falsam
812 2423 1184 2478 ditlinitioucm
1240 2420 1452 2484 doceat,
1505 2425 1559 2474 et
1603 2426 1836 2488 turpem,
1866 2421 1920 2472 et
2025 2417 2080 2473 id
2107 2419 2478 2474 numerabitur
2506 2420 2562 2473 in
2585 2419 2742 2474 actis.
2778 2419 2843 2473 Et
2873 2419 3118 2488 quamvis
3150 2417 3386 2487 iniquum
3415 2421 3470 2472 et
3496 2418 3612 2470 inu-

338 2517 602 2572 inutilem.
643 2519 718 2571 Ac
746 2513 939 2571 deinde
970 2513 1272 2570 concedens
1324 2513 1493 2582 magis
1534 2525 1685 2566 suam
1725 2508 1922 2564 conilr-
2026 2510 2123 2568 tile
2141 2512 2235 2579 sit,
2262 2511 2569 2568 delenditur
2596 2528 2608 2565 :
2631 2511 2880 2581 Equitas
2908 2513 3075 2567 virtus
3099 2520 3209 2576 est;
3242 2511 3409 2565 virtus
3431 2519 3611 2565 autem

338 2619 454 2665 met
492 2608 898 2675 diliinitioncm,
931 2609 1181 2679 dicatque
1217 2607 1498 2678 potiorem.
1531 2601 1740 2660 Falsam
1772 2603 1918 2658 difﬂ-
2025 2608 2139 2677 ipsa
2170 2607 2474 2673 honestum,
2507 2620 2636 2678 ergo
2667 2606 2915 2675 iniquitas
2947 2605 3120 2674 turpis
3145 2613 3259 2670 est,
3292 2605 3418 2672 Quia
3447 2604 3613 2671 turpi-

322 2701 604 2759 nitionem
646 2707 723 2760 sic
754 2703 944 2758 Cicero
985 2702 1173 2773 probat
1206 2698 1528 2756 excutiendo
1558 2698 1698 2769 quod
1731 2710 1921 2752 conse-
2027 2700 2154 2755 tudo
2199 2699 2466 2755 contraria
2509 2707 2592 2755 est
2633 2698 2925 2754 honestati.
2965 2697 3059 2753 Sic
3100 2696 3260 2768 igitur
3309 2705 3517 2765 torpent
3559 2703 3615 2748 et

337 2811 510 2868 quens
541 2796 640 2863 sit;
673 2795 755 2851 bis
784 2797 926 2851 enim
953 2796 1207 2866 probatur
1234 2793 1364 2849 falsa
1387 2791 1658 2857 diliinitio,
1687 2792 1729 2846 si
1762 2805 1917 2845 suum
2025 2794 2264 2850 inutilem
2285 2793 2414 2862 ipsis
2436 2793 2614 2848 verbis
2628 2785 3385 2863 reprehenditdilﬂnitionent.
3413 2785 3616 2842 Deinde

323 2881 616 2962 proprium
658 2907 763 2946 non
809 2889 1024 2958 habeat,
1058 2890 1103 2945 si
1141 2889 1312 2958 magis
1350 2886 1676 2944 contrarium
1703 2886 1917 2950 habeat,
2024 2880 2220 2956 adjecit
2244 2898 2571 2955 postremum
2597 2884 2728 2940 illud
2753 2899 2847 2954 per
2867 2883 3274 2938 concessionem
3297 2883 3398 2935 hoc
3419 2878 3610 2933 modo:

338 2987 384 3040 si
415 2999 752 3056 consequens
796 2999 951 3040 suum
998 2997 1103 3038 non
1144 2991 1341 3048 teneat,
1383 2982 1427 3036 si
1463 2981 1618 3036 aliter
1658 2979 1802 3034 dii-ta
1851 2978 1923 3032 sit
2024 2980 2166 3051 quod
2195 2979 2260 3034 ad
2289 2981 2540 3051 pupulum
2569 2978 2882 3035 centuriatis
2911 2975 3138 3032 comitiis
3161 2973 3299 3038 tulit,
3327 2973 3380 3028 id
3403 2973 3454 3026 in
3478 2974 3612 3025 actis

339 3088 499 3148 atque
528 3077 579 3132 in
610 3075 753 3149 vulgi
784 3085 867 3131 est
902 3076 1180 3145 opinione.
1217 3076 1310 3129 llic
1340 3089 1468 3145 ergo
1495 3073 1745 3143 quoniam
1777 3085 1922 3141 qute-
2025 3073 2253 3130 Cmsaris
2274 3089 2380 3130 non
2416 3072 2718 3128 habebitur.
2751 3069 2876 3126 Haec
2906 3077 3065 3125 acuto
3095 3079 3305 3138 quoque
3332 3067 3467 3120 satis
3493 3077 3616 3121 esse

337 3169 475 3226 ritur
495 3169 619 3242 quid
650 3171 721 3227 sit
750 3178 928 3225 actum
953 3170 1112 3238 togati
1145 3169 1279 3223 civis
1307 3169 1360 3223 in
1393 3164 1774 3236 rempublicam
1796 3175 1916 3217 cum
1943 3189 1997 3258 α
2025 3166 2174 3221 duxi.

338 3240 599 3334 potestate
640 3262 912 3334 degentis,
961 3260 1269 3332 dictumque
1315 3269 1396 3315 est
1438 3257 1567 3313 nihil
1610 3251 1753 3311 aliud
1795 3267 1916 3310 esse
1945 3240 1997 3258 ν

837 3547 1900 3686 TOPICORUM
1963 3530 3103 3678 ARISTOTELIS

1666 3749 1928 3828 LIBRI
1999 3743 2299 3843 oc'ro,

469 3967 732 4079 AN.
814 3963 1289 4074 MANL.
1373 3959 1734 4070 SEV.
1814 3951 2355 4064 BOETII
2412 3933 3474 4060 INTERPR-ETE.

1516 4277 1857 4366 LIBER
1926 4274 2409 4362 PRIMUS.

1852 4419 2092 4435 ~—

854 4510 1080 4568 CAPUT
1133 4507 1417 4566 PRIMUM.
2032 4499 2351 4557 Dialecticus
2374 4505 2550 4554 autem
2579 4495 2919 4568 syllogismos
2940 4502 3021 4549 est
3047 4495 3133 4565 qui
3157 4502 3220 4548 es
3248 4494 3613 4564 probabilibus

379 4603 550 4662 Primi
573 4601 878 4677 Topicornm
909 4606 1026 4660 libri
1059 4605 1368 4677 Aristotelis,
1400 4603 1526 4672 quid
1566 4601 1805 4669 intendit,
1833 4611 1885 4656 et
1938 4614 2004 4676 ,υ
2029 4605 2112 4652 est
2135 4595 2412 4651 collectus.
2444 4593 2578 4648 Sunt
2616 4598 2796 4646 autem
2846 4603 2971 4645 vera
3023 4598 3075 4645 et
3128 4590 3297 4658 prima
3345 4605 3465 4661 qua:
3504 4609 3616 4646 non

771 4693 885 4747 qua:
913 4676 1258 4731 ratiocinandi
1287 4677 1500 4747 species.
2033 4705 2127 4762 per
2155 4689 2279 4756 alia,
2311 4703 2376 4744 se

2033 4705 2127 4762 per
2155 4689 2279 4756 alia,
2311 4687 2408 4744 sed
2439 4699 2536 4756 per
2566 4701 2624 4741 se
2669 4687 2782 4756 ipsa
2833 4684 2990 4740 tidem
3035 4685 3250 4740 habent.
3310 4684 3425 4740 Non
3468 4688 3611 4741 enim

417 4789 758 4861 PrOpositum
797 4790 1009 4861 quidem
1059 4789 1254 4861 negotii
1287 4796 1370 4844 est
1409 4787 1722 4845 methodom
1771 4788 1924 4844 inve-
2031 4793 2240 4854 Oportet
2272 4784 2325 4838 in
2377 4780 2813 4850 disciplinaribus
2860 4779 3140 4850 principiis
3171 4779 3444 4847 inquirere
3490 4791 3615 4847 pro-

325 4880 466 4937 'nire
497 4895 592 4948 per
611 4895 771 4951 quam
821 4881 1115 4946 poterimus
1147 4879 1464 4952 syllogizarc
1490 4879 1558 4934 de
1601 4879 1744 4935 omni
1791 4891 1923 4949 pro-
2031 4890 2151 4953 pter
2185 4879 2351 4952 quod,
2384 4879 2477 4935 sed
2525 4877 2820 4934 secundum
2855 4875 3276 4947 unumquodque
3318 4876 3611 4945 principio-

341 4972 522 5043 Ροδίεο
546 4973 882 5043 Nomen“!!!
911 4983 981 5029 ει
1017 4973 1401 5041 Ρτοδθδίιίῦυθν
1430 4981 1485 5027 θι
1535 4973 1637 5042 ίβει
1684 4971 1926 5042 ἀῖεβυιε·
2031 4997 2148 5036 rum
2180 4979 2349 5048 ipSam
2402 4991 2498 5048 per
2521 4989 2582 5034 se
2603 4989 2723 5032 esse
2754 4973 2931 5032 ﬁdem.
2962 4974 3262 5032 i’robabilia
3286 4977 3460 5029 autem
3493 4975 3620 5026 sunt

343 5064 546 5119 tionem
564 5064 908 5128 sustinentes,
926 5065 1058 5120 nihil
1081 5064 1321 5120 dicemus
1343 5077 1664 5133 repugnans.
1686 5063 1926 5120 Primum
2033 5086 2153 5142 qua:
2188 5069 2439 5126 videntur
2464 5067 2735 5135 omnibus,
2767 5078 2859 5123 ant
2909 5067 3177 5138 plurimis,
3232 5075 3320 5121 aut
3364 5063 3617 5134 sapienti-

349 5157 512 5224 igitur
536 5157 814 5213 dicendum
846 5159 970 5228 quid
1012 5169 1093 5214 est
1144 5158 1507 5231 syllogismus,
1543 5167 1597 5214 et
1645 5173 1764 5229 quae
1811 5157 1929 5228 eius
2037 5165 2156 5228 bus,
2192 5172 2244 5218 et
2272 5162 2355 5217 his
2397 5161 2481 5218 vel
2525 5162 2800 5226 omnibus,
2831 5163 2912 5216 vel
2937 5158 3206 5232 plurimis,
3254 5159 3340 5214 vel
3387 5160 3620 5213 matimc

341 5247 681 5316 diﬂ'erentiae,
711 5251 982 5320 quomodo
1027 5262 1270 5307 sumatur
1310 5251 1622 5306 dialecticus
1677 5251 1926 5323 syllogis-
2033 5257 2383 5313 familiaribus
2411 5265 2466 5312 et
2514 5257 2770 5326 probatis.
2806 5255 3092 5326 Litigiosus
3116 5259 3292 5308 autem
3328 5261 3411 5309 est
3441 5251 3611 5324 syllo-

343 5352 494 5405 mus;
525 5339 670 5396 hunc
705 5342 851 5396 enim
894 5343 1182 5412 qmerimiis
1233 5342 1530 5399 secundum
1589 5341 1925 5413 propositum
2033 5350 2240 5420 gismus
2278 5365 2341 5404 ex
2395 5349 2460 5404 iis
2509 5361 2632 5418 qua:
2661 5347 2915 5403 videntur
2965 5345 3283 5416 probabilia,
3337 5351 3442 5400 non
3492 5356 3616 5400 sunt

342 5429 640 5498 negotium.
671 5432 762 5487 Est
790 5433 968 5502 itaque
998 5435 1340 5504 syllogismus
1379 5434 1551 5488 oratio
1595 5433 1648 5487 in
1691 5445 1797 5503 qua
1827 5447 1922 5503 poi
2029 5449 2230 5498 autem.
2288 5442 2352 5496 Et
2382 5441 2472 5511 qui
2502 5456 2564 5497 ex
2620 5440 2986 5512 probabilibus
3040 5438 3279 5510 quidem,
3331 5449 3421 5494 aut
3447 5451 3511 5494 cx
3555 5439 3620 5491 iis

341 5522 464 5579 sitis
479 5526 797 5595 quibmdam
824 5529 1026 5600 aliquid
1056 5530 1202 5584 aliud
1237 5544 1265 5584 a
1291 5528 1480 5600 positis
1508 5541 1573 5583 ea
1599 5530 1920 5584 necessitate
2031 5535 2149 5606 qua:
2183 5533 2434 5590 videntur
2478 5533 2793 5604 probabilia,
2842 5539 2925 5588 est
2968 5543 3250 5600 apparens.
3297 5527 3410 5586 Non
3471 5529 3615 5585 enim

339 5618 540 5674 accidit
587 5633 684 5690 per
728 5633 791 5676 ea
816 5637 934 5691 qua
970 5623 1136 5692 posita
1164 5633 1304 5678 attrit.
1344 5621 1740 5678 Demonstralio
1792 5629 1921 5676 vero
2031 5641 2191 5683 omne
2216 5627 2358 5698 quod
2391 5623 2602 5681 videtur
2645 5624 2922 5696 probabile
2981 5623 3140 5678 etiam
3191 5631 3274 5680 est
3317 5621 3615 5693 probabile,

341 5717 429 5764 est
463 5713 683 5780 quando
707 5725 772 5768 ea
795 5715 938 5769 veris
969 5722 1020 5770 et
1054 5715 1240 5784 primis
1272 5715 1617 5787 syllogismus
1659 5713 1781 5780 erit,
1830 5721 1922 5767 aut
2033 5719 2165 5774 nihil
2194 5719 2336 5775 enim
2365 5731 2553 5774 eorum
2585 5731 2704 5789 qua:
2729 5718 2980 5772 dicuntur
3015 5715 3308 5788 probabilia
3333 5715 3385 5769 in
3420 5728 3617 5783 super-

341 5815 412 5857 ex
437 5804 628 5860 talibus
671 5819 792 5876 qua
831 5817 926 5876 per
965 5808 1139 5879 aliqua
1192 5810 1360 5878 prima
1402 5823 1452 5865 et
1482 5825 1603 5864 vera
1657 5810 1774 5879 ejus
1802 5819 1922 5879 qum
2034 5813 2154 5868 ﬁcie
2182 5813 2343 5868 habet
2377 5813 2598 5867 omnino
2651 5811 3010 5882 phantasiam,
3061 5809 3206 5866 velut
3245 5810 3387 5865 circa
3423 5807 3618 5878 litigioo

323 5897 486 5982 _circa
529 5900 642 5969 ipsa
684 5905 768 5955 est
813 5900 1132 5968 cognitionis
1174 5905 1489 5974 principium
1539 5911 1908 5974 sumpserunt.
2034 5919 2214 5962 sarum
2253 5905 2672 5974 disputationum
2729 5904 2984 5976 principia
3035 5902 3228 5962 accidit
3265 5909 3324 5961 se
3372 5898 3610 5967 habere;
