4064 6336
498 355 594 410 0H

500 578 625 623 sunt
671 562 950 620 manifesta
996 565 1079 612 est
1132 555 1184 609 in
1230 552 1312 606 his
1363 548 1612 605 falsitatis
1673 555 1883 602 natura.
1935 545 2113 614 Ergo.

503 660 650 729 prior
669 655 880 728 quidem
908 663 1094 707 eorum
1122 646 1233 715 (qui
1264 644 1390 699 dicti
1412 650 1539 721 sunt
1576 640 1792 711 litigiosi
1830 638 2076 710 syllogis-

502 759 595 828 mi)
628 757 789 812 etiam
818 751 1159 825 syllogismus
1187 748 1416 812 dicatur,
1449 744 1687 814 reliquus
1727 753 1857 797 vero
1884 736 2074 807 litigio-

501 867 594 904 sus
635 846 848 916 quidem
880 842 1238 914 syllogismus,
1284 837 1624 909 syllogismus
1649 843 1825 888 autem
1856 844 1983 895 non,
2011 842 2078 883 eo
2108 874 2113 879 .

500 939 643 1010 quod
680 937 889 993 videtur
917 932 1132 1003 quidem
1161 930 1492 993 ratidcinari,
1523 926 1872 982 ratiocinatur
1896 931 2076 977 autem
2114 954 2117 963 ι

504 1032 741 1087 minime.
795 1027 1040 1096 Amplius
1079 1033 1257 1079 autem
1318 1030 1511 1091 pratter
1565 1032 1756 1074 omnes
1792 1015 1907 1085 (qui
1951 1012 2077 1067 dicti

504 1122 649 1192 sunt)
678 1121 1043 1194 syllogismos,
1078 1133 1142 1172 ex
1171 1117 1234 1171 iis
1264 1131 1381 1185 qua:
1426 1120 1552 1168 sunt
1583 1112 1721 1167 circa
1766 1110 1972 1177 aliquas
1997 1102 2079 1159 di-
2110 1154 2117 1159 .

500 1223 750 1291 sciplinas
799 1216 1095 1289 peculiaria
1141 1215 1276 1268 fiunt
1324 1207 1697 1281 paralogismi,
1727 1202 2115 1275 quemadtuo--

501 1317 625 1369 dum
667 1314 717 1367 in
767 1308 1061 1381 geometria
1088 1314 1145 1362 et
1187 1305 1311 1359 huic
1348 1301 1591 1373 cognatis
1637 1297 1832 1353 accidit
1876 1310 1936 1351 se
1983 1293 2076 1347 Ita-

504 1408 651 1460 here.
679 1403 898 1458 Videtur
924 1408 1097 1459 autem
1132 1397 1221 1452 hic
1250 1395 1440 1451 modus
1464 1393 1680 1447 differre
1723 1404 1752 1444 a
1782 1387 1943 1444 dictis
1968 1385 2076 1457 syl-

503 1495 758 1567 logismis,
790 1508 912 1548 nam
945 1505 1118 1560 neque
1141 1503 1204 1542 ex
1238 1487 1382 1541 veris
1412 1493 1466 1539 et
1488 1482 1674 1554 primis
1702 1479 1901 1549 colligit
1921 1491 2078 1547 pseu-

500 1588 827 1660 tlographus,
868 1598 1043 1654 neque
1071 1598 1137 1638 ex
1161 1578 1550 1651 probabilibus,
1582 1592 1704 1631 nam
1746 1573 1847 1629 sub
1892 1572 2079 1627 defini-

503 1681 645 1734 tione
674 1694 778 1733 non
809 1676 972 1742 cadit,
1006 1689 1176 1743 neque
1201 1674 1345 1727 enim
1372 1685 1490 1739 qua:
1522 1668 1774 1723 omnibus
1829 1664 2079 1719 videntur

508 1754 689 1837 sumit,
714 1784 884 1838 neque
904 1782 1020 1837 qua:
1046 1764 1302 1834 pluribus,
1327 1776 1501 1831 neque
1528 1757 1876 1827 sapientibus,
1895 1765 1948 1811 et
1971 1754 2074 1819 his,
2103 1782 2107 1788 ι

502 1878 675 1932 neque
702 1858 969 1922 omnibus,
1019 1870 1192 1926 neque
1230 1853 1494 1923 plurimis,
1548 1864 1721 1919 neque
1768 1846 2079 1919 probatissi-

502 1956 635 2020 mis;
658 1953 751 2009 sed
781 1967 842 2007 ex
872 1946 1227 2020 peculiaribus
1255 1945 1469 2016 quidem
1501 1942 1801 2013 disciplinae
1828 1940 2074 2010 sumptis,

503 2064 605 2104 non
634 2045 777 2102 veris
818 2053 1016 2107 autem,
1066 2040 1437 2112 syllogismum
1484 2037 1630 2101 facit,
1667 2050 1790 2090 nam
1841 2049 1905 2090 eo
1935 2032 2076 2103 quod

499 2150 590 2196 aut
618 2137 982 2197 scmicirculos
1028 2134 1290 2189 describit
1338 2147 1443 2188 non
1476 2140 1535 2185 ut
1583 2136 1816 2200 oportet,
1868 2138 1959 2182 aut
2016 2126 2111 2182 li--

502 2246 629 2287 neas
658 2230 861 2299 aliquas
884 2227 1030 2283 ducit
1060 2240 1165 2280 non
1198 2233 1255 2278 ut
1307 2221 1564 2278 ducenda:
1593 2228 1736 2286 sunt,
1784 2217 2077 2288 paralogis-

503 2337 646 2377 mutu
679 2320 823 2375 facit.
851 2317 1260 2388 Speciesigitur
1290 2315 1749 2386 syllogismorum,
1788 2319 1847 2366 ut
1879 2312 2075 2381 figura-
2106 2348 2109 2367 ς

504 2415 628 2471 liter
647 2414 719 2470 sit
740 2409 1046 2482 complecti,
1078 2409 1234 2465 dictae
1280 2408 1407 2462 sint.
1441 2405 1757 2473 Summatim
1786 2413 1963 2460 autem
1990 2402 2076 2459 di-
2108 2442 2109 2447 η

501 2507 671 2564 cendo
698 2506 765 2562 de
793 2502 1043 2560 omnibus
1082 2502 1352 2573 praedictis
1396 2508 1452 2555 et
1478 2498 1546 2553 de
1599 2497 1681 2553 his
1730 2510 1850 2568 quae
1891 2505 2074 2567 postea

502 2609 629 2655 sunt
656 2596 904 2669 dicenda,
937 2595 992 2650 in
1024 2603 1226 2648 tantum
1256 2591 1411 2646 nobis
1439 2590 1854 2645 determinatnm
1889 2590 1979 2652 sit,
2012 2601 2078 2643 eo

498 2691 641 2761 quod
671 2690 740 2747 de
767 2689 921 2745 nullo
957 2700 1142 2743 eorum
1201 2692 1444 2741 exactam
1482 2683 1748 2737 rationem
1801 2680 2109 2750 assignare-

498 2784 801 2853 deligimus,
828 2780 925 2837 sed
954 2778 1342 2848 aliquantulum
1386 2774 1673 2845 figuraliter
1697 2773 1766 2829 tle
1816 2772 1899 2827 his
1926 2772 2078 2839 volu-

499 2892 618 2931 mus
639 2877 990 2945 pertransire,
1020 2870 1242 2926 omnino
1284 2869 1559 2924 suf'tieicns
1602 2868 1930 2922 arbitrantes
1958 2879 2080 2921 esse

496 2965 790 3022 secundum
823 2962 1149 3034 propositam
1194 2959 1506 3015 methodum
1547 2973 1705 3027 posse
1748 2970 2076 3028 cognoscere

499 3055 877 3129 quoquomodo
904 3051 1324 3123 unumquodque
1344 3050 1579 3104 illorum.

1117 3166 1343 3223 CAPUT
1396 3166 1459 3221 ll.
2110 3183 2160 3248 ο

596 3264 673 3318 Ad
701 3270 819 3331 quot
846 3260 984 3313 utilis
1011 3259 1278 3313 dialectica
1307 3257 1688 3329 disserendique
1717 3258 2008 3329 disciplina.

570 3373 915 3444 Consequens
935 3382 1111 3427 autem
1144 3371 1243 3425 erit
1264 3385 1330 3426 ex
1356 3371 1421 3426 iis
1441 3385 1561 3442 qua:
1583 3370 1726 3427 dicta
1744 3382 1872 3427 sunt
1899 3374 2082 3429 dicere

488 3466 566 3521 ad
598 3473 727 3535 quot
754 3475 807 3520 et
827 3480 945 3535 qua:
982 3463 1112 3519 utile
1142 3462 1212 3518 sit
1239 3462 1341 3518 hoc
1367 3464 1660 3535 negotium.
1695 3466 1790 3520 Est
1815 3469 1992 3521 autem
2016 3466 2082 3521 ad

500 3559 621 3621 tria,
655 3556 720 3612 ad
751 3556 1187 3621 exercitationes,
1213 3556 1278 3610 ad
1306 3555 1594 3628 colloquia,
1625 3558 1689 3613 ad
1715 3573 1807 3614 eas
1837 3575 1957 3630 quze
1996 3575 2083 3616 se-

501 3651 732 3707 cundum
763 3650 1155 3721 philosophiam
1183 3660 1306 3705 sunt
1358 3648 1692 3721 disciplinas.
1732 3651 1881 3720 Quod
1922 3652 2080 3723 igitur

500 3743 566 3799 ad
595 3744 1037 3800 exercitationem
1073 3742 1145 3798 sit
1191 3742 1343 3807 utile,
1378 3758 1442 3798 ex
1495 3742 1575 3797 his
1606 3744 1948 3815 perspicuum
1975 3754 2078 3811 est,

502 3836 812 3891 methodum
842 3835 984 3890 enim
1012 3834 1289 3899 habentes,
1320 3833 1474 3890 facile
1503 3835 1570 3889 de
1618 3837 1894 3904 proposito
1925 3851 2081 3907 argu-

506 3928 737 3983 mentari
761 3927 1073 3998 poterimus.
1104 3927 1184 3983 Ad
1213 3928 1481 3998 colloquia
1507 3943 1638 3984 vero
1662 3942 1728 3983 eo
1771 3930 1911 3999 quod
1947 3931 2082 3985 mul-

505 4032 680 4076 torum
729 4028 1146 4076 annumerantes
1190 4020 1496 4090 opiniones,
1548 4036 1748 4077 llOlLeX
1788 4025 2076 4091 extraneis,

505 4111 598 4167 sed
632 4127 693 4167 ex
740 4111 967 4181 propriis
1019 4111 1276 4166 doctrinis
1334 4111 1822 4167 sermocinabimur
1864 4113 1929 4168 ad
1968 4130 2081 4182 eos,

506 4211 922 4257 transmutantes
941 4202 1193 4272 quidquid
1227 4217 1331 4259 non
1361 4203 1501 4260 bene
1528 4203 1777 4261 videntur
1799 4207 1974 4261 modis
2000 4208 2083 4263 di-

506 4311 650 4352 cere.
676 4296 757 4351 Ad
784 4297 1075 4354 secundum
1120 4299 1510 4369 philosophiam
1542 4301 2082 4374 autem'disciplinas,

507 4390 647 4459 quod
677 4400 919 4458 potentes
942 4392 1009 4445 ad
1037 4402 1258 4462 utraque
1281 4394 1550 4459 dubitare,
1580 4397 1737 4452 facile
1760 4398 1812 4451 in
1856 4398 2085 4469 singulis

498 4484 832 4540 intuebimur
874 4499 1057 4540 verum
1114 4495 1168 4540 et
1218 4485 1427 4553 falsum,
1478 4496 1743 4557 praeterea
1788 4499 1965 4546 autem
2015 4490 2081 4545 ad

1732 336 1833 393 ΑΝ.
1876 331 2084 391 MANL.
2125 328 2277 387 SEV.
2325 327 2545 384 BOETll

499 474 678 530 statim
710 484 853 527 enim
881 464 1077 534 saepius
1105 468 1264 515 etiam
1316 469 1396 512 ets
1420 467 1702 524 qutparva
1736 454 1922 508 videre
1955 465 2080 521 pos-
2109 451 2163 509 Α

3657 316 3771 384 ate

2798 440 3023 498 CAPUT
3065 438 3148 496 ΙΙΙ.
3210 470 3213 473 -

2291 537 2375 591 Ea:
2399 538 2581 607 quibus
2601 546 2648 590 et
2672 544 2791 606 quot
2816 535 3115 603 disceptatio
3144 532 3409 587 dialectica
3436 542 3648 589 constet.

2263 629 2501 684 Primum
2533 626 2693 699 igitur
2719 625 3172 681 considerandum
3199 639 3262 680 ex
3288 623 3487 695 quibus
3530 634 3613 680 est
3652 642 3762 682 tue-

2184 722 2398 787 thodus,
2432 722 2695 792 siquidem
2745 720 3134 790 sumpserimus
3163 719 3228 773 ad
3258 727 3410 788 quot,
3443 727 3498 775 et
3530 734 3649 789 quae
3698 736 3763 775 ex
3790 790 3799 797 ~

2183 817 2374 887 quibus
2400 816 2673 871 orationes
2718 823 2773 870 et
2818 813 2888 870 de
2923 814 3118 884 quibus
3148 813 3476 885 syllogismi,
3528 822 3584 868 et
3628 829 3766 882 quu-

2184 914 2344 969 modo
2374 912 2459 968 his
2479 912 2836 976 abundemus,
2869 911 3189 969 habebimus
3209 911 3539 968 sufficienter
3574 926 3768 982 propo-

2185 1008 2370 1063 situm.
2403 1006 2541 1062 Sunt
2567 1016 2744 1062 autem
2768 1021 3002 1061 numero
3031 1005 3288 1076 aequalia,
3313 1015 3375 1061 et
3394 1005 3583 1061 eadem
3617 1021 3677 1059 ea
3702 1021 3769 1061 ex

2181 1098 2376 1168 quibus
2404 1098 2678 1153 orationes
2698 1108 2752 1154 et
2778 1098 2846 1153 de
2874 1097 3070 1168 quibus
3098 1098 3394 1170 syllogismi
3418 1116 3435 1155 :
3468 1096 3602 1152 fiunt
3623 1098 3765 1152 enim

2183 1194 2456 1247 orationes
2475 1206 2540 1246 ex
2569 1191 3054 1262 propositionibus;
3083 1191 3152 1247 de
3171 1190 3364 1261 quibus
3393 1202 3571 1246 autem
3600 1191 3767 1261 syllo-

2184 1285 2341 1353 gismi
2373 1286 2526 1350 fiunt,
2558 1284 2888 1353 problemata
2911 1294 3054 1339 sunt.
3084 1283 3269 1347 Omnis
3298 1292 3477 1339 autem
3525 1283 3767 1354 proposi-

2185 1380 2280 1445 tio,
2311 1386 2367 1432 et
2389 1391 2550 1432 omne
2574 1375 2872 1445 problema,
2901 1387 2993 1432 aut
3022 1376 3320 1447 proprium,
3349 1385 3437 1430 aut
3463 1389 3659 1446 genus,
3677 1383 3766 1428 aut
3790 1424 3795 1427 Α

2184 1471 2431 1527 accidens
2456 1469 2689 1534 indicat;
2720 1469 2920 1526 etenim
2951 1466 3257 1526 differentia
3281 1483 3404 1524 cum
3433 1477 3520 1526 est
3535 1460 3787 1539 genéra-r

2186 1564 2271 1630 lis,
2302 1577 2422 1619 cum
2453 1577 2660 1633 genere
2691 1560 2989 1617 ordinanda
3019 1570 3119 1616 est.
3149 1561 3409 1629 Quoniam
3435 1571 3616 1617 autem
3644 1575 3767 1630 pro-

2185 1653 2362 1723 prium
2388 1656 2491 1710 hoc
2502 1653 2717 1725 quidem
2744 1652 2874 1725 quid
2895 1663 3109 1710 estesse
3127 1653 3408 1724 significat,
3435 1652 3565 1708 illud
3588 1660 3766 1708 autem

2185 1763 2292 1802 non
2318 1747 2601 1817 significat,
2625 1746 2896 1803 dividatur
2944 1746 3220 1817 proprium
3267 1748 3319 1802 in
3350 1755 3606 1817 utrasque
3631 1760 3765 1816 prat-

2110 1813 2155 1874 Β
2180 1840 2354 1896 dictas
2368 1813 2585 1908 partes,
2637 1849 2694 1896 et
2722 1813 3103 1896 vocetur—illud
3132 1839 3272 1910 quod
3314 1837 3443 1909 quid
3492 1813 3611 1893 erat
3632 1813 3769 1894 esse

2179 1932 2467 2002 significat,
2499 1932 2795 1999 terminus;
2820 1932 3086 2003 reliquum
3116 1946 3270 1998 vero,
3293 1930 3592 2001 secundum
3615 1944 3791 1987 οοω-.

2181 2038 2397 2080 munem
2428 2024 2496 2079 de
2524 2025 2676 2095 ipsis
2702 2026 3027 2096 assignatam
3081 2025 3526 2091 nominationem,
3561 2038 3765 2077 nuncu-

2180 2124 2334 2185 petur
2364 2117 2659 2187 proprium.
2692 2118 3028 2174 Manifestum
3058 2118 3219 2190 igitur
3259 2133 3325 2175 ex
3375 2118 3441 2173 iis
3467 2131 3588 2188 quae
3617 2117 3763 2172 dicta

2180 2221 2306 2267 sunt
2334 2212 2475 2282 quod
2506 2213 2800 2269 secundum
2833 2222 3153 2284 praesentem
3193 2212 3511 2268 divisionem
3535 2220 3767 2283 quatuor

2185 2304 2363 2359 omnia
2415 2304 2610 2359 accidit
2661 2304 2798 2371 fieri,
2850 2314 2941 2360 aut
2994 2304 3291 2374 proprium,
3335 2316 3423 2358 aut
3450 2302 3767 2368 terminum,

2183 2404 2277 2451 aut
2300 2410 2494 2467 genus,
2532 2405 2625 2452 aut
2651 2396 2921 2453 accidens.
2975 2396 3148 2454 Nemo
3176 2405 3350 2453 autem
3397 2386 3496 2452 nos
3525 2395 3795 2466 opinetur.

2183 2489 2364 2544 dicere
2385 2489 2526 2559 quod
2568 2488 2989 2560 unumquodque
3019 2488 3212 2544 horum
3266 2488 3561 2544 secundum
3598 2502 3658 2542 se
3689 2486 3772 2541 di-

2184 2588 2327 2636 ctum
2361 2581 2659 2651 propositio
2690 2580 2774 2637 vel
2822 2581 3094 2650 problema
3125 2591 3230 2649 est,
3263 2580 3354 2637 sed
3411 2579 3553 2649 quod
3590 2579 3659 2634 ab
3692 2579 3773 2634 his

2185 2682 2239 2727 et
2263 2673 2598 2743 problemata
2628 2680 2685 2729 et
2704 2673 3097 2744 propositiones
3118 2673 3271 2729 fiunt.
3306 2672 3569 2729 Difl‘erunt
3594 2682 3791 2728 autem

2190 2764 2461 2832 problema
2495 2776 2551 2820 et
2592 2765 2890 2835 propositio
2922 2765 3103 2831 modo,
3136 2779 3261 2820 nam
3282 2779 3404 2820 cum
3433 2765 3511 2821 sic
3535 2763 3770 2820 dieitur:

2190 2865 2413 2925 putasne
2426 2857 2621 2911 animal
2642 2855 2929 2927 gressibile
2951 2856 3102 2927 bipes
3116 2856 3139 2910 ?
3153 2856 3393 2913 definitio
3410 2865 3493 2912 est
3509 2857 3773 2922 hominis;
3792 2924 3811 2940 ‘

2189 2961 2244 3007 et
2274 2962 2499 3022 putasne
2521 2952 2722 3008 animal
2740 2966 2912 3023 genus
2938 2960 3023 3008 est
3051 2952 3328 3007 hominis?
3366 2952 3666 3022 propositio
3692 2951 3773 3006 fit.

2192 3046 2248 3103 Si
2279 3057 2460 3103 autem
2492 3056 2668 3103 utrum
2715 3048 2916 3102 animal
2946 3046 3226 3117 gressibile
3255 3047 3404 3116 bipes
3421 3046 3663 3101 definitio
3692 3055 3772 3101 est

2193 3138 2451 3206 hominis,
2478 3154 2546 3193 an
2572 3154 2713 3203 non,
2747 3138 3021 3208 problema
3055 3137 3132 3191 fit.
3159 3137 3415 3194 Similiter
3444 3148 3623 3192 autem
3647 3145 3704 3191 et
3723 3136 3771 3191 in

2189 3231 2327 3287 aliis.
2356 3231 2533 3299 Quare
2574 3231 2770 3286 merito
2809 3230 3037 3299 aequalia
3077 3243 3305 3284 numero
3347 3229 3677 3298 probtemata
3723 3236 3773 3281 et

2191 3326 2589 3396 propositiones
2631 3335 2779 3391 sunt,
2830 3339 2953 3379 nant
2984 3323 3051 3379 ab
3076 3325 3225 3379 omni
3257 3323 3625 3395 propositione
3650 3334 3772 3391 pro-

2189 3419 2365 3475 blema
2385 3420 2609 3485 efficies,
2643 3426 2854 3474 mutans
2882 3416 3123 3471 modum.

2802 3531 3030 3590 CAPUT
3067 3532 3153 3586 IV.

2363 3627 2439 3683 De
2473 3630 2710 3692 termino,
2745 3627 2975 3696 proprio,
3015 3642 3217 3699 genere,
3248 3635 3295 3680 et
3330 3626 3610 3681 accidente.

2264 3742 2559 3803 Dicendum
2591 3752 2770 3797 autem
2807 3742 2933 3812 quid
2967 3742 3248 3807 terminus,
3295 3740 3424 3811 quid
3476 3744 3771 3811 proprium,

2186 3834 2313 3902 quid
2345 3850 2535 3905 genus,
2570 3834 2695 3904 quid
2725 3833 2996 3889 accidens.
3033 3834 3130 3889 Est
3153 3842 3332 3889 autem
3365 3835 3628 3889 terminus
3650 3836 3771 3905 qui-

2185 3927 2308 3981 dem
2365 3928 2539 3981 oratio
2582 3927 2709 3997 quid
2755 3936 2871 3982 erat
2921 3942 3040 3984 esse
3087 3928 3414 4000 signiﬁcans.
3461 3931 3773 4001 Assignatur

2187 4028 2363 4073 autem
2389 4029 2480 4073 aut
2506 4021 2678 4073 oratio
2701 4034 2797 4088 pro
2821 4022 3060 4087 nomine,
3087 4021 3362 4077 autoratio
3387 4036 3484 4090 pro
3507 4024 3773 4087 oratione;

2195 4110 2449 4179 possibile
2479 4121 2561 4167 est
2589 4113 2730 4167 enim
2764 4122 2817 4167 et
2841 4127 3027 4167 eorum
3055 4130 3174 4184 qua:
3201 4114 3303 4169 sub
3332 4116 3543 4172 ratione
3571 4118 3775 4185 signiﬁ-

2190 4212 2382 4258 cantur
2424 4204 2669 4273 quazdam
2710 4203 2945 4259 definiri.
2980 4206 3297 4275 Quicunque
3326 4216 3505 4262 autem
3536 4208 3773 4279 quolibet

2190 4300 2350 4356 modo
2400 4301 2618 4357 nomine
2669 4302 3089 4371 assignationem
3140 4303 3378 4366 faciunt,
3432 4305 3774 4360 manifestum

2188 4394 2442 4461 quoniam
2484 4409 2590 4447 non
2621 4394 2899 4463 assignant
2928 4394 2960 4448 ii
2994 4396 3070 4450 rei
3109 4393 3475 4450 definitionem
3496 4438 3511 4463 ,
3543 4411 3611 4451 eo
3631 4397 3774 4468 quod

2188 4485 2363 4539 omnis
2394 4484 2636 4539 definitio
2681 4487 2853 4541 oratio
2882 4486 3125 4556 quaedam
3170 4496 3274 4552 est,
3306 4490 3774 4545 accommodatum

507 4577 676 4646 prima
696 4590 881 4631 eorum
914 4591 1032 4646 qua:
1058 4576 1112 4631 in
1142 4592 1455 4647 unaquaque
1476 4577 1762 4648 disciplina
1786 4591 1911 4635 sunt
1939 4580 2088 4650 prin-
2115 4563 2170 4623 Ῑ)
2196 4588 2369 4631 tamen
2398 4578 2649 4644 termiDO,
2685 4586 2737 4631 et
2762 4576 3061 4646 huiusmodi
3088 4579 3390 4647 ponendum
3421 4590 3524 4649 est,
3550 4590 3609 4635 ut
3634 4581 3776 4652 quod

505 4669 664 4738 cipia.
688 4667 820 4724 Nam
848 4685 916 4725 ex
936 4671 1166 4741 propriis
1206 4672 1497 4727 secundum
1545 4673 1875 4743 propositam
1928 4676 2088 4733 disci-

507 4764 705 4833 plinam
740 4764 1017 4835 princ’piis
1056 4765 1386 4834 impossibile
1419 4776 1504 4822 est
1542 4766 1723 4823 dicere
1767 4768 1965 4837 aliquid
2020 4770 2090 4827 de

504 4854 655 4924 ipsis,
684 4870 751 4909 eo
779 4854 921 4923 quod
951 4854 1120 4925 prima
1150 4856 1409 4925 principia
1444 4869 1576 4913 sunt
1607 4860 1872 4927 omnium,
1900 4876 1995 4930 per
2025 4878 2089 4919 ea

506 4962 633 5004 vero
659 4948 802 5020 (qua:
826 4957 948 5002 sunt
976 4946 1119 5003 circa
1146 4947 1379 5018 singula)
1411 4950 1711 5019 probabilia
1747 4968 1972 5011 necesse
2005 4965 2091 5012 est

436 5052 448 5095 λ.
505 5037 573 5094 de
603 5039 710 5094 illis
750 5040 1062 5107 transigere.
1119 5037 1176 5094 ld
1220 5048 1396 5095 autem
1426 5043 1702 5112 proprium
1726 5085 1745 5113 ,
1785 5046 2086 5105 maximeve

506 5130 773 5200 peculiare
798 5129 1088 5186 dialecticae
1110 5140 1215 5198 est,
1250 5147 1373 5191 nam
1402 5149 1525 5189 cum
1559 5137 1630 5192 sit
1657 5138 1990 5211 inquisitiva,
2013 5142 2080 5197 ad

502 5210 739 5280 omnium
765 5224 1138 5280 methodorum
1163 5226 1416 5297 principia
1447 5230 1586 5285 viam
1634 5232 1814 5288 habet.
1845 5210 2083 5290 Habebi-

502 5329 621 5371 mus
646 5324 824 5372 autem
855 5314 1089 5383 perfecte
1123 5315 1456 5387 methodum,
1489 5320 1705 5390 quando
1729 5324 1952 5393 perinde
1984 5326 2082 5380 ha-

496 5407 747 5465 bebimus
771 5421 835 5462 ac
860 5407 912 5462 in
939 5406 1233 5475 rhetorica,
1265 5418 1319 5465 et
1360 5410 1642 5479 medicina,
1683 5423 1739 5469 et
1770 5416 2077 5485 hujusmodi

495 5498 859 5564 facultatibus,
892 5496 992 5554 hoc
1015 5507 1191 5556 autem
1221 5501 1377 5557 exiis
1401 5518 1523 5571 quae
1560 5505 1879 5575 contingunt
1898 5506 2076 5563 facere

501 5608 621 5662 quze
672 5592 939 5663 eligimus.
994 5592 1125 5649 Nam
1173 5610 1347 5665 neque
1389 5597 1575 5651 rhetor
1622 5598 1770 5652 omni
1813 5614 1880 5655 ex
1916 5601 2078 5657 modo

503 5686 867 5755 persuadebit,
910 5701 1082 5756 neque
1117 5688 1356 5746 medicus
1406 5690 1646 5756 sanabit;
1691 5691 1785 5746 sed
1831 5691 1877 5746 si
1916 5708 1982 5747 ex
2010 5693 2076 5749 iis

502 5792 625 5847 qua
652 5780 966 5848 contingunt
1002 5779 1129 5833 nihil
1160 5782 1418 5847 omiserit,
1460 5780 1792 5841 snfficienter
1833 5800 1955 5844 eum
1986 5787 2076 5846 di-

503 5870 783 5942 sciplinam
808 5868 999 5929 habere
1026 5868 1342 5929 dixerimus.

2188 4667 2471 4723 honestum
2499 4676 2601 4735 est,
2626 4668 2843 4724 decens.
2871 4669 3127 4727 Similiter
3146 4681 3323 4726 autem
3346 4680 3401 4728 et
3430 4681 3609 4727 utrum
3632 4673 3771 4729 idem

2186 4776 2399 4826 sensus,
2428 4769 2483 4816 et
2505 4760 2810 4831 disciplina,
2836 4761 2919 4817 vel
2946 4762 3249 4829 diversum;
3275 4766 3476 4821 etenim
3499 4766 3644 4822 circa
3673 4764 3775 4821 dif-

2190 4857 2483 4922 finitiones,
2507 4865 2687 4910 utrum
2719 4855 2883 4923 idem,
2909 4856 2993 4912 vel
3015 4856 3306 4925 diversum,
3333 4858 3567 4928 plurima
3595 4863 3651 4915 fit
3669 4861 3772 4915 itu-

2191 4949 2446 5003 moratio.
2487 4948 2810 5020 Simpliciter
2848 4959 3024 5005 autem
3080 4952 3489 5009 accommodato
3543 4954 3773 5009 termino

2193 5040 2373 5096 omnia
2400 5039 2647 5096 dicantur
2675 5056 2794 5111 quae
2843 5043 2941 5098 sub
2967 5043 3154 5099 eadem
3189 5044 3469 5117 disciplina
3491 5061 3613 5103 cum
3639 5047 3787 5102 defici

2191 5132 2865 5209 nitionibuscontinentur.
2891 5135 3042 5200 Quod
3070 5145 3249 5192 autem
3275 5138 3457 5194 omnia
3484 5153 3607 5209 qua:
3632 5151 3770 5193 nunc

2188 5230 2329 5286 dicta
2356 5241 2481 5287 sunt
2510 5231 2815 5302 hujusmodi
2844 5241 2987 5301 sunt,
3021 5234 3365 5290 manifestum
3402 5249 3473 5291 ex
3505 5235 3612 5292 his.
3660 5235 3764 5291 Po-

2188 5331 2365 5381 tentes
2391 5324 2536 5382 enim
2568 5326 2709 5396 quod
2736 5324 2877 5382 idem
2908 5336 2963 5381 et
3002 5327 3143 5397 quod
3166 5327 3439 5384 diversum
3465 5327 3757 5399 disputare,

2186 5417 2376 5473 eodem
2426 5418 2588 5474 modo
2621 5428 2678 5473 et
2723 5418 2793 5474 ad
2820 5418 3159 5476 definitiones
3212 5420 3575 5490 argumentari
3610 5418 3761 5477 facile

2180 5512 2508 5581 poterimus;
2541 5528 2664 5568 nam
2684 5513 3034 5570 ostendentes
3054 5512 3195 5584 quod
3224 5527 3329 5569 non
3354 5511 3508 5569 idem
3535 5522 3644 5578 eet,
3675 5512 3756 5566 in-

2184 5605 2496 5660 terimentes
2521 5607 2726 5663 erimus
2746 5606 3110 5663 definitionem
3146 5624 3158 5659 :
3190 5620 3301 5661 non
3327 5613 3509 5661 tamen
3531 5617 3757 5660 conver-

2182 5698 2310 5753 titur
2348 5698 2491 5769 quod
2523 5715 2663 5775 nunc
2688 5701 2891 5756 dictum
2923 5708 3028 5768 est,
3053 5715 3159 5755 non
3187 5700 3333 5759 enim
3371 5699 3646 5757 sufﬁciens
3675 5706 3755 5753 est
3780 5734 3785 5739 -

2184 5789 2248 5844 ad
2282 5792 2627 5848 astruendum
2671 5792 3034 5849 definitionem
3080 5792 3370 5850 ostendere
3420 5793 3563 5850 idem
3614 5805 3750 5851 esse.

2183 5886 2416 5941 attamen
2464 5882 2533 5941 ad
2581 5882 2963 5942 destruendum
3022 5882 3292 5945 sufficiens
3339 5891 3426 5945 est
3467 5883 3752 5945 ostendero
