  <div class='ocr_page' id='page_1' title='image "/cluster/home/n/w/nwhite01/storage/ocr_20150623/64/hvd.32044024222309/464.png"; bbox 0 0 4064 6336; ppageno 0'>
   <div class='ocr_carea' id='block_1_1' title="bbox 300 408 403 465">
    <p class='ocr_par' dir='ltr' id='par_1_1' title="bbox 300 408 403 465">
     <span class='ocr_line' id='line_1_1' title="bbox 300 408 403 465; baseline -0.029 0"><span class='ocrx_word' id='word_1_1' title='bbox 300 408 403 465; x_wconf 76' lang='grc'><strong>915</strong></span> 
     </span>
    </p>
   </div>
   <div class='ocr_carea' id='block_1_2' title="bbox 1202 379 2690 450">
    <p class='ocr_par' dir='ltr' id='par_1_2' title="bbox 1202 379 2690 450">
     <span class='ocr_line' id='line_1_2' title="bbox 1202 379 2690 450; baseline -0.008 -1"><span class='ocrx_word' id='word_1_2' title='bbox 1202 386 1590 450; x_wconf 78' lang='lat' dir='ltr'><strong>TUPICURUM</strong></span> <span class='ocrx_word' id='word_1_3' title='bbox 1635 380 2086 441; x_wconf 72' lang='lat' dir='ltr'><strong>ARISTOTELIS</strong></span> <span class='ocrx_word' id='word_1_4' title='bbox 2126 379 2690 438; x_wconf 70' lang='lat' dir='ltr'><strong>INTERPRETATIO.</strong></span> 
     </span>
    </p>
   </div>
   <div class='ocr_carea' id='block_1_3' title="bbox 2891 318 2931 332">
    <p class='ocr_par' dir='ltr' id='par_1_3' title="bbox 2891 318 2931 332">
     <span class='ocr_line' id='line_1_3' title="bbox 2891 318 2931 332; baseline -0.05 0"><span class='ocrx_word' id='word_1_5' title='bbox 2891 318 2931 332; x_wconf 63' lang='grc' dir='ltr'><strong>..αι</strong></span> 
     </span>
    </p>
   </div>
   <div class='ocr_carea' id='block_1_4' title="bbox 3473 377 3578 432">
    <p class='ocr_par' dir='ltr' id='par_1_4' title="bbox 3473 377 3578 432">
     <span class='ocr_line' id='line_1_4' title="bbox 3473 377 3578 432; baseline -0.038 0"><span class='ocrx_word' id='word_1_6' title='bbox 3473 377 3578 432; x_wconf 71' lang='lat' dir='ltr'><strong>9U</strong></span> 
     </span>
    </p>
   </div>
   <div class='ocr_carea' id='block_1_5' title="bbox 300 494 3582 599">
    <p class='ocr_par' dir='ltr' id='par_1_5' title="bbox 300 494 3582 599">
     <span class='ocr_line' id='line_1_5' title="bbox 300 494 3582 599; baseline -0.01 -18"><span class='ocrx_word' id='word_1_7' title='bbox 300 525 447 599; x_wconf 88' lang='lat' dir='ltr'><strong>quod</strong></span> <span class='ocrx_word' id='word_1_8' title='bbox 479 536 586 578; x_wconf 90' lang='lat' dir='ltr'><strong>non</strong></span> <span class='ocrx_word' id='word_1_9' title='bbox 616 518 758 577; x_wconf 86' lang='lat' dir='ltr'><strong>idem</strong></span> <span class='ocrx_word' id='word_1_10' title='bbox 810 525 914 573; x_wconf 89' lang='lat' dir='ltr'><strong>est.</strong></span> <span class='ocrx_word' id='word_1_11' title='bbox 967 513 1247 584; x_wconf 60' lang='lat' dir='ltr'><strong>Proiirium</strong></span> <span class='ocrx_word' id='word_1_12' title='bbox 1276 520 1450 565; x_wconf 86' lang='lat' dir='ltr'><strong>autem</strong></span> <span class='ocrx_word' id='word_1_13' title='bbox 1479 517 1564 561; x_wconf 88' lang='lat' dir='ltr'><strong>est</strong></span> <span class='ocrx_word' id='word_1_14' title='bbox 1594 501 1733 575; x_wconf 85' lang='lat' dir='ltr'><strong>quod</strong></span> <span class='ocrx_word' id='word_1_15' title='bbox 1781 512 1887 554; x_wconf 82' lang='lat' dir='ltr'><strong>non</strong></span> <span class='ocrx_word' id='word_1_16' title='bbox 1924 496 1976 556; x_wconf 81' lang='grc' dir='ltr'><strong>Α</strong></span> <span class='ocrx_word' id='word_1_17' title='bbox 2000 508 2051 554; x_wconf 85' lang='lat' dir='ltr'><strong>et</strong></span> <span class='ocrx_word' id='word_1_18' title='bbox 2078 513 2277 567; x_wconf 85' lang='lat' dir='ltr'><strong>genus,</strong></span> <span class='ocrx_word' id='word_1_19' title='bbox 2303 509 2356 554; x_wconf 92' lang='lat' dir='ltr'><strong>et</strong></span> <span class='ocrx_word' id='word_1_20' title='bbox 2382 498 2632 554; x_wconf 88' lang='lat' dir='ltr'><strong>accidens</strong></span> <span class='ocrx_word' id='word_1_21' title='bbox 2660 497 2838 553; x_wconf 83' lang='lat' dir='ltr'><strong>omnia</strong></span> <span class='ocrx_word' id='word_1_22' title='bbox 2869 497 3139 561; x_wconf 83' lang='lat' dir='ltr'><strong>dicuntur,</strong></span> <span class='ocrx_word' id='word_1_23' title='bbox 3193 502 3246 550; x_wconf 93' lang='lat' dir='ltr'><strong>et</strong></span> <span class='ocrx_word' id='word_1_24' title='bbox 3293 494 3360 551; x_wconf 89' lang='lat' dir='ltr'><strong>ad</strong></span> <span class='ocrx_word' id='word_1_25' title='bbox 3386 494 3582 551; x_wconf 54' lang='lat' dir='ltr'><strong>deflui.</strong></span> 
     </span>
    </p>
   </div>
   <div class='ocr_carea' id='block_1_6' title="bbox 302 593 1888 685">
    <p class='ocr_par' dir='ltr' id='par_1_6' title="bbox 302 593 1888 685">
     <span class='ocr_line' id='line_1_6' title="bbox 302 593 1888 685; baseline -0.019 -10"><span class='ocrx_word' id='word_1_26' title='bbox 302 616 506 675; x_wconf 78' lang='lat' dir='ltr'><strong>indicat</strong></span> <span class='ocrx_word' id='word_1_27' title='bbox 526 612 653 685; x_wconf 89' lang='lat' dir='ltr'><strong>quid</strong></span> <span class='ocrx_word' id='word_1_28' title='bbox 678 620 761 668; x_wconf 90' lang='lat' dir='ltr'><strong>est</strong></span> <span class='ocrx_word' id='word_1_29' title='bbox 802 625 946 675; x_wconf 89' lang='lat' dir='ltr'><strong>esse,</strong></span> <span class='ocrx_word' id='word_1_30' title='bbox 971 609 1070 664; x_wconf 89' lang='lat' dir='ltr'><strong>soli</strong></span> <span class='ocrx_word' id='word_1_31' title='bbox 1104 616 1278 660; x_wconf 81' lang='lat' dir='ltr'><strong>autem</strong></span> <span class='ocrx_word' id='word_1_32' title='bbox 1320 604 1479 665; x_wconf 90' lang='lat' dir='ltr'><strong>inest,</strong></span> <span class='ocrx_word' id='word_1_33' title='bbox 1508 609 1559 653; x_wconf 87' lang='lat' dir='ltr'><strong>et</strong></span> <span class='ocrx_word' id='word_1_34' title='bbox 1588 593 1888 651; x_wconf 80' lang='lat' dir='ltr'><strong>conversim</strong></span> 
     </span>
    </p>
   </div>
   <div class='ocr_carea' id='block_1_7' title="bbox 302 684 1891 783">
    <p class='ocr_par' dir='ltr' id='par_1_7' title="bbox 302 684 1891 783">
     <span class='ocr_line' id='line_1_7' title="bbox 302 684 1891 783; baseline -0.017 -19"><span class='ocrx_word' id='word_1_35' title='bbox 302 706 627 783; x_wconf 66' lang='lat' dir='ltr'><strong>praedicatur</strong></span> <span class='ocrx_word' id='word_1_36' title='bbox 672 705 740 761; x_wconf 92' lang='lat' dir='ltr'><strong>de</strong></span> <span class='ocrx_word' id='word_1_37' title='bbox 768 719 830 760; x_wconf 90' lang='lat' dir='ltr'><strong>re</strong></span> <span class='ocrx_word' id='word_1_38' title='bbox 863 711 922 757; x_wconf 90' lang='lat' dir='ltr'><strong>ut</strong></span> <span class='ocrx_word' id='word_1_39' title='bbox 952 700 1225 772; x_wconf 88' lang='lat' dir='ltr'><strong>proprium</strong></span> <span class='ocrx_word' id='word_1_40' title='bbox 1252 702 1335 751; x_wconf 91' lang='lat' dir='ltr'><strong>est</strong></span> <span class='ocrx_word' id='word_1_41' title='bbox 1364 691 1597 748; x_wconf 83' lang='lat' dir='ltr'><strong>hominis</strong></span> <span class='ocrx_word' id='word_1_42' title='bbox 1627 684 1891 757; x_wconf 62' lang='lat' dir='ltr'><strong>grammal</strong></span> 
     </span>
    </p>
   </div>
   <div class='ocr_carea' id='block_1_8' title="bbox 305 790 1891 870">
    <p class='ocr_par' dir='ltr' id='par_1_8' title="bbox 305 790 1891 870">
     <span class='ocr_line' id='line_1_8' title="bbox 305 790 1891 870; baseline -0.018 -9"><span class='ocrx_word' id='word_1_43' title='bbox 305 805 440 862; x_wconf 87' lang='lat' dir='ltr'><strong>tices</strong></span> <span class='ocrx_word' id='word_1_44' title='bbox 468 816 591 859; x_wconf 89' lang='lat' dir='ltr'><strong>esse</strong></span> <span class='ocrx_word' id='word_1_45' title='bbox 617 799 1006 870; x_wconf 91' lang='lat' dir='ltr'><strong>susceptivum.</strong></span> <span class='ocrx_word' id='word_1_46' title='bbox 1050 793 1183 850; x_wconf 81' lang='lat' dir='ltr'><strong>Nam</strong></span> <span class='ocrx_word' id='word_1_47' title='bbox 1226 791 1269 847; x_wconf 92' lang='lat' dir='ltr'><strong>si</strong></span> <span class='ocrx_word' id='word_1_48' title='bbox 1300 790 1459 844; x_wconf 90' lang='lat' dir='ltr'><strong>homo</strong></span> <span class='ocrx_word' id='word_1_49' title='bbox 1493 794 1592 850; x_wconf 85' lang='lat' dir='ltr'><strong>est,</strong></span> <span class='ocrx_word' id='word_1_50' title='bbox 1626 793 1681 838; x_wconf 89' lang='lat' dir='ltr'><strong>et</strong></span> <span class='ocrx_word' id='word_1_51' title='bbox 1715 794 1891 851; x_wconf 85' lang='lat' dir='ltr'><strong>gram-</strong></span> 
     </span>
    </p>
   </div>
   <div class='ocr_carea' id='block_1_9' title="bbox 303 873 1893 965">
    <p class='ocr_par' dir='ltr' id='par_1_9' title="bbox 303 873 1893 965">
     <span class='ocr_line' id='line_1_9' title="bbox 303 873 1893 965; baseline -0.021 -7"><span class='ocrx_word' id='word_1_52' title='bbox 303 899 530 957; x_wconf 83' lang='lat' dir='ltr'><strong>matices</strong></span> <span class='ocrx_word' id='word_1_53' title='bbox 558 890 927 965; x_wconf 89' lang='lat' dir='ltr'><strong>susceptibilis</strong></span> <span class='ocrx_word' id='word_1_54' title='bbox 958 899 1063 963; x_wconf 73' lang='lat' dir='ltr'><strong>est,</strong></span> <span class='ocrx_word' id='word_1_55' title='bbox 1085 896 1139 943; x_wconf 91' lang='lat' dir='ltr'><strong>et</strong></span> <span class='ocrx_word' id='word_1_56' title='bbox 1165 886 1208 939; x_wconf 87' lang='lat' dir='ltr'><strong>si</strong></span> <span class='ocrx_word' id='word_1_57' title='bbox 1230 881 1611 955; x_wconf 84' lang='lat' dir='ltr'><strong>grammatices</strong></span> <span class='ocrx_word' id='word_1_58' title='bbox 1631 873 1893 941; x_wconf 88' lang='lat' dir='ltr'><strong>suscepti-</strong></span> 
     </span>
    </p>
   </div>
   <div class='ocr_carea' id='block_1_10' title="bbox 306 963 1893 1056">
    <p class='ocr_par' dir='ltr' id='par_1_10' title="bbox 306 963 1893 1056">
     <span class='ocr_line' id='line_1_10' title="bbox 306 963 1893 1056; baseline -0.02 -9"><span class='ocrx_word' id='word_1_59' title='bbox 306 976 433 1047; x_wconf 80' lang='lat' dir='ltr'><strong>vutn</strong></span> <span class='ocrx_word' id='word_1_60' title='bbox 477 997 583 1056; x_wconf 89' lang='lat' dir='ltr'><strong>est,</strong></span> <span class='ocrx_word' id='word_1_61' title='bbox 615 995 670 1042; x_wconf 92' lang='lat' dir='ltr'><strong>et</strong></span> <span class='ocrx_word' id='word_1_62' title='bbox 697 963 862 1040; x_wconf 86' lang='lat' dir='ltr'><strong>homo</strong></span> <span class='ocrx_word' id='word_1_63' title='bbox 900 990 1004 1037; x_wconf 90' lang='lat' dir='ltr'><strong>est.</strong></span> <span class='ocrx_word' id='word_1_64' title='bbox 1050 979 1219 1035; x_wconf 87' lang='lat' dir='ltr'><strong>Nemo</strong></span> <span class='ocrx_word' id='word_1_65' title='bbox 1256 975 1397 1032; x_wconf 85' lang='lat' dir='ltr'><strong>enim</strong></span> <span class='ocrx_word' id='word_1_66' title='bbox 1442 968 1711 1041; x_wconf 86' lang='lat' dir='ltr'><strong>proprium</strong></span> <span class='ocrx_word' id='word_1_67' title='bbox 1763 963 1893 1018; x_wconf 89' lang='lat' dir='ltr'><strong>dicit</strong></span> 
     </span>
    </p>
   </div>
   <div class='ocr_carea' id='block_1_11' title="bbox 305 1060 1892 1155">
    <p class='ocr_par' dir='ltr' id='par_1_11' title="bbox 305 1060 1892 1155">
     <span class='ocr_line' id='line_1_11' title="bbox 305 1060 1892 1155; baseline -0.02 -16"><span class='ocrx_word' id='word_1_68' title='bbox 305 1081 449 1155; x_wconf 86' lang='lat' dir='ltr'><strong>quod</strong></span> <span class='ocrx_word' id='word_1_69' title='bbox 497 1077 760 1148; x_wconf 84' lang='lat' dir='ltr'><strong>contingit</strong></span> <span class='ocrx_word' id='word_1_70' title='bbox 804 1074 1141 1136; x_wconf 58' lang='lat' dir='ltr'><strong>alii‘inesse,</strong></span> <span class='ocrx_word' id='word_1_71' title='bbox 1173 1078 1234 1124; x_wconf 89' lang='lat' dir='ltr'><strong>ut</strong></span> <span class='ocrx_word' id='word_1_72' title='bbox 1277 1065 1477 1122; x_wconf 86' lang='lat' dir='ltr'><strong>homini</strong></span> <span class='ocrx_word' id='word_1_73' title='bbox 1525 1060 1797 1121; x_wconf 78' lang='lat' dir='ltr'><strong>dormire,</strong></span> <span class='ocrx_word' id='word_1_74' title='bbox 1826 1069 1892 1110; x_wconf 90' lang='lat' dir='ltr'><strong>ne</strong></span> 
     </span>
    </p>
   </div>
   <div class='ocr_carea' id='block_1_12' title="bbox 298 1149 1888 1248">
    <p class='ocr_par' dir='ltr' id='par_1_12' title="bbox 298 1149 1888 1248">
     <span class='ocr_line' id='line_1_12' title="bbox 298 1149 1888 1248; baseline -0.02 -13"><span class='ocrx_word' id='word_1_75' title='bbox 298 1149 521 1248; x_wconf 24' lang='lat' dir='ltr'><strong>(quidem</strong></span> <span class='ocrx_word' id='word_1_76' title='bbox 560 1174 611 1237; x_wconf 87' lang='lat' dir='ltr'><strong>si</strong></span> <span class='ocrx_word' id='word_1_77' title='bbox 636 1170 858 1228; x_wconf 78' lang='lat' dir='ltr'><strong>forsitan</strong></span> <span class='ocrx_word' id='word_1_78' title='bbox 893 1184 989 1238; x_wconf 88' lang='lat' dir='ltr'><strong>per</strong></span> <span class='ocrx_word' id='word_1_79' title='bbox 1016 1163 1231 1236; x_wconf 83' lang='lat' dir='ltr'><strong>aliquod</strong></span> <span class='ocrx_word' id='word_1_80' title='bbox 1256 1171 1467 1232; x_wconf 86' lang='lat' dir='ltr'><strong>tempus</strong></span> <span class='ocrx_word' id='word_1_81' title='bbox 1497 1158 1636 1211; x_wconf 90' lang='lat' dir='ltr'><strong>inest</strong></span> <span class='ocrx_word' id='word_1_82' title='bbox 1670 1150 1797 1207; x_wconf 63' lang='lat' dir='ltr'><strong>scli.~</strong></span> <span class='ocrx_word' id='word_1_83' title='bbox 1834 1149 1888 1204; x_wconf 97' lang='lat' dir='ltr'><strong>Si</strong></span> 
     </span>
    </p>
   </div>
   <div class='ocr_carea' id='block_1_13' title="bbox 305 1250 1891 1330">
    <p class='ocr_par' dir='ltr' id='par_1_13' title="bbox 305 1250 1891 1330">
     <span class='ocr_line' id='line_1_13' title="bbox 305 1250 1891 1330; baseline -0.018 -4"><span class='ocrx_word' id='word_1_84' title='bbox 305 1279 485 1326; x_wconf 87' lang='lat' dir='ltr'><strong>autem</strong></span> <span class='ocrx_word' id='word_1_85' title='bbox 542 1266 680 1321; x_wconf 89' lang='lat' dir='ltr'><strong>forte</strong></span> <span class='ocrx_word' id='word_1_86' title='bbox 725 1264 937 1319; x_wconf 83' lang='lat' dir='ltr'><strong>dicatur</strong></span> <span class='ocrx_word' id='word_1_87' title='bbox 983 1260 1185 1330; x_wconf 88' lang='lat' dir='ltr'><strong>aliquid</strong></span> <span class='ocrx_word' id='word_1_88' title='bbox 1219 1255 1401 1310; x_wconf 85' lang='lat' dir='ltr'><strong>talium</strong></span> <span class='ocrx_word' id='word_1_89' title='bbox 1452 1250 1753 1322; x_wconf 91' lang='lat' dir='ltr'><strong>proprium,</strong></span> <span class='ocrx_word' id='word_1_90' title='bbox 1787 1259 1891 1298; x_wconf 91' lang='lat' dir='ltr'><strong>non</strong></span> 
     </span>
    </p>
   </div>
   <div class='ocr_carea' id='block_1_14' title="bbox 306 1346 1891 1431">
    <p class='ocr_par' dir='ltr' id='par_1_14' title="bbox 306 1346 1891 1431">
     <span class='ocr_line' id='line_1_14' title="bbox 306 1346 1891 1431; baseline -0.018 -11"><span class='ocrx_word' id='word_1_91' title='bbox 306 1360 649 1431; x_wconf 71' lang='lat' dir='ltr'><strong>simpliciter,</strong></span> <span class='ocrx_word' id='word_1_92' title='bbox 675 1356 983 1427; x_wconf 85' lang='lat' dir='ltr'><strong>aliquando,</strong></span> <span class='ocrx_word' id='word_1_93' title='bbox 1019 1352 1104 1407; x_wconf 91' lang='lat' dir='ltr'><strong>vel</strong></span> <span class='ocrx_word' id='word_1_94' title='bbox 1153 1350 1220 1405; x_wconf 91' lang='lat' dir='ltr'><strong>ad</strong></span> <span class='ocrx_word' id='word_1_95' title='bbox 1251 1347 1445 1417; x_wconf 85' lang='lat' dir='ltr'><strong>aliquid</strong></span> <span class='ocrx_word' id='word_1_96' title='bbox 1491 1346 1725 1405; x_wconf 87' lang='lat' dir='ltr'><strong>dicetur,</strong></span> <span class='ocrx_word' id='word_1_97' title='bbox 1768 1352 1891 1393; x_wconf 87' lang='lat' dir='ltr'><strong>nam</strong></span> 
     </span>
    </p>
   </div>
   <div class='ocr_carea' id='block_1_15' title="bbox 304 1437 1889 1523">
    <p class='ocr_par' dir='ltr' id='par_1_15' title="bbox 304 1437 1889 1523">
     <span class='ocr_line' id='line_1_15' title="bbox 304 1437 1889 1523; baseline -0.017 -9"><span class='ocrx_word' id='word_1_98' title='bbox 304 1472 376 1515; x_wconf 82' lang='lat' dir='ltr'><strong>ex</strong></span> <span class='ocrx_word' id='word_1_99' title='bbox 414 1453 618 1512; x_wconf 81' lang='lat' dir='ltr'><strong>dextris</strong></span> <span class='ocrx_word' id='word_1_100' title='bbox 648 1451 864 1523; x_wconf 86' lang='lat' dir='ltr'><strong>quidem</strong></span> <span class='ocrx_word' id='word_1_101' title='bbox 917 1462 1059 1514; x_wconf 91' lang='lat' dir='ltr'><strong>esse,</strong></span> <span class='ocrx_word' id='word_1_102' title='bbox 1114 1444 1399 1514; x_wconf 81' lang='lat' dir='ltr'><strong>aliquando</strong></span> <span class='ocrx_word' id='word_1_103' title='bbox 1460 1437 1728 1509; x_wconf 70' lang='lat' dir='ltr'><strong>prppriqu</strong></span> <span class='ocrx_word' id='word_1_104' title='bbox 1787 1444 1889 1488; x_wconf 90' lang='lat' dir='ltr'><strong>est.</strong></span> 
     </span>
    </p>
   </div>
   <div class='ocr_carea' id='block_1_16' title="bbox 312 1526 1895 1620">
    <p class='ocr_par' dir='ltr' id='par_1_16' title="bbox 312 1526 1895 1620">
     <span class='ocr_line' id='line_1_16' title="bbox 312 1526 1895 1620; baseline -0.019 -13"><span class='ocrx_word' id='word_1_105' title='bbox 312 1550 475 1620; x_wconf 85' lang='lat' dir='ltr'><strong>Bipes</strong></span> <span class='ocrx_word' id='word_1_106' title='bbox 503 1555 679 1603; x_wconf 90' lang='lat' dir='ltr'><strong>autem</strong></span> <span class='ocrx_word' id='word_1_107' title='bbox 704 1543 770 1600; x_wconf 93' lang='lat' dir='ltr'><strong>ad</strong></span> <span class='ocrx_word' id='word_1_108' title='bbox 801 1541 1001 1612; x_wconf 86' lang='lat' dir='ltr'><strong>aliquid</strong></span> <span class='ocrx_word' id='word_1_109' title='bbox 1040 1538 1314 1609; x_wconf 86' lang='lat' dir='ltr'><strong>proprium</strong></span> <span class='ocrx_word' id='word_1_110' title='bbox 1354 1544 1439 1589; x_wconf 89' lang='lat' dir='ltr'><strong>est</strong></span> <span class='ocrx_word' id='word_1_111' title='bbox 1465 1531 1687 1597; x_wconf 81' lang='lat' dir='ltr'><strong>dictum,</strong></span> <span class='ocrx_word' id='word_1_112' title='bbox 1719 1537 1775 1582; x_wconf 89' lang='lat' dir='ltr'><strong>ut</strong></span> <span class='ocrx_word' id='word_1_113' title='bbox 1797 1526 1895 1580; x_wconf 82' lang='lat' dir='ltr'><strong>hn-</strong></span> 
     </span>
    </p>
   </div>
   <div class='ocr_carea' id='block_1_17' title="bbox 254 1629 1893 1709">
    <p class='ocr_par' dir='ltr' id='par_1_17' title="bbox 254 1629 1893 1709">
     <span class='ocr_line' id='line_1_17' title="bbox 254 1629 1893 1709; baseline -0.02 -7"><span class='ocrx_word' id='word_1_114' title='bbox 254 1706 257 1709; x_wconf 95' lang='lat'><em>_</em></span> <span class='ocrx_word' id='word_1_115' title='bbox 305 1642 441 1700; x_wconf 85' lang='lat' dir='ltr'><strong>mini</strong></span> <span class='ocrx_word' id='word_1_116' title='bbox 465 1639 531 1695; x_wconf 91' lang='lat' dir='ltr'><strong>ad</strong></span> <span class='ocrx_word' id='word_1_117' title='bbox 564 1652 761 1706; x_wconf 87' lang='lat' dir='ltr'><strong>equum</strong></span> <span class='ocrx_word' id='word_1_118' title='bbox 792 1643 848 1690; x_wconf 91' lang='lat' dir='ltr'><strong>et</strong></span> <span class='ocrx_word' id='word_1_119' title='bbox 875 1647 1084 1688; x_wconf 89' lang='lat' dir='ltr'><strong>canem.</strong></span> <span class='ocrx_word' id='word_1_120' title='bbox 1146 1629 1300 1694; x_wconf 88' lang='lat' dir='ltr'><strong>Quod</strong></span> <span class='ocrx_word' id='word_1_121' title='bbox 1349 1635 1526 1681; x_wconf 89' lang='lat' dir='ltr'><strong>autem</strong></span> <span class='ocrx_word' id='word_1_122' title='bbox 1560 1636 1744 1677; x_wconf 82' lang='lat' dir='ltr'><strong>eorum</strong></span> <span class='ocrx_word' id='word_1_123' title='bbox 1774 1633 1893 1689; x_wconf 79' lang='lat' dir='ltr'><strong>qua:</strong></span> 
     </span>
    </p>
   </div>
   <div class='ocr_carea' id='block_1_18' title="bbox 304 1714 1892 1803">
    <p class='ocr_par' dir='ltr' id='par_1_18' title="bbox 304 1714 1892 1803">
     <span class='ocr_line' id='line_1_18' title="bbox 304 1714 1892 1803; baseline -0.018 -11"><span class='ocrx_word' id='word_1_124' title='bbox 304 1738 621 1803; x_wconf 90' lang='lat' dir='ltr'><strong>contingunt</strong></span> <span class='ocrx_word' id='word_1_125' title='bbox 651 1729 741 1783; x_wconf 88' lang='lat' dir='ltr'><strong>alii</strong></span> <span class='ocrx_word' id='word_1_126' title='bbox 771 1728 947 1782; x_wconf 87' lang='lat' dir='ltr'><strong>inesse</strong></span> <span class='ocrx_word' id='word_1_127' title='bbox 981 1724 1183 1779; x_wconf 91' lang='lat' dir='ltr'><strong>nullum</strong></span> <span class='ocrx_word' id='word_1_128' title='bbox 1219 1719 1517 1776; x_wconf 62' lang='lat' dir='ltr'><strong>convvrsim</strong></span> <span class='ocrx_word' id='word_1_129' title='bbox 1551 1714 1892 1785; x_wconf 64' lang='lat' dir='ltr'><strong>praedicatur,</strong></span> 
     </span>
    </p>
   </div>
   <div class='ocr_carea' id='block_1_19' title="bbox 306 1803 1891 1887">
    <p class='ocr_par' dir='ltr' id='par_1_19' title="bbox 306 1803 1891 1887">
     <span class='ocr_line' id='line_1_19' title="bbox 306 1803 1891 1887; baseline -0.018 -2"><span class='ocrx_word' id='word_1_130' title='bbox 306 1826 647 1885; x_wconf 86' lang='lat' dir='ltr'><strong>manifestum</strong></span> <span class='ocrx_word' id='word_1_131' title='bbox 677 1831 791 1887; x_wconf 88' lang='lat' dir='ltr'><strong>est;</strong></span> <span class='ocrx_word' id='word_1_132' title='bbox 830 1836 933 1875; x_wconf 90' lang='lat' dir='ltr'><strong>non</strong></span> <span class='ocrx_word' id='word_1_133' title='bbox 977 1818 1119 1875; x_wconf 90' lang='lat' dir='ltr'><strong>enim</strong></span> <span class='ocrx_word' id='word_1_134' title='bbox 1155 1812 1519 1870; x_wconf 89' lang='lat' dir='ltr'><strong>necessarium</strong></span> <span class='ocrx_word' id='word_1_135' title='bbox 1544 1818 1627 1865; x_wconf 90' lang='lat' dir='ltr'><strong>est</strong></span> <span class='ocrx_word' id='word_1_136' title='bbox 1670 1807 1713 1860; x_wconf 90' lang='lat' dir='ltr'><strong>si</strong></span> <span class='ocrx_word' id='word_1_137' title='bbox 1766 1803 1891 1875; x_wconf 87' lang='lat' dir='ltr'><strong>quid</strong></span> 
     </span>
    </p>
   </div>
   <div class='ocr_carea' id='block_1_20' title="bbox 1997 586 3577 662">
    <p class='ocr_par' dir='ltr' id='par_1_20' title="bbox 1997 586 3577 662">
     <span class='ocr_line' id='line_1_20' title="bbox 1997 586 3577 662; baseline 0.001 -18"><span class='ocrx_word' id='word_1_138' title='bbox 1997 592 2181 647; x_wconf 62' lang='lat' dir='ltr'><strong>tiones,</strong></span> <span class='ocrx_word' id='word_1_139' title='bbox 2224 590 2508 645; x_wconf 81' lang='lat' dir='ltr'><strong>conveniet</strong></span> <span class='ocrx_word' id='word_1_140' title='bbox 2557 590 2684 647; x_wconf 89' lang='lat' dir='ltr'><strong>dici.</strong></span> <span class='ocrx_word' id='word_1_141' title='bbox 2734 586 3088 645; x_wconf 87' lang='lat' dir='ltr'><strong>Ostendentes</strong></span> <span class='ocrx_word' id='word_1_142' title='bbox 3135 591 3277 645; x_wconf 91' lang='lat' dir='ltr'><strong>enim</strong></span> <span class='ocrx_word' id='word_1_143' title='bbox 3325 591 3577 662; x_wconf 86' lang='lat' dir='ltr'><strong>quoniam</strong></span> 
     </span>
    </p>
   </div>
   <div class='ocr_carea' id='block_1_21' title="bbox 1997 678 3577 754">
    <p class='ocr_par' dir='ltr' id='par_1_21' title="bbox 1997 678 3577 754">
     <span class='ocr_line' id='line_1_21' title="bbox 1997 678 3577 754; baseline -0.001 -15"><span class='ocrx_word' id='word_1_144' title='bbox 1997 701 2102 740; x_wconf 90' lang='lat' dir='ltr'><strong>non</strong></span> <span class='ocrx_word' id='word_1_145' title='bbox 2135 685 2185 739; x_wconf 91' lang='lat' dir='ltr'><strong>ei</strong></span> <span class='ocrx_word' id='word_1_146' title='bbox 2211 682 2312 738; x_wconf 87' lang='lat' dir='ltr'><strong>soli</strong></span> <span class='ocrx_word' id='word_1_147' title='bbox 2346 684 2509 739; x_wconf 12' lang='lat' dir='ltr'><strong>inest,</strong></span> <span class='ocrx_word' id='word_1_148' title='bbox 2544 678 3577 754; x_wconf 48' lang='lat' dir='ltr'><strong>quodestsub&quot;deﬁnitione&#39;(quemad-</strong></span> 
     </span>
    </p>
   </div>
   <div class='ocr_carea' id='block_1_22' title="bbox 1993 779 3576 850">
    <p class='ocr_par' dir='ltr' id='par_1_22' title="bbox 1993 779 3576 850">
     <span class='ocr_line' id='line_1_22' title="bbox 1993 779 3576 850; baseline -0.003 -14"><span class='ocrx_word' id='word_1_149' title='bbox 1993 780 2212 836; x_wconf 88' lang='lat' dir='ltr'><strong>modum</strong></span> <span class='ocrx_word' id='word_1_150' title='bbox 2244 788 2299 834; x_wconf 92' lang='lat' dir='ltr'><strong>et</strong></span> <span class='ocrx_word' id='word_1_151' title='bbox 2332 780 2388 832; x_wconf 90' lang='lat' dir='ltr'><strong>in</strong></span> <span class='ocrx_word' id='word_1_152' title='bbox 2415 779 2675 850; x_wconf 81' lang='lat' dir='ltr'><strong>proprio),</strong></span> <span class='ocrx_word' id='word_1_153' title='bbox 2710 788 2806 833; x_wconf 91' lang='lat' dir='ltr'><strong>aut</strong></span> <span class='ocrx_word' id='word_1_154' title='bbox 2834 780 3083 849; x_wconf 89' lang='lat' dir='ltr'><strong>quoniam</strong></span> <span class='ocrx_word' id='word_1_155' title='bbox 3106 794 3213 833; x_wconf 89' lang='lat' dir='ltr'><strong>non</strong></span> <span class='ocrx_word' id='word_1_156' title='bbox 3238 794 3409 847; x_wconf 86' lang='lat' dir='ltr'><strong>genus</strong></span> <span class='ocrx_word' id='word_1_157' title='bbox 3436 780 3576 849; x_wconf 90' lang='lat' dir='ltr'><strong>quod</strong></span> 
     </span>
    </p>
   </div>
   <div class='ocr_carea' id='block_1_23' title="bbox 1994 870 3576 944">
    <p class='ocr_par' dir='ltr' id='par_1_23' title="bbox 1994 870 3576 944">
     <span class='ocr_line' id='line_1_23' title="bbox 1994 870 3576 944; baseline -0.004 -15"><span class='ocrx_word' id='word_1_158' title='bbox 1994 875 2327 944; x_wconf 83' lang='lat' dir='ltr'><strong>assignatum</strong></span> <span class='ocrx_word' id='word_1_159' title='bbox 2370 881 2474 928; x_wconf 42' lang='lat' dir='ltr'><strong>&#39;est</strong></span> <span class='ocrx_word' id='word_1_160' title='bbox 2525 873 2580 927; x_wconf 90' lang='lat' dir='ltr'><strong>in</strong></span> <span class='ocrx_word' id='word_1_161' title='bbox 2635 870 2972 939; x_wconf 75' lang='lat' dir='ltr'><strong>definitione,</strong></span> <span class='ocrx_word' id='word_1_162' title='bbox 3027 879 3141 925; x_wconf 86' lang='lat' dir='ltr'><strong>aut</strong></span> <span class='ocrx_word' id='word_1_163' title='bbox 3174 872 3424 940; x_wconf 84' lang='lat' dir='ltr'><strong>quoniam</strong></span> <span class='ocrx_word' id='word_1_164' title='bbox 3471 884 3576 924; x_wconf 88' lang='lat' dir='ltr'><strong>nou</strong></span> 
     </span>
    </p>
   </div>
   <div class='ocr_carea' id='block_1_24' title="bbox 1995 962 3579 1035">
    <p class='ocr_par' dir='ltr' id='par_1_24' title="bbox 1995 962 3579 1035">
     <span class='ocr_line' id='line_1_24' title="bbox 1995 962 3579 1035; baseline -0.005 -13"><span class='ocrx_word' id='word_1_165' title='bbox 1995 966 2163 1033; x_wconf 90' lang='lat' dir='ltr'><strong>inest,</strong></span> <span class='ocrx_word' id='word_1_166' title='bbox 2213 963 2415 1035; x_wconf 91' lang='lat' dir='ltr'><strong>aliquid</strong></span> <span class='ocrx_word' id='word_1_167' title='bbox 2452 978 2798 1032; x_wconf 62' lang='lat' dir='ltr'><strong>eorum-qua:</strong></span> <span class='ocrx_word' id='word_1_168' title='bbox 2842 963 2895 1017; x_wconf 89' lang='lat' dir='ltr'><strong>in</strong></span> <span class='ocrx_word' id='word_1_169' title='bbox 2925 962 3231 1021; x_wconf 86' lang='lat' dir='ltr'><strong>deﬁnitione</strong></span> <span class='ocrx_word' id='word_1_170' title='bbox 3268 962 3407 1017; x_wconf 87' lang='lat' dir='ltr'><strong>dicta</strong></span> <span class='ocrx_word' id='word_1_171' title='bbox 3454 972 3579 1015; x_wconf 90' lang='lat' dir='ltr'><strong>sunt</strong></span> 
     </span>
    </p>
   </div>
   <div class='ocr_carea' id='block_1_25' title="bbox 2002 1056 3583 1132">
    <p class='ocr_par' dir='ltr' id='par_1_25' title="bbox 2002 1056 3583 1132">
     <span class='ocr_line' id='line_1_25' title="bbox 2002 1056 3583 1132; baseline -0.004 -18"><span class='ocrx_word' id='word_1_172' title='bbox 2002 1060 2167 1132; x_wconf 85' lang='lat' dir='ltr'><strong>(quod</strong></span> <span class='ocrx_word' id='word_1_173' title='bbox 2199 1060 2417 1132; x_wconf 77' lang='lat' dir='ltr'><strong>quidem</strong></span> <span class='ocrx_word' id='word_1_174' title='bbox 2448 1066 2503 1113; x_wconf 90' lang='lat' dir='ltr'><strong>et</strong></span> <span class='ocrx_word' id='word_1_175' title='bbox 2528 1059 2578 1112; x_wconf 90' lang='lat' dir='ltr'><strong>in</strong></span> <span class='ocrx_word' id='word_1_176' title='bbox 2601 1058 2874 1115; x_wconf 84' lang='lat' dir='ltr'><strong>accidente</strong></span> <span class='ocrx_word' id='word_1_177' title='bbox 2894 1058 2995 1114; x_wconf 90' lang='lat' dir='ltr'><strong>dici</strong></span> <span class='ocrx_word' id='word_1_178' title='bbox 3021 1057 3243 1127; x_wconf 88' lang='lat' dir='ltr'><strong>potest),</strong></span> <span class='ocrx_word' id='word_1_179' title='bbox 3268 1056 3583 1110; x_wconf 78' lang='lat' dir='ltr'><strong>interimen-</strong></span> 
     </span>
    </p>
   </div>
   <div class='ocr_carea' id='block_1_26' title="bbox 2006 1151 3579 1220">
    <p class='ocr_par' dir='ltr' id='par_1_26' title="bbox 2006 1151 3579 1220">
     <span class='ocr_line' id='line_1_26' title="bbox 2006 1151 3579 1220; baseline -0.006 -8"><span class='ocrx_word' id='word_1_180' title='bbox 2006 1165 2091 1212; x_wconf 88' lang='lat' dir='ltr'><strong>tes</strong></span> <span class='ocrx_word' id='word_1_181' title='bbox 2121 1156 2325 1213; x_wconf 82' lang='lat' dir='ltr'><strong>erimus</strong></span> <span class='ocrx_word' id='word_1_182' title='bbox 2347 1153 2735 1211; x_wconf 72' lang='lat' dir='ltr'><strong>definitionem.</strong></span> <span class='ocrx_word' id='word_1_183' title='bbox 2777 1152 2950 1218; x_wconf 83' lang='lat' dir='ltr'><strong>Quare</strong></span> <span class='ocrx_word' id='word_1_184' title='bbox 2992 1151 3281 1206; x_wconf 87' lang='lat' dir='ltr'><strong>secundum</strong></span> <span class='ocrx_word' id='word_1_185' title='bbox 3320 1151 3465 1220; x_wconf 88' lang='lat' dir='ltr'><strong>prius</strong></span> <span class='ocrx_word' id='word_1_186' title='bbox 3492 1162 3579 1203; x_wconf 76' lang='lat' dir='ltr'><strong>as-</strong></span> 
     </span>
    </p>
   </div>
   <div class='ocr_carea' id='block_1_27' title="bbox 1998 1240 3578 1318">
    <p class='ocr_par' dir='ltr' id='par_1_27' title="bbox 1998 1240 3578 1318">
     <span class='ocr_line' id='line_1_27' title="bbox 1998 1240 3578 1318; baseline -0.006 -14"><span class='ocrx_word' id='word_1_187' title='bbox 1998 1248 2267 1318; x_wconf 78' lang='lat' dir='ltr'><strong>signatam</strong></span> <span class='ocrx_word' id='word_1_188' title='bbox 2299 1246 2585 1311; x_wconf 87' lang='lat' dir='ltr'><strong>rationem,</strong></span> <span class='ocrx_word' id='word_1_189' title='bbox 2617 1245 2983 1298; x_wconf 36' lang='lat' dir='ltr'><strong>omnia‘erunt</strong></span> <span class='ocrx_word' id='word_1_190' title='bbox 3011 1242 3402 1312; x_wconf 85' lang='lat' dir='ltr'><strong>quodammodo</strong></span> <span class='ocrx_word' id='word_1_191' title='bbox 3449 1240 3578 1295; x_wconf 83' lang='lat' dir='ltr'><strong>defi-</strong></span> 
     </span>
    </p>
   </div>
   <div class='ocr_carea' id='block_1_28' title="bbox 1992 1334 3575 1405">
    <p class='ocr_par' dir='ltr' id='par_1_28' title="bbox 1992 1334 3575 1405">
     <span class='ocr_line' id='line_1_28' title="bbox 1992 1334 3575 1405; baseline -0.004 -11"><span class='ocrx_word' id='word_1_192' title='bbox 1992 1340 2186 1394; x_wconf 88' lang='lat' dir='ltr'><strong>nitioni</strong></span> <span class='ocrx_word' id='word_1_193' title='bbox 2211 1337 2665 1393; x_wconf 83' lang='lat' dir='ltr'><strong>accommodanda</strong></span> <span class='ocrx_word' id='word_1_194' title='bbox 2697 1350 2816 1405; x_wconf 81' lang='lat' dir='ltr'><strong>quae</strong></span> <span class='ocrx_word' id='word_1_195' title='bbox 2858 1343 3132 1390; x_wconf 89' lang='lat' dir='ltr'><strong>numerata</strong></span> <span class='ocrx_word' id='word_1_196' title='bbox 3152 1345 3288 1391; x_wconf 86' lang='lat' dir='ltr'><strong>sunt.</strong></span> <span class='ocrx_word' id='word_1_197' title='bbox 3332 1334 3437 1392; x_wconf 84' lang='lat' dir='ltr'><strong>Sed</strong></span> <span class='ocrx_word' id='word_1_198' title='bbox 3470 1350 3575 1389; x_wconf 87' lang='lat' dir='ltr'><strong>non</strong></span> 
     </span>
    </p>
   </div>
   <div class='ocr_carea' id='block_1_29' title="bbox 1996 1428 3580 1502">
    <p class='ocr_par' dir='ltr' id='par_1_29' title="bbox 1996 1428 3580 1502">
     <span class='ocr_line' id='line_1_29' title="bbox 1996 1428 3580 1502; baseline -0.003 -15"><span class='ocrx_word' id='word_1_199' title='bbox 1996 1439 2215 1502; x_wconf 76' lang='lat' dir='ltr'><strong>propter</strong></span> <span class='ocrx_word' id='word_1_200' title='bbox 2232 1431 2344 1486; x_wconf 87' lang='lat' dir='ltr'><strong>hoc</strong></span> <span class='ocrx_word' id='word_1_201' title='bbox 2369 1443 2529 1483; x_wconf 90' lang='lat' dir='ltr'><strong>unam</strong></span> <span class='ocrx_word' id='word_1_202' title='bbox 2581 1430 2634 1483; x_wconf 94' lang='lat' dir='ltr'><strong>in</strong></span> <span class='ocrx_word' id='word_1_203' title='bbox 2676 1428 2924 1483; x_wconf 90' lang='lat' dir='ltr'><strong>omnibus</strong></span> <span class='ocrx_word' id='word_1_204' title='bbox 2966 1428 3323 1483; x_wconf 87' lang='lat' dir='ltr'><strong>universalem</strong></span> <span class='ocrx_word' id='word_1_205' title='bbox 3370 1429 3580 1487; x_wconf 87' lang='lat' dir='ltr'><strong>metho-</strong></span> 
     </span>
    </p>
   </div>
   <div class='ocr_carea' id='block_1_30' title="bbox 1995 1522 3579 1595">
    <p class='ocr_par' dir='ltr' id='par_1_30' title="bbox 1995 1522 3579 1595">
     <span class='ocr_line' id='line_1_30' title="bbox 1995 1522 3579 1595; baseline 0.001 -16"><span class='ocrx_word' id='word_1_206' title='bbox 1995 1524 2122 1580; x_wconf 91' lang='lat' dir='ltr'><strong>dum</strong></span> <span class='ocrx_word' id='word_1_207' title='bbox 2153 1525 2525 1595; x_wconf 70' lang='lat' dir='ltr'><strong>qumrendum,</strong></span> <span class='ocrx_word' id='word_1_208' title='bbox 2567 1537 2742 1593; x_wconf 84' lang='lat' dir='ltr'><strong>neque</strong></span> <span class='ocrx_word' id='word_1_209' title='bbox 2790 1523 2935 1577; x_wconf 84' lang='lat' dir='ltr'><strong>enim</strong></span> <span class='ocrx_word' id='word_1_210' title='bbox 2990 1522 3145 1578; x_wconf 83' lang='lat' dir='ltr'><strong>facile</strong></span> <span class='ocrx_word' id='word_1_211' title='bbox 3168 1522 3411 1578; x_wconf 83' lang='lat' dir='ltr'><strong>invenire</strong></span> <span class='ocrx_word' id='word_1_212' title='bbox 3442 1522 3579 1580; x_wconf 86' lang='lat' dir='ltr'><strong>hanc</strong></span> 
     </span>
    </p>
   </div>
   <div class='ocr_carea' id='block_1_31' title="bbox 1995 1614 3578 1683">
    <p class='ocr_par' dir='ltr' id='par_1_31' title="bbox 1995 1614 3578 1683">
     <span class='ocr_line' id='line_1_31' title="bbox 1995 1614 3578 1683; baseline -0.002 -11"><span class='ocrx_word' id='word_1_213' title='bbox 1995 1626 2101 1681; x_wconf 87' lang='lat' dir='ltr'><strong>est,</strong></span> <span class='ocrx_word' id='word_1_214' title='bbox 2126 1624 2189 1670; x_wconf 81' lang='lat' dir='ltr'><strong>et</strong></span> <span class='ocrx_word' id='word_1_215' title='bbox 2217 1618 2260 1671; x_wconf 89' lang='lat' dir='ltr'><strong>si</strong></span> <span class='ocrx_word' id='word_1_216' title='bbox 2316 1616 2641 1683; x_wconf 86' lang='lat' dir='ltr'><strong>inveniatur,</strong></span> <span class='ocrx_word' id='word_1_217' title='bbox 2698 1614 2917 1668; x_wconf 88' lang='lat' dir='ltr'><strong>omnino</strong></span> <span class='ocrx_word' id='word_1_218' title='bbox 2970 1614 3197 1669; x_wconf 88' lang='lat' dir='ltr'><strong>obscura</strong></span> <span class='ocrx_word' id='word_1_219' title='bbox 3248 1624 3299 1668; x_wconf 87' lang='lat' dir='ltr'><strong>et</strong></span> <span class='ocrx_word' id='word_1_220' title='bbox 3345 1614 3578 1669; x_wconf 77' lang='lat' dir='ltr'><strong>insuavis</strong></span> 
     </span>
    </p>
   </div>
   <div class='ocr_carea' id='block_1_32' title="bbox 1994 1706 3580 1780">
    <p class='ocr_par' dir='ltr' id='par_1_32' title="bbox 1994 1706 3580 1780">
     <span class='ocr_line' id='line_1_32' title="bbox 1994 1706 3580 1780; baseline -0.001 -17"><span class='ocrx_word' id='word_1_221' title='bbox 1994 1711 2154 1780; x_wconf 89' lang='lat' dir='ltr'><strong>plane</strong></span> <span class='ocrx_word' id='word_1_222' title='bbox 2182 1710 2343 1763; x_wconf 89' lang='lat' dir='ltr'><strong>fuerit</strong></span> <span class='ocrx_word' id='word_1_223' title='bbox 2369 1709 2433 1762; x_wconf 88' lang='lat' dir='ltr'><strong>ad</strong></span> <span class='ocrx_word' id='word_1_224' title='bbox 2472 1709 2802 1776; x_wconf 88' lang='lat' dir='ltr'><strong>propositum</strong></span> <span class='ocrx_word' id='word_1_225' title='bbox 2835 1706 3126 1776; x_wconf 84' lang='lat' dir='ltr'><strong>negotium.</strong></span> <span class='ocrx_word' id='word_1_226' title='bbox 3173 1706 3393 1776; x_wconf 83' lang='lat' dir='ltr'><strong>Propria</strong></span> <span class='ocrx_word' id='word_1_227' title='bbox 3450 1721 3580 1762; x_wconf 88' lang='lat' dir='ltr'><strong>vero</strong></span> 
     </span>
    </p>
   </div>
   <div class='ocr_carea' id='block_1_33' title="bbox 1997 1799 3581 1871">
    <p class='ocr_par' dir='ltr' id='par_1_33' title="bbox 1997 1799 3581 1871">
     <span class='ocr_line' id='line_1_33' title="bbox 1997 1799 3581 1871; baseline -0.003 -15"><span class='ocrx_word' id='word_1_228' title='bbox 1997 1802 2054 1857; x_wconf 93' lang='lat' dir='ltr'><strong>in</strong></span> <span class='ocrx_word' id='word_1_229' title='bbox 2094 1815 2419 1871; x_wconf 89' lang='lat' dir='ltr'><strong>unoquoque</strong></span> <span class='ocrx_word' id='word_1_230' title='bbox 2458 1799 2944 1855; x_wconf 86' lang='lat' dir='ltr'><strong>determinatorum</strong></span> <span class='ocrx_word' id='word_1_231' title='bbox 3007 1812 3262 1869; x_wconf 75' lang='lat' dir='ltr'><strong>generum</strong></span> <span class='ocrx_word' id='word_1_232' title='bbox 3310 1799 3581 1869; x_wconf 85' lang='lat' dir='ltr'><strong>assignata</strong></span> 
     </span>
    </p>
   </div>
   <div class='ocr_carea' id='block_1_34' title="bbox 300 1889 3580 1985">
    <p class='ocr_par' dir='ltr' id='par_1_34' title="bbox 300 1889 3580 1985">
     <span class='ocr_line' id='line_1_34' title="bbox 300 1889 3580 1985; baseline -0.01 -12"><span class='ocrx_word' id='word_1_233' title='bbox 300 1918 526 1985; x_wconf 82' lang='lat' dir='ltr'><strong>dormit,</strong></span> <span class='ocrx_word' id='word_1_234' title='bbox 556 1916 829 1973; x_wconf 83' lang='lat' dir='ltr'><strong>hominem</strong></span> <span class='ocrx_word' id='word_1_235' title='bbox 869 1928 1014 1969; x_wconf 90' lang='lat' dir='ltr'><strong>esse.</strong></span> <span class='ocrx_word' id='word_1_236' title='bbox 1063 1910 1245 1965; x_wconf 87' lang='lat' dir='ltr'><strong>Genus</strong></span> <span class='ocrx_word' id='word_1_237' title='bbox 1271 1916 1449 1961; x_wconf 85' lang='lat' dir='ltr'><strong>autem</strong></span> <span class='ocrx_word' id='word_1_238' title='bbox 1499 1912 1602 1967; x_wconf 89' lang='lat' dir='ltr'><strong>est,</strong></span> <span class='ocrx_word' id='word_1_239' title='bbox 1634 1900 1774 1973; x_wconf 85' lang='lat' dir='ltr'><strong>quod</strong></span> <span class='ocrx_word' id='word_1_240' title='bbox 1825 1898 1893 1953; x_wconf 91' lang='lat' dir='ltr'><strong>de</strong></span> <span class='ocrx_word' id='word_1_241' title='bbox 1920 1889 1974 1951; x_wconf 80' lang='grc' dir='ltr'><strong>Β</strong></span> <span class='ocrx_word' id='word_1_242' title='bbox 1998 1894 2275 1959; x_wconf 81' lang='lat' dir='ltr'><strong>methodo,</strong></span> <span class='ocrx_word' id='word_1_243' title='bbox 2307 1893 2462 1947; x_wconf 84' lang='lat' dir='ltr'><strong>facile</strong></span> <span class='ocrx_word' id='word_1_244' title='bbox 2481 1906 2546 1947; x_wconf 85' lang='lat' dir='ltr'><strong>ex</strong></span> <span class='ocrx_word' id='word_1_245' title='bbox 2578 1892 2642 1946; x_wconf 90' lang='lat' dir='ltr'><strong>iis</strong></span> <span class='ocrx_word' id='word_1_246' title='bbox 2688 1906 2809 1961; x_wconf 80' lang='lat' dir='ltr'><strong>quae</strong></span> <span class='ocrx_word' id='word_1_247' title='bbox 2836 1892 2978 1946; x_wconf 84' lang='lat' dir='ltr'><strong>circa</strong></span> <span class='ocrx_word' id='word_1_248' title='bbox 3002 1889 3427 1971; x_wconf 35' lang='lat' dir='ltr'><strong>unumquodque.</strong></span> <span class='ocrx_word' id='word_1_249' title='bbox 3454 1905 3580 1959; x_wconf 82' lang='lat' dir='ltr'><strong>pro-</strong></span> 
     </span>
    </p>
   </div>
   <div class='ocr_carea' id='block_1_35' title="bbox 306 1992 1895 2085">
    <p class='ocr_par' dir='ltr' id='par_1_35' title="bbox 306 1992 1895 2085">
     <span class='ocr_line' id='line_1_35' title="bbox 306 1992 1895 2085; baseline -0.016 -16"><span class='ocrx_word' id='word_1_250' title='bbox 306 2012 549 2085; x_wconf 86' lang='lat' dir='ltr'><strong>pluribus</strong></span> <span class='ocrx_word' id='word_1_251' title='bbox 576 2016 632 2065; x_wconf 90' lang='lat' dir='ltr'><strong>et</strong></span> <span class='ocrx_word' id='word_1_252' title='bbox 675 2005 1046 2062; x_wconf 71' lang='lat' dir='ltr'><strong>differentibus</strong></span> <span class='ocrx_word' id='word_1_253' title='bbox 1075 2002 1253 2073; x_wconf 89' lang='lat' dir='ltr'><strong>specie</strong></span> <span class='ocrx_word' id='word_1_254' title='bbox 1283 2000 1337 2055; x_wconf 90' lang='lat' dir='ltr'><strong>in</strong></span> <span class='ocrx_word' id='word_1_255' title='bbox 1368 2013 1433 2053; x_wconf 91' lang='lat' dir='ltr'><strong>eo</strong></span> <span class='ocrx_word' id='word_1_256' title='bbox 1460 1993 1605 2067; x_wconf 91' lang='lat' dir='ltr'><strong>quod</strong></span> <span class='ocrx_word' id='word_1_257' title='bbox 1647 1992 1774 2064; x_wconf 88' lang='lat' dir='ltr'><strong>quid</strong></span> <span class='ocrx_word' id='word_1_258' title='bbox 1812 1999 1895 2081; x_wconf 77' lang='lat' dir='ltr'><strong>est</strong></span> 
     </span>
    </p>
   </div>
   <div class='ocr_carea' id='block_1_36' title="bbox 307 2076 1895 2178">
    <p class='ocr_par' dir='ltr' id='par_1_36' title="bbox 307 2076 1895 2178">
     <span class='ocr_line' id='line_1_36' title="bbox 307 2076 1895 2178; baseline -0.016 -14"><span class='ocrx_word' id='word_1_259' title='bbox 307 2076 654 2178; x_wconf 63' lang='lat' dir='ltr'><strong>praedicatur.</strong></span> <span class='ocrx_word' id='word_1_260' title='bbox 682 2101 735 2157; x_wconf 93' lang='lat' dir='ltr'><strong>In</strong></span> <span class='ocrx_word' id='word_1_261' title='bbox 760 2115 826 2156; x_wconf 90' lang='lat' dir='ltr'><strong>eo</strong></span> <span class='ocrx_word' id='word_1_262' title='bbox 854 2096 997 2170; x_wconf 88' lang='lat' dir='ltr'><strong>quod</strong></span> <span class='ocrx_word' id='word_1_263' title='bbox 1028 2095 1156 2167; x_wconf 91' lang='lat' dir='ltr'><strong>quid</strong></span> <span class='ocrx_word' id='word_1_264' title='bbox 1187 2102 1273 2151; x_wconf 85' lang='lat' dir='ltr'><strong>est</strong></span> <span class='ocrx_word' id='word_1_265' title='bbox 1308 2089 1589 2163; x_wconf 74' lang='lat' dir='ltr'><strong>prmdicari</strong></span> <span class='ocrx_word' id='word_1_266' title='bbox 1621 2103 1682 2143; x_wconf 91' lang='lat' dir='ltr'><strong>ea</strong></span> <span class='ocrx_word' id='word_1_267' title='bbox 1708 2076 1895 2142; x_wconf 78' lang='lat' dir='ltr'><strong>dicun-</strong></span> 
     </span>
    </p>
   </div>
   <div class='ocr_carea' id='block_1_37' title="bbox 308 2183 1897 2267">
    <p class='ocr_par' dir='ltr' id='par_1_37' title="bbox 308 2183 1897 2267">
     <span class='ocr_line' id='line_1_37' title="bbox 308 2183 1897 2267; baseline -0.014 -14"><span class='ocrx_word' id='word_1_268' title='bbox 308 2207 420 2263; x_wconf 91' lang='lat' dir='ltr'><strong>tur,</strong></span> <span class='ocrx_word' id='word_1_269' title='bbox 451 2207 787 2267; x_wconf 66' lang='lat' dir='ltr'><strong>quaecunque</strong></span> <span class='ocrx_word' id='word_1_270' title='bbox 836 2189 1089 2246; x_wconf 83' lang='lat' dir='ltr'><strong>convenit</strong></span> <span class='ocrx_word' id='word_1_271' title='bbox 1120 2202 1242 2242; x_wconf 88' lang='lat' dir='ltr'><strong>eum</strong></span> <span class='ocrx_word' id='word_1_272' title='bbox 1285 2186 1375 2255; x_wconf 92' lang='lat' dir='ltr'><strong>qui</strong></span> <span class='ocrx_word' id='word_1_273' title='bbox 1418 2183 1775 2251; x_wconf 82' lang='lat' dir='ltr'><strong>interrogatus</strong></span> <span class='ocrx_word' id='word_1_274' title='bbox 1815 2186 1897 2233; x_wconf 90' lang='lat' dir='ltr'><strong>est</strong></span> 
     </span>
    </p>
   </div>
   <div class='ocr_carea' id='block_1_38' title="bbox 311 2275 1896 2360">
    <p class='ocr_par' dir='ltr' id='par_1_38' title="bbox 311 2275 1896 2360">
     <span class='ocr_line' id='line_1_38' title="bbox 311 2275 1896 2360; baseline -0.013 -12"><span class='ocrx_word' id='word_1_275' title='bbox 311 2291 541 2349; x_wconf 82' lang='lat' dir='ltr'><strong>reddere</strong></span> <span class='ocrx_word' id='word_1_276' title='bbox 572 2291 699 2360; x_wconf 87' lang='lat' dir='ltr'><strong>quid</strong></span> <span class='ocrx_word' id='word_1_277' title='bbox 732 2299 812 2343; x_wconf 89' lang='lat' dir='ltr'><strong>est</strong></span> <span class='ocrx_word' id='word_1_278' title='bbox 862 2285 1003 2358; x_wconf 90' lang='lat' dir='ltr'><strong>quod</strong></span> <span class='ocrx_word' id='word_1_279' title='bbox 1041 2283 1374 2354; x_wconf 89' lang='lat' dir='ltr'><strong>propositum</strong></span> <span class='ocrx_word' id='word_1_280' title='bbox 1401 2290 1502 2344; x_wconf 91' lang='lat' dir='ltr'><strong>est,</strong></span> <span class='ocrx_word' id='word_1_281' title='bbox 1550 2275 1896 2348; x_wconf 84' lang='lat' dir='ltr'><strong>quemadmo-</strong></span> 
     </span>
    </p>
   </div>
   <div class='ocr_carea' id='block_1_39' title="bbox 308 2373 1896 2453">
    <p class='ocr_par' dir='ltr' id='par_1_39' title="bbox 308 2373 1896 2453">
     <span class='ocr_line' id='line_1_39' title="bbox 308 2373 1896 2453; baseline -0.014 -12"><span class='ocrx_word' id='word_1_282' title='bbox 308 2387 434 2442; x_wconf 88' lang='lat' dir='ltr'><strong>dum</strong></span> <span class='ocrx_word' id='word_1_283' title='bbox 468 2384 536 2440; x_wconf 91' lang='lat' dir='ltr'><strong>de</strong></span> <span class='ocrx_word' id='word_1_284' title='bbox 563 2382 810 2453; x_wconf 80' lang='lat' dir='ltr'><strong>homine,</strong></span> <span class='ocrx_word' id='word_1_285' title='bbox 844 2378 1095 2434; x_wconf 87' lang='lat' dir='ltr'><strong>convenit</strong></span> <span class='ocrx_word' id='word_1_286' title='bbox 1143 2390 1263 2430; x_wconf 89' lang='lat' dir='ltr'><strong>eum</strong></span> <span class='ocrx_word' id='word_1_287' title='bbox 1294 2373 1385 2443; x_wconf 89' lang='lat' dir='ltr'><strong>qui</strong></span> <span class='ocrx_word' id='word_1_288' title='bbox 1426 2373 1783 2437; x_wconf 77' lang='lat' dir='ltr'><strong>interrogatus</strong></span> <span class='ocrx_word' id='word_1_289' title='bbox 1814 2376 1896 2420; x_wconf 79' lang='lat' dir='ltr'><strong>est</strong></span> 
     </span>
    </p>
   </div>
   <div class='ocr_carea' id='block_1_40' title="bbox 307 2458 1884 2550">
    <p class='ocr_par' dir='ltr' id='par_1_40' title="bbox 307 2458 1884 2550">
     <span class='ocr_line' id='line_1_40' title="bbox 307 2458 1884 2550; baseline -0.015 -17"><span class='ocrx_word' id='word_1_290' title='bbox 307 2477 435 2550; x_wconf 87' lang='lat' dir='ltr'><strong>quid</strong></span> <span class='ocrx_word' id='word_1_291' title='bbox 490 2475 541 2531; x_wconf 91' lang='lat' dir='ltr'><strong>id</strong></span> <span class='ocrx_word' id='word_1_292' title='bbox 589 2483 672 2530; x_wconf 90' lang='lat' dir='ltr'><strong>est</strong></span> <span class='ocrx_word' id='word_1_293' title='bbox 701 2473 843 2542; x_wconf 90' lang='lat' dir='ltr'><strong>quod</strong></span> <span class='ocrx_word' id='word_1_294' title='bbox 872 2470 1205 2543; x_wconf 90' lang='lat' dir='ltr'><strong>propositum</strong></span> <span class='ocrx_word' id='word_1_295' title='bbox 1249 2474 1352 2532; x_wconf 86' lang='lat' dir='ltr'><strong>est,</strong></span> <span class='ocrx_word' id='word_1_296' title='bbox 1398 2464 1577 2519; x_wconf 90' lang='lat' dir='ltr'><strong>dicere</strong></span> <span class='ocrx_word' id='word_1_297' title='bbox 1606 2458 1747 2531; x_wconf 89' lang='lat' dir='ltr'><strong>quod</strong></span> <span class='ocrx_word' id='word_1_298' title='bbox 1781 2459 1884 2511; x_wconf 86' lang='lat' dir='ltr'><strong>ani-</strong></span> 
     </span>
    </p>
   </div>
   <div class='ocr_carea' id='block_1_41' title="bbox 307 2645 1896 2734">
    <p class='ocr_par' dir='ltr' id='par_1_41' title="bbox 307 2645 1896 2734">
     <span class='ocr_line' id='line_1_41' title="bbox 307 2645 1896 2734; baseline -0.016 -12"><span class='ocrx_word' id='word_1_299' title='bbox 307 2665 497 2722; x_wconf 79' lang='lat' dir='ltr'><strong>eodeut</strong></span> <span class='ocrx_word' id='word_1_300' title='bbox 537 2677 734 2734; x_wconf 83' lang='lat' dir='ltr'><strong>genere</strong></span> <span class='ocrx_word' id='word_1_301' title='bbox 775 2660 918 2716; x_wconf 85' lang='lat' dir='ltr'><strong>aliud</strong></span> <span class='ocrx_word' id='word_1_302' title='bbox 964 2658 1077 2722; x_wconf 85' lang='lat' dir='ltr'><strong>alii,</strong></span> <span class='ocrx_word' id='word_1_303' title='bbox 1121 2671 1188 2710; x_wconf 93' lang='lat' dir='ltr'><strong>an</strong></span> <span class='ocrx_word' id='word_1_304' title='bbox 1234 2654 1288 2709; x_wconf 94' lang='lat' dir='ltr'><strong>in</strong></span> <span class='ocrx_word' id='word_1_305' title='bbox 1335 2653 1505 2707; x_wconf 90' lang='lat' dir='ltr'><strong>altero</strong></span> <span class='ocrx_word' id='word_1_306' title='bbox 1549 2648 1639 2703; x_wconf 89' lang='lat' dir='ltr'><strong>sit.</strong></span> <span class='ocrx_word' id='word_1_307' title='bbox 1668 2645 1811 2700; x_wconf 80' lang='lat' dir='ltr'><strong>Nam</strong></span> <span class='ocrx_word' id='word_1_308' title='bbox 1843 2653 1896 2700; x_wconf 90' lang='lat' dir='ltr'><strong>et</strong></span> 
     </span>
    </p>
   </div>
   <div class='ocr_carea' id='block_1_42' title="bbox 308 2742 1890 2827">
    <p class='ocr_par' dir='ltr' id='par_1_42' title="bbox 308 2742 1890 2827">
     <span class='ocr_line' id='line_1_42' title="bbox 308 2742 1890 2827; baseline -0.017 -12"><span class='ocrx_word' id='word_1_309' title='bbox 308 2754 613 2827; x_wconf 72' lang='lat' dir='ltr'><strong>huiusmodi</strong></span> <span class='ocrx_word' id='word_1_310' title='bbox 647 2753 747 2811; x_wconf 88' lang='lat' dir='ltr'><strong>sub</strong></span> <span class='ocrx_word' id='word_1_311' title='bbox 797 2752 984 2807; x_wconf 86' lang='lat' dir='ltr'><strong>eadem</strong></span> <span class='ocrx_word' id='word_1_312' title='bbox 1024 2745 1279 2804; x_wconf 89' lang='lat' dir='ltr'><strong>methodo</strong></span> <span class='ocrx_word' id='word_1_313' title='bbox 1319 2742 1461 2797; x_wconf 90' lang='lat' dir='ltr'><strong>cadit</strong></span> <span class='ocrx_word' id='word_1_314' title='bbox 1512 2755 1634 2795; x_wconf 92' lang='lat' dir='ltr'><strong>cum</strong></span> <span class='ocrx_word' id='word_1_315' title='bbox 1662 2750 1890 2809; x_wconf 88' lang='lat' dir='ltr'><strong>genere;</strong></span> 
     </span>
    </p>
   </div>
   <div class='ocr_carea' id='block_1_43' title="bbox 306 2827 1897 2919">
    <p class='ocr_par' dir='ltr' id='par_1_43' title="bbox 306 2827 1897 2919">
     <span class='ocr_line' id='line_1_43' title="bbox 306 2827 1897 2919; baseline -0.016 -14"><span class='ocrx_word' id='word_1_316' title='bbox 306 2850 642 2919; x_wconf 81' lang='lat' dir='ltr'><strong>disputantes</strong></span> <span class='ocrx_word' id='word_1_317' title='bbox 671 2844 816 2901; x_wconf 91' lang='lat' dir='ltr'><strong>enim</strong></span> <span class='ocrx_word' id='word_1_318' title='bbox 842 2840 985 2913; x_wconf 90' lang='lat' dir='ltr'><strong>quod</strong></span> <span class='ocrx_word' id='word_1_319' title='bbox 1015 2838 1214 2894; x_wconf 85' lang='lat' dir='ltr'><strong>animal</strong></span> <span class='ocrx_word' id='word_1_320' title='bbox 1258 2850 1427 2908; x_wconf 87' lang='lat' dir='ltr'><strong>genus</strong></span> <span class='ocrx_word' id='word_1_321' title='bbox 1456 2830 1713 2894; x_wconf 90' lang='lat' dir='ltr'><strong>hominis,</strong></span> <span class='ocrx_word' id='word_1_322' title='bbox 1748 2827 1897 2881; x_wconf 89' lang='lat' dir='ltr'><strong>simi-</strong></span> 
     </span>
    </p>
   </div>
   <div class='ocr_carea' id='block_1_44' title="bbox 308 2921 1894 3003">
    <p class='ocr_par' dir='ltr' id='par_1_44' title="bbox 308 2921 1894 3003">
     <span class='ocr_line' id='line_1_44' title="bbox 308 2921 1894 3003; baseline -0.015 -6"><span class='ocrx_word' id='word_1_323' title='bbox 308 2942 433 2997; x_wconf 90' lang='lat' dir='ltr'><strong>liter</strong></span> <span class='ocrx_word' id='word_1_324' title='bbox 460 2947 514 2994; x_wconf 87' lang='lat' dir='ltr'><strong>et</strong></span> <span class='ocrx_word' id='word_1_325' title='bbox 555 2938 747 3002; x_wconf 87' lang='lat' dir='ltr'><strong>bonus,</strong></span> <span class='ocrx_word' id='word_1_326' title='bbox 802 2934 1138 3003; x_wconf 88' lang='lat' dir='ltr'><strong>disputantes</strong></span> <span class='ocrx_word' id='word_1_327' title='bbox 1157 2929 1361 2984; x_wconf 89' lang='lat' dir='ltr'><strong>erimus</strong></span> <span class='ocrx_word' id='word_1_328' title='bbox 1391 2925 1647 2997; x_wconf 89' lang='lat' dir='ltr'><strong>quoniam</strong></span> <span class='ocrx_word' id='word_1_329' title='bbox 1697 2921 1812 2975; x_wconf 68' lang='lat' dir='ltr'><strong>haec</strong></span> <span class='ocrx_word' id='word_1_330' title='bbox 1843 2922 1894 2974; x_wconf 92' lang='lat' dir='ltr'><strong>in</strong></span> 
     </span>
    </p>
   </div>
   <div class='ocr_carea' id='block_1_45' title="bbox 292 3016 1895 3102">
    <p class='ocr_par' dir='ltr' id='par_1_45' title="bbox 292 3016 1895 3102">
     <span class='ocr_line' id='line_1_45' title="bbox 292 3016 1895 3102; baseline -0.014 -12"><span class='ocrx_word' id='word_1_331' title='bbox 292 3034 501 3090; x_wconf 80' lang='lat' dir='ltr'><strong>eodem</strong></span> <span class='ocrx_word' id='word_1_332' title='bbox 529 3039 654 3086; x_wconf 89' lang='lat' dir='ltr'><strong>sunt</strong></span> <span class='ocrx_word' id='word_1_333' title='bbox 691 3042 912 3102; x_wconf 85' lang='lat' dir='ltr'><strong>genere,</strong></span> <span class='ocrx_word' id='word_1_334' title='bbox 945 3027 988 3080; x_wconf 89' lang='lat' dir='ltr'><strong>si</strong></span> <span class='ocrx_word' id='word_1_335' title='bbox 1017 3033 1194 3081; x_wconf 89' lang='lat' dir='ltr'><strong>autem</strong></span> <span class='ocrx_word' id='word_1_336' title='bbox 1222 3021 1443 3076; x_wconf 87' lang='lat' dir='ltr'><strong>alterius</strong></span> <span class='ocrx_word' id='word_1_337' title='bbox 1471 3016 1686 3089; x_wconf 89' lang='lat' dir='ltr'><strong>quidem</strong></span> <span class='ocrx_word' id='word_1_338' title='bbox 1718 3022 1895 3069; x_wconf 90' lang='lat' dir='ltr'><strong>osten-</strong></span> 
     </span>
    </p>
   </div>
   <div class='ocr_carea' id='block_1_46' title="bbox 309 3108 1893 3193">
    <p class='ocr_par' dir='ltr' id='par_1_46' title="bbox 309 3108 1893 3193">
     <span class='ocr_line' id='line_1_46' title="bbox 309 3108 1893 3193; baseline -0.013 -13"><span class='ocrx_word' id='word_1_339' title='bbox 309 3124 500 3180; x_wconf 87' lang='lat' dir='ltr'><strong>damus</strong></span> <span class='ocrx_word' id='word_1_340' title='bbox 524 3121 666 3193; x_wconf 92' lang='lat' dir='ltr'><strong>quod</strong></span> <span class='ocrx_word' id='word_1_341' title='bbox 694 3132 865 3189; x_wconf 91' lang='lat' dir='ltr'><strong>genus</strong></span> <span class='ocrx_word' id='word_1_342' title='bbox 890 3127 993 3183; x_wconf 90' lang='lat' dir='ltr'><strong>est,</strong></span> <span class='ocrx_word' id='word_1_343' title='bbox 1027 3116 1250 3170; x_wconf 85' lang='lat' dir='ltr'><strong>alterius</strong></span> <span class='ocrx_word' id='word_1_344' title='bbox 1275 3121 1451 3166; x_wconf 89' lang='lat' dir='ltr'><strong>autem</strong></span> <span class='ocrx_word' id='word_1_345' title='bbox 1484 3108 1625 3180; x_wconf 91' lang='lat' dir='ltr'><strong>quod</strong></span> <span class='ocrx_word' id='word_1_346' title='bbox 1654 3122 1763 3162; x_wconf 92' lang='lat' dir='ltr'><strong>non</strong></span> <span class='ocrx_word' id='word_1_347' title='bbox 1790 3115 1893 3167; x_wconf 89' lang='lat' dir='ltr'><strong>est.</strong></span> 
     </span>
    </p>
   </div>
   <div class='ocr_carea' id='block_1_47' title="bbox 290 3201 1896 3285">
    <p class='ocr_par' dir='ltr' id='par_1_47' title="bbox 290 3201 1896 3285">
     <span class='ocr_line' id='line_1_47' title="bbox 290 3201 1896 3285; baseline -0.012 -13"><span class='ocrx_word' id='word_1_348' title='bbox 290 3217 645 3285; x_wconf 76' lang='lat' dir='ltr'><strong>disputantes</strong></span> <span class='ocrx_word' id='word_1_349' title='bbox 672 3210 885 3267; x_wconf 87' lang='lat' dir='ltr'><strong>&#39;erimus</strong></span> <span class='ocrx_word' id='word_1_350' title='bbox 937 3207 1185 3277; x_wconf 88' lang='lat' dir='ltr'><strong>quoniam</strong></span> <span class='ocrx_word' id='word_1_351' title='bbox 1234 3219 1338 3259; x_wconf 94' lang='lat' dir='ltr'><strong>non</strong></span> <span class='ocrx_word' id='word_1_352' title='bbox 1386 3204 1437 3257; x_wconf 90' lang='lat' dir='ltr'><strong>in</strong></span> <span class='ocrx_word' id='word_1_353' title='bbox 1466 3201 1656 3257; x_wconf 91' lang='lat' dir='ltr'><strong>eodem</strong></span> <span class='ocrx_word' id='word_1_354' title='bbox 1696 3212 1896 3271; x_wconf 80' lang='lat' dir='ltr'><strong>genere</strong></span> 
     </span>
    </p>
   </div>
   <div class='ocr_carea' id='block_1_48' title="bbox 309 3294 1892 3370">
    <p class='ocr_par' dir='ltr' id='par_1_48' title="bbox 309 3294 1892 3370">
     <span class='ocr_line' id='line_1_48' title="bbox 309 3294 1892 3370; baseline -0.012 -5"><span class='ocrx_word' id='word_1_355' title='bbox 309 3311 429 3365; x_wconf 56' lang='lat' dir='ltr'><strong>haec</strong></span> <span class='ocrx_word' id='word_1_356' title='bbox 456 3318 602 3362; x_wconf 90' lang='lat' dir='ltr'><strong>sunt.</strong></span> <span class='ocrx_word' id='word_1_357' title='bbox 635 3304 903 3361; x_wconf 83' lang='lat' dir='ltr'><strong>Accidens</strong></span> <span class='ocrx_word' id='word_1_358' title='bbox 924 3310 1104 3356; x_wconf 89' lang='lat' dir='ltr'><strong>autem</strong></span> <span class='ocrx_word' id='word_1_359' title='bbox 1128 3308 1209 3355; x_wconf 92' lang='lat' dir='ltr'><strong>est</strong></span> <span class='ocrx_word' id='word_1_360' title='bbox 1238 3296 1381 3370; x_wconf 89' lang='lat' dir='ltr'><strong>quod</strong></span> <span class='ocrx_word' id='word_1_361' title='bbox 1408 3296 1539 3352; x_wconf 86' lang='lat' dir='ltr'><strong>nihil</strong></span> <span class='ocrx_word' id='word_1_362' title='bbox 1571 3294 1763 3350; x_wconf 91' lang='lat' dir='ltr'><strong>horum</strong></span> <span class='ocrx_word' id='word_1_363' title='bbox 1790 3301 1892 3357; x_wconf 89' lang='lat' dir='ltr'><strong>est,</strong></span> 
     </span>
    </p>
   </div>
   <div class='ocr_carea' id='block_1_49' title="bbox 309 3386 1901 3472">
    <p class='ocr_par' dir='ltr' id='par_1_49' title="bbox 309 3386 1901 3472">
     <span class='ocr_line' id='line_1_49' title="bbox 309 3386 1901 3472; baseline -0.013 -14"><span class='ocrx_word' id='word_1_364' title='bbox 309 3415 485 3472; x_wconf 83' lang='lat' dir='ltr'><strong>neque</strong></span> <span class='ocrx_word' id='word_1_365' title='bbox 514 3398 778 3461; x_wconf 79' lang='lat' dir='ltr'><strong>definitio,</strong></span> <span class='ocrx_word' id='word_1_366' title='bbox 804 3409 975 3463; x_wconf 90' lang='lat' dir='ltr'><strong>neque</strong></span> <span class='ocrx_word' id='word_1_367' title='bbox 998 3391 1298 3464; x_wconf 88' lang='lat' dir='ltr'><strong>proprium,</strong></span> <span class='ocrx_word' id='word_1_368' title='bbox 1328 3404 1504 3458; x_wconf 92' lang='lat' dir='ltr'><strong>neque</strong></span> <span class='ocrx_word' id='word_1_369' title='bbox 1534 3401 1724 3456; x_wconf 86' lang='lat' dir='ltr'><strong>genus,</strong></span> <span class='ocrx_word' id='word_1_370' title='bbox 1760 3386 1901 3440; x_wconf 86' lang='lat' dir='ltr'><strong>inest</strong></span> 
     </span>
    </p>
   </div>
   <div class='ocr_carea' id='block_1_50' title="bbox 316 3480 1905 3558">
    <p class='ocr_par' dir='ltr' id='par_1_50' title="bbox 316 3480 1905 3558">
     <span class='ocr_line' id='line_1_50' title="bbox 316 3480 1905 3558; baseline -0.011 -9"><span class='ocrx_word' id='word_1_371' title='bbox 316 3504 497 3549; x_wconf 90' lang='lat' dir='ltr'><strong>autem</strong></span> <span class='ocrx_word' id='word_1_372' title='bbox 546 3491 657 3557; x_wconf 89' lang='lat' dir='ltr'><strong>rei;</strong></span> <span class='ocrx_word' id='word_1_373' title='bbox 702 3498 753 3546; x_wconf 92' lang='lat' dir='ltr'><strong>et</strong></span> <span class='ocrx_word' id='word_1_374' title='bbox 800 3486 940 3558; x_wconf 87' lang='lat' dir='ltr'><strong>quod</strong></span> <span class='ocrx_word' id='word_1_375' title='bbox 988 3485 1251 3554; x_wconf 91' lang='lat' dir='ltr'><strong>contingit</strong></span> <span class='ocrx_word' id='word_1_376' title='bbox 1290 3483 1469 3537; x_wconf 86' lang='lat' dir='ltr'><strong>inesse</strong></span> <span class='ocrx_word' id='word_1_377' title='bbox 1508 3480 1803 3536; x_wconf 88' lang='lat' dir='ltr'><strong>cuivisuni</strong></span> <span class='ocrx_word' id='word_1_378' title='bbox 1851 3486 1905 3531; x_wconf 90' lang='lat' dir='ltr'><strong>et</strong></span> 
     </span>
    </p>
   </div>
   <div class='ocr_carea' id='block_1_51' title="bbox 311 3571 1902 3659">
    <p class='ocr_par' dir='ltr' id='par_1_51' title="bbox 311 3571 1902 3659">
     <span class='ocr_line' id='line_1_51' title="bbox 311 3571 1902 3659; baseline -0.013 -16"><span class='ocrx_word' id='word_1_379' title='bbox 311 3587 508 3651; x_wconf 91' lang='lat' dir='ltr'><strong>eidem,</strong></span> <span class='ocrx_word' id='word_1_380' title='bbox 537 3593 592 3641; x_wconf 88' lang='lat' dir='ltr'><strong>et</strong></span> <span class='ocrx_word' id='word_1_381' title='bbox 620 3597 725 3639; x_wconf 91' lang='lat' dir='ltr'><strong>non</strong></span> <span class='ocrx_word' id='word_1_382' title='bbox 746 3582 947 3659; x_wconf 87' lang='lat' dir='ltr'><strong>inesse,</strong></span> <span class='ocrx_word' id='word_1_383' title='bbox 976 3590 1031 3633; x_wconf 92' lang='lat' dir='ltr'><strong>ut</strong></span> <span class='ocrx_word' id='word_1_384' title='bbox 1053 3578 1244 3633; x_wconf 87' lang='lat' dir='ltr'><strong>sedere</strong></span> <span class='ocrx_word' id='word_1_385' title='bbox 1268 3574 1527 3643; x_wconf 89' lang='lat' dir='ltr'><strong>contingit</strong></span> <span class='ocrx_word' id='word_1_386' title='bbox 1550 3574 1725 3626; x_wconf 90' lang='lat' dir='ltr'><strong>inesse</strong></span> <span class='ocrx_word' id='word_1_387' title='bbox 1747 3571 1902 3624; x_wconf 90' lang='lat' dir='ltr'><strong>alicui</strong></span> 
     </span>
    </p>
   </div>
   <div class='ocr_carea' id='block_1_52' title="bbox 312 3665 1900 3747">
    <p class='ocr_par' dir='ltr' id='par_1_52' title="bbox 312 3665 1900 3747">
     <span class='ocr_line' id='line_1_52' title="bbox 312 3665 1900 3747; baseline -0.013 -10"><span class='ocrx_word' id='word_1_388' title='bbox 312 3681 513 3747; x_wconf 80' lang='lat' dir='ltr'><strong>eidem,</strong></span> <span class='ocrx_word' id='word_1_389' title='bbox 564 3688 620 3734; x_wconf 92' lang='lat' dir='ltr'><strong>et</strong></span> <span class='ocrx_word' id='word_1_390' title='bbox 667 3693 772 3732; x_wconf 92' lang='lat' dir='ltr'><strong>non</strong></span> <span class='ocrx_word' id='word_1_391' title='bbox 809 3676 1007 3731; x_wconf 88' lang='lat' dir='ltr'><strong>inesse.</strong></span> <span class='ocrx_word' id='word_1_392' title='bbox 1063 3671 1325 3729; x_wconf 82' lang='lat' dir='ltr'><strong>Similiter</strong></span> <span class='ocrx_word' id='word_1_393' title='bbox 1382 3678 1559 3723; x_wconf 91' lang='lat' dir='ltr'><strong>autem</strong></span> <span class='ocrx_word' id='word_1_394' title='bbox 1595 3675 1651 3721; x_wconf 86' lang='lat' dir='ltr'><strong>et</strong></span> <span class='ocrx_word' id='word_1_395' title='bbox 1697 3665 1900 3725; x_wconf 88' lang='lat' dir='ltr'><strong>album,</strong></span> 
     </span>
    </p>
   </div>
   <div class='ocr_carea' id='block_1_53' title="bbox 313 3759 1902 3835">
    <p class='ocr_par' dir='ltr' id='par_1_53' title="bbox 313 3759 1902 3835">
     <span class='ocr_line' id='line_1_53' title="bbox 313 3759 1902 3835; baseline -0.012 -7"><span class='ocrx_word' id='word_1_396' title='bbox 313 3789 439 3828; x_wconf 90' lang='lat' dir='ltr'><strong>nam</strong></span> <span class='ocrx_word' id='word_1_397' title='bbox 494 3781 549 3827; x_wconf 92' lang='lat' dir='ltr'><strong>et</strong></span> <span class='ocrx_word' id='word_1_398' title='bbox 592 3770 768 3826; x_wconf 90' lang='lat' dir='ltr'><strong>eidem</strong></span> <span class='ocrx_word' id='word_1_399' title='bbox 823 3762 955 3822; x_wconf 89' lang='lat' dir='ltr'><strong>nihil</strong></span> <span class='ocrx_word' id='word_1_400' title='bbox 1018 3765 1267 3835; x_wconf 87' lang='lat' dir='ltr'><strong>prohibet</strong></span> <span class='ocrx_word' id='word_1_401' title='bbox 1313 3761 1633 3833; x_wconf 87' lang='lat' dir='ltr'><strong>quandoque</strong></span> <span class='ocrx_word' id='word_1_402' title='bbox 1681 3759 1902 3825; x_wconf 84' lang='lat' dir='ltr'><strong>album,</strong></span> 
     </span>
    </p>
   </div>
   <div class='ocr_carea' id='block_1_54' title="bbox 312 3850 1906 3934">
    <p class='ocr_par' dir='ltr' id='par_1_54' title="bbox 312 3850 1906 3934">
     <span class='ocr_line' id='line_1_54' title="bbox 312 3850 1906 3934; baseline -0.01 -15"><span class='ocrx_word' id='word_1_403' title='bbox 312 3863 638 3934; x_wconf 86' lang='lat' dir='ltr'><strong>quandoque</strong></span> <span class='ocrx_word' id='word_1_404' title='bbox 680 3876 785 3915; x_wconf 92' lang='lat' dir='ltr'><strong>non</strong></span> <span class='ocrx_word' id='word_1_405' title='bbox 842 3858 1021 3913; x_wconf 89' lang='lat' dir='ltr'><strong>album</strong></span> <span class='ocrx_word' id='word_1_406' title='bbox 1071 3870 1209 3910; x_wconf 65' lang='lat' dir='ltr'><strong>esse.</strong></span> <span class='ocrx_word' id='word_1_407' title='bbox 1261 3854 1359 3908; x_wconf 81' lang='lat' dir='ltr'><strong>Est</strong></span> <span class='ocrx_word' id='word_1_408' title='bbox 1402 3862 1581 3907; x_wconf 90' lang='lat' dir='ltr'><strong>autem</strong></span> <span class='ocrx_word' id='word_1_409' title='bbox 1615 3850 1906 3905; x_wconf 87' lang='lat' dir='ltr'><strong>accidentis</strong></span> 
     </span>
    </p>
   </div>
   <div class='ocr_carea' id='block_1_55' title="bbox 313 3942 1907 4013">
    <p class='ocr_par' dir='ltr' id='par_1_55' title="bbox 313 3942 1907 4013">
     <span class='ocr_line' id='line_1_55' title="bbox 313 3942 1907 4013; baseline -0.01 -1"><span class='ocrx_word' id='word_1_410' title='bbox 313 3956 692 4012; x_wconf 84' lang='lat' dir='ltr'><strong>deﬁnitionum</strong></span> <span class='ocrx_word' id='word_1_411' title='bbox 725 3950 958 4008; x_wconf 90' lang='lat' dir='ltr'><strong>secunda</strong></span> <span class='ocrx_word' id='word_1_412' title='bbox 982 3949 1208 4005; x_wconf 90' lang='lat' dir='ltr'><strong>melior:</strong></span> <span class='ocrx_word' id='word_1_413' title='bbox 1246 3962 1368 4001; x_wconf 88' lang='lat' dir='ltr'><strong>nam</strong></span> <span class='ocrx_word' id='word_1_414' title='bbox 1400 3961 1522 4001; x_wconf 91' lang='lat' dir='ltr'><strong>cum</strong></span> <span class='ocrx_word' id='word_1_415' title='bbox 1560 3944 1755 4010; x_wconf 73' lang='lat' dir='ltr'><strong>dicitur</strong></span> <span class='ocrx_word' id='word_1_416' title='bbox 1795 3942 1907 4013; x_wconf 85' lang='lat' dir='ltr'><strong>pri-</strong></span> 
     </span>
    </p>
   </div>
   <div class='ocr_carea' id='block_1_56' title="bbox 317 4028 1909 4111">
    <p class='ocr_par' dir='ltr' id='par_1_56' title="bbox 317 4028 1909 4111">
     <span class='ocr_line' id='line_1_56' title="bbox 317 4028 1909 4111; baseline -0.01 -8"><span class='ocrx_word' id='word_1_417' title='bbox 317 4028 815 4111; x_wconf 84' lang='lat' dir='ltr'><strong>ma,necessarium</strong></span> <span class='ocrx_word' id='word_1_418' title='bbox 841 4052 922 4097; x_wconf 91' lang='lat' dir='ltr'><strong>est</strong></span> <span class='ocrx_word' id='word_1_419' title='bbox 965 4042 1007 4096; x_wconf 90' lang='lat' dir='ltr'><strong>si</strong></span> <span class='ocrx_word' id='word_1_420' title='bbox 1053 4040 1213 4095; x_wconf 86' lang='lat' dir='ltr'><strong>debet</strong></span> <span class='ocrx_word' id='word_1_421' title='bbox 1240 4039 1361 4108; x_wconf 89' lang='lat' dir='ltr'><strong>quis</strong></span> <span class='ocrx_word' id='word_1_422' title='bbox 1405 4035 1726 4106; x_wconf 86' lang='lat' dir='ltr'><strong>intelligere,</strong></span> <span class='ocrx_word' id='word_1_423' title='bbox 1771 4049 1909 4104; x_wconf 67' lang='lat' dir='ltr'><strong>prte-</strong></span> 
     </span>
    </p>
   </div>
   <div class='ocr_carea' id='block_1_57' title="bbox 292 4128 1904 4208">
    <p class='ocr_par' dir='ltr' id='par_1_57' title="bbox 292 4128 1904 4208">
     <span class='ocr_line' id='line_1_57' title="bbox 292 4128 1904 4208; baseline -0.012 -10"><span class='ocrx_word' id='word_1_424' title='bbox 292 4141 458 4197; x_wconf 15' lang='lat' dir='ltr'><strong>ascire</strong></span> <span class='ocrx_word' id='word_1_425' title='bbox 522 4138 645 4208; x_wconf 88' lang='lat' dir='ltr'><strong>quid</strong></span> <span class='ocrx_word' id='word_1_426' title='bbox 690 4144 775 4191; x_wconf 91' lang='lat' dir='ltr'><strong>est</strong></span> <span class='ocrx_word' id='word_1_427' title='bbox 802 4135 1103 4207; x_wconf 78' lang='lat' dir='ltr'><strong>terminus,</strong></span> <span class='ocrx_word' id='word_1_428' title='bbox 1149 4139 1206 4185; x_wconf 92' lang='lat' dir='ltr'><strong>et</strong></span> <span class='ocrx_word' id='word_1_429' title='bbox 1260 4144 1458 4201; x_wconf 85' lang='lat' dir='ltr'><strong>genus,</strong></span> <span class='ocrx_word' id='word_1_430' title='bbox 1504 4137 1558 4191; x_wconf 82' lang='lat' dir='ltr'><strong>et</strong></span> <span class='ocrx_word' id='word_1_431' title='bbox 1597 4128 1904 4197; x_wconf 78' lang='lat' dir='ltr'><strong>proprium;</strong></span> 
     </span>
    </p>
   </div>
   <div class='ocr_carea' id='block_1_58' title="bbox 317 4218 1907 4299">
    <p class='ocr_par' dir='ltr' id='par_1_58' title="bbox 317 4218 1907 4299">
     <span class='ocr_line' id='line_1_58' title="bbox 317 4218 1907 4299; baseline -0.01 -11"><span class='ocrx_word' id='word_1_432' title='bbox 317 4232 552 4288; x_wconf 81' lang='lat' dir='ltr'><strong>secunda</strong></span> <span class='ocrx_word' id='word_1_433' title='bbox 582 4241 769 4285; x_wconf 87' lang='lat' dir='ltr'><strong>autem</strong></span> <span class='ocrx_word' id='word_1_434' title='bbox 797 4226 1035 4299; x_wconf 85' lang='lat' dir='ltr'><strong>perfecta</strong></span> <span class='ocrx_word' id='word_1_435' title='bbox 1071 4234 1153 4279; x_wconf 92' lang='lat' dir='ltr'><strong>est</strong></span> <span class='ocrx_word' id='word_1_436' title='bbox 1180 4223 1245 4277; x_wconf 90' lang='lat' dir='ltr'><strong>ad</strong></span> <span class='ocrx_word' id='word_1_437' title='bbox 1288 4219 1722 4291; x_wconf 88' lang='lat' dir='ltr'><strong>cognoscendum</strong></span> <span class='ocrx_word' id='word_1_438' title='bbox 1755 4218 1907 4292; x_wconf 88' lang='lat' dir='ltr'><strong>(quid</strong></span> 
     </span>
    </p>
   </div>
   <div class='ocr_carea' id='block_1_59' title="bbox 316 4312 1906 4393">
    <p class='ocr_par' dir='ltr' id='par_1_59' title="bbox 316 4312 1906 4393">
     <span class='ocr_line' id='line_1_59' title="bbox 316 4312 1906 4393; baseline -0.009 -14"><span class='ocrx_word' id='word_1_439' title='bbox 316 4335 400 4380; x_wconf 83' lang='lat' dir='ltr'><strong>est</strong></span> <span class='ocrx_word' id='word_1_440' title='bbox 439 4322 579 4393; x_wconf 89' lang='lat' dir='ltr'><strong>quod</strong></span> <span class='ocrx_word' id='word_1_441' title='bbox 624 4320 843 4391; x_wconf 89' lang='lat' dir='ltr'><strong>dicitur)</strong></span> <span class='ocrx_word' id='word_1_442' title='bbox 893 4334 985 4389; x_wconf 89' lang='lat' dir='ltr'><strong>per</strong></span> <span class='ocrx_word' id='word_1_443' title='bbox 1018 4332 1100 4373; x_wconf 90' lang='lat' dir='ltr'><strong>se.</strong></span> <span class='ocrx_word' id='word_1_444' title='bbox 1144 4316 1511 4370; x_wconf 84' lang='lat' dir='ltr'><strong>Annectantur</strong></span> <span class='ocrx_word' id='word_1_445' title='bbox 1553 4321 1732 4367; x_wconf 88' lang='lat' dir='ltr'><strong>autem</strong></span> <span class='ocrx_word' id='word_1_446' title='bbox 1762 4312 1906 4367; x_wconf 85' lang='lat' dir='ltr'><strong>acci-</strong></span> 
     </span>
    </p>
   </div>
   <div class='ocr_carea' id='block_1_60' title="bbox 316 4405 1910 4485">
    <p class='ocr_par' dir='ltr' id='par_1_60' title="bbox 316 4405 1910 4485">
     <span class='ocr_line' id='line_1_60' title="bbox 316 4405 1910 4485; baseline -0.009 -14"><span class='ocrx_word' id='word_1_447' title='bbox 316 4416 466 4471; x_wconf 87' lang='lat' dir='ltr'><strong>denti</strong></span> <span class='ocrx_word' id='word_1_448' title='bbox 491 4424 546 4469; x_wconf 86' lang='lat' dir='ltr'><strong>et</strong></span> <span class='ocrx_word' id='word_1_449' title='bbox 574 4429 691 4485; x_wconf 85' lang='lat' dir='ltr'><strong>quae</strong></span> <span class='ocrx_word' id='word_1_450' title='bbox 722 4412 786 4468; x_wconf 88' lang='lat' dir='ltr'><strong>ad</strong></span> <span class='ocrx_word' id='word_1_451' title='bbox 818 4427 877 4467; x_wconf 91' lang='lat' dir='ltr'><strong>se</strong></span> <span class='ocrx_word' id='word_1_452' title='bbox 912 4410 1141 4465; x_wconf 87' lang='lat' dir='ltr'><strong>invicem</strong></span> <span class='ocrx_word' id='word_1_453' title='bbox 1163 4406 1284 4463; x_wconf 88' lang='lat' dir='ltr'><strong>sunt</strong></span> <span class='ocrx_word' id='word_1_454' title='bbox 1316 4405 1747 4475; x_wconf 80' lang='lat' dir='ltr'><strong>comparationes</strong></span> <span class='ocrx_word' id='word_1_455' title='bbox 1775 4419 1910 4475; x_wconf 86' lang='lat' dir='ltr'><strong>quo-</strong></span> 
     </span>
    </p>
   </div>
   <div class='ocr_carea' id='block_1_61' title="bbox 319 4498 1906 4567">
    <p class='ocr_par' dir='ltr' id='par_1_61' title="bbox 319 4498 1906 4567">
     <span class='ocr_line' id='line_1_61' title="bbox 319 4498 1906 4567; baseline -0.009 -4"><span class='ocrx_word' id='word_1_456' title='bbox 319 4510 454 4563; x_wconf 89' lang='lat' dir='ltr'><strong>libet</strong></span> <span class='ocrx_word' id='word_1_457' title='bbox 485 4506 644 4562; x_wconf 90' lang='lat' dir='ltr'><strong>modo</strong></span> <span class='ocrx_word' id='word_1_458' title='bbox 692 4506 756 4560; x_wconf 89' lang='lat' dir='ltr'><strong>ab</strong></span> <span class='ocrx_word' id='word_1_459' title='bbox 791 4503 1067 4559; x_wconf 82' lang='lat' dir='ltr'><strong>accidente</strong></span> <span class='ocrx_word' id='word_1_460' title='bbox 1096 4498 1276 4567; x_wconf 66' lang='lat' dir='ltr'><strong>dictae,</strong></span> <span class='ocrx_word' id='word_1_461' title='bbox 1308 4508 1365 4554; x_wconf 89' lang='lat' dir='ltr'><strong>ut</strong></span> <span class='ocrx_word' id='word_1_462' title='bbox 1389 4508 1564 4552; x_wconf 86' lang='lat' dir='ltr'><strong>utrum</strong></span> <span class='ocrx_word' id='word_1_463' title='bbox 1600 4499 1906 4560; x_wconf 86' lang='lat' dir='ltr'><strong>honestum,</strong></span> 
     </span>
    </p>
   </div>
   <div class='ocr_carea' id='block_1_62' title="bbox 319 4595 1911 4670">
    <p class='ocr_par' dir='ltr' id='par_1_62' title="bbox 319 4595 1911 4670">
     <span class='ocr_line' id='line_1_62' title="bbox 319 4595 1911 4670; baseline -0.007 -12"><span class='ocrx_word' id='word_1_464' title='bbox 319 4617 390 4658; x_wconf 80' lang='lat' dir='ltr'><strong>an</strong></span> <span class='ocrx_word' id='word_1_465' title='bbox 422 4600 566 4670; x_wconf 86' lang='lat' dir='ltr'><strong>quod</strong></span> <span class='ocrx_word' id='word_1_466' title='bbox 595 4599 829 4662; x_wconf 70' lang='lat' dir='ltr'><strong>confert,</strong></span> <span class='ocrx_word' id='word_1_467' title='bbox 858 4595 1217 4667; x_wconf 80' lang='lat' dir='ltr'><strong>expetibilius,</strong></span> <span class='ocrx_word' id='word_1_468' title='bbox 1245 4604 1299 4651; x_wconf 93' lang='lat' dir='ltr'><strong>et</strong></span> <span class='ocrx_word' id='word_1_469' title='bbox 1337 4602 1515 4648; x_wconf 89' lang='lat' dir='ltr'><strong>utrum</strong></span> <span class='ocrx_word' id='word_1_470' title='bbox 1553 4605 1673 4661; x_wconf 75' lang='lat' dir='ltr'><strong>quae</strong></span> <span class='ocrx_word' id='word_1_471' title='bbox 1714 4600 1795 4646; x_wconf 89' lang='lat' dir='ltr'><strong>est</strong></span> <span class='ocrx_word' id='word_1_472' title='bbox 1824 4606 1911 4647; x_wconf 84' lang='lat' dir='ltr'><strong>se-</strong></span> 
     </span>
    </p>
   </div>
   <div class='ocr_carea' id='block_1_63' title="bbox 317 4683 1909 4758">
    <p class='ocr_par' dir='ltr' id='par_1_63' title="bbox 317 4683 1909 4758">
     <span class='ocr_line' id='line_1_63' title="bbox 317 4683 1909 4758; baseline -0.008 -7"><span class='ocrx_word' id='word_1_473' title='bbox 317 4693 554 4751; x_wconf 88' lang='lat' dir='ltr'><strong>cundum</strong></span> <span class='ocrx_word' id='word_1_474' title='bbox 605 4692 895 4757; x_wconf 84' lang='lat' dir='ltr'><strong>virtutem,</strong></span> <span class='ocrx_word' id='word_1_475' title='bbox 940 4706 1007 4744; x_wconf 90' lang='lat' dir='ltr'><strong>an</strong></span> <span class='ocrx_word' id='word_1_476' title='bbox 1056 4704 1176 4758; x_wconf 70' lang='lat' dir='ltr'><strong>qua:</strong></span> <span class='ocrx_word' id='word_1_477' title='bbox 1226 4684 1522 4743; x_wconf 88' lang='lat' dir='ltr'><strong>secundum</strong></span> <span class='ocrx_word' id='word_1_478' title='bbox 1577 4683 1909 4754; x_wconf 88' lang='lat' dir='ltr'><strong>voluptatem</strong></span> 
     </span>
    </p>
   </div>
   <div class='ocr_carea' id='block_1_64' title="bbox 320 4775 1911 4853">
    <p class='ocr_par' dir='ltr' id='par_1_64' title="bbox 320 4775 1911 4853">
     <span class='ocr_line' id='line_1_64' title="bbox 320 4775 1911 4853; baseline -0.009 -9"><span class='ocrx_word' id='word_1_479' title='bbox 320 4787 539 4844; x_wconf 81' lang='lat' dir='ltr'><strong>suavior</strong></span> <span class='ocrx_word' id='word_1_480' title='bbox 565 4787 691 4847; x_wconf 78' lang='lat' dir='ltr'><strong>vita,</strong></span> <span class='ocrx_word' id='word_1_481' title='bbox 747 4796 799 4840; x_wconf 88' lang='lat' dir='ltr'><strong>et</strong></span> <span class='ocrx_word' id='word_1_482' title='bbox 834 4784 876 4838; x_wconf 90' lang='lat' dir='ltr'><strong>si</strong></span> <span class='ocrx_word' id='word_1_483' title='bbox 908 4782 1033 4853; x_wconf 88' lang='lat' dir='ltr'><strong>quid</strong></span> <span class='ocrx_word' id='word_1_484' title='bbox 1087 4780 1232 4835; x_wconf 87' lang='lat' dir='ltr'><strong>aliud</strong></span> <span class='ocrx_word' id='word_1_485' title='bbox 1281 4778 1526 4834; x_wconf 87' lang='lat' dir='ltr'><strong>similiter</strong></span> <span class='ocrx_word' id='word_1_486' title='bbox 1579 4777 1665 4832; x_wconf 90' lang='lat' dir='ltr'><strong>his</strong></span> <span class='ocrx_word' id='word_1_487' title='bbox 1704 4784 1790 4831; x_wconf 81' lang='lat' dir='ltr'><strong>est</strong></span> <span class='ocrx_word' id='word_1_488' title='bbox 1830 4775 1911 4830; x_wconf 87' lang='lat' dir='ltr'><strong>di-</strong></span> 
     </span>
    </p>
   </div>
   <div class='ocr_carea' id='block_1_65' title="bbox 280 4868 1913 4944">
    <p class='ocr_par' dir='ltr' id='par_1_65' title="bbox 280 4868 1913 4944">
     <span class='ocr_line' id='line_1_65' title="bbox 280 4868 1913 4944; baseline -0.009 -9"><span class='ocrx_word' id='word_1_489' title='bbox 280 4918 283 4921; x_wconf 91' lang='lat'><strong><em>-</em></strong></span> <span class='ocrx_word' id='word_1_490' title='bbox 319 4888 495 4944; x_wconf 86' lang='lat' dir='ltr'><strong>ctum,</strong></span> <span class='ocrx_word' id='word_1_491' title='bbox 522 4880 574 4933; x_wconf 88' lang='lat' dir='ltr'><strong>in</strong></span> <span class='ocrx_word' id='word_1_492' title='bbox 600 4876 853 4933; x_wconf 86' lang='lat' dir='ltr'><strong>omnibus</strong></span> <span class='ocrx_word' id='word_1_493' title='bbox 874 4874 1016 4929; x_wconf 91' lang='lat' dir='ltr'><strong>enim</strong></span> <span class='ocrx_word' id='word_1_494' title='bbox 1070 4872 1265 4929; x_wconf 87' lang='lat' dir='ltr'><strong>talibus</strong></span> <span class='ocrx_word' id='word_1_495' title='bbox 1315 4871 1419 4925; x_wconf 90' lang='lat' dir='ltr'><strong>utri</strong></span> <span class='ocrx_word' id='word_1_496' title='bbox 1451 4869 1622 4940; x_wconf 87' lang='lat' dir='ltr'><strong>magis</strong></span> <span class='ocrx_word' id='word_1_497' title='bbox 1649 4868 1913 4939; x_wconf 58' lang='lat' dir='ltr'><strong>praedica-</strong></span> 
     </span>
    </p>
   </div>
   <div class='ocr_carea' id='block_1_66' title="bbox 323 4966 1915 5039">
    <p class='ocr_par' dir='ltr' id='par_1_66' title="bbox 323 4966 1915 5039">
     <span class='ocr_line' id='line_1_66' title="bbox 323 4966 1915 5039; baseline -0.005 -11"><span class='ocrx_word' id='word_1_498' title='bbox 323 4984 439 5028; x_wconf 86' lang='lat' dir='ltr'><strong>tum</strong></span> <span class='ocrx_word' id='word_1_499' title='bbox 480 4971 697 5033; x_wconf 81' lang='lat' dir='ltr'><strong>accidit,</strong></span> <span class='ocrx_word' id='word_1_500' title='bbox 740 4969 968 5039; x_wconf 62' lang='lat' dir='ltr'><strong>quaestio</strong></span> <span class='ocrx_word' id='word_1_501' title='bbox 1006 4967 1088 5022; x_wconf 81' lang='lat' dir='ltr'><strong>fit.</strong></span> <span class='ocrx_word' id='word_1_502' title='bbox 1142 4966 1479 5021; x_wconf 75' lang='lat' dir='ltr'><strong>Manifestum</strong></span> <span class='ocrx_word' id='word_1_503' title='bbox 1508 4974 1591 5019; x_wconf 84' lang='lat' dir='ltr'><strong>est</strong></span> <span class='ocrx_word' id='word_1_504' title='bbox 1635 4978 1817 5020; x_wconf 72' lang='lat' dir='ltr'><strong>autem</strong></span> <span class='ocrx_word' id='word_1_505' title='bbox 1850 4978 1915 5020; x_wconf 84' lang='lat' dir='ltr'><strong>ex</strong></span> 
     </span>
    </p>
   </div>
   <div class='ocr_carea' id='block_1_67' title="bbox 325 5054 1918 5130">
    <p class='ocr_par' dir='ltr' id='par_1_67' title="bbox 325 5054 1918 5130">
     <span class='ocr_line' id='line_1_67' title="bbox 325 5054 1918 5130; baseline -0.005 -13"><span class='ocrx_word' id='word_1_506' title='bbox 325 5063 414 5117; x_wconf 84' lang='lat' dir='ltr'><strong>his</strong></span> <span class='ocrx_word' id='word_1_507' title='bbox 464 5060 715 5130; x_wconf 90' lang='lat' dir='ltr'><strong>quoniam</strong></span> <span class='ocrx_word' id='word_1_508' title='bbox 738 5059 989 5114; x_wconf 86' lang='lat' dir='ltr'><strong>accidens</strong></span> <span class='ocrx_word' id='word_1_509' title='bbox 1014 5057 1146 5112; x_wconf 88' lang='lat' dir='ltr'><strong>nihil</strong></span> <span class='ocrx_word' id='word_1_510' title='bbox 1176 5054 1448 5127; x_wconf 84' lang='lat' dir='ltr'><strong>prohibet,</strong></span> <span class='ocrx_word' id='word_1_511' title='bbox 1504 5062 1558 5109; x_wconf 93' lang='lat' dir='ltr'><strong>et</strong></span> <span class='ocrx_word' id='word_1_512' title='bbox 1587 5055 1821 5123; x_wconf 86' lang='lat' dir='ltr'><strong>quando,</strong></span> <span class='ocrx_word' id='word_1_513' title='bbox 1862 5062 1918 5109; x_wconf 87' lang='lat' dir='ltr'><strong>et</strong></span> 
     </span>
    </p>
   </div>
   <div class='ocr_carea' id='block_1_68' title="bbox 323 5147 1989 5226">
    <p class='ocr_par' dir='ltr' id='par_1_68' title="bbox 323 5147 1989 5226">
     <span class='ocr_line' id='line_1_68' title="bbox 323 5147 1989 5226; baseline -0.005 -15"><span class='ocrx_word' id='word_1_514' title='bbox 323 5156 393 5211; x_wconf 86' lang='lat' dir='ltr'><strong>ad</strong></span> <span class='ocrx_word' id='word_1_515' title='bbox 417 5154 617 5226; x_wconf 87' lang='lat' dir='ltr'><strong>aliquid</strong></span> <span class='ocrx_word' id='word_1_516' title='bbox 652 5153 924 5223; x_wconf 85' lang='lat' dir='ltr'><strong>pr0priutn</strong></span> <span class='ocrx_word' id='word_1_517' title='bbox 948 5152 1087 5217; x_wconf 84' lang='lat' dir='ltr'><strong>fieri,</strong></span> <span class='ocrx_word' id='word_1_518' title='bbox 1112 5160 1169 5205; x_wconf 93' lang='lat' dir='ltr'><strong>ut</strong></span> <span class='ocrx_word' id='word_1_519' title='bbox 1189 5150 1381 5204; x_wconf 90' lang='lat' dir='ltr'><strong>sedere</strong></span> <span class='ocrx_word' id='word_1_520' title='bbox 1399 5163 1520 5203; x_wconf 89' lang='lat' dir='ltr'><strong>cum</strong></span> <span class='ocrx_word' id='word_1_521' title='bbox 1548 5147 1614 5202; x_wconf 88' lang='lat' dir='ltr'><strong>sit</strong></span> <span class='ocrx_word' id='word_1_522' title='bbox 1642 5147 1913 5215; x_wconf 87' lang='lat' dir='ltr'><strong>accidens,</strong></span> <span class='ocrx_word' id='word_1_523' title='bbox 1988 5184 1989 5187; x_wconf 61' lang='grc' dir='ltr'><strong>η</strong></span> 
     </span>
    </p>
   </div>
   <div class='ocr_carea' id='block_1_69' title="bbox 324 5238 1915 5318">
    <p class='ocr_par' dir='ltr' id='par_1_69' title="bbox 324 5238 1915 5318">
     <span class='ocr_line' id='line_1_69' title="bbox 324 5238 1915 5318; baseline -0.005 -17"><span class='ocrx_word' id='word_1_524' title='bbox 324 5248 542 5318; x_wconf 86' lang='lat' dir='ltr'><strong>quanio</strong></span> <span class='ocrx_word' id='word_1_525' title='bbox 567 5246 690 5316; x_wconf 79' lang='lat' dir='ltr'><strong>quis</strong></span> <span class='ocrx_word' id='word_1_526' title='bbox 731 5245 879 5299; x_wconf 89' lang='lat' dir='ltr'><strong>solus</strong></span> <span class='ocrx_word' id='word_1_527' title='bbox 923 5243 1098 5309; x_wconf 86' lang='lat' dir='ltr'><strong>sedet,</strong></span> <span class='ocrx_word' id='word_1_528' title='bbox 1146 5250 1272 5296; x_wconf 91' lang='lat' dir='ltr'><strong>tunc</strong></span> <span class='ocrx_word' id='word_1_529' title='bbox 1301 5238 1589 5311; x_wconf 87' lang='lat' dir='ltr'><strong>aliquando</strong></span> <span class='ocrx_word' id='word_1_530' title='bbox 1640 5239 1915 5309; x_wconf 91' lang='lat' dir='ltr'><strong>proprium</strong></span> 
     </span>
    </p>
   </div>
   <div class='ocr_carea' id='block_1_70' title="bbox 325 5330 1913 5402">
    <p class='ocr_par' dir='ltr' id='par_1_70' title="bbox 325 5330 1913 5402">
     <span class='ocr_line' id='line_1_70' title="bbox 325 5330 1913 5402; baseline -0.006 -9"><span class='ocrx_word' id='word_1_531' title='bbox 325 5338 468 5402; x_wconf 88' lang='lat' dir='ltr'><strong>erit;</strong></span> <span class='ocrx_word' id='word_1_532' title='bbox 501 5338 617 5394; x_wconf 88' lang='lat' dir='ltr'><strong>solo</strong></span> <span class='ocrx_word' id='word_1_533' title='bbox 639 5351 769 5392; x_wconf 88' lang='lat' dir='ltr'><strong>vero</strong></span> <span class='ocrx_word' id='word_1_534' title='bbox 801 5336 1045 5400; x_wconf 70' lang='lat' dir='ltr'><strong>sedente,</strong></span> <span class='ocrx_word' id='word_1_535' title='bbox 1071 5333 1139 5388; x_wconf 89' lang='lat' dir='ltr'><strong>ad</strong></span> <span class='ocrx_word' id='word_1_536' title='bbox 1181 5345 1288 5386; x_wconf 90' lang='lat' dir='ltr'><strong>non</strong></span> <span class='ocrx_word' id='word_1_537' title='bbox 1311 5330 1563 5387; x_wconf 85' lang='lat' dir='ltr'><strong>sedentes</strong></span> <span class='ocrx_word' id='word_1_538' title='bbox 1590 5331 1869 5400; x_wconf 89' lang='lat' dir='ltr'><strong>proprium</strong></span> <span class='ocrx_word' id='word_1_539' title='bbox 1901 5348 1913 5383; x_wconf 87' lang='lat'>:</span> 
     </span>
    </p>
   </div>
   <div class='ocr_carea' id='block_1_71' title="bbox 328 5418 1918 5501">
    <p class='ocr_par' dir='ltr' id='par_1_71' title="bbox 328 5418 1918 5501">
     <span class='ocr_line' id='line_1_71' title="bbox 328 5418 1918 5501; baseline -0.003 -21"><span class='ocrx_word' id='word_1_540' title='bbox 328 5441 500 5497; x_wconf 88' lang='lat' dir='ltr'><strong>quare</strong></span> <span class='ocrx_word' id='word_1_541' title='bbox 526 5437 579 5481; x_wconf 86' lang='lat' dir='ltr'><strong>et</strong></span> <span class='ocrx_word' id='word_1_542' title='bbox 608 5425 674 5479; x_wconf 89' lang='lat' dir='ltr'><strong>ad</strong></span> <span class='ocrx_word' id='word_1_543' title='bbox 703 5424 929 5494; x_wconf 89' lang='lat' dir='ltr'><strong>aliquid,</strong></span> <span class='ocrx_word' id='word_1_544' title='bbox 954 5432 1010 5479; x_wconf 92' lang='lat' dir='ltr'><strong>et</strong></span> <span class='ocrx_word' id='word_1_545' title='bbox 1036 5419 1325 5491; x_wconf 89' lang='lat' dir='ltr'><strong>aliquando</strong></span> <span class='ocrx_word' id='word_1_546' title='bbox 1374 5418 1505 5474; x_wconf 87' lang='lat' dir='ltr'><strong>nihil</strong></span> <span class='ocrx_word' id='word_1_547' title='bbox 1553 5418 1799 5501; x_wconf 84' lang='lat' dir='ltr'><strong>prohibet</strong></span> <span class='ocrx_word' id='word_1_548' title='bbox 1822 5434 1918 5475; x_wconf 84' lang='lat' dir='ltr'><strong>ac-</strong></span> 
     </span>
    </p>
   </div>
   <div class='ocr_carea' id='block_1_72' title="bbox 327 5513 1987 5587">
    <p class='ocr_par' dir='ltr' id='par_1_72' title="bbox 327 5513 1987 5587">
     <span class='ocr_line' id='line_1_72' title="bbox 327 5513 1987 5587; baseline -0.004 -14"><span class='ocrx_word' id='word_1_549' title='bbox 327 5518 517 5573; x_wconf 87' lang='lat' dir='ltr'><strong>cidens</strong></span> <span class='ocrx_word' id='word_1_550' title='bbox 560 5518 833 5587; x_wconf 82' lang='lat' dir='ltr'><strong>proprium</strong></span> <span class='ocrx_word' id='word_1_551' title='bbox 884 5515 1021 5580; x_wconf 83' lang='lat' dir='ltr'><strong>licri,</strong></span> <span class='ocrx_word' id='word_1_552' title='bbox 1073 5513 1390 5582; x_wconf 90' lang='lat' dir='ltr'><strong>simpliciter</strong></span> <span class='ocrx_word' id='word_1_553' title='bbox 1412 5521 1591 5567; x_wconf 89' lang='lat' dir='ltr'><strong>autem</strong></span> <span class='ocrx_word' id='word_1_554' title='bbox 1642 5513 1917 5583; x_wconf 89' lang='lat' dir='ltr'><strong>proprium</strong></span> <span class='ocrx_word' id='word_1_555' title='bbox 1986 5544 1987 5547; x_wconf 60' lang='grc' dir='ltr'><strong>η</strong></span> 
     </span>
    </p>
   </div>
   <div class='ocr_carea' id='block_1_73' title="bbox 331 5609 594 5666">
    <p class='ocr_par' dir='ltr' id='par_1_73' title="bbox 331 5609 594 5666">
     <span class='ocr_line' id='line_1_73' title="bbox 331 5609 594 5666; baseline 0 -1"><span class='ocrx_word' id='word_1_556' title='bbox 331 5625 443 5665; x_wconf 82' lang='lat' dir='ltr'><strong>non</strong></span> <span class='ocrx_word' id='word_1_557' title='bbox 471 5609 594 5666; x_wconf 88' lang='lat' dir='ltr'><strong>erit.</strong></span> 
     </span>
    </p>
   </div>
   <div class='ocr_carea' id='block_1_74' title="bbox 977 5676 1304 5735">
    <p class='ocr_par' dir='ltr' id='par_1_74' title="bbox 977 5676 1304 5735">
     <span class='ocr_line' id='line_1_74' title="bbox 977 5676 1304 5735; baseline -0.006 -1"><span class='ocrx_word' id='word_1_558' title='bbox 977 5676 1202 5735; x_wconf 77' lang='lat' dir='ltr'><strong>CAPUT</strong></span> <span class='ocrx_word' id='word_1_559' title='bbox 1242 5678 1304 5733; x_wconf 87' lang='lat' dir='ltr'><strong>V.</strong></span> 
     </span>
    </p>
   </div>
   <div class='ocr_carea' id='block_1_75' title="bbox 376 5769 1885 5843">
    <p class='ocr_par' dir='ltr' id='par_1_75' title="bbox 376 5769 1885 5843">
     <span class='ocr_line' id='line_1_75' title="bbox 376 5769 1885 5843; baseline -0.002 -17"><span class='ocrx_word' id='word_1_560' title='bbox 376 5770 527 5837; x_wconf 78' lang='lat' dir='ltr'><strong>Quod</strong></span> <span class='ocrx_word' id='word_1_561' title='bbox 550 5782 730 5827; x_wconf 64' lang='lat' dir='ltr'><strong>caetera</strong></span> <span class='ocrx_word' id='word_1_562' title='bbox 760 5772 1039 5843; x_wconf 79' lang='lat' dir='ltr'><strong>prwdicata</strong></span> <span class='ocrx_word' id='word_1_563' title='bbox 1066 5771 1262 5843; x_wconf 77' lang='lat' dir='ltr'><strong>aliquid</strong></span> <span class='ocrx_word' id='word_1_564' title='bbox 1295 5769 1537 5824; x_wconf 79' lang='lat' dir='ltr'><strong>claudant</strong></span> <span class='ocrx_word' id='word_1_565' title='bbox 1576 5783 1751 5823; x_wconf 79' lang='lat' dir='ltr'><strong>eorum</strong></span> <span class='ocrx_word' id='word_1_566' title='bbox 1772 5785 1885 5838; x_wconf 79' lang='lat' dir='ltr'><strong>qua:</strong></span> 
     </span>
    </p>
   </div>
   <div class='ocr_carea' id='block_1_76' title="bbox 875 5842 1372 5913">
    <p class='ocr_par' dir='ltr' id='par_1_76' title="bbox 875 5842 1372 5913">
     <span class='ocr_line' id='line_1_76' title="bbox 875 5842 1372 5913; baseline 0 -16"><span class='ocrx_word' id='word_1_567' title='bbox 875 5843 1108 5913; x_wconf 78' lang='lat' dir='ltr'><strong>deﬁnitio</strong></span> <span class='ocrx_word' id='word_1_568' title='bbox 1128 5842 1372 5898; x_wconf 83' lang='lat' dir='ltr'><strong>continet.</strong></span> 
     </span>
    </p>
   </div>
   <div class='ocr_carea' id='block_1_77' title="bbox 411 5930 1919 6011">
    <p class='ocr_par' dir='ltr' id='par_1_77' title="bbox 411 5930 1919 6011">
     <span class='ocr_line' id='line_1_77' title="bbox 411 5930 1919 6011; baseline -0.001 -20"><span class='ocrx_word' id='word_1_569' title='bbox 411 5933 530 5997; x_wconf 60' lang='grc' dir='ltr'><strong>μου</strong></span> <span class='ocrx_word' id='word_1_570' title='bbox 560 5935 718 5992; x_wconf 86' lang='lat' dir='ltr'><strong>lateat</strong></span> <span class='ocrx_word' id='word_1_571' title='bbox 761 5944 937 5993; x_wconf 87' lang='lat' dir='ltr'><strong>autem</strong></span> <span class='ocrx_word' id='word_1_572' title='bbox 962 5949 1062 5994; x_wconf 81' lang='lat' dir='ltr'><strong>nos</strong></span> <span class='ocrx_word' id='word_1_573' title='bbox 1086 5932 1343 6011; x_wconf 81' lang='lat' dir='ltr'><strong>quoniam</strong></span> <span class='ocrx_word' id='word_1_574' title='bbox 1373 5946 1493 6009; x_wconf 64' lang='lat' dir='ltr'><strong>qua</strong></span> <span class='ocrx_word' id='word_1_575' title='bbox 1518 5930 1587 5991; x_wconf 84' lang='lat' dir='ltr'><strong>ad</strong></span> <span class='ocrx_word' id='word_1_576' title='bbox 1616 5930 1919 6007; x_wconf 82' lang='lat' dir='ltr'><strong>proprium,</strong></span> 
     </span>
    </p>
   </div>
   <div class='ocr_carea' id='block_1_78' title="bbox 1997 1981 3583 2060">
    <p class='ocr_par' dir='ltr' id='par_1_78' title="bbox 1997 1981 3583 2060">
     <span class='ocr_line' id='line_1_78' title="bbox 1997 1981 3583 2060; baseline -0.006 -16"><span class='ocrx_word' id='word_1_577' title='bbox 1997 1991 2113 2060; x_wconf 88' lang='lat' dir='ltr'><strong>pria</strong></span> <span class='ocrx_word' id='word_1_578' title='bbox 2141 1998 2287 2043; x_wconf 86' lang='lat' dir='ltr'><strong>sunt</strong></span> <span class='ocrx_word' id='word_1_579' title='bbox 2314 1987 2575 2043; x_wconf 84' lang='lat' dir='ltr'><strong>decursus</strong></span> <span class='ocrx_word' id='word_1_580' title='bbox 2603 1986 2875 2056; x_wconf 84' lang='lat' dir='ltr'><strong>propositi</strong></span> <span class='ocrx_word' id='word_1_581' title='bbox 2896 1985 3012 2039; x_wconf 84' lang='lat' dir='ltr'><strong>fieri</strong></span> <span class='ocrx_word' id='word_1_582' title='bbox 3039 1985 3225 2053; x_wconf 89' lang='lat' dir='ltr'><strong>possit.</strong></span> <span class='ocrx_word' id='word_1_583' title='bbox 3259 1984 3437 2049; x_wconf 85' lang='lat' dir='ltr'><strong>Quare</strong></span> <span class='ocrx_word' id='word_1_584' title='bbox 3466 1981 3583 2037; x_wconf 85' lang='lat' dir='ltr'><strong>nni-</strong></span> 
     </span>
    </p>
   </div>
   <div class='ocr_carea' id='block_1_79' title="bbox 1998 2077 3585 2149">
    <p class='ocr_par' dir='ltr' id='par_1_79' title="bbox 1998 2077 3585 2149">
     <span class='ocr_line' id='line_1_79' title="bbox 1998 2077 3585 2149; baseline -0.003 -13"><span class='ocrx_word' id='word_1_585' title='bbox 1998 2081 2279 2138; x_wconf 89' lang='lat' dir='ltr'><strong>versaliter</strong></span> <span class='ocrx_word' id='word_1_586' title='bbox 2308 2080 2474 2149; x_wconf 83' lang='lat' dir='ltr'><strong>figura</strong></span> <span class='ocrx_word' id='word_1_587' title='bbox 2495 2080 2710 2149; x_wconf 90' lang='lat' dir='ltr'><strong>quidem</strong></span> <span class='ocrx_word' id='word_1_588' title='bbox 2730 2077 3224 2149; x_wconf 75' lang='lat' dir='ltr'><strong>(quemadmodum</strong></span> <span class='ocrx_word' id='word_1_589' title='bbox 3268 2077 3471 2133; x_wconf 90' lang='lat' dir='ltr'><strong>dictum</strong></span> <span class='ocrx_word' id='word_1_590' title='bbox 3500 2086 3585 2132; x_wconf 86' lang='lat' dir='ltr'><strong>est</strong></span> 
     </span>
    </p>
   </div>
   <div class='ocr_carea' id='block_1_80' title="bbox 1979 2171 3585 2245">
    <p class='ocr_par' dir='ltr' id='par_1_80' title="bbox 1979 2171 3585 2245">
     <span class='ocr_line' id='line_1_80' title="bbox 1979 2171 3585 2245; baseline -0.006 -14"><span class='ocrx_word' id='word_1_591' title='bbox 1979 2174 2170 2245; x_wconf 74' lang='lat' dir='ltr'><strong>prius)</strong></span> <span class='ocrx_word' id='word_1_592' title='bbox 2224 2172 2573 2229; x_wconf 88' lang='lat' dir='ltr'><strong>dividendum</strong></span> <span class='ocrx_word' id='word_1_593' title='bbox 2618 2181 2723 2234; x_wconf 84' lang='lat' dir='ltr'><strong>est,-</strong></span> <span class='ocrx_word' id='word_1_594' title='bbox 2777 2171 3108 2241; x_wconf 86' lang='lat' dir='ltr'><strong>reliquorum</strong></span> <span class='ocrx_word' id='word_1_595' title='bbox 3142 2178 3421 2226; x_wconf 87' lang='lat' dir='ltr'><strong>autem-ea</strong></span> <span class='ocrx_word' id='word_1_596' title='bbox 3465 2183 3585 2237; x_wconf 69' lang='lat' dir='ltr'><strong>qua:</strong></span> 
     </span>
    </p>
   </div>
   <div class='ocr_carea' id='block_1_81' title="bbox 1984 2257 3584 2333">
    <p class='ocr_par' dir='ltr' id='par_1_81' title="bbox 1984 2257 3584 2333">
     <span class='ocr_line' id='line_1_81' title="bbox 1984 2257 3584 2333; baseline -0.006 -11"><span class='ocrx_word' id='word_1_597' title='bbox 1984 2267 2234 2322; x_wconf 79' lang='lat' dir='ltr'><strong>maxime</strong></span> <span class='ocrx_word' id='word_1_598' title='bbox 2257 2274 2381 2320; x_wconf 87' lang='lat' dir='ltr'><strong>sunt</strong></span> <span class='ocrx_word' id='word_1_599' title='bbox 2409 2262 2634 2333; x_wconf 85' lang='lat' dir='ltr'><strong>singulis</strong></span> <span class='ocrx_word' id='word_1_600' title='bbox 2680 2262 2993 2331; x_wconf 82' lang='lat' dir='ltr'><strong>peculiaria,</strong></span> <span class='ocrx_word' id='word_1_601' title='bbox 3016 2259 3463 2325; x_wconf 81' lang='lat' dir='ltr'><strong>annectendum;</strong></span> <span class='ocrx_word' id='word_1_602' title='bbox 3489 2257 3584 2313; x_wconf 80' lang='lat' dir='ltr'><strong>de-</strong></span> 
     </span>
    </p>
   </div>
   <div class='ocr_carea' id='block_1_82' title="bbox 2000 2355 3584 2425">
    <p class='ocr_par' dir='ltr' id='par_1_82' title="bbox 2000 2355 3584 2425">
     <span class='ocr_line' id='line_1_82' title="bbox 2000 2355 3584 2425; baseline -0.003 -13"><span class='ocrx_word' id='word_1_603' title='bbox 2000 2358 2229 2414; x_wconf 82' lang='lat' dir='ltr'><strong>finitioni</strong></span> <span class='ocrx_word' id='word_1_604' title='bbox 2283 2367 2339 2412; x_wconf 92' lang='lat' dir='ltr'><strong>et</strong></span> <span class='ocrx_word' id='word_1_605' title='bbox 2383 2357 2565 2425; x_wconf 89' lang='lat' dir='ltr'><strong>generi</strong></span> <span class='ocrx_word' id='word_1_606' title='bbox 2618 2355 3021 2411; x_wconf 84' lang='lat' dir='ltr'><strong>accommodata</strong></span> <span class='ocrx_word' id='word_1_607' title='bbox 3065 2370 3128 2412; x_wconf 91' lang='lat' dir='ltr'><strong>ea</strong></span> <span class='ocrx_word' id='word_1_608' title='bbox 3174 2360 3584 2422; x_wconf 85' lang='lat' dir='ltr'><strong>nuncupantes,</strong></span> 
     </span>
    </p>
   </div>
   <div class='ocr_carea' id='block_1_83' title="bbox 1982 2445 3586 2522">
    <p class='ocr_par' dir='ltr' id='par_1_83' title="bbox 1982 2445 3586 2522">
     <span class='ocr_line' id='line_1_83' title="bbox 1982 2445 3586 2522; baseline -0.006 -14"><span class='ocrx_word' id='word_1_609' title='bbox 1982 2466 2139 2522; x_wconf 77' lang='lat' dir='ltr'><strong>pene</strong></span> <span class='ocrx_word' id='word_1_610' title='bbox 2160 2458 2343 2507; x_wconf 82' lang='lat' dir='ltr'><strong>autem</strong></span> <span class='ocrx_word' id='word_1_611' title='bbox 2371 2450 2627 2518; x_wconf 84' lang='lat' dir='ltr'><strong>adjuncta</strong></span> <span class='ocrx_word' id='word_1_612' title='bbox 2651 2459 2774 2503; x_wconf 89' lang='lat' dir='ltr'><strong>sunt</strong></span> <span class='ocrx_word' id='word_1_613' title='bbox 2800 2465 2923 2519; x_wconf 69' lang='lat' dir='ltr'><strong>quae</strong></span> <span class='ocrx_word' id='word_1_614' title='bbox 2950 2449 3095 2506; x_wconf 81' lang='lat' dir='ltr'><strong>dicta</strong></span> <span class='ocrx_word' id='word_1_615' title='bbox 3120 2457 3245 2505; x_wconf 90' lang='lat' dir='ltr'><strong>sunt</strong></span> <span class='ocrx_word' id='word_1_616' title='bbox 3271 2448 3337 2504; x_wconf 93' lang='lat' dir='ltr'><strong>ad</strong></span> <span class='ocrx_word' id='word_1_617' title='bbox 3359 2445 3586 2518; x_wconf 81' lang='lat' dir='ltr'><strong>singula.</strong></span> 
     </span>
    </p>
   </div>
   <div class='ocr_carea' id='block_1_84' title="bbox 308 2553 1991 2627">
    <p class='ocr_par' dir='ltr' id='par_1_84' title="bbox 308 2553 1991 2627">
     <span class='ocr_line' id='line_1_84' title="bbox 308 2553 1991 2627; baseline -0.015 0"><span class='ocrx_word' id='word_1_618' title='bbox 308 2573 437 2627; x_wconf 89' lang='lat' dir='ltr'><strong>mal.</strong></span> <span class='ocrx_word' id='word_1_619' title='bbox 496 2569 691 2625; x_wconf 86' lang='lat' dir='ltr'><strong>Generi</strong></span> <span class='ocrx_word' id='word_1_620' title='bbox 743 2575 920 2621; x_wconf 86' lang='lat' dir='ltr'><strong>autem</strong></span> <span class='ocrx_word' id='word_1_621' title='bbox 980 2560 1440 2619; x_wconf 90' lang='lat' dir='ltr'><strong>accommodatum</strong></span> <span class='ocrx_word' id='word_1_622' title='bbox 1490 2565 1574 2612; x_wconf 89' lang='lat' dir='ltr'><strong>est</strong></span> <span class='ocrx_word' id='word_1_623' title='bbox 1620 2562 1796 2608; x_wconf 87' lang='lat' dir='ltr'><strong>utrum</strong></span> <span class='ocrx_word' id='word_1_624' title='bbox 1843 2553 1894 2605; x_wconf 87' lang='lat' dir='ltr'><strong>in</strong></span> <span class='ocrx_word' id='word_1_625' title='bbox 1987 2558 1991 2567; x_wconf 58' lang='grc' dir='ltr'>λ</span> 
     </span>
    </p>
   </div>
   <div class='ocr_carea' id='block_1_85' title="bbox 2612 2580 2959 2636">
    <p class='ocr_par' dir='ltr' id='par_1_85' title="bbox 2612 2580 2959 2636">
     <span class='ocr_line' id='line_1_85' title="bbox 2612 2580 2959 2636; baseline -0.003 -1"><span class='ocrx_word' id='word_1_626' title='bbox 2612 2580 2840 2636; x_wconf 69' lang='lat' dir='ltr'><strong>CAPUT</strong></span> <span class='ocrx_word' id='word_1_627' title='bbox 2877 2580 2959 2635; x_wconf 84' lang='lat' dir='ltr'><strong>Vl.</strong></span> 
     </span>
    </p>
   </div>
   <div class='ocr_carea' id='block_1_86' title="bbox 2654 2670 2946 2727">
    <p class='ocr_par' dir='ltr' id='par_1_86' title="bbox 2654 2670 2946 2727">
     <span class='ocr_line' id='line_1_86' title="bbox 2654 2670 2946 2727; baseline 0.003 -2"><span class='ocrx_word' id='word_1_628' title='bbox 2654 2670 2729 2725; x_wconf 87' lang='lat' dir='ltr'><strong>De</strong></span> <span class='ocrx_word' id='word_1_629' title='bbox 2750 2672 2946 2727; x_wconf 69' lang='lat' dir='ltr'><strong>eodem.</strong></span> 
     </span>
    </p>
   </div>
   <div class='ocr_carea' id='block_1_87' title="bbox 2072 2756 3587 2844">
    <p class='ocr_par' dir='ltr' id='par_1_87' title="bbox 2072 2762 3587 2844">
     <span class='ocr_line' id='line_1_87' title="bbox 2072 2762 3587 2844; baseline -0.001 0"><span class='ocrx_word' id='word_1_630' title='bbox 2072 2789 2309 2844; x_wconf 88' lang='lat' dir='ltr'><strong>Primum</strong></span> <span class='ocrx_word' id='word_1_631' title='bbox 2335 2794 2514 2841; x_wconf 89' lang='lat' dir='ltr'><strong>autem</strong></span> <span class='ocrx_word' id='word_1_632' title='bbox 2547 2762 2786 2840; x_wconf 82' lang='lat' dir='ltr'><strong>omnium</strong></span> <span class='ocrx_word' id='word_1_633' title='bbox 2814 2782 2881 2838; x_wconf 91' lang='lat' dir='ltr'><strong>de</strong></span> <span class='ocrx_word' id='word_1_634' title='bbox 2905 2782 3092 2838; x_wconf 89' lang='lat' dir='ltr'><strong>eodem</strong></span> <span class='ocrx_word' id='word_1_635' title='bbox 3122 2785 3587 2841; x_wconf 80' lang='lat' dir='ltr'><strong>determinaudum</strong></span> 
     </span>
    </p>
   </div>
   <div class='ocr_carea' id='block_1_88' title="bbox 1999 2868 3592 2951">
    <p class='ocr_par' dir='ltr' id='par_1_88' title="bbox 1999 2868 3592 2951">
     <span class='ocr_line' id='line_1_88' title="bbox 1999 2868 3592 2951; baseline -0.003 -16"><span class='ocrx_word' id='word_1_636' title='bbox 1999 2878 2210 2951; x_wconf 82' lang='lat' dir='ltr'><strong>quoties</strong></span> <span class='ocrx_word' id='word_1_637' title='bbox 2238 2874 2453 2931; x_wconf 87' lang='lat' dir='ltr'><strong>dicitur.</strong></span> <span class='ocrx_word' id='word_1_638' title='bbox 2506 2872 2782 2928; x_wconf 85' lang='lat' dir='ltr'><strong>Videbitur</strong></span> <span class='ocrx_word' id='word_1_639' title='bbox 2828 2884 3005 2928; x_wconf 86' lang='lat' dir='ltr'><strong>autem</strong></span> <span class='ocrx_word' id='word_1_640' title='bbox 3039 2873 3177 2930; x_wconf 90' lang='lat' dir='ltr'><strong>idem</strong></span> <span class='ocrx_word' id='word_1_641' title='bbox 3222 2885 3275 2929; x_wconf 91' lang='lat' dir='ltr'><strong>ut</strong></span> <span class='ocrx_word' id='word_1_642' title='bbox 3305 2868 3592 2945; x_wconf 83' lang='lat' dir='ltr'><strong>ﬁguraliter</strong></span> 
     </span>
    </p>
   </div>
   <div class='ocr_carea' id='block_1_89' title="bbox 1984 2964 3595 3038">
    <p class='ocr_par' dir='ltr' id='par_1_89' title="bbox 1984 2964 3595 3038">
     <span class='ocr_line' id='line_1_89' title="bbox 1984 2964 3595 3038; baseline -0.003 -9"><span class='ocrx_word' id='word_1_643' title='bbox 1984 2974 2070 3029; x_wconf 85' lang='lat' dir='ltr'><strong>sit</strong></span> <span class='ocrx_word' id='word_1_644' title='bbox 2090 2982 2325 3036; x_wconf 90' lang='lat' dir='ltr'><strong>sumere,</strong></span> <span class='ocrx_word' id='word_1_645' title='bbox 2349 2968 2630 3036; x_wconf 88' lang='lat' dir='ltr'><strong>tripliciter</strong></span> <span class='ocrx_word' id='word_1_646' title='bbox 2654 2966 2839 3021; x_wconf 91' lang='lat' dir='ltr'><strong>dividi.</strong></span> <span class='ocrx_word' id='word_1_647' title='bbox 2888 2964 3120 3021; x_wconf 76' lang='lat' dir='ltr'><strong>Numero</strong></span> <span class='ocrx_word' id='word_1_648' title='bbox 3142 2967 3285 3022; x_wconf 85' lang='lat' dir='ltr'><strong>enim</strong></span> <span class='ocrx_word' id='word_1_649' title='bbox 3307 3009 3320 3031; x_wconf 92' lang='lat'><strong>,</strong></span> <span class='ocrx_word' id='word_1_650' title='bbox 3351 2978 3443 3023; x_wconf 87' lang='lat' dir='ltr'><strong>aut</strong></span> <span class='ocrx_word' id='word_1_651' title='bbox 3472 2984 3595 3038; x_wconf 80' lang='lat' dir='ltr'><strong>spe-</strong></span> 
     </span>
    </p>
   </div>
   <div class='ocr_carea' id='block_1_90' title="bbox 1998 3055 3597 3131">
    <p class='ocr_par' dir='ltr' id='par_1_90' title="bbox 1998 3055 3597 3131">
     <span class='ocr_line' id='line_1_90' title="bbox 1998 3055 3597 3131; baseline -0.004 -13"><span class='ocrx_word' id='word_1_652' title='bbox 1998 3064 2105 3130; x_wconf 91' lang='lat' dir='ltr'><strong>cie,</strong></span> <span class='ocrx_word' id='word_1_653' title='bbox 2135 3070 2227 3116; x_wconf 90' lang='lat' dir='ltr'><strong>aut</strong></span> <span class='ocrx_word' id='word_1_654' title='bbox 2279 3074 2513 3131; x_wconf 87' lang='lat' dir='ltr'><strong>genere,</strong></span> <span class='ocrx_word' id='word_1_655' title='bbox 2566 3055 2707 3113; x_wconf 88' lang='lat' dir='ltr'><strong>idem</strong></span> <span class='ocrx_word' id='word_1_656' title='bbox 2737 3057 2973 3111; x_wconf 86' lang='lat' dir='ltr'><strong>solemus</strong></span> <span class='ocrx_word' id='word_1_657' title='bbox 3018 3056 3311 3127; x_wconf 87' lang='lat' dir='ltr'><strong>appellare.</strong></span> <span class='ocrx_word' id='word_1_658' title='bbox 3360 3056 3597 3113; x_wconf 83' lang='lat' dir='ltr'><strong>Numero</strong></span> 
     </span>
    </p>
   </div>
   <div class='ocr_carea' id='block_1_91' title="bbox 2000 3150 3598 3226">
    <p class='ocr_par' dir='ltr' id='par_1_91' title="bbox 2000 3150 3598 3226">
     <span class='ocr_line' id='line_1_91' title="bbox 2000 3150 3598 3226; baseline -0.002 -15"><span class='ocrx_word' id='word_1_659' title='bbox 2000 3156 2241 3226; x_wconf 89' lang='lat' dir='ltr'><strong>quidem,</strong></span> <span class='ocrx_word' id='word_1_660' title='bbox 2274 3167 2504 3222; x_wconf 88' lang='lat' dir='ltr'><strong>quorum</strong></span> <span class='ocrx_word' id='word_1_661' title='bbox 2548 3151 2765 3206; x_wconf 87' lang='lat' dir='ltr'><strong>nomina</strong></span> <span class='ocrx_word' id='word_1_662' title='bbox 2792 3150 2941 3221; x_wconf 87' lang='lat' dir='ltr'><strong>plura</strong></span> <span class='ocrx_word' id='word_1_663' title='bbox 2964 3192 2978 3213; x_wconf 92' lang='lat'><strong>,</strong></span> <span class='ocrx_word' id='word_1_664' title='bbox 3024 3166 3112 3205; x_wconf 87' lang='lat' dir='ltr'><strong>res</strong></span> <span class='ocrx_word' id='word_1_665' title='bbox 3141 3154 3317 3207; x_wconf 82' lang='lat' dir='ltr'><strong>autem</strong></span> <span class='ocrx_word' id='word_1_666' title='bbox 3352 3168 3482 3218; x_wconf 88' lang='lat' dir='ltr'><strong>una,</strong></span> <span class='ocrx_word' id='word_1_667' title='bbox 3540 3165 3598 3208; x_wconf 87' lang='lat' dir='ltr'><strong>ut</strong></span> 
     </span>
    </p>
   </div>
   <div class='ocr_carea' id='block_1_92' title="bbox 1928 3243 3599 3327">
    <p class='ocr_par' dir='ltr' id='par_1_92' title="bbox 1928 3243 3599 3327">
     <span class='ocr_line' id='line_1_92' title="bbox 1928 3243 3599 3327; baseline -0.001 -24"><span class='ocrx_word' id='word_1_668' title='bbox 1928 3263 1976 3327; x_wconf 69' lang='grc' dir='ltr'><strong>ρ</strong></span> <span class='ocrx_word' id='word_1_669' title='bbox 2006 3247 2376 3312; x_wconf 54' lang='lat' dir='ltr'><strong>indumentum</strong></span> <span class='ocrx_word' id='word_1_670' title='bbox 2416 3254 2471 3300; x_wconf 93' lang='lat' dir='ltr'><strong>et</strong></span> <span class='ocrx_word' id='word_1_671' title='bbox 2499 3244 2685 3301; x_wconf 90' lang='lat' dir='ltr'><strong>vestis.</strong></span> <span class='ocrx_word' id='word_1_672' title='bbox 2732 3243 2927 3313; x_wconf 89' lang='lat' dir='ltr'><strong>Specie</strong></span> <span class='ocrx_word' id='word_1_673' title='bbox 2967 3257 3144 3301; x_wconf 90' lang='lat' dir='ltr'><strong>autem</strong></span> <span class='ocrx_word' id='word_1_674' title='bbox 3185 3262 3306 3317; x_wconf 80' lang='lat' dir='ltr'><strong>quae</strong></span> <span class='ocrx_word' id='word_1_675' title='bbox 3338 3262 3458 3302; x_wconf 82' lang='lat' dir='ltr'><strong>cum</strong></span> <span class='ocrx_word' id='word_1_676' title='bbox 3490 3249 3599 3302; x_wconf 82' lang='lat' dir='ltr'><strong>sint</strong></span> 
     </span>
    </p>
   </div>
   <div class='ocr_carea' id='block_1_93' title="bbox 2015 3332 3598 3409">
    <p class='ocr_par' dir='ltr' id='par_1_93' title="bbox 2015 3332 3598 3409">
     <span class='ocr_line' id='line_1_93' title="bbox 2015 3332 3598 3409; baseline 0.001 -17"><span class='ocrx_word' id='word_1_677' title='bbox 2015 3337 2191 3409; x_wconf 90' lang='lat' dir='ltr'><strong>plura,</strong></span> <span class='ocrx_word' id='word_1_678' title='bbox 2239 3332 2594 3391; x_wconf 82' lang='lat' dir='ltr'><strong>indifferentia</strong></span> <span class='ocrx_word' id='word_1_679' title='bbox 2627 3343 2751 3388; x_wconf 92' lang='lat' dir='ltr'><strong>sunt</strong></span> <span class='ocrx_word' id='word_1_680' title='bbox 2788 3333 3094 3389; x_wconf 81' lang='lat' dir='ltr'><strong>secundum</strong></span> <span class='ocrx_word' id='word_1_681' title='bbox 3127 3338 3382 3405; x_wconf 89' lang='lat' dir='ltr'><strong>speciem,</strong></span> <span class='ocrx_word' id='word_1_682' title='bbox 3417 3349 3473 3393; x_wconf 91' lang='lat' dir='ltr'><strong>ut</strong></span> <span class='ocrx_word' id='word_1_683' title='bbox 3505 3339 3598 3395; x_wconf 61' lang='lat' dir='ltr'><strong>hoc</strong></span> 
     </span>
    </p>
   </div>
   <div class='ocr_carea' id='block_1_94' title="bbox 2012 3424 3597 3499">
    <p class='ocr_par' dir='ltr' id='par_1_94' title="bbox 2012 3424 3597 3499">
     <span class='ocr_line' id='line_1_94' title="bbox 2012 3424 3597 3499; baseline -0.001 -12"><span class='ocrx_word' id='word_1_684' title='bbox 2012 3447 2099 3487; x_wconf 86' lang='lat' dir='ltr'><strong>mo</strong></span> <span class='ocrx_word' id='word_1_685' title='bbox 2130 3428 2357 3495; x_wconf 84' lang='lat' dir='ltr'><strong>homini,</strong></span> <span class='ocrx_word' id='word_1_686' title='bbox 2394 3443 2563 3498; x_wconf 89' lang='lat' dir='ltr'><strong>equus</strong></span> <span class='ocrx_word' id='word_1_687' title='bbox 2607 3424 2780 3495; x_wconf 87' lang='lat' dir='ltr'><strong>equo;</strong></span> <span class='ocrx_word' id='word_1_688' title='bbox 2813 3442 2934 3479; x_wconf 89' lang='lat' dir='ltr'><strong>nam</strong></span> <span class='ocrx_word' id='word_1_689' title='bbox 2965 3425 3271 3497; x_wconf 83' lang='lat' dir='ltr'><strong>hujusmodi</strong></span> <span class='ocrx_word' id='word_1_690' title='bbox 3302 3430 3483 3499; x_wconf 87' lang='lat' dir='ltr'><strong>specie</strong></span> <span class='ocrx_word' id='word_1_691' title='bbox 3512 3431 3597 3486; x_wconf 54' lang='lat' dir='ltr'><strong>di¢</strong></span> 
     </span>
    </p>
   </div>
   <div class='ocr_carea' id='block_1_95' title="bbox 2010 3516 3600 3590">
    <p class='ocr_par' dir='ltr' id='par_1_95' title="bbox 2010 3516 3600 3590">
     <span class='ocr_line' id='line_1_95' title="bbox 2010 3516 3600 3590; baseline -0.001 -12"><span class='ocrx_word' id='word_1_692' title='bbox 2010 3532 2225 3586; x_wconf 89' lang='lat' dir='ltr'><strong>cuntur,</strong></span> <span class='ocrx_word' id='word_1_693' title='bbox 2253 3534 2591 3590; x_wconf 65' lang='lat' dir='ltr'><strong>quaecunque</strong></span> <span class='ocrx_word' id='word_1_694' title='bbox 2615 3516 2716 3572; x_wconf 87' lang='lat' dir='ltr'><strong>sub</strong></span> <span class='ocrx_word' id='word_1_695' title='bbox 2746 3517 2932 3573; x_wconf 89' lang='lat' dir='ltr'><strong>eadem</strong></span> <span class='ocrx_word' id='word_1_696' title='bbox 2960 3518 3141 3586; x_wconf 85' lang='lat' dir='ltr'><strong>specie</strong></span> <span class='ocrx_word' id='word_1_697' title='bbox 3162 3529 3305 3573; x_wconf 89' lang='lat' dir='ltr'><strong>sunt.</strong></span> <span class='ocrx_word' id='word_1_698' title='bbox 3337 3519 3600 3576; x_wconf 89' lang='lat' dir='ltr'><strong>Similiter</strong></span> 
     </span>
    </p>
   </div>
   <div class='ocr_carea' id='block_1_96' title="bbox 2007 3608 3599 3681">
    <p class='ocr_par' dir='ltr' id='par_1_96' title="bbox 2007 3608 3599 3681">
     <span class='ocr_line' id='line_1_96' title="bbox 2007 3608 3599 3681; baseline -0.004 -11"><span class='ocrx_word' id='word_1_699' title='bbox 2007 3624 2188 3671; x_wconf 85' lang='lat' dir='ltr'><strong>autem</strong></span> <span class='ocrx_word' id='word_1_700' title='bbox 2213 3622 2265 3667; x_wconf 89' lang='lat' dir='ltr'><strong>et</strong></span> <span class='ocrx_word' id='word_1_701' title='bbox 2294 3624 2493 3681; x_wconf 87' lang='lat' dir='ltr'><strong>genere</strong></span> <span class='ocrx_word' id='word_1_702' title='bbox 2522 3608 2709 3663; x_wconf 87' lang='lat' dir='ltr'><strong>eadem</strong></span> <span class='ocrx_word' id='word_1_703' title='bbox 2731 3649 2746 3675; x_wconf 94' lang='lat'><strong>,</strong></span> <span class='ocrx_word' id='word_1_704' title='bbox 2803 3623 3135 3677; x_wconf 70' lang='lat' dir='ltr'><strong>quaecunque</strong></span> <span class='ocrx_word' id='word_1_705' title='bbox 3165 3609 3265 3663; x_wconf 90' lang='lat' dir='ltr'><strong>sub</strong></span> <span class='ocrx_word' id='word_1_706' title='bbox 3295 3608 3482 3664; x_wconf 89' lang='lat' dir='ltr'><strong>eodem</strong></span> <span class='ocrx_word' id='word_1_707' title='bbox 3508 3625 3599 3681; x_wconf 81' lang='lat' dir='ltr'><strong>ge-</strong></span> 
     </span>
    </p>
   </div>
   <div class='ocr_carea' id='block_1_97' title="bbox 2010 3699 3597 3771">
    <p class='ocr_par' dir='ltr' id='par_1_97' title="bbox 2010 3699 3597 3771">
     <span class='ocr_line' id='line_1_97' title="bbox 2010 3699 3597 3771; baseline -0.005 -7"><span class='ocrx_word' id='word_1_708' title='bbox 2010 3722 2140 3764; x_wconf 85' lang='lat' dir='ltr'><strong>nere</strong></span> <span class='ocrx_word' id='word_1_709' title='bbox 2168 3714 2312 3770; x_wconf 90' lang='lat' dir='ltr'><strong>sunt,</strong></span> <span class='ocrx_word' id='word_1_710' title='bbox 2343 3713 2398 3757; x_wconf 91' lang='lat' dir='ltr'><strong>ut</strong></span> <span class='ocrx_word' id='word_1_711' title='bbox 2423 3716 2594 3771; x_wconf 88' lang='lat' dir='ltr'><strong>equus</strong></span> <span class='ocrx_word' id='word_1_712' title='bbox 2625 3699 2849 3755; x_wconf 89' lang='lat' dir='ltr'><strong>homini.</strong></span> <span class='ocrx_word' id='word_1_713' title='bbox 2902 3699 3179 3755; x_wconf 76' lang='lat' dir='ltr'><strong>Videbitur</strong></span> <span class='ocrx_word' id='word_1_714' title='bbox 3208 3711 3384 3756; x_wconf 89' lang='lat' dir='ltr'><strong>autem</strong></span> <span class='ocrx_word' id='word_1_715' title='bbox 3414 3702 3481 3756; x_wconf 87' lang='lat' dir='ltr'><strong>ab</strong></span> <span class='ocrx_word' id='word_1_716' title='bbox 3502 3716 3597 3757; x_wconf 90' lang='lat' dir='ltr'><strong>eo-</strong></span> 
     </span>
    </p>
   </div>
   <div class='ocr_carea' id='block_1_98' title="bbox 2008 3794 3601 3867">
    <p class='ocr_par' dir='ltr' id='par_1_98' title="bbox 2008 3794 3601 3867">
     <span class='ocr_line' id='line_1_98' title="bbox 2008 3794 3601 3867; baseline -0.004 -9"><span class='ocrx_word' id='word_1_717' title='bbox 2008 3803 2131 3858; x_wconf 89' lang='lat' dir='ltr'><strong>dem</strong></span> <span class='ocrx_word' id='word_1_718' title='bbox 2166 3800 2315 3855; x_wconf 88' lang='lat' dir='ltr'><strong>fonte</strong></span> <span class='ocrx_word' id='word_1_719' title='bbox 2344 3812 2503 3867; x_wconf 86' lang='lat' dir='ltr'><strong>aqua,</strong></span> <span class='ocrx_word' id='word_1_720' title='bbox 2526 3799 2644 3867; x_wconf 66' lang='lat' dir='ltr'><strong>qua:</strong></span> <span class='ocrx_word' id='word_1_721' title='bbox 2672 3794 2860 3851; x_wconf 86' lang='lat' dir='ltr'><strong>eadem</strong></span> <span class='ocrx_word' id='word_1_722' title='bbox 2886 3794 3103 3862; x_wconf 90' lang='lat' dir='ltr'><strong>dicitur,</strong></span> <span class='ocrx_word' id='word_1_723' title='bbox 3148 3795 3343 3851; x_wconf 87' lang='lat' dir='ltr'><strong>habere</strong></span> <span class='ocrx_word' id='word_1_724' title='bbox 3366 3796 3601 3866; x_wconf 87' lang='lat' dir='ltr'><strong>aliquam</strong></span> 
     </span>
    </p>
   </div>
   <div class='ocr_carea' id='block_1_99' title="bbox 2010 3876 3604 3961">
    <p class='ocr_par' dir='ltr' id='par_1_99' title="bbox 2010 3876 3604 3961">
     <span class='ocr_line' id='line_1_99' title="bbox 2010 3876 3604 3961; baseline -0.006 -9"><span class='ocrx_word' id='word_1_725' title='bbox 2010 3894 2366 3953; x_wconf 83' lang='lat' dir='ltr'><strong>dill&#39;erentiam</strong></span> <span class='ocrx_word' id='word_1_726' title='bbox 2391 3902 2586 3961; x_wconf 59' lang='lat' dir='ltr'><strong>praeter</strong></span> <span class='ocrx_word' id='word_1_727' title='bbox 2606 3888 2780 3945; x_wconf 88' lang='lat' dir='ltr'><strong>dictos</strong></span> <span class='ocrx_word' id='word_1_728' title='bbox 2821 3887 3029 3944; x_wconf 91' lang='lat' dir='ltr'><strong>modos.</strong></span> <span class='ocrx_word' id='word_1_729' title='bbox 3064 3888 3180 3944; x_wconf 86' lang='lat' dir='ltr'><strong>Non</strong></span> <span class='ocrx_word' id='word_1_730' title='bbox 3204 3876 3403 3956; x_wconf 84' lang='lat' dir='ltr'><strong>tamen,</strong></span> <span class='ocrx_word' id='word_1_731' title='bbox 3432 3892 3524 3945; x_wconf 90' lang='lat' dir='ltr'><strong>sed</strong></span> <span class='ocrx_word' id='word_1_732' title='bbox 3548 3897 3604 3949; x_wconf 83' lang='lat' dir='ltr'><strong>et</strong></span> 
     </span>
    </p>
   </div>
   <div class='ocr_carea' id='block_1_100' title="bbox 2011 3980 3600 4058">
    <p class='ocr_par' dir='ltr' id='par_1_100' title="bbox 2011 3980 3600 4058">
     <span class='ocr_line' id='line_1_100' title="bbox 2011 3980 3600 4058; baseline -0.006 -13"><span class='ocrx_word' id='word_1_733' title='bbox 2011 3985 2317 4058; x_wconf 73' lang='lat' dir='ltr'><strong>huiusmodi</strong></span> <span class='ocrx_word' id='word_1_734' title='bbox 2380 3984 2432 4039; x_wconf 91' lang='lat' dir='ltr'><strong>in</strong></span> <span class='ocrx_word' id='word_1_735' title='bbox 2472 3981 2663 4039; x_wconf 88' lang='lat' dir='ltr'><strong>eodem</strong></span> <span class='ocrx_word' id='word_1_736' title='bbox 2705 3980 2982 4037; x_wconf 88' lang='lat' dir='ltr'><strong>ordinetur</strong></span> <span class='ocrx_word' id='word_1_737' title='bbox 3025 3980 3089 4035; x_wconf 90' lang='lat' dir='ltr'><strong>iis</strong></span> <span class='ocrx_word' id='word_1_738' title='bbox 3133 3996 3253 4049; x_wconf 59' lang='lat' dir='ltr'><strong>quae</strong></span> <span class='ocrx_word' id='word_1_739' title='bbox 3306 3982 3600 4036; x_wconf 89' lang='lat' dir='ltr'><strong>secundum</strong></span> 
     </span>
    </p>
   </div>
   <div class='ocr_carea' id='block_1_101' title="bbox 2012 4073 3603 4149">
    <p class='ocr_par' dir='ltr' id='par_1_101' title="bbox 2012 4073 3603 4149">
     <span class='ocr_line' id='line_1_101' title="bbox 2012 4073 3603 4149; baseline -0.006 -11"><span class='ocrx_word' id='word_1_740' title='bbox 2012 4096 2172 4138; x_wconf 89' lang='lat' dir='ltr'><strong>uuam</strong></span> <span class='ocrx_word' id='word_1_741' title='bbox 2203 4076 2441 4149; x_wconf 84' lang='lat' dir='ltr'><strong>speciem</strong></span> <span class='ocrx_word' id='word_1_742' title='bbox 2464 4090 2679 4146; x_wconf 87' lang='lat' dir='ltr'><strong>quoquo</strong></span> <span class='ocrx_word' id='word_1_743' title='bbox 2713 4074 2873 4128; x_wconf 88' lang='lat' dir='ltr'><strong>modo</strong></span> <span class='ocrx_word' id='word_1_744' title='bbox 2894 4073 3036 4127; x_wconf 89' lang='lat' dir='ltr'><strong>dicta</strong></span> <span class='ocrx_word' id='word_1_745' title='bbox 3068 4081 3192 4127; x_wconf 91' lang='lat' dir='ltr'><strong>sunt</strong></span> <span class='ocrx_word' id='word_1_746' title='bbox 3216 4090 3228 4125; x_wconf 90' lang='lat'><strong>:</strong></span> <span class='ocrx_word' id='word_1_747' title='bbox 3251 4073 3429 4127; x_wconf 87' lang='lat' dir='ltr'><strong>omnia</strong></span> <span class='ocrx_word' id='word_1_748' title='bbox 3458 4074 3603 4129; x_wconf 86' lang='lat' dir='ltr'><strong>enim</strong></span> 
     </span>
    </p>
   </div>
   <div class='ocr_carea' id='block_1_102' title="bbox 2014 4162 3600 4241">
    <p class='ocr_par' dir='ltr' id='par_1_102' title="bbox 2014 4162 3600 4241">
     <span class='ocr_line' id='line_1_102' title="bbox 2014 4162 3600 4241; baseline -0.006 -13"><span class='ocrx_word' id='word_1_749' title='bbox 2014 4174 2139 4228; x_wconf 90' lang='lat' dir='ltr'><strong>talia</strong></span> <span class='ocrx_word' id='word_1_750' title='bbox 2170 4178 2396 4241; x_wconf 87' lang='lat' dir='ltr'><strong>cognata</strong></span> <span class='ocrx_word' id='word_1_751' title='bbox 2426 4178 2482 4223; x_wconf 93' lang='lat' dir='ltr'><strong>et</strong></span> <span class='ocrx_word' id='word_1_752' title='bbox 2514 4166 2692 4221; x_wconf 81' lang='lat' dir='ltr'><strong>afﬁnia</strong></span> <span class='ocrx_word' id='word_1_753' title='bbox 2747 4165 2845 4220; x_wconf 88' lang='lat' dir='ltr'><strong>sibi</strong></span> <span class='ocrx_word' id='word_1_754' title='bbox 2895 4163 3121 4219; x_wconf 87' lang='lat' dir='ltr'><strong>invicem</strong></span> <span class='ocrx_word' id='word_1_755' title='bbox 3159 4162 3404 4219; x_wconf 90' lang='lat' dir='ltr'><strong>videntur</strong></span> <span class='ocrx_word' id='word_1_756' title='bbox 3434 4180 3556 4221; x_wconf 75' lang='lat' dir='ltr'><strong>esse</strong></span> <span class='ocrx_word' id='word_1_757' title='bbox 3587 4184 3600 4218; x_wconf 92' lang='lat'><strong>:</strong></span> 
     </span>
    </p>
   </div>
   <div class='ocr_carea' id='block_1_103' title="bbox 2012 4257 3603 4331">
    <p class='ocr_par' dir='ltr' id='par_1_103' title="bbox 2012 4257 3603 4331">
     <span class='ocr_line' id='line_1_103' title="bbox 2012 4257 3603 4331; baseline -0.005 -10"><span class='ocrx_word' id='word_1_758' title='bbox 2012 4281 2137 4321; x_wconf 89' lang='lat' dir='ltr'><strong>nam</strong></span> <span class='ocrx_word' id='word_1_759' title='bbox 2168 4262 2347 4320; x_wconf 87' lang='lat' dir='ltr'><strong>omnis</strong></span> <span class='ocrx_word' id='word_1_760' title='bbox 2389 4274 2525 4331; x_wconf 89' lang='lat' dir='ltr'><strong>aqua</strong></span> <span class='ocrx_word' id='word_1_761' title='bbox 2573 4258 2719 4313; x_wconf 91' lang='lat' dir='ltr'><strong>omni</strong></span> <span class='ocrx_word' id='word_1_762' title='bbox 2754 4271 2905 4327; x_wconf 76' lang='lat' dir='ltr'><strong>aqua:</strong></span> <span class='ocrx_word' id='word_1_763' title='bbox 2935 4257 3122 4312; x_wconf 91' lang='lat' dir='ltr'><strong>eadem</strong></span> <span class='ocrx_word' id='word_1_764' title='bbox 3162 4258 3342 4326; x_wconf 82' lang='lat' dir='ltr'><strong>specie</strong></span> <span class='ocrx_word' id='word_1_765' title='bbox 3386 4257 3603 4326; x_wconf 86' lang='lat' dir='ltr'><strong>dicitur,</strong></span> 
     </span>
    </p>
   </div>
   <div class='ocr_carea' id='block_1_104' title="bbox 2012 4348 3605 4426">
    <p class='ocr_par' dir='ltr' id='par_1_104' title="bbox 2012 4348 3605 4426">
     <span class='ocr_line' id='line_1_104' title="bbox 2012 4348 3605 4426; baseline -0.003 -13"><span class='ocrx_word' id='word_1_766' title='bbox 2012 4372 2079 4413; x_wconf 92' lang='lat' dir='ltr'><strong>eo</strong></span> <span class='ocrx_word' id='word_1_767' title='bbox 2101 4354 2243 4426; x_wconf 90' lang='lat' dir='ltr'><strong>quod</strong></span> <span class='ocrx_word' id='word_1_768' title='bbox 2275 4352 2471 4408; x_wconf 86' lang='lat' dir='ltr'><strong>habeat</strong></span> <span class='ocrx_word' id='word_1_769' title='bbox 2500 4349 2784 4421; x_wconf 89' lang='lat' dir='ltr'><strong>quamdam</strong></span> <span class='ocrx_word' id='word_1_770' title='bbox 2818 4348 3263 4416; x_wconf 88' lang='lat' dir='ltr'><strong>similitudinem;</strong></span> <span class='ocrx_word' id='word_1_771' title='bbox 3320 4351 3386 4405; x_wconf 88' lang='lat' dir='ltr'><strong>ab</strong></span> <span class='ocrx_word' id='word_1_772' title='bbox 3415 4352 3605 4408; x_wconf 88' lang='lat' dir='ltr'><strong>eodem</strong></span> 
     </span>
    </p>
   </div>
   <div class='ocr_carea' id='block_1_105' title="bbox 2014 4441 3604 4515">
    <p class='ocr_par' dir='ltr' id='par_1_105' title="bbox 2014 4441 3604 4515">
     <span class='ocr_line' id='line_1_105' title="bbox 2014 4441 3604 4515; baseline -0.001 -14"><span class='ocrx_word' id='word_1_773' title='bbox 2014 4456 2194 4503; x_wconf 91' lang='lat' dir='ltr'><strong>autem</strong></span> <span class='ocrx_word' id='word_1_774' title='bbox 2224 4445 2368 4500; x_wconf 90' lang='lat' dir='ltr'><strong>fonte</strong></span> <span class='ocrx_word' id='word_1_775' title='bbox 2400 4458 2534 4515; x_wconf 91' lang='lat' dir='ltr'><strong>aqua</strong></span> <span class='ocrx_word' id='word_1_776' title='bbox 2566 4456 2684 4514; x_wconf 67' lang='lat' dir='ltr'><strong>quae</strong></span> <span class='ocrx_word' id='word_1_777' title='bbox 2714 4442 2900 4500; x_wconf 89' lang='lat' dir='ltr'><strong>eadem</strong></span> <span class='ocrx_word' id='word_1_778' title='bbox 2946 4442 3141 4498; x_wconf 90' lang='lat' dir='ltr'><strong>dicitur</strong></span> <span class='ocrx_word' id='word_1_779' title='bbox 3177 4441 3325 4498; x_wconf 91' lang='lat' dir='ltr'><strong>nullo</strong></span> <span class='ocrx_word' id='word_1_780' title='bbox 3354 4444 3461 4500; x_wconf 88' lang='lat' dir='ltr'><strong>alio</strong></span> <span class='ocrx_word' id='word_1_781' title='bbox 3499 4444 3604 4499; x_wconf 86' lang='lat' dir='ltr'><strong>dif-</strong></span> 
     </span>
    </p>
   </div>
   <div class='ocr_carea' id='block_1_106' title="bbox 2015 4536 3609 4611">
    <p class='ocr_par' dir='ltr' id='par_1_106' title="bbox 2015 4536 3609 4611">
     <span class='ocr_line' id='line_1_106' title="bbox 2015 4536 3609 4611; baseline -0.001 -16"><span class='ocrx_word' id='word_1_782' title='bbox 2015 4541 2138 4608; x_wconf 87' lang='lat' dir='ltr'><strong>fert,</strong></span> <span class='ocrx_word' id='word_1_783' title='bbox 2163 4554 2320 4611; x_wconf 91' lang='lat' dir='ltr'><strong>quam</strong></span> <span class='ocrx_word' id='word_1_784' title='bbox 2341 4554 2406 4594; x_wconf 90' lang='lat' dir='ltr'><strong>eo</strong></span> <span class='ocrx_word' id='word_1_785' title='bbox 2434 4537 2574 4608; x_wconf 83' lang='lat' dir='ltr'><strong>quod</strong></span> <span class='ocrx_word' id='word_1_786' title='bbox 2598 4536 2969 4593; x_wconf 89' lang='lat' dir='ltr'><strong>vehementior</strong></span> <span class='ocrx_word' id='word_1_787' title='bbox 2997 4536 3067 4593; x_wconf 87' lang='lat' dir='ltr'><strong>sit</strong></span> <span class='ocrx_word' id='word_1_788' title='bbox 3092 4537 3385 4595; x_wconf 89' lang='lat' dir='ltr'><strong>similitudo</strong></span> <span class='ocrx_word' id='word_1_789' title='bbox 3408 4557 3420 4594; x_wconf 88' lang='lat'><strong>:</strong></span> <span class='ocrx_word' id='word_1_790' title='bbox 3442 4555 3609 4609; x_wconf 84' lang='lat' dir='ltr'><strong>quare</strong></span> 
     </span>
    </p>
   </div>
   <div class='ocr_carea' id='block_1_107' title="bbox 1937 4627 3609 4706">
    <p class='ocr_par' dir='ltr' id='par_1_107' title="bbox 1937 4627 3609 4706">
     <span class='ocr_line' id='line_1_107' title="bbox 1937 4627 3609 4706; baseline -0.001 -18"><span class='ocrx_word' id='word_1_791' title='bbox 1937 4643 2122 4706; x_wconf 80' lang='lat' dir='ltr'><strong>Dnon</strong></span> <span class='ocrx_word' id='word_1_792' title='bbox 2156 4645 2469 4699; x_wconf 86' lang='lat' dir='ltr'><strong>separamus</strong></span> <span class='ocrx_word' id='word_1_793' title='bbox 2516 4628 2654 4684; x_wconf 87' lang='lat' dir='ltr'><strong>idem</strong></span> <span class='ocrx_word' id='word_1_794' title='bbox 2712 4628 2779 4682; x_wconf 91' lang='lat' dir='ltr'><strong>ab</strong></span> <span class='ocrx_word' id='word_1_795' title='bbox 2821 4627 2891 4681; x_wconf 90' lang='lat' dir='ltr'><strong>iis</strong></span> <span class='ocrx_word' id='word_1_796' title='bbox 2932 4643 3053 4696; x_wconf 74' lang='lat' dir='ltr'><strong>quae</strong></span> <span class='ocrx_word' id='word_1_797' title='bbox 3107 4627 3400 4685; x_wconf 80' lang='lat' dir='ltr'><strong>secundum</strong></span> <span class='ocrx_word' id='word_1_798' title='bbox 3448 4646 3609 4689; x_wconf 87' lang='lat' dir='ltr'><strong>unatn</strong></span> 
     </span>
    </p>
   </div>
   <div class='ocr_carea' id='block_1_108' title="bbox 2018 4717 3607 4792">
    <p class='ocr_par' dir='ltr' id='par_1_108' title="bbox 2018 4717 3607 4792">
     <span class='ocr_line' id='line_1_108' title="bbox 2018 4717 3607 4792; baseline -0.001 -14"><span class='ocrx_word' id='word_1_799' title='bbox 2018 4723 2255 4792; x_wconf 87' lang='lat' dir='ltr'><strong>speciem</strong></span> <span class='ocrx_word' id='word_1_800' title='bbox 2288 4735 2502 4791; x_wconf 86' lang='lat' dir='ltr'><strong>quoquo</strong></span> <span class='ocrx_word' id='word_1_801' title='bbox 2552 4717 2712 4774; x_wconf 89' lang='lat' dir='ltr'><strong>modo</strong></span> <span class='ocrx_word' id='word_1_802' title='bbox 2741 4717 3007 4775; x_wconf 91' lang='lat' dir='ltr'><strong>dicuntur.</strong></span> <span class='ocrx_word' id='word_1_803' title='bbox 3056 4719 3291 4776; x_wconf 82' lang='lat' dir='ltr'><strong>Maxime</strong></span> <span class='ocrx_word' id='word_1_804' title='bbox 3318 4731 3495 4777; x_wconf 91' lang='lat' dir='ltr'><strong>autem</strong></span> <span class='ocrx_word' id='word_1_805' title='bbox 3524 4723 3607 4777; x_wconf 85' lang='lat' dir='ltr'><strong>in-</strong></span> 
     </span>
    </p>
   </div>
   <div class='ocr_carea' id='block_1_109' title="bbox 2017 4811 3611 4882">
    <p class='ocr_par' dir='ltr' id='par_1_109' title="bbox 2017 4811 3611 4882">
     <span class='ocr_line' id='line_1_109' title="bbox 2017 4811 3611 4882; baseline -0.001 -13"><span class='ocrx_word' id='word_1_806' title='bbox 2017 4816 2325 4869; x_wconf 89' lang='lat' dir='ltr'><strong>dubitanter</strong></span> <span class='ocrx_word' id='word_1_807' title='bbox 2347 4811 2487 4882; x_wconf 92' lang='lat' dir='ltr'><strong>quod</strong></span> <span class='ocrx_word' id='word_1_808' title='bbox 2518 4825 2681 4864; x_wconf 91' lang='lat' dir='ltr'><strong>unum</strong></span> <span class='ocrx_word' id='word_1_809' title='bbox 2712 4819 2795 4864; x_wconf 90' lang='lat' dir='ltr'><strong>est</strong></span> <span class='ocrx_word' id='word_1_810' title='bbox 2822 4824 3067 4876; x_wconf 88' lang='lat' dir='ltr'><strong>numero,</strong></span> <span class='ocrx_word' id='word_1_811' title='bbox 3101 4811 3241 4867; x_wconf 90' lang='lat' dir='ltr'><strong>idem</strong></span> <span class='ocrx_word' id='word_1_812' title='bbox 3268 4812 3334 4869; x_wconf 89' lang='lat' dir='ltr'><strong>ab</strong></span> <span class='ocrx_word' id='word_1_813' title='bbox 3364 4813 3611 4867; x_wconf 85' lang='lat' dir='ltr'><strong>omnibus</strong></span> 
     </span>
    </p>
   </div>
   <div class='ocr_carea' id='block_1_110' title="bbox 2019 4894 3610 4976">
    <p class='ocr_par' dir='ltr' id='par_1_110' title="bbox 2019 4894 3610 4976">
     <span class='ocr_line' id='line_1_110' title="bbox 2019 4894 3610 4976; baseline -0.001 -13"><span class='ocrx_word' id='word_1_814' title='bbox 2019 4908 2232 4964; x_wconf 87' lang='lat' dir='ltr'><strong>videtur</strong></span> <span class='ocrx_word' id='word_1_815' title='bbox 2254 4904 2381 4960; x_wconf 86' lang='lat' dir='ltr'><strong>dici.</strong></span> <span class='ocrx_word' id='word_1_816' title='bbox 2411 4903 2562 4960; x_wconf 90' lang='lat' dir='ltr'><strong>Solet</strong></span> <span class='ocrx_word' id='word_1_817' title='bbox 2583 4912 2760 4958; x_wconf 88' lang='lat' dir='ltr'><strong>autem</strong></span> <span class='ocrx_word' id='word_1_818' title='bbox 2802 4911 2855 4957; x_wconf 91' lang='lat' dir='ltr'><strong>et</strong></span> <span class='ocrx_word' id='word_1_819' title='bbox 2885 4902 2984 4959; x_wconf 92' lang='lat' dir='ltr'><strong>hoc</strong></span> <span class='ocrx_word' id='word_1_820' title='bbox 3011 4894 3275 4976; x_wconf 87' lang='lat' dir='ltr'><strong>assignari</strong></span> <span class='ocrx_word' id='word_1_821' title='bbox 3304 4904 3610 4974; x_wconf 87' lang='lat' dir='ltr'><strong>multiplici-</strong></span> 
     </span>
    </p>
   </div>
   <div class='ocr_carea' id='block_1_111' title="bbox 2024 4994 3612 5069">
    <p class='ocr_par' dir='ltr' id='par_1_111' title="bbox 2024 4994 3612 5069">
     <span class='ocr_line' id='line_1_111' title="bbox 2024 4994 3612 5069; baseline -0.001 -15"><span class='ocrx_word' id='word_1_822' title='bbox 2024 5010 2127 5066; x_wconf 91' lang='lat' dir='ltr'><strong>ter,</strong></span> <span class='ocrx_word' id='word_1_823' title='bbox 2156 4995 2529 5069; x_wconf 86' lang='lat' dir='ltr'><strong>propriissime</strong></span> <span class='ocrx_word' id='word_1_824' title='bbox 2576 5004 2753 5050; x_wconf 89' lang='lat' dir='ltr'><strong>autem</strong></span> <span class='ocrx_word' id='word_1_825' title='bbox 2804 5003 2857 5049; x_wconf 92' lang='lat' dir='ltr'><strong>et</strong></span> <span class='ocrx_word' id='word_1_826' title='bbox 2905 4995 3106 5065; x_wconf 88' lang='lat' dir='ltr'><strong>primo,</strong></span> <span class='ocrx_word' id='word_1_827' title='bbox 3157 4994 3369 5067; x_wconf 90' lang='lat' dir='ltr'><strong>quando</strong></span> <span class='ocrx_word' id='word_1_828' title='bbox 3398 4998 3612 5053; x_wconf 80' lang='lat' dir='ltr'><strong>nomine</strong></span> 
     </span>
    </p>
   </div>
   <div class='ocr_carea' id='block_1_112' title="bbox 2028 5068 3610 5159">
    <p class='ocr_par' dir='ltr' id='par_1_112' title="bbox 2028 5068 3610 5159">
     <span class='ocr_line' id='line_1_112' title="bbox 2028 5068 3610 5159; baseline 0 -16"><span class='ocrx_word' id='word_1_829' title='bbox 2028 5092 2113 5147; x_wconf 89' lang='lat' dir='ltr'><strong>vel</strong></span> <span class='ocrx_word' id='word_1_830' title='bbox 2141 5091 2372 5147; x_wconf 85' lang='lat' dir='ltr'><strong>termino</strong></span> <span class='ocrx_word' id='word_1_831' title='bbox 2402 5089 2541 5144; x_wconf 92' lang='lat' dir='ltr'><strong>idem</strong></span> <span class='ocrx_word' id='word_1_832' title='bbox 2585 5088 2910 5159; x_wconf 85' lang='lat' dir='ltr'><strong>assignatum</strong></span> <span class='ocrx_word' id='word_1_833' title='bbox 2946 5068 3132 5154; x_wconf 79' lang='lat' dir='ltr'><strong>fuerit,</strong></span> <span class='ocrx_word' id='word_1_834' title='bbox 3176 5096 3233 5143; x_wconf 91' lang='lat' dir='ltr'><strong>ut</strong></span> <span class='ocrx_word' id='word_1_835' title='bbox 3262 5088 3426 5145; x_wconf 86' lang='lat' dir='ltr'><strong>vestis</strong></span> <span class='ocrx_word' id='word_1_836' title='bbox 3455 5089 3610 5143; x_wconf 87' lang='lat' dir='ltr'><strong>indu-</strong></span> 
     </span>
    </p>
   </div>
   <div class='ocr_carea' id='block_1_113' title="bbox 2029 5181 3611 5254">
    <p class='ocr_par' dir='ltr' id='par_1_113' title="bbox 2029 5181 3611 5254">
     <span class='ocr_line' id='line_1_113' title="bbox 2029 5181 3611 5254; baseline -0.003 -13"><span class='ocrx_word' id='word_1_837' title='bbox 2029 5193 2228 5253; x_wconf 88' lang='lat' dir='ltr'><strong>mento,</strong></span> <span class='ocrx_word' id='word_1_838' title='bbox 2255 5196 2308 5241; x_wconf 92' lang='lat' dir='ltr'><strong>et</strong></span> <span class='ocrx_word' id='word_1_839' title='bbox 2346 5183 2541 5240; x_wconf 86' lang='lat' dir='ltr'><strong>animal</strong></span> <span class='ocrx_word' id='word_1_840' title='bbox 2568 5184 2845 5254; x_wconf 87' lang='lat' dir='ltr'><strong>gresslbilc</strong></span> <span class='ocrx_word' id='word_1_841' title='bbox 2872 5182 3021 5251; x_wconf 85' lang='lat' dir='ltr'><strong>bipes</strong></span> <span class='ocrx_word' id='word_1_842' title='bbox 3054 5181 3275 5237; x_wconf 90' lang='lat' dir='ltr'><strong>homini.</strong></span> <span class='ocrx_word' id='word_1_843' title='bbox 3305 5182 3611 5237; x_wconf 86' lang='lat' dir='ltr'><strong>Secundum</strong></span> 
     </span>
    </p>
   </div>
   <div class='ocr_carea' id='block_1_114' title="bbox 2030 5272 3611 5350">
    <p class='ocr_par' dir='ltr' id='par_1_114' title="bbox 2030 5272 3611 5350">
     <span class='ocr_line' id='line_1_114' title="bbox 2030 5272 3611 5350; baseline -0.004 -14"><span class='ocrx_word' id='word_1_844' title='bbox 2030 5290 2240 5347; x_wconf 87' lang='lat' dir='ltr'><strong>autem,</strong></span> <span class='ocrx_word' id='word_1_845' title='bbox 2287 5277 2501 5350; x_wconf 90' lang='lat' dir='ltr'><strong>quando</strong></span> <span class='ocrx_word' id='word_1_846' title='bbox 2537 5276 2788 5347; x_wconf 87' lang='lat' dir='ltr'><strong>proprio,</strong></span> <span class='ocrx_word' id='word_1_847' title='bbox 2818 5284 2877 5327; x_wconf 90' lang='lat' dir='ltr'><strong>ut</strong></span> <span class='ocrx_word' id='word_1_848' title='bbox 2918 5272 3213 5342; x_wconf 74' lang='lat' dir='ltr'><strong>disciplina:</strong></span> <span class='ocrx_word' id='word_1_849' title='bbox 3252 5273 3611 5342; x_wconf 79' lang='lat' dir='ltr'><strong>susceptibilis</strong></span> 
     </span>
    </p>
   </div>
   <div class='ocr_carea' id='block_1_115' title="bbox 2030 5367 3614 5444">
    <p class='ocr_par' dir='ltr' id='par_1_115' title="bbox 2030 5367 3614 5444">
     <span class='ocr_line' id='line_1_115' title="bbox 2030 5367 3614 5444; baseline -0.004 -13"><span class='ocrx_word' id='word_1_850' title='bbox 2030 5375 2259 5443; x_wconf 84' lang='lat' dir='ltr'><strong>homini,</strong></span> <span class='ocrx_word' id='word_1_851' title='bbox 2288 5381 2343 5429; x_wconf 89' lang='lat' dir='ltr'><strong>et</strong></span> <span class='ocrx_word' id='word_1_852' title='bbox 2373 5372 2517 5444; x_wconf 90' lang='lat' dir='ltr'><strong>quod</strong></span> <span class='ocrx_word' id='word_1_853' title='bbox 2558 5381 2745 5427; x_wconf 90' lang='lat' dir='ltr'><strong>natura</strong></span> <span class='ocrx_word' id='word_1_854' title='bbox 2776 5384 2985 5426; x_wconf 84' lang='lat' dir='ltr'><strong>sursum</strong></span> <span class='ocrx_word' id='word_1_855' title='bbox 3016 5367 3186 5423; x_wconf 86' lang='lat' dir='ltr'><strong>fertur</strong></span> <span class='ocrx_word' id='word_1_856' title='bbox 3211 5369 3339 5439; x_wconf 88' lang='lat' dir='ltr'><strong>igni.</strong></span> <span class='ocrx_word' id='word_1_857' title='bbox 3371 5368 3614 5425; x_wconf 83' lang='lat' dir='ltr'><strong>Tertium</strong></span> 
     </span>
    </p>
   </div>
   <div class='ocr_carea' id='block_1_116' title="bbox 2030 5460 3620 5538">
    <p class='ocr_par' dir='ltr' id='par_1_116' title="bbox 2030 5460 3620 5538">
     <span class='ocr_line' id='line_1_116' title="bbox 2030 5460 3620 5538; baseline -0.006 -16"><span class='ocrx_word' id='word_1_858' title='bbox 2030 5484 2180 5535; x_wconf 87' lang='lat' dir='ltr'><strong>vero,</strong></span> <span class='ocrx_word' id='word_1_859' title='bbox 2211 5466 2428 5538; x_wconf 90' lang='lat' dir='ltr'><strong>quando</strong></span> <span class='ocrx_word' id='word_1_860' title='bbox 2449 5464 2516 5519; x_wconf 89' lang='lat' dir='ltr'><strong>ah</strong></span> <span class='ocrx_word' id='word_1_861' title='bbox 2542 5464 2832 5521; x_wconf 85' lang='lat' dir='ltr'><strong>accidente.</strong></span> <span class='ocrx_word' id='word_1_862' title='bbox 2868 5474 2925 5515; x_wconf 90' lang='lat' dir='ltr'><strong>ut</strong></span> <span class='ocrx_word' id='word_1_863' title='bbox 2965 5460 3181 5529; x_wconf 87' lang='lat' dir='ltr'><strong>sedens,</strong></span> <span class='ocrx_word' id='word_1_864' title='bbox 3216 5461 3297 5515; x_wconf 86' lang='lat' dir='ltr'><strong>vel</strong></span> <span class='ocrx_word' id='word_1_865' title='bbox 3348 5461 3620 5516; x_wconf 88' lang='lat' dir='ltr'><strong>musicum</strong></span> 
     </span>
    </p>
   </div>
   <div class='ocr_carea' id='block_1_117' title="bbox 2030 5553 3625 5628">
    <p class='ocr_par' dir='ltr' id='par_1_117' title="bbox 2030 5553 3625 5628">
     <span class='ocr_line' id='line_1_117' title="bbox 2030 5553 3625 5628; baseline -0.008 -7"><span class='ocrx_word' id='word_1_866' title='bbox 2030 5562 2274 5628; x_wconf 91' lang='lat' dir='ltr'><strong>Socrati,</strong></span> <span class='ocrx_word' id='word_1_867' title='bbox 2305 5560 2482 5615; x_wconf 91' lang='lat' dir='ltr'><strong>omnia</strong></span> <span class='ocrx_word' id='word_1_868' title='bbox 2510 5558 2650 5615; x_wconf 89' lang='lat' dir='ltr'><strong>enim</strong></span> <span class='ocrx_word' id='word_1_869' title='bbox 2682 5556 2799 5611; x_wconf 83' lang='lat' dir='ltr'><strong>haec</strong></span> <span class='ocrx_word' id='word_1_870' title='bbox 2828 5569 2989 5609; x_wconf 90' lang='lat' dir='ltr'><strong>unum</strong></span> <span class='ocrx_word' id='word_1_871' title='bbox 3024 5570 3249 5611; x_wconf 87' lang='lat' dir='ltr'><strong>numero</strong></span> <span class='ocrx_word' id='word_1_872' title='bbox 3300 5553 3486 5611; x_wconf 87' lang='lat' dir='ltr'><strong>volunt</strong></span> <span class='ocrx_word' id='word_1_873' title='bbox 3555 5555 3625 5612; x_wconf 76' lang='lat' dir='ltr'><strong>si-</strong></span> 
     </span>
    </p>
   </div>
   <div class='ocr_carea' id='block_1_118' title="bbox 2029 5648 3611 5731">
    <p class='ocr_par' dir='ltr' id='par_1_118' title="bbox 2029 5648 3611 5731">
     <span class='ocr_line' id='line_1_118' title="bbox 2029 5648 3611 5731; baseline -0.005 -18"><span class='ocrx_word' id='word_1_874' title='bbox 2029 5657 2305 5728; x_wconf 79' lang='lat' dir='ltr'><strong>gnificare.</strong></span> <span class='ocrx_word' id='word_1_875' title='bbox 2347 5654 2497 5723; x_wconf 87' lang='lat' dir='ltr'><strong>Quod</strong></span> <span class='ocrx_word' id='word_1_876' title='bbox 2527 5661 2704 5731; x_wconf 83' lang='lat' dir='ltr'><strong>autem</strong></span> <span class='ocrx_word' id='word_1_877' title='bbox 2737 5664 2921 5704; x_wconf 90' lang='lat' dir='ltr'><strong>verum</strong></span> <span class='ocrx_word' id='word_1_878' title='bbox 2967 5648 3037 5704; x_wconf 88' lang='lat' dir='ltr'><strong>sit</strong></span> <span class='ocrx_word' id='word_1_879' title='bbox 3064 5648 3208 5719; x_wconf 89' lang='lat' dir='ltr'><strong>quod</strong></span> <span class='ocrx_word' id='word_1_880' title='bbox 3236 5662 3380 5706; x_wconf 89' lang='lat' dir='ltr'><strong>nunc</strong></span> <span class='ocrx_word' id='word_1_881' title='bbox 3409 5649 3611 5705; x_wconf 86' lang='lat' dir='ltr'><strong>dictum</strong></span> 
     </span>
    </p>
   </div>
   <div class='ocr_carea' id='block_1_119' title="bbox 2032 5738 3614 5815">
    <p class='ocr_par' dir='ltr' id='par_1_119' title="bbox 2032 5738 3614 5815">
     <span class='ocr_line' id='line_1_119' title="bbox 2032 5738 3614 5815; baseline -0.003 -9"><span class='ocrx_word' id='word_1_882' title='bbox 2032 5762 2136 5815; x_wconf 85' lang='lat' dir='ltr'><strong>est,</strong></span> <span class='ocrx_word' id='word_1_883' title='bbox 2169 5765 2232 5804; x_wconf 74' lang='lat' dir='ltr'><strong>ex</strong></span> <span class='ocrx_word' id='word_1_884' title='bbox 2266 5738 2750 5802; x_wconf 58' lang='lat' dir='ltr'><strong>transsu‘mentibus</strong></span> <span class='ocrx_word' id='word_1_885' title='bbox 2779 5743 3204 5811; x_wconf 86' lang='lat' dir='ltr'><strong>nuncupationes</strong></span> <span class='ocrx_word' id='word_1_886' title='bbox 3234 5745 3466 5800; x_wconf 79' lang='lat' dir='ltr'><strong>maxime</strong></span> <span class='ocrx_word' id='word_1_887' title='bbox 3493 5747 3614 5815; x_wconf 79' lang='lat' dir='ltr'><strong>quis</strong></span> 
     </span>
    </p>
   </div>
   <div class='ocr_carea' id='block_1_120' title="bbox 2034 5834 3612 5912">
    <p class='ocr_par' dir='ltr' id='par_1_120' title="bbox 2034 5834 3612 5912">
     <span class='ocr_line' id='line_1_120' title="bbox 2034 5834 3612 5912; baseline -0.004 -13"><span class='ocrx_word' id='word_1_888' title='bbox 2034 5843 2230 5906; x_wconf 60' lang='lat' dir='ltr'><strong>discit;</strong></span> <span class='ocrx_word' id='word_1_889' title='bbox 2270 5853 2413 5912; x_wconf 85' lang='lat' dir='ltr'><strong>saepe</strong></span> <span class='ocrx_word' id='word_1_890' title='bbox 2444 5839 2583 5893; x_wconf 90' lang='lat' dir='ltr'><strong>enim</strong></span> <span class='ocrx_word' id='word_1_891' title='bbox 2613 5834 2980 5905; x_wconf 66' lang='lat' dir='ltr'><strong>praecipientes</strong></span> <span class='ocrx_word' id='word_1_892' title='bbox 3021 5835 3240 5893; x_wconf 84' lang='lat' dir='ltr'><strong>nomine</strong></span> <span class='ocrx_word' id='word_1_893' title='bbox 3270 5852 3465 5893; x_wconf 82' lang='lat' dir='ltr'><strong>vocare</strong></span> <span class='ocrx_word' id='word_1_894' title='bbox 3513 5840 3612 5892; x_wconf 81' lang='lat' dir='ltr'><strong>ali-</strong></span> 
     </span>
    </p>
   </div>
   <div class='ocr_carea' id='block_1_121' title="bbox 2033 5926 3611 6005">
    <p class='ocr_par' dir='ltr' id='par_1_121' title="bbox 2033 5926 3611 6005">
     <span class='ocr_line' id='line_1_121' title="bbox 2033 5926 3611 6005; baseline -0.004 -16"><span class='ocrx_word' id='word_1_895' title='bbox 2033 5947 2192 6005; x_wconf 81' lang='lat' dir='ltr'><strong>quem</strong></span> <span class='ocrx_word' id='word_1_896' title='bbox 2221 5930 2544 5996; x_wconf 76' lang='lat' dir='ltr'><strong>sedentium,</strong></span> <span class='ocrx_word' id='word_1_897' title='bbox 2574 5926 3012 5994; x_wconf 65' lang='lat' dir='ltr'><strong>transeuntium.</strong></span> <span class='ocrx_word' id='word_1_898' title='bbox 3038 5926 3251 5997; x_wconf 83' lang='lat' dir='ltr'><strong>quando</strong></span> <span class='ocrx_word' id='word_1_899' title='bbox 3275 5929 3412 5983; x_wconf 80' lang='lat' dir='ltr'><strong>forte</strong></span> <span class='ocrx_word' id='word_1_900' title='bbox 3439 5928 3487 5985; x_wconf 77' lang='lat' dir='ltr'><strong>is</strong></span> <span class='ocrx_word' id='word_1_901' title='bbox 3506 5945 3611 5983; x_wconf 86' lang='lat' dir='ltr'><strong>non</strong></span> 
     </span>
    </p>
   </div>
  </div>
