4064 6336
931 281 959 292 σν

518 305 628 365 915

1767 301 1883 360 ΔΝ.
1921 300 2131 360 ιιΑΝι.
2167 298 2323 364 εεν.
2365 302 2590 364 ΒΟΕΤῙΙ
3697 305 3781 362 9H3

521 421 771 494 intelligit
798 436 884 478 cut
913 426 1239 492 prmeeptum
1275 416 1535 486 facimus,
1577 424 1831 487 tanquam
1858 415 1926 471 ab
1964 416 2109 471 acci-
2135 419 2187 480 Α
2214 416 2525 482 dialectica,
2558 427 2612 474 et
2635 418 2760 488 quid
2787 418 3062 489 problema
3091 417 3446 476 dialecticum.
3502 419 3616 477 Non
3648 424 3772 481 enim

521 519 683 573 dente
723 519 835 585 ipso
866 515 1034 585 magis
1062 515 1388 584 intelligente
1408 556 1424 579 ,
1455 521 1512 570 et
1541 513 1792 584 iubemus
1829 511 2105 568 sedentem

520 613 605 666 vel
652 612 1008 681 disputantem
1042 623 1235 664 vocare
1274 607 1341 662 ad
1385 621 1521 673 nos,
1580 605 1922 662 manifestum
1961 605 2106 676 quod

519 711 579 755 ut
618 702 864 756 eumdem
891 701 1170 768 upinantes
1192 739 1210 765 ,
1259 708 1314 756 et
1341 699 1640 756 secundum
1671 711 1905 764 nomen,
1939 705 1996 753 et
2022 713 2108 754 se-

517 792 751 846 cundum
774 790 1024 846 accidens
1047 790 1370 860 signiﬁcare.
1403 792 1542 860 Ergo
1563 791 1728 860 idem,
1759 790 2104 861 quemadmo~

465 948 467 951 I
517 885 645 941 dum
676 884 879 939 dictum
909 893 1011 950 est,
1050 885 1330 953 tripliciter
1355 883 1642 940 dividatur.

1121 998 1350 1054 CAPUT
1380 998 1490 1054 VII.

521 1093 733 1150 Omnem
754 1095 1148 1166 disputationem
1173 1096 1494 1149 dialecticam
1514 1111 1621 1150 esse
1641 1111 1704 1152 ea:
1724 1104 1959 1163 tet-mmo,
1983 1114 2105 1164 pro-

583 1169 718 1239 prio,
743 1184 946 1238 genere,
969 1179 1057 1220 aut
1080 1167 1359 1234 accidente,
1385 1175 1434 1222 et
1457 1168 1544 1222 ubi
1573 1168 1668 1224 illa
1688 1169 2026 1240 reperiantur.

583 1259 845 1326 Quoniam
874 1267 1054 1314 autem
1094 1273 1160 1312 ex
1193 1258 1340 1327 prius
1365 1258 1525 1314 dictis
1569 1268 1696 1315 sunt
1715 1261 2019 1330 orationes,
2046 1272 2102 1319 et

511 1361 609 1423 per
655 1354 770 1408 haec
797 1362 853 1408 et
881 1353 947 1406 ad
983 1353 1099 1408 haec
1127 1367 1229 1407 una
1267 1353 1481 1421 quidem
1515 1353 1650 1409 ﬁdes
1690 1361 1776 1410 est
1810 1369 1905 1423 per
1941 1354 2099 1411 indu-

509 1447 767 1503 ctionem.
791 1446 846 1502 SI
875 1446 1017 1501 enim
1041 1447 1161 1516 quis
1188 1445 1494 1504 consideret
1517 1463 1950 1520 unamquamque
1975 1465 2100 1522 pro-

509 1539 838 1609 positionum
857 1548 910 1595 et
935 1539 1642 1611 problematum.apparebit
1665 1552 1756 1596 aut
1785 1557 1814 1595 a
1845 1544 2092 1614 termino,

507 1639 602 1684 aut
628 1644 657 1683 a
688 1631 936 1702 proprio,
982 1641 1073 1686 aut
1101 1646 1130 1685 a
1156 1647 1383 1702 genere,
1423 1643 1516 1688 aut
1542 1633 1611 1688 ab
1636 1634 1914 1693 accidente
1936 1637 2092 1693 facta.

506 1725 628 1779 Alia
654 1734 835 1778 autem
861 1725 994 1780 ﬁdes
1014 1739 1109 1795 per
1130 1725 1498 1796 syllogismum
1517 1767 1532 1783 .
1589 1727 1822 1785 Necesse
1844 1740 1928 1787 est
1949 1735 2093 1787 enim

2212 527 2428 569 omnem
2462 515 2877 584 propositionem
2899 556 2916 581 ,
2948 531 3046 572 nec
3071 531 3231 574 omne
3257 517 3529 586 problem:
3556 518 3779 573 dialecti-

2209 621 2334 662 cum
2387 608 2712 678 ponendum.
2761 608 2948 664 Nullus
2988 611 3135 666 enim
3189 610 3398 678 offeret,
3439 611 3527 679 qui
3560 623 3778 667 mentem

2209 699 2426 763 haheat,
2446 702 2586 771 quod
2612 703 2742 758 nulli
2769 703 3000 770 videtur,
3030 720 3132 760 nec
3154 713 3416 775 proponet
3445 704 3586 774 quod
3616 708 3779 760 omni-

2207 791 2311 850 bus
2336 804 2420 851 est
2450 795 2816 864 manifeStum,
2846 797 2928 850 vel
2959 796 3236 867 plurimis:
3282 813 3402 851 nam
3435 783 3548 852 haec
3577 799 3778 868 quidem

2208 901 2316 944 non
2363 887 2561 943 habent
2603 889 2990 944 dubitationem
3017 931 3032 956 ,
3067 891 3152 945 illa
3197 902 3374 945 autem
3423 906 3580 944 nemo
3612 901 3775 958 ponet.

2211 979 2307 1034 Est
2333 990 2512 1036 autem
2552 983 2848 1052 propositio
2879 983 3176 1061 dialectica,
3196 983 3541 1054 interrogatio
3594 983 3780 1052 proba-

2205 1067 2333 1124 bilis
2353 1081 2446 1124 aut
2476 1071 2753 1136 omnibus,
2782 1081 2873 1127 aut
2899 1073 3141 1143 plurimis
3160 1117 3174 1140 ,
3205 1084 3292 1128 aut
3323 1074 3653 1142 sapientibus
3673 1115 3687 1139 ,
3735 1081 3780 1130 et

2207 1159 2292 1215 his
2311 1160 2397 1217 vel
2427 1163 2700 1230 omnibus,
2732 1164 2812 1218 vel
2847 1163 3108 1232 plurimis,
3139 1166 3222 1220 vel
3253 1166 3485 1221 maxime
3515 1165 3781 1220 familiari-

2204 1251 2306 1308 bus
2336 1268 2442 1308 non
2475 1254 2838 1325 inopinabilis.
2890 1257 3056 1313 Ponet
3077 1258 3218 1312 enim
3253 1258 3446 1328 aliquis
3474 1257 3612 1328 quod
3641 1257 3780 1312 vide-

2205 1352 2291 1398 tur
2312 1347 2662 1416 sapientibus,
2696 1349 2795 1403 nisi
2831 1349 2878 1403 id
2900 1351 3230 1406 contrarium
3255 1351 3327 1406 sit
3348 1352 3634 1406 multorum
3666 1352 3776 1422 opi-

2203 1437 2472 1496 nionibus.
2518 1438 2654 1495 Sunt
2709 1450 2885 1496 autem
2940 1443 3328 1513 propositiones
3361 1443 3689 1507 dialecticze,
3729 1451 3778 1498 et

2200 1545 2262 1586 ea
2291 1547 2410 1602 qum
2432 1532 2796 1602 probabilibus
2819 1544 2941 1590 sunt
2972 1535 3191 1602 similia,
3217 1546 3269 1591 et
3291 1535 3558 1591 contraria
3583 1536 3648 1590 iis
3667 1551 3777 1606 quae

2199 1624 2448 1682 videntur
2473 1642 2595 1683 esse
2641 1628 2933 1697 probabilia
2977 1631 3270 1686 secundum
3303 1632 3776 1686 contradictionem

2199 1726 2468 1786 protensa,
2502 1729 2556 1774 et
2577 1735 2908 1792 quaecunque
2934 1724 3214 1793 opiniones
3241 1732 3365 1777 sunt
3385 1723 3675 1778 secundum
3701 1739 3778 1776 ar-

503 1829 667 1887 omne
687 1815 830 1886 quod
858 1815 926 1871 de
952 1817 1130 1886 aliquo
1159 1818 1480 1886 praedicatur
1501 1861 1517 1886 ,
1546 1832 1638 1876 aut
1679 1824 1982 1879 conversim
2027 1825 2095 1882 de
2123 1811 2171 1882 8
2201 1821 2281 1868 tes
2308 1814 2571 1870 inventas.
2601 1816 2654 1870 Si
2681 1816 2820 1870 enim
2851 1816 3127 1886 probabile
3148 1832 3226 1872 e51
3250 1817 3495 1873 eamdem
3522 1830 3643 1871 esse
3667 1831 3778 1870 con-

502 1924 564 1966 re
587 1910 895 1978 praedicari,
925 1919 1019 1966 aut
1057 1926 1162 1967 non
1197 1929 1212 1978 ;
1245 1922 1300 1967 et
1331 1913 1376 1968 si
1414 1916 1718 1972 eonversim
1753 1919 2094 1988 praedicatur,

501 2003 764 2058 terminus
790 2004 915 2069 erit,
969 2003 1053 2059 vel
1079 2006 1378 2074 proprium.
1425 2005 1557 2062 Nam
1587 2008 1631 2062 si
1672 2010 1937 2080 signiﬁcat
1965 2013 2094 2082 quid

500 2103 588 2150 est
617 2108 759 2161 esse,
793 2104 879 2151 est
911 2098 1206 2162 terminus;
1235 2098 1282 2153 si
1313 2108 1492 2154 autem
1525 2115 1633 2155 non
1659 2101 1949 2171 signiticet,
1977 2119 2097 2173 pro-

498 2187 697 2258 prium.
756 2190 867 2244 Hoc
919 2190 1064 2244 enim
1112 2200 1232 2245 erat
1285 2193 1761 2262 proprium,un
1788 2197 2092 2252 conversim

498 2280 857 2351 praedicatur,
887 2296 995 2338 non
1025 2282 1332 2353 significans
1356 2283 1485 2354 quid
1519 2295 1604 2340 est
1630 2300 1768 2342 esse.
1830 2287 1887 2344 Si
1913 2297 2094 2345 autem

497 2387 609 2428 non
640 2375 942 2430 eonversim
994 2375 1316 2446 prmdicatur
1342 2377 1412 2433 de
1439 2391 1533 2445 re,
1574 2387 1666 2434 aut
1705 2395 1772 2435 ex
1794 2381 1860 2437 iis
1885 2396 2008 2450 quae
2036 2383 2093 2438 in

497 2461 824 2519 deﬁnitionis
849 2464 1077 2535 subjecti
1107 2466 1387 2531 dicuntur.
1423 2476 1534 2531 est,
1564 2481 1655 2524 aut
1685 2485 1822 2536 non,
1855 2480 1912 2526 et
1934 2473 1976 2527 si
2007 2481 2092 2528 est

495 2567 563 2609 ex
585 2554 651 2627 iis
665 2571 786 2626 quae
804 2557 854 2611 in
873 2556 1191 2614 deﬁnitione
1211 2557 1484 2626 dicuntur,
1509 2573 1600 2614 aut
1616 2576 1808 2631 genus,
1829 2573 1920 2617 aut
1941 2563 2094 2620 diffe-

493 2648 664 2703 rentia
691 2651 813 2717 erit,
848 2665 914 2707 eo
940 2653 1080 2723 quod
1107 2653 1350 2709 deﬁnitio
1376 2668 1440 2710 ex
1472 2669 1669 2725 genere
1698 2667 1750 2711 et
1771 2657 2089 2714 diﬂ'erentiis

492 2749 597 2796 est.
644 2740 699 2798 Si
724 2757 853 2798 vero
882 2759 950 2800 ex
977 2746 1041 2800 iis
1069 2762 1175 2801 non
1206 2756 1290 2802 est
1319 2762 1438 2819 quas
1468 2747 1521 2802 in
1561 2747 1874 2805 deﬁnitione
1899 2752 2089 2808 dicun-

491 2846 600 2904 tur,
634 2840 810 2910 palam
837 2850 923 2898 est
946 2845 1198 2914 quoniam
1231 2844 1482 2901 accidens
1525 2846 1662 2912 erit,
1692 2861 1815 2902 nam
1839 2848 2090 2904 accidens

490 2929 767 2987 dicebatur
791 2933 933 3004 quod
966 2949 1142 3004 neque
1174 2935 1456 3001 terminus,
1483 2951 1658 3006 neque
1691 2950 1876 3006 genus,
1913 2954 2088 3008 neque

487 3023 791 3092 proprium,
825 3026 965 3080 inest
993 3035 1172 3080 autem
1197 3028 1294 3082 rei.
1351 3027 1480 3083 Post
1520 3029 1635 3084 haec
1663 3040 1840 3085 autem
1872 3041 2086 3101 oportet

489 3110 851 3168 detertninare
876 3130 1074 3184 genera
1100 3114 1637 3184 prmdicamentnrum
1667 3119 1935 3191 inquibus
1958 3132 2085 3178 sunt

2207 1907 2493 1961 trariorum
2515 1906 2884 1975 disciplinam,
2917 1919 2969 1962 et
2999 1923 3214 1963 sensum
3244 1908 3490 1963 eumdem
3519 1922 3641 1962 esse
3660 1921 3778 1961 con-

2202 1998 2492 2052 trariorum
2527 2001 2804 2069 probabile
2834 2000 3138 2071 apparebit,
3171 2010 3224 2056 et
3270 2001 3316 2056 si
3355 2009 3515 2054 unam
3562 2015 3778 2054 numero

2199 2093 2583 2160 grammaticen
2605 2105 2746 2157 esse,
2767 2102 2820 2146 et
2838 2092 3189 2148 libiciuarium
3209 2107 3389 2158 unam;
3409 2094 3452 2146 si
3473 2103 3651 2146 autem
3672 2092 3777 2160 plu-

2201 2197 2287 2238 res
2317 2183 2697 2254 grammaticas
2718 2225 2732 2249 ,
2755 2193 2810 2237 et
2840 2184 3020 2254 plures
3049 2183 3408 2248 tibicinarias,
3434 2181 3614 2238 omnia
3644 2184 3777 2236 enim

2200 2274 2399 2329 similia
2416 2285 2470 2329 et
2498 2286 2723 2345 cognata
2753 2275 2866 2330 inec
2894 2274 3141 2329 videntur
3161 2289 3299 2330 esse.
3330 2274 3583 2330 Similiter
3607 2283 3778 2329 autem

2199 2377 2254 2424 et
2275 2384 2336 2422 ea
2363 2384 2482 2441 quae
2513 2369 2878 2440 probabilibus
2907 2379 3029 2425 sunt
3047 2370 3311 2424 contraria
3339 2369 3634 2424 secundum
3660 2383 3776 2422 cou-

2200 2462 2568 2518 tradictionem
2624 2470 2874 2532 protensa
2905 2462 3198 2532 probabilia
3237 2463 3503 2516 videntur.
3553 2461 3614 2516 Si
3640 2462 3776 2517 enim

2198 2550 2478 2621 probabile
2527 2560 2610 2606 est
2654 2552 2793 2621 quod
2852 2560 3064 2622 oportet
3111 2551 3298 2606 amicis
3350 2552 3697 2616 benefacere,
3729 2560 3776 2608 et

2194 2643 2336 2713 quod
2370 2657 2476 2698 non
2523 2653 2735 2712 oportet
2767 2644 2952 2698 amicis
2995 2643 3309 2699 malefacere
3344 2643 3624 2713 probabile
3653 2652 3731 2697 est
3762 2658 3777 2706 ;

2194 2741 2277 2790 εει
2304 2742 2483 2788 autem
2526 2733 2857 2786 contrarium
2888 2731 3100 2802 quidem
3132 2732 3274 2802 quod
3308 2740 3522 2800 oportet
3564 2733 3773 2785 maleﬁk

2193 2839 2319 2883 cere
2339 2826 2548 2892 amicis,
2585 2827 2879 2881 secundum
2912 2825 3386 2881 contradictionem
3437 2836 3616 2879 autem
3640 2825 3774 2893 quod

2193 2932 2300 2974 non
2332 2927 2544 2986 oportet
2587 2920 2776 2973 amicis
2823 2917 3161 2973 malefaecre.
3215 2915 3366 2972 Sunii
3394 2926 3475 2970 ter
3517 2926 3694 2969 autem
3723 2925 3772 2974 et

2190 3012 2233 3066 si
2274 3021 2488 3083 oportet
2517 3013 2706 3067 amicis
2747 3011 3098 3076 benefacere,
3133 3011 3362 3065 inimicis
3399 3024 3503 3064 non
3533 3017 3772 3078 Oportet;

2190 3117 2270 3159 eet
2301 3112 2481 3160 autem
2513 3114 2567 3159 et
2599 3105 2698 3159 hoc
2729 3105 3024 3159 secundum
3055 3104 3533 3159 contradictionem
3566 3111 3771 3157 contra-

487 3199 645 3256 diette
673 3212 904 3274 quatuor
941 3204 1276 3264 diﬁ‘erentize.
1333 3209 1473 3265 Sunt
1501 3210 1616 3265 bare
1644 3187 1824 3267 autem
1857 3231 2081 3274 numero

2189 3187 2422 3268 r'iorum,
2471 3213 2591 3254 nam
2623 3200 2952 3254 contrarium
2998 3205 3081 3253 est
3109 3198 3249 3268 quod
3293 3206 3507 3267 oportet
3543 3195 3769 3250 inimicis

486 3293 675 3348 decem
699 3336 715 3364 ,
749 3297 889 3366 quod
922 3307 1003 3353 est
1023 3340 1038 3366 ,
1064 3308 1322 3370 quantum
1343 3342 1358 3368 ,
1386 3303 1571 3374 quale,
1602 3304 1668 3359 ad
1690 3305 1887 3377 θείῳ,ίά
1909 3349 1925 3376 ν
1955 3309 2076 3377 ΠΜ,
2124 3301 2132 3308 ·
2184 3291 2522 3348 benefacere.
2580 3291 2841 3348 Similiter
2871 3300 3051 3346 autem
3096 3301 3150 3346 et
3181 3291 3231 3345 in
3285 3290 3424 3344 aliis.
3488 3289 3769 3344 Probabile

485 3384 729 3454 quando,
761 3388 922 3443 situm
960 3405 1113 3457 csse,
1148 3389 1383 3461 habere,
1424 3392 1635 3464 facere,
1668 3399 1795 3468 pagi,
1853 3401 2079 3473 semper
2157 3400 2358 3446 'autem
2381 3400 2432 3446 et
2466 3390 2518 3446 in
2542 3388 2887 3444 similitudine
2920 3395 3140 3458 apparet
3166 3386 3325 3440 etiam
3353 3385 3680 3439 contrarium
3703 3381 3769 3438 de

481 3475 628 3533 enim
654 3478 927 3548 accidens,
959 3489 1014 3536 et
1037 3497 1225 3552 genus,
1254 3493 1308 3539 et
1335 3488 1608 3558 proprium
1630 3531 1646 3559 ,
1669 3502 1721 3546 et
1750 3490 1992 3550 deﬁnitio
2022 3496 2074 3552 in

480 3582 594 3623 uno
623 3569 1164 3640 prmdicamentorum
1205 3575 1397 3632 horum
1449 3581 1590 3648 erit,
1635 3598 1757 3638 nam
1796 3600 1983 3644 omnes
2008 3589 2076 3645 ab

476 3659 566 3718 bis
596 3664 1022 3735 propositiones,
1055 3674 1150 3724 aut
1188 3670 1316 3740 quid
1356 3681 1472 3740 est,
1533 3683 1623 3730 aut
1651 3677 1813 3747 quale
1839 3689 1953 3747 est,
1984 3693 2076 3739 aut

476 3765 768 3827 quantum,
813 3769 906 3812 aut
930 3759 1157 3816 aliorum
1193 3764 1406 3836 aliquod
1437 3769 1970 3837 prtedicamentorum
2001 3773 2073 3830 si-

475 3846 751 3917 gniﬁcant.
780 3848 1119 3906 Manifestum
1150 3864 1232 3909 est
1261 3866 1440 3914 autem
1476 3875 1545 3914 ex
1581 3861 1782 3918 eisdem
1814 3868 2069 3935 quoniam

474 3938 620 4011 quod
642 3941 767 4012 quid
790 3951 876 3998 est
902 3943 1210 4014 signiﬁcans
1226 3948 1546 4024 quandoque
1577 3954 1791 4024 quidem
1823 3958 2072 4015 substan-

473 4032 605 4087 tiam
627 4031 925 4104 signiﬁcat,
961 4037 1282 4112 quandoque
1311 4052 1490 4099 autem
1518 4047 1710 4117 quale,
1746 4050 2070 4124 quandoque

473 4140 606 4182 vero
633 4129 851 4201 aliquod
892 4131 1118 4188 aliorum
1149 4136 1686 4203 prmdicamentorum
1717 4161 1728 4197 :
1760 4160 1883 4200 nam
1906 4162 2068 4217 quan-

471 4216 565 4285 do,
599 4219 776 4289 posito
805 4217 1054 4290 homine,
1084 4222 1282 4281 dixerit
1331 4229 1474 4300 quod
1507 4233 1739 4300 positum
1789 4248 1870 4292 est
1899 4216 2068 4294 homi-

468 4323 597 4365 nem
623 4324 769 4380 esse,
802 4312 884 4367 vel
917 4313 1150 4382 animal,
1182 4319 1388 4387 etquid
1418 4331 1501 4376 est
1531 4323 1659 4380 dicit
1703 4335 1758 4382 et
1803 4323 2068 4398 significat

468 4400 857 4468 substantiam;
877 4405 1112 4475 quando,
1134 4409 1318 4465 colore
1342 4410 1463 4467 albo
1486 4417 1681 4484 posito,
1701 4417 1903 4475 dixerit
1923 4423 2065 4494 quod

465 4491 706 4561 positum
736 4502 820 4549 est
843 4495 1020 4551 album
1050 4513 1191 4563 esse,
1224 4501 1306 4556 vel
1336 4503 1608 4571 colorem,
1637 4509 1764 4578 quid
1801 4521 1884 4566 est
1911 4491 2061 4579 dicit,

468 4591 526 4639 et
554 4584 715 4654 quale
764 4585 1047 4657 significat.
1097 4590 1356 4650 Similiter
1381 4605 1559 4652 autem
1615 4609 1670 4655 et
1709 4600 1788 4666 si,
1841 4599 2140 4661 cubitallD

466 4673 839 4743 magnitudine
865 4676 1063 4748 posita,
1095 4680 1293 4739 dixerit
1321 4687 1461 4755 quod
1493 4690 1724 4759 positum
1747 4702 1829 4749 est
1857 4696 2063 4752 cubita-

464 4765 576 4858 lem
605 4783 726 4824 esse
753 4772 1197 4843 magnitudinem,
1229 4787 1283 4831 et
1302 4779 1425 4850 quid
1455 4790 1538 4836 est
1580 4783 1708 4839 dicit
1727 4796 1781 4843 et
1805 4799 2059 4858 quantum

465 4856 762 4929 signiﬁcat.
793 4860 1056 4919 Similiter
1083 4877 1261 4922 autem
1293 4880 1347 4925 et
1371 4869 1424 4925 in
1455 4873 1596 4929 aliis.
1636 4856 2061 4954 Unumquodque

463 4951 612 5007 enim
645 4953 828 5010 talium
851 4957 969 5014 sive
1000 4958 1140 5016 idem
1164 4963 1230 5017 de
1258 4964 1450 5022 eodem
1480 4968 1689 5026 dicatur
1711 5013 1726 5040 ,
1751 4975 1864 5031 sive
1889 4951 2059 5047 genus

464 5043 534 5098 de
559 5043 689 5115 hoc,
714 5048 866 5139 Aquid
892 5059 976 5106 est
1019 5052 1314 5123 signiﬁcat;
1361 5061 1573 5129 quando
1610 5074 1789 5120 autem
1829 5043 2049 5139 de'alio,

461 5149 570 5191 non
601 5137 727 5207 quid
757 5148 840 5195 est
869 5141 1154 5214 signiﬁcat,
1185 5149 1279 5203 sed
1306 5162 1561 5222 quantum
1585 5195 1599 5218 ,
1633 5167 1726 5212 aut
1745 5160 1931 5230 quale,
1961 5137 2052 5220 aut

461 5229 680 5326 aliquod
704 5231 930 5290 aliorum
960 5239 1518 5309 praedicamentorum.
1561 5247 1738 5318 Quare
1769 5253 1836 5309 de
1856 5256 2050 5326 quibus

457 5332 587 5376 sunt
607 5322 1023 5397 disputationes,
1071 5343 1127 5389 et
1153 5350 1219 5390 ex
1245 5336 1470 5410 quibus,
1502 5340 1617 5397 haec
1645 5354 1698 5399 et
1727 5322 2044 5406 tanta'sunt.

457 5410 743 5480 Quomodo
768 5430 946 5480 autem
971 5441 1247 5486 sumemus
1272 5473 1289 5502 ,
1331 5442 1387 5491 et
1424 5449 1522 5507 per
1542 5452 1661 5510 quae
1704 5440 1904 5512 copiosi
1943 5444 2047 5502 eri-

457 5515 606 5582 mus,
635 5521 762 5583 post
787 5513 904 5573 hac
924 5516 1231 5579 dicendum.

1043 5636 1269 5697 CAPUT
1315 5640 1453 5702 Vill.
1540 5667 1546 5670 ·

862 5725 946 5782 De
971 5732 1320 5800 propositione
1353 5735 1637 5798 dialectica.

530 5828 771 5893 Primum
812 5837 976 5909 igitur
1019 5844 1411 5908 determian
1465 5853 1592 5931 quid
1638 5865 1722 5913 ut
1746 5861 2040 5938 propositio

2180 3484 2471 3549 contrario,
2500 3491 2557 3536 ut
2582 3483 2626 3537 si
2656 3489 2868 3552 oportet
2895 3481 3086 3535 amicis
3122 3479 3470 3538 benefacere,
3508 3483 3563 3529 et
3595 3475 3767 3528 inimi~

2179 3577 2258 3631 cis
2291 3585 2504 3646 oportet
2541 3575 2711 3642 male,
2757 3573 3035 3645 apparebit
3060 3583 3111 3627 et
3136 3571 3466 3626 contrarium
3493 3569 3599 3624 hoc
3623 3567 3766 3637 quod

2177 3680 2259 3726 est
2287 3669 2476 3726 amicis
2503 3669 2840 3732 benefacere,
2872 3676 2927 3723 et
2955 3666 3095 3736 quod
3128 3665 3357 3720 inimicis
3384 3663 3541 3718 male.
3575 3661 3766 3716 Utrum

2176 3771 2352 3816 autem
2381 3761 2672 3815 secundum
2697 3759 2974 3814 veritatem
3005 3773 3062 3813 se
3089 3757 3281 3812 habeat
3301 3797 3315 3821 ,
3345 3756 3428 3810 vel
3459 3770 3591 3819 non,
3618 3754 3670 3807 in
3700 3753 3763 3808 iis

2174 3870 2292 3926 qua:
2325 3855 2392 3909 de
2418 3854 2690 3908 contrario
2720 3853 2963 3909 dicentur
3006 3852 3336 3906 ostendetur.
3373 3849 3550 3903 Palam
3582 3858 3763 3902 autem

2173 3943 2424 4015 quoniam
2458 3959 2511 4002 et
2557 3963 2886 4018 qumcunquc
2942 3946 3222 4016 opiniones
3269 3944 3560 4000 secundum
3618 3954 3762 3996 artes

2172 4048 2326 4106 sunt,
2354 4037 2651 4094 dialecticae
2681 4039 3077 4109 propositiones
3107 4047 3251 4093 sunt.
3303 4037 3468 4091 Ponet
3491 4035 3633 4090 enim
3663 4035 3763 4087 ali-

2169 4131 2289 4202 quis
2318 4148 2382 4188 ea
2411 4148 2530 4202 qua:
2562 4133 2810 4188 videntur
2835 4133 2898 4188 iis
2947 4133 3034 4204 qui
3068 4134 3118 4186 in
3152 4133 3229 4187 eis
3253 4131 3464 4202 probati
3495 4138 3649 4191 sunt,
3705 4137 3762 4182 ut

2170 4227 2237 4281 de
2265 4227 2348 4282 his
2371 4226 2586 4298 quidem
2610 4244 2726 4297 qum
2759 4227 2811 4281 in
2834 4227 3147 4298 geometria,
3170 4239 3225 4281 ιιι
3242 4234 3535 4296 geomeler,
3560 4223 3626 4279 de
3654 4223 3761 4279 illis

2169 4325 2347 4374 autem
2370 4333 2488 4388 quae
2519 4319 2571 4377 in
2599 4317 2890 4385 medicina,
2922 4328 2978 4373 ut
3008 4319 3264 4373 medicus.

2777 4453 3007 4510 CAPUT
3061 4455 3150 4510 IX.

2267 4542 2341 4598 De
2367 4544 2671 4612 problemata
2707 4547 2974 4601 dialectico
2997 4557 3044 4601 et
3074 4548 3326 4618 positione
3343 4549 3628 4606 dialectica.
3685 4606 3698 4615 _

2237 4653 2516 4711 Problema
2555 4668 2733 4713 autem
2759 4658 3096 4714 dialecticum
3139 4669 3221 4716 est
3250 4660 3546 4730 speculatio
3579 4660 3755 4716 inten-

2166 4743 2299 4800 dens
2325 4745 2408 4801 vel
2436 4748 2502 4802 ad
2532 4748 2870 4815 electionem,
2919 4757 2972 4803 et
3001 4747 3210 4819 fugam,
3245 4750 3331 4804 vel
3367 4750 3432 4804 ad
3468 4751 3754 4806 veritatem

2166 4847 2219 4891 et
2243 4837 2550 4908 scientiam,
2590 4851 2682 4896 aut
2715 4857 2810 4912 per
2831 4857 2889 4897 se
2910 4883 2924 4910 ,
2953 4851 3044 4896 aut
3070 4852 3128 4897 ut
3146 4843 3535 4898 adminiculans
3561 4844 3626 4898 ad
3647 4845 3753 4898 ali-

2168 4929 2294 5000 quid
2327 4931 2471 4986 aliud
2503 4933 2684 4988 talium
2705 4977 2719 5001 ,
2764 4934 2831 4990 de
2860 4950 2966 5005 quo
2997 4945 3088 4990 aut
3119 4945 3311 4991 neutro
3339 4936 3500 4991 modo
3520 4936 3754 5006 opinan-

2165 5032 2280 5090 tur,
2309 5034 2399 5078 aut
2427 5026 2696 5081 contrarie
2728 5026 2966 5098 plerique
2995 5027 3331 5098 sapientibus
3352 5069 3367 5094 ,
3417 5038 3510 5084 aut
3535 5030 3751 5098 sapien-

2170 5125 2250 5171 tes
2298 5117 2590 5190 plerisque,
2625 5127 2716 5172 aut
2763 5121 3002 5190 utrisque
3035 5121 3193 5175 iidem
3226 5120 3450 5176 eisdem.
3487 5120 3746 5188 Quantam

2163 5208 2306 5264 enim
2337 5209 2727 5279 problematum
2759 5211 2886 5268 utile
2914 5221 2996 5268 est
3022 5213 3160 5269 scire
3180 5220 3381 5268 tantum
3415 5215 3744 5283 eligendum,

2162 5303 2243 5358 vel
2276 5303 2616 5373 fugiendum,
2669 5315 2723 5360 ut
2757 5317 2930 5361 utrum
2975 5307 3218 5376 voluptas
3262 5309 3332 5363 sit
3360 5309 3639 5377 eligenda,
3679 5325 3742 5363 an

2159 5416 2289 5457 non.
2320 5401 2573 5468 Quaedam
2599 5409 2775 5458 autem
2805 5403 2870 5457 ad
2900 5403 3175 5458 sciendum
3203 5413 3435 5469 tantum,
3482 5415 3540 5458 ut
3566 5414 3743 5459 utrum

2161 5497 2638 5552 mundusaeternus
2665 5498 2770 5564 sit,
2815 5510 2881 5551 an
2911 5512 3037 5552 non.
3064 5496 3318 5566 Quadam
3348 5513 3474 5552 vero
3508 5501 3616 5566 ipsa
3649 5513 3742 5566 per

2157 5605 2214 5646 se
2239 5591 2452 5661 quidem
2478 5590 2543 5645 ad
2574 5602 2822 5648 neutrum
2847 5591 3037 5648 horum
3056 5633 3071 5661 ,
3097 5593 3533 5648 adminiculantia
3558 5604 3738 5648 autem

2155 5696 2284 5744 sunt
2309 5687 2374 5742 ad
2404 5688 2578 5760 aliqua
2628 5690 2831 5747 talium.
2882 5687 3146 5763 Pleraque
3185 5691 3328 5747 enim
3373 5692 3487 5763 ipsa
3519 5691 3735 5766 quidem

2153 5791 2247 5844 per
2279 5793 2335 5833 se
2360 5793 2462 5833 non
2493 5781 2739 5837 volumus
2770 5797 3125 5853 cognoscere,
3172 5783 3263 5840 sed
3291 5785 3512 5838 aliorum
3539 5784 3730 5854 gratia,

2151 5878 2209 5923 ut
2231 5883 2331 5947 per
2355 5869 2444 5924 iifa
2475 5872 2617 5927 aliud
2641 5874 2916 5944 quidpiam
2945 5892 3352 5946 cognoscamus.
3383 5876 3522 5945 Sunt
3550 5887 3728 5936 autem
