4022 6330
308 393 412 452 9i?

309 505 641 580 problemata
679 508 735 559 et
761 500 831 561 de
863 497 1061 570 quibus
1085 494 1336 555 contrarii
1386 503 1510 552 sunt
1548 486 1878 563 syllogismi;
1908 487 1962 551 Δ

311 598 701 659 dubitationem
738 594 883 653 enim
914 591 1114 650 habent
1153 597 1330 647 utrum
1370 587 1448 643 sic
1485 600 1545 641 se
1582 583 1776 637 habent
1817 594 1885 637 an

312 708 422 752 non
450 692 549 757 sic,
570 687 788 758 eoqnod
804 685 875 745 de
903 684 1144 757 utrisque
1169 688 1297 741 sunt
1326 679 1565 737 rationes
1585 672 1884 733 suasibiles.

314 789 384 845 Et
412 787 481 843 de
505 786 703 855 quibus
749 766 1010 841 rationem
1056 793 1160 837 non
1184 775 1444 833 habemus
1462 815 1477 840 ,
1501 787 1623 829 cum
1652 770 1759 829 sint
1780 782 1890 827 ma-

312 897 440 951 gna,
458 878 675 937 difficile
689 876 1014 934 arbitrantes
1034 884 1155 928 esse
1183 876 1400 939 propter
1421 864 1565 936 quod
1591 863 1887 932 assignare.

315 983 374 1031 ut
400 983 576 1029 utrum
613 968 844 1029 mundus
875 968 946 1027 sit
983 974 1249 1026 internus,
1273 976 1344 1017 an
1373 974 1504 1037 non»,
1538 971 1662 1013 nam
1702 952 1890 1025 hujus-

315 1065 463 1125 tnodi
490 1073 687 1134 quaret
712 1059 927 1131 aliquis.
968 1056 1304 1117 Problemata
1330 1067 1460 1124 ergo
1493 1059 1550 1111 et
1568 1046 1890 1120 propositio-

315 1170 415 1213 nes
470 1155 567 1225 (ut
608 1152 811 1211 dictum
839 1148 960 1218 est)
1008 1146 1362 1203 delerminata
1418 1141 1546 1199 sint.
1586 1138 1785 1196 Positio
1813 1145 1895 1193 est

316 1246 504 1318 opinio
542 1242 877 1303 admirabilis
928 1238 1153 1309 alicujus
1202 1233 1545 1297 familiarium
1600 1227 1893 1289 secundum

317 1337 735 1412 philosophiam,
756 1344 816 1393 ut
835 1331 977 1407 quod
1001 1346 1106 1393 non
1127 1338 1211 1389 est
1228 1326 1615 1390 contradicere,
1639 1319 1897 1395 quemad-

314 1432 534 1491 modum
585 1429 719 1489 dixit
771 1426 1149 1489 Antisthenes.
1181 1430 1235 1481 et
1277 1416 1421 1490 quod
1448 1414 1627 1474 omnia
1674 1426 1895 1473 moveo.

314 1540 424 1595 tur,
451 1526 747 1587 secundum
779 1522 1135 1586 Heraclitum,
1160 1528 1251 1575 aut
1298 1513 1437 1586 quod
1466 1525 1629 1571 unum
1668 1517 1751 1567 est
1775 1521 1893 1577 ens,

314 1620 767 1693 quemadmodum
797 1615 1043 1673 Melissus
1088 1612 1231 1669 dixit
1273 1610 1420 1680 (nam
1459 1605 1527 1663 de
1552 1602 1739 1675 quovis
1762 1615 1895 1659 con-

314 1714 478 1771 traria
504 1710 849 1784 opinionibus
878 1706 1189 1778 proferente
1234 1714 1419 1759 curam
1451 1697 1648 1753 habere
1675 1694 1895 1750 stultum

313 1806 420 1876 est)
444 1847 460 1874 ,
500 1815 594 1863 aut
628 1806 695 1862 de
724 1802 916 1875 quibus
955 1799 1251 1857 orationem
1280 1794 1538 1850 habemus
1572 1789 1893 1847 contrariam

315 1898 679 1969 opinionibus,
704 1905 764 1953 ut
790 1894 1043 1966 quoniam
1066 1905 1172 1949 non
1205 1902 1364 1945 omne
1387 1884 1530 1957 quod
1558 1891 1643 1943 est
1659 1923 1677 1951 ,
1698 1881 1784 1939 vel
1816 1880 1897 1937 fa-

311 2002 458 2049 ctum
486 1998 588 2055 est,
619 1987 705 2047 vel
734 1995 1026 2050 aeternum,
1065 1978 1513 2053 quemadmodum
1539 1972 1795 2044 sophistae
1815 1971 1894 2026 di-

314 2093 463 2141 cunt.
513 2083 645 2139 Nam
675 2082 960 2146 musicum,
984 2075 1392 2149 grammaticum
1422 2086 1567 2140 esse,
1616 2082 1790 2141 neque
1818 2065 1895 2131 fa-

314 2187 487 2245 ctum,
503 2191 678 2248 neque
695 2190 818 2232 esse
843 2183 1123 2233 aeternum.
1153 2171 1264 2233 lloc
1291 2168 1434 2226 enim
1460 2175 1517 2223 et
1543 2165 1589 2221 si
1608 2162 1765 2223 alicui
1786 2177 1895 2221 non

316 2269 581 2333 videatur.
613 2264 877 2325 videbitur
906 2264 1089 2334 utique
1115 2252 1183 2323 eo
1222 2258 1362 2329 quod
1413 2256 1674 2315 rationem
1704 2251 1899 2307 habeat

317 2362 646 2423 suasibilem.
704 2360 798 2421 Est
834 2358 995 2429 igitur
1040 2366 1093 2413 et
1124 2353 1316 2424 positio
1353 2350 1569 2423 quidem
1602 2347 1895 2418 problems,

316 2469 422 2511 non
447 2464 626 2509 autem
650 2464 810 2509 omne
838 2449 1119 2519 problems
1148 2444 1365 2516 positio,
1394 2455 1460 2499 eo
1484 2436 1624 2510 quod
1652 2434 1895 2508 quaedam

319 2546 705 2619 problematum
730 2542 856 2599 talia
884 2548 1031 2602 sunt.
1065 2538 1133 2597 de
1165 2536 1360 2607 quibus
1384 2542 1573 2588 neutro
1600 2528 1763 2586 modo
1785 2526 1901 2595 epi-

319 2654 529 2695 namur.
577 2636 731 2707 Quod
756 2645 934 2690 autem
964 2641 1047 2689 est
1076 2638 1129 2687 et
1161 2627 1352 2699 positio
1377 2624 1652 2696 problema
1675 2618 1899 2677 manife-

321 2743 468 2790 stum
514 2739 599 2787 est
630 2749 646 2787 :
679 2743 899 2786 necesse
951 2735 1034 2783 est
1077 2724 1219 2781 enim
1261 2737 1325 2779 ex
1359 2720 1423 2776 iis
1456 2734 1573 2789 quae
1591 2717 1730 2777 dicta
1755 2724 1897 2781 sunt,

320 2837 414 2887 aut
467 2826 647 2895 plures
693 2820 1025 2894 sapientibus
1071 2816 1216 2875 circa
1263 2814 1581 2885 positionem
1632 2809 1897 2872 dubitare,

321 2928 413 2975 aut
454 2916 734 2975 utroslibet
772 2914 1010 2981 sibimet,
1065 2925 1132 2968 eo
1161 2908 1305 2982 quod
1330 2906 1511 2978 opinio
1538 2903 1780 2975 quaedam
1808 2899 1903 2957 ad-

324 3012 566 3071 miranda
601 3008 796 3080 positio
829 3017 931 3064 est.
964 3006 1111 3065 Pene
1148 3012 1327 3060 autem
1359 3014 1500 3057 nunc
1534 2997 1711 3057 omnia
1740 2994 1904 3051 diale-

324 3105 460 3161 ctica
485 3102 817 3173 problemata
848 3098 1139 3170 positiones
1165 3104 1442 3153 vocantur.
1478 3091 1697 3148 Dill'erat
1724 3096 1901 3145 autem

324 3194 455 3252 nihil
491 3191 892 3266 quomodolibet
919 3190 1122 3245 dictum
1160 3206 1171 3240 :
1203 3201 1310 3247 non
1344 3185 1487 3243 enim
1526 3196 1723 3238 nomen
1749 3179 1903 3237 efﬁn-

322 3292 449 3359 gere
479 3286 721 3343 volentes
767 3282 1043 3341 divisimus
1090 3280 1170 3334 sic
1216 3294 1279 3333 ea
1301 3318 1319 3344 ,
1345 3275 1439 3333 sed
1465 3284 1521 3330 ut
1566 3288 1673 3330 non
1702 3273 1904 3329 lateant
1927 3248 1979 3322 C

325 3394 443 3447 nos,
468 3393 587 3436 cum
603 3375 847 3449 quaedam
876 3387 1061 3430 eorum
1089 3379 1214 3430 sunt
1238 3361 1570 3428 diiferentiae.
1603 3364 1718 3421 Non
1745 3378 1905 3433 apor-

327 3481 403 3529 tet
440 3480 616 3527 autem
645 3483 805 3527 omne
831 3466 1134 3537 problema,
1186 3477 1287 3519 nec
1333 3475 1544 3516 omnem
1583 3457 1905 3527 positionem

325 3562 690 3627 considerare,
726 3558 821 3617 sed
852 3572 1012 3628 quam
1044 3553 1304 3613 dubitabit
1332 3551 1523 3621 aliquis
1560 3563 1767 3613 eorum,
1817 3546 1909 3615 qui

328 3656 538 3713 ratione
566 3662 744 3724 egent,
776 3659 829 3708 et
856 3665 961 3707 non
1002 3663 1156 3719 pmna
1199 3646 1285 3701 vel
1328 3659 1508 3700 sensu.
1540 3642 1672 3698 Nam
1700 3640 1787 3710 qui
1811 3642 1909 3695 du-

331 3748 501 3805 bitant
525 3755 701 3803 utrum
732 3752 977 3815 oporteat
994 3741 1129 3797 deos
1158 3740 1443 3806 honorare,
1476 3745 1531 3793 et
1552 3741 1801 3805 parentes
1824 3732 1908 3789 di-

232 3860 245 3875 ·
329 3843 527 3914 ligere,
557 3856 625 3899 an
652 3855 757 3899 non
782 3879 798 3904 ,
837 3851 993 3908 poena
1024 3834 1291 3905 indigent;
1341 3831 1431 3904 qui
1458 3844 1586 3887 vero
1613 3838 1790 3884 utrum
1820 3827 1913 3885 uix

332 3938 448 3994 alba
469 3952 536 3991 an
560 3950 697 4001 non.
739 3946 941 3993 sensu.‘
977 3928 1158 4001 Neque
1196 3940 1326 3985 vero
1354 3938 1583 3997 quorum
1616 3919 1912 3993 propinqua

333 4038 418 4086 est
446 4026 834 4085 demonstratio
854 4064 872 4093 ,
903 4037 1078 4094 neque
1106 4034 1332 4093 quorum
1356 4015 1507 4079 valde
1534 4015 1691 4086 longe
1717 4030 1734 4071 :
1788 4026 1913 4068 nam

335 4121 425 4178 illa
480 4118 695 4191 quidem
752 4133 857 4173 non
904 4114 1102 4174 habent
1123 4111 1542 4173 dubitationem,
1573 4107 1689 4163 haec
1732 4112 1912 4160 autem

335 4213 503 4284 magis
529 4226 685 4285 quam
714 4208 1012 4269 secundum
1038 4204 1345 4264 facultatem
1384 4198 1804 4259 exercitativam.

974 4399 1199 4460 CAPUT
1234 4398 1305 4457 Χ.

378 4543 453 4601 De
518 4542 780 4614 speciebus
838 4539 1170 4664 disserendi,
1218 4536 1591 4608 dialecticwque
1655 4532 1886 4604 disputa-

1062 4625 1214 4664 tanta.

1062 4625 1214 4666 Ion".

412 4770 786 4829 Determinatia
809 4779 988 4827 autem
1012 4770 1116 4837 bis,
1147 4776 1361 4839 oportet
1389 4766 1629 4824 dividere
1657 4763 1919 4837 quotdis-

340 4863 651 4921 lecticarum
692 4861 1110 4931 disputationum
1161 4868 1284 4914 sunt
1329 4858 1559 4926 species.
1595 4856 1692 4913 Est
1738 4863 1917 4923 autem

340 4957 580 5015 inductio
600 4954 816 5027 quidem
845 4955 984 5021 haec,
1008 4954 1096 5011 illa
1125 4962 1302 5009 autem
1332 4952 1695 5024 syllogismus.
1729 4949 1921 5022 Etsyl-

343 5049 599 5119 logtsmus
636 5047 851 5118 quidem
892 5045 1019 5117 quid
1067 5053 1170 5111 est,
1197 5042 1398 5101 dictum
1430 5051 1513 5100 est
1560 5043 1728 5114 prius.
1762 5042 1920 5101 Indu-

342 5142 454 5198 ctio
480 5156 608 5198 vero
632 5149 717 5196 est
738 5155 770 5195 a
808 5136 1172 5211 singularibus
1209 5135 1276 5191 ad
1309 5135 1630 5193 universalia
1657 5135 1918 5200 accessio,

344 5242 402 5289 ut
422 5232 468 5287 si
493 5241 577 5288 est
595 5232 923 5303 gubernator
951 5227 1214 5293 eruditus,
1245 5226 1504 5297 optimus,
1553 5233 1609 5282 et
1633 5224 1837 5295 auriga.
1868 5231 1925 5283 et

342 5328 518 5383 omnis
554 5325 644 5396 qui
674 5332 758 5380 est
783 5321 1026 5379 eruditus
1071 5320 1124 5375 in
1165 5331 1508 5389 unoquoque,
1549 5315 1805 5385 optimus.
1830 5315 1926 5373 Est

343 5433 521 5478 autem
551 5418 788 5474 inductio
812 5415 1177 5480 verisimilior,
1205 5424 1259 5471 et
1287 5412 1503 5477 clarior,
1537 5418 1591 5467 et
1630 5407 1922 5468 mundum

345 5527 563 5570 sensum
606 5510 806 5578 notior,
846 5517 902 5566 et
944 5507 1180 5578 pluribus
1207 5504 1536 5572 communis;
1585 5503 1925 5576 syllogismus

348 5615 525 5661 autem
574 5603 860 5667 valentior,
917 5610 973 5657 et
1013 5599 1079 5656 ad
1139 5598 1570 5657 contradicentes
1632 5594 1916 5652 efficacior.

352 5697 494 5769 Ergo
538 5711 737 5766 genera
778 5694 848 5752 de
894 5692 1085 5765 quibus
1128 5689 1555 5760 disputationes,
1600 5697 1659 5745 et
1699 5702 1769 5743 ex
1809 5686 1925 5756 qui-

351 5793 483 5858 bus,
514 5789 962 5861 quemadmodum
1002 5796 1125 5844 ante
1177 5784 1374 5845 dictum
1418 5792 1523 5851 est,
1572 5782 1925 5841 detertninata

343 5888 477 5951 sint.

1192 377 1580 440 TOPICORUM
1618 366 2065 437 ARISTOTELIS
2101 363 2676 427 INTERPRETATIO.

3467 344 3571 398 9l3

2600 474 2826 539 CAPUT
2867 472 2959 537 XL

1990 574 2075 653 De
2106 573 2699 653 instrumentis-quibus
2727 526 3142 653 syllogismorum
3180 558 3379 640 rapiam
3425 526 3569 618 nobis

2345 645 2412 697 ad
2442 639 2788 698 disserendum
2815 639 3220 713 srippeditamus.

2064 763 2421 815 Instrumenta
2450 766 2628 813 autem
2662 770 2757 825 per
2781 768 2899 825 qua:
2946 748 3278 807 abundemus
3321 745 3577 817 syllogis-

1995 852 2097 911 mis
2125 859 2250 907 sunt
2288 859 2538 920 quatuor.
2577 848 2749 905 Unum
2780 846 3030 918 quidem,
3062 841 3448 913 propositiones
3478 852 3573 895 stt.
3636 860 3637 863 η

1996 959 2165 1005 mere.
2195 942 2503 1001 Secundum
2525 952 2729 1008 autem,
2751 940 3130 1012 quotnpliciter
3157 931 3574 1004 unumquodque

1996 1034 2193 1093 dicitur
2225 1048 2385 1105 posse
2412 1033 2769 1103 distinguere.
2814 1031 3078 1100 Tertium,
3128 1025 3456 1084 dill‘erentias
3494 1023 3577 1077 in-

1996 1128 2202 1185 venire.
2254 1127 2517 1196 Quartum
2564 1135 2765 1191 autem,
2796 1120 3163 1179 similitudinis
3191 1114 3593 1177 consideratio.‘

1999 1219 2136 1279 Sunt
2162 1229 2338 1277 autem
2361 1228 2418 1279 et
2456 1216 2617 1277 modo
2644 1214 2878 1288 quodam
2907 1214 3070 1271 etiam
3092 1212 3189 1267 tria
3227 1211 3416 1265 horum
3453 1220 3578 1278 pro-

1999 1314 2316 1383 positiones.
2354 1312 2450 1367 Est
2476 1312 2619 1366 enim
2653 1306 3071 1378 unumquodque
3110 1319 3294 1361 eorum
3332 1300 3577 1373 proposi-

2002 1404 2200 1460 tionem
2234 1403 2432 1469 facere,
2463 1412 2519 1456 ut
2544 1400 2685 1472 quod
2716 1398 3020 1469 eligendum
3048 1405 3130 1451 est
3161 1397 3466 1457 honestum,
3489 1391 3577 1446 vel

1998 1493 2339 1573 delectabile,
2373 1493 2456 1565 vel
2488 1492 2638 1559 utile,
2680 1498 2735 1547 et
2763 1488 2906 1561 quod
2946 1486 3128 1549 dill'ert
3154 1500 3344 1540 sensus
3365 1498 3394 1537 a
3418 1482 3579 1536 disci-

2000 1588 2166 1659 plina,
2196 1603 2262 1645 eo
2286 1586 2430 1659 quod
2459 1584 2727 1643 amittenti
2768 1597 2887 1638 eam
2930 1578 3191 1651 possibile
3243 1585 3328 1632 est
3365 1588 3580 1630 rursum

1998 1693 2232 1741 sumere.
2257 1677 2405 1737 illum
2429 1686 2607 1733 autem
2639 1671 2989 1745 impossibile.
3022 1668 3087 1725 Et
3114 1666 3364 1738 quoniam
3388 1662 3581 1737 simili,-

2001 1780 2083 1831 ter
2110 1788 2168 1829 se
2199 1772 2356 1829 habet
2380 1756 2603 1831 salubre»
2623 1770 2689 1825 ad
2711 1769 3014 1831 sanitatem,
3031 1772 3085 1821 et
3102 1760 3280 1817 habile
3301 1758 3364 1815 ad
3387 1758 3582 1815 bonam

1922 1874 1975 1941 Β
2003 1864 2391 1923 habitudinem.
2417 1848 2511 1919 Est
2535 1874 2714 1923 autem
2744 1862 2913 1932 prima
2935 1854 3230 1930 propositio
3255 1851 3321 1908 ab
3367 1848 3433 1905 iis
3462 1863 3582 1920 quae

2001 1956 2365 2029 multipliciter
2393 1956 2667 2024 dicuntur,
2700 1951 2934 2011 secunda
2978 1966 3009 2007 a
3052 1944 3391 2015 dill'erentiis,
3425 1941 3581 2001 tertia

2002 2065 2131 2108 vero
2155 2065 2186 2107 a
2214 2049 2504 2113 similibus.

2605 2184 2831 2243 CAPUT
2872 2184 2983 2240 ΧΙΙ.

2377 2282 2454 2337 D‘e
2478 2281 2765 2353 sumplione
2784 2277 3205 2349 propositionum.

2074 2378 2214 2449 Ergo
2258 2374 2652 2447 propositiones
2702 2370 2917 2443 quidem
2964 2368 3267 2439 eligendum
3315 2370 3581 2435 quotquot

1970 2469 2176 2525 -modis
2221 2466 2634 2524 determinatum
2681 2472 2763 2518 est
2804 2462 2856 2517 in
2889 2458 3275 2533 propositione,
3329 2465 3423 2511 aut
3458 2468 3581 2510 om-

2004 2564 2148 2619 nium
2179 2560 2458 2632 opiniones
2487 2554 2833 2628 proponenti,
2865 2561 2955 2607 aut
2995 2551 3223 2621 plurium
3247 2556 3338 2603 aut
3365 2548 3583 2617 sapien-

2005 2664 2138 2721 tum,
2171 2663 2227 2710 et
2256 2653 2443 2706 horum
2469 2649 2555 2704 vel
2583 2646 2843 2713 omnium,
2868 2644 2954 2699 vel
2982 2642 3353 2712 plurimorum,
3382 2637 3468 2717 vel
3490 2640 3587 2691 noi-

2006 2747 2357 2803 tissimorum.
2386 2743 2493 2797 Aut
2534 2739 2696 2795 etiam
2745 2734 3043 2791 contrarias
3083 2728 3495 2803 apparentibus,
3533 2735 3588 2783 et

2004 2852 2335 2910 qtuecunque
2355 2833 2637 2904 Opiniones
2658 2828 2952 2887 secundum
2980 2836 3148 2881 artem
3174 2832 3326 2889 sunt;
3354 2828 3408 2877 at
3431 2834 3588 2890 opor-

2004 2942 2082 2989 tet
2110 2928 2429 3001 protendere
2451 2927 2749 2983 contrarias
2780 2921 3163 2994 apparentibus
3193 2915 3585 2987 probabilibus,

2004 3024 2298 3082 secundum
2329 3019 2834 3080 contradictionem,
2886 3009 3340 3084 quemadmodum
3386 3008 3593 3063 dictum

2007 3125 2091 3172 cst
2121 3115 2287 3187 prius.
2325 3112 2466 3169 Utile
2492 3120 2671 3166 autem
2700 3117 2753 3163 et
2778 3106 2953 3161 facere
2981 3119 3074 3160 eas
3101 3103 3155 3157 in
3201 3099 3450 3171 eligendo
3482 3114 3591 3153 non

2009 3210 2184 3264 solun
2233 3220 2353 3277 qua:
2381 3211 2503 3258 sunt
2543 3199 2874 3273 probabiles.
2908 3195 3004 3253 sed
3034 3205 3089 3252 et
3135 3192 3340 3250 similes
3386 3190 3484 3256 cis,
3535 3200 3593 3245 ut

2008 3302 2148 3374 quod
2178 3297 2567 3357 contrariorum
2598 3295 2738 3351 idem
2770 3295 2851 3349 est
2870 3305 3081 3355 sensus,
3108 3302 3254 3344 nam
3280 3296 3329 3343 et
3372 3282 3595 3342 scientia

2008 3393 2395 3451 contrariorum
2426 3400 2507 3447 est
2535 3389 2741 3445 eadem.
2777 3387 2843 3441 Et
2869 3385 3010 3456 quod
3040 3384 3282 3439 videmus
3301 3379 3596 3450 suscipien-

2009 3497 2093 3543 tes
2133 3485 2354 3556 aliquid,
2386 3499 2491 3538 non
2522 3482 2853 3543 amittentes,
2891 3491 3015 3530 nam
3048 3483 3102 3528 et
3129 3474 3181 3527 in
3202 3472 3323 3526 aliis
3350 3468 3596 3527 sensibus

2011 3578 2092 3631 sic
2133 3586 2238 3641 est,
2290 3589 2412 3629 nam
2452 3580 2508 3626 et
2553 3569 2799 3624 audimus
2833 3564 3186 3634 suscipientes
3217 3560 3436 3630 aliquid,
3490 3572 3599 3615 non

2012 3665 2340 3728 emittentes,
2373 3672 2428 3718 et
2456 3661 2739 3725 olfacimus
2768 3659 2956 3713 eodem
2995 3654 3176 3718 modo,
3226 3650 3477 3707 similiter
3504 3664 3598 3703 au-

2015 3763 2123 3811 tem
2151 3762 2206 3810 et
2232 3754 2284 3808 in
2312 3754 2451 3808 aliis.
2486 3750 2729 3820 Amplius
2755 3765 2768 3801 :
2794 3756 3126 3817 quaecunque
3152 3741 3207 3796 in
3234 3738 3484 3795 omnibus
3510 3738 3599 3795 vel

2017 3845 2262 3917 plurimis
2297 3843 2572 3910 videntur,
2608 3837 2927 3896 sumendum
2960 3844 3020 3891 ut
3049 3833 3369 3905 principium
3417 3838 3471 3887 et
3496 3844 3597 3900 ap-

2017 3946 2295 4011 parentem
2325 3937 2668 4008 positionem,
2716 3946 2841 3987 nam
2888 3936 3092 4000 ponunt
3120 3928 3207 3996 qui
3235 3940 3341 3981 non
3380 3923 3598 3992 conspi-

2017 4034 2187 4102 ciunt,
2217 4032 2270 4087 in
2295 4031 2474 4101 aliquo
2501 4044 2607 4084 non
2635 4027 2715 4083 sic
2742 4025 2925 4081 habet.
2950 4024 3161 4093 Eligere
3190 4028 3366 4075 autem
3389 4024 3602 4089 oportet

2018 4133 2075 4179 et
2111 4138 2178 4179 ex
2208 4123 2422 4191 scriptis
2451 4116 2958 4190 disceptationibus.
2989 4111 3390 4182 Descriptiones
3418 4118 3597 4165 autem

2017 4218 2198 4273 facere
2242 4218 2296 4270 in
2340 4225 2663 4283 unoquoque
2713 4222 2913 4281 genere
2961 4213 3324 4276 supponentcs
3354 4215 3605 4258 seorsum

2023 4311 2105 4380 (ut
2135 4309 2202 4364 de
2232 4307 2395 4372 bono,
2428 4311 2523 4359 aut
2548 4303 2614 4358 de
2658 4299 2899 4366 animali,
2941 4296 3087 4353 etde
3107 4296 3248 4351 bono
3270 4292 3438 4363 omni)
3468 4291 3603 4347 inci-

1936 4476 1939 4481 θ
2022 4404 2257 4473 pientem
2286 4414 2316 4454 ιι
2343 4396 2471 4470 quid
2506 4404 2610 4451 est.
2644 4392 2918 4451 Adnotare
2964 4396 3140 4445 autem
3170 4396 3225 4442 et
3265 4382 3608 4456 singulorum

2022 4494 2323 4566 opiniones,
2367 4501 2424 4547 ut
2470 4487 2614 4560 quod
2644 4482 3004 4556 Empedocles
3050 4490 3283 4553 quatuor
3310 4477 3446 4534 dixit
3490 4476 3647 4533 ele-z

2026 4598 2204 4643 menta
2235 4598 2524 4655 corporum
2570 4595 2711 4636 esse.
2745 4578 2915 4634 Ponet
2955 4575 3101 4633 enim
3130 4571 3325 4643 aliquis
3367 4567 3507 4640 quod
3535 4566 3608 4623 ab

1945 4635 2000 4704 υ
2232 4635 2692 4748 dictum
2734 4678 2836 4724 cst.
2890 4635 3340 4735 Suntautem-(ut
3373 4635 3635 4731 figuraliv

2029 4780 2114 4829 ter
2164 4770 2234 4826 ait
2276 4764 2596 4836 compleCIi)
2645 4759 3068 4833 propositionum
3117 4764 3173 4812 et
3216 4752 3609 4826 problematutn

2028 4873 2209 4935 partes
2241 4871 2387 4926 tres;
2438 4874 2563 4915 nam
2609 4858 2729 4912 alite
2778 4862 2904 4910 sunt
2929 4851 3161 4909 merulea
3187 4846 3607 4920 prepositionea,
3642 4858 3645 4861 '

2027 4932 2149 5012 alite
2191 4952 2482 5019 naturales,
2515 4949 2635 5005 aliae
2659 4947 2965 5005 rationales.
2996 4942 3225 5000 Met-ales
3261 4938 3476 5010 quidem
3502 4932 3636 4993 bu—'

2028 5044 2283 5119 jnsmodi.
2316 5051 2373 5098 ut
2399 5013 2581 5098 utrum
2608 5045 2856 5110 oporteat
2881 5034 3189 5108 parentibus
3217 5029 3389 5101 magis
3429 5042 3500 5085 ,η
3527 5013 3647 5087 “.4

2030 5136 2188 5207 gibus
2215 5133 2470 5199 obedire,
2522 5132 2569 5189 si
2619 5130 2955 5188 dissentiant.
2986 5122 3301 5183 Rationales
3349 5133 3503 5185 vero,
3532 5126 3615 5207 ut

2033 5206 2209 5285 utrum
2238 5226 2626 5285 contrariorum
2655 5222 2841 5280 eadem
2871 5216 3185 5287 disciplina,
3223 5226 3293 5271 an
3341 5225 3473 5269 non.
3498 5206 3611 5265 Na-

2034 5320 2233 5376 turales
2261 5326 2460 5382 autem,
2493 5322 2553 5372 ut
2575 5322 2753 5371 utrum
2784 5284 3110 5368 mundus'sit
3130 5311 3389 5370 aeternus,
3416 5284 3632 5361 necne.E

2035 5408 2290 5467 Similiter
2320 5416 2494 5464 autem
2529 5413 2586 5461 et
2629 5402 2982 5473 problemata.
3011 5396 3083 5453 At
3120 5407 3251 5451 vero
3286 5390 3475 5462 quales
3506 5388 3617 5453 sint

2036 5500 2256 5572 singulm
2281 5514 2466 5561 earum
2499 5512 2617 5567 qua:
2646 5495 2803 5555 dict-.e
2842 5498 2988 5554 sunt,
3040 5484 3353 5545 deﬁnitione
3389 5480 3615 5553 quidem

2034 5610 2137 5651 non
2161 5592 2315 5651 facile
2341 5589 2616 5661 assignare
2646 5595 2729 5645 est
2756 5585 2822 5641 de
2849 5582 3000 5653 ipsis.
3037 5580 3130 5637 Est
3160 5585 3336 5637 autem
3366 5588 3432 5631 ea
3469 5572 3613 5645 (qum

2036 5701 2130 5757 per
2174 5682 2540 5741 inductionem
2589 5678 2694 5748 est)
2745 5671 3092 5733 assuetudine
3144 5665 3461 5727 tentandum
3516 5676 3610 5717 co-

2036 5792 2297 5850 gnoscere
2329 5787 2759 5845 unamquamque
2799 5783 3007 5833 earum,
3039 5762 3333 5823 secundum
3363 5757 3617 5830 praedicta

2039 5848 2285 5945 exempla
2331 5869 2711 5933 consideranti.
2741 5865 2821 5935 Ad
2864 5862 3262 5936 philosophiam
3291 5856 3453 5937 ἱαίιυτ
3521 5848 3616 5924 ’δ’

3615 5944 3638 5972 κ
