4022 6330
461 364 561 420 919

1669 364 1776 418 ΑΝ.
1822 358 2030 416 MANL.
2072 352 2225 413 δεῖν.
2271 357 2492 413 BOE'I‘II

3641 358 3749 411 920

461 479 697 557 cundum
745 477 1018 533 veritatem
1060 474 1129 533 de
1174 444 1256 532 his
1307 476 1707 545 negotiandum,
1761 476 2045 531 dialectico
2076 468 2133 530 Δ
2157 471 2494 539 corporalem
2522 478 2724 537 actum,
2753 469 2923 536 nihil;
2957 469 3300 525 manifestum
3327 482 3459 539 ergo
3484 471 3743 539 quoniam

428 592 433 597 '
464 585 644 630 autem
688 570 848 625 modo
883 568 948 624 ad
992 569 1321 639 opinionem.
1356 569 1643 625 Sumendae
1668 578 1845 624 autem
1887 582 2047 640 quam

464 664 699 722 maxime
729 661 1063 717 universales
1091 662 1488 732 propositiones
1516 676 1727 729 omnes,
1760 671 1812 717 et
1841 676 1944 716 una
1972 659 2051 714 fa-

458 759 652 813 cienda
674 755 877 825 multae,
900 763 960 810 ut
983 754 1123 823 quod
1144 755 1511 825 oppositorum
1535 754 1721 809 eadem
1745 753 2047 821 disciplina,

465 846 659 901 deinde
684 844 825 914 quod
850 846 1242 901 contrariorum
1265 855 1317 900 et
1342 846 1482 915 quod
1507 846 1573 900 ad
1596 845 1817 916 aliquid.
1845 845 2047 900 Eodem

465 941 627 995 modo
654 951 708 995 et
755 940 885 1008 ipsa:
915 954 1129 995 rursum
1159 939 1483 1004 dividendae,
1517 953 1795 1009 quousque
1834 939 2050 994 contin-

456 1044 594 1104 gere
636 1042 810 1103 potest
850 1032 1063 1099 divisio,
1095 1040 1152 1087 ut
1181 1032 1322 1101 quod
1365 1032 1513 1099 boui,
1562 1042 1615 1086 et
1662 1031 1811 1095 mali,
1843 1040 1897 1086 et
1922 1030 2053 1097 albi,

458 1137 522 1181 et
578 1126 754 1196 nigri,
815 1134 869 1181 et
927 1124 1144 1195 frigidi,
1216 1133 1271 1180 et
1320 1124 1521 1191 calidi;
1578 1124 1825 1179 similiter
1876 1131 2053 1178 autem

454 1208 521 1273 'et
552 1216 607 1271 in
636 1216 779 1271 aliis.
815 1216 889 1271 De
935 1216 1392 1286 propositionibus
1422 1216 1583 1287 igitur
1612 1216 1882 1273 sufficiant
1919 1231 2057 1288 pra:-

456 1310 627 1365 dicta.

1061 1399 1290 1457 CAPUT
1328 1399 1466 1455 XIII.

880 1492 957 1547 De
987 1493 1282 1563 multiplicis
1304 1494 1648 1551 distinctione.

539 1585 715 1656 Ipsum
746 1593 925 1639 autem
955 1585 1334 1655 quotupliciter
1386 1587 1768 1655 negotiandum
1797 1596 1900 1653 est,
1949 1602 2054 1643 non

466 1677 640 1733 solum
664 1691 1001 1747 qurecunque
1026 1677 1283 1733 dicuntur
1306 1678 1602 1734 secundum
1626 1677 1790 1734 alium
1812 1678 2054 1747 modum,

467 1768 566 1824 sed
598 1776 655 1824 et
680 1768 920 1823 rationes
965 1784 1153 1823 eorum
1195 1769 1510 1825 tentandum
1538 1770 1836 1841 assignare,
1863 1779 1920 1826 ut
1948 1786 2053 1827 non

2154 574 2342 618 amare
2373 562 2730 633 :equivocum.
2765 561 3033 617 Przterea
3064 560 3120 616 in
3142 559 3355 616 mediis.
3385 558 3442 617 Si
3474 560 3601 615 huic
3621 562 3749 631 qui-

2153 659 2277 714 dem
2316 667 2399 715 est
2442 659 2652 730 aliquid
2698 656 2970 726 medium,
3015 655 3092 711 illi
3144 664 3321 711 autem
3360 653 3530 720 nihil,
3562 665 3655 709 aut
3698 656 3751 712 ai

2154 754 2396 825 utrisque
2443 754 2662 825 quidem
2708 761 2813 818 est,
2847 766 2953 807 non
3008 750 3148 806 idem
3197 760 3401 813 autem,
3432 756 3496 804 ut
3532 749 3664 803 clari
3695 758 3754 805 et

2155 846 2414 913 obscuri;
2443 848 2495 902 in
2525 845 2799 903 coloribus
2847 843 3062 915 quidem
3104 841 3302 913 aliquid
3351 850 3435 898 est
3474 840 3750 906 medium.

2157 940 2388 1008 fuscum,
2443 940 2498 996 in
2532 954 2679 1008 ,voce
2721 948 2902 995 autem
2958 937 3125 1003 nihil,
3185 943 3280 991 aut
3331 936 3380 991 si
3431 934 3575 991 forte
3626 949 3755 990 ras.

2158 1040 2316 1103 cum“,
2357 1034 2811 1108 quemadmodum
2855 1032 3076 1105 quidam
3104 1030 3290 1087 dicunt
3313 1043 3533 1086 raucam
3561 1043 3754 1085 vocem

2161 1128 2398 1184 medium
2455 1140 2624 1182 esse:
2667 1138 2836 1197 quare
2888 1123 3224 1194 aequivocum
3276 1120 3523 1188 clarum,
3563 1119 3756 1176 simili—

2163 1228 2248 1274 ter
2303 1212 2703 1275 et'obscurum.
2755 1216 2980 1285 Insuper
3015 1214 3063 1270 si
3108 1214 3301 1270 horum
3349 1213 3568 1284 quidem
3590 1213 3753 1283 plura

2163 1311 2366 1381 media,
2393 1312 2606 1368 illorum
2626 1320 2817 1368 autem
2852 1325 3038 1377 unum,
3071 1319 3132 1367 ut
3156 1311 3211 1367 in
3246 1310 3393 1367 claro
3415 1318 3473 1367 et
3495 1310 3753 1366 obscuro.

2142 1402 2298 1459 Nam
2322 1405 2376 1460 in
2406 1396 2679 1460 coloribus
2701 1402 2856 1475 plura
2884 1402 3082 1471 media,
3114 1403 3169 1459 in
3192 1416 3326 1457 voce
3353 1412 3533 1458 autem
3565 1418 3754 1470 unum,

2161 1512 2405 1553 raucum.
2432 1495 2665 1551 Rursum
2700 1496 2751 1550 in
2783 1509 2849 1551 eo
2876 1493 3019 1565 quod
3050 1493 3347 1550 secundum
3375 1493 3755 1549 contradictio-

2163 1604 2285 1644 nem
2316 1588 2629 1657 Opponitur,
2657 1586 3107 1643 considerandum
3144 1587 3189 1641 si
3219 1584 3591 1655 multipliciter
3618 1584 3753 1641 dici-

2165 1689 2272 1735 tur.
2306 1680 2437 1734 Nam
2480 1680 2525 1734 si
2559 1680 2661 1735 hoc
2694 1678 3064 1749 multipliciter
3111 1677 3331 1744 dicitur,
3358 1684 3417 1733 et
3451 1678 3595 1749 quod
3632 1678 3755 1733 huic

2162 1774 2457 1846 opponitur
2486 1771 2854 1843 multipliciter
2880 1772 3114 1827 dicetur.
3148 1771 3220 1828 Ut
3248 1785 3356 1826 non
3402 1771 3591 1828 videre
3621 1773 3756 1827 mul-

467 1861 643 1916 solum
670 1861 810 1931 quod
834 1861 1035 1917 bonum
1058 1861 1165 1917 alio
1187 1862 1403 1932 quidem
1437 1863 1598 1919 modo
1619 1864 1820 1920 dicitur
1843 1866 2055 1936 justitia
2082 1853 2132 1917 Β
2160 1866 2415 1936 tipliciter
2453 1866 2686 1934 dicitur,
2719 1880 2881 1920 unum
2913 1863 3128 1935 quidem
3172 1879 3278 1920 non
3312 1864 3512 1921 habere
3549 1866 3752 1930 visum,

466 1961 524 2009 et
571 1953 847 2023 fortitudo,
899 1955 1076 2010 habile
1104 1966 1283 2011 autem
1333 1966 1389 2011 et
1415 1956 1651 2023 salubre,
1706 1957 1799 2013 sed
1831 1959 1974 2029 quod
2004 1968 2059 2016 et

467 2047 561 2103 illa
590 2048 801 2118 quidem
830 2064 894 2105 eo
914 2120 919 2129 ν
939 2050 1082 2119 quod
1114 2051 1227 2119 ipsa
1256 2049 1432 2121 qualia
1474 2050 1719 2121 quaedam
1765 2060 1912 2120 sunt,
1944 2043 2059 2108 haec

471 2148 649 2197 autem
697 2155 763 2194 eo
792 2141 933 2208 quod
986 2141 1232 2197 eli‘ectiva
1263 2142 1515 2211 alicujus,
1547 2153 1603 2200 et
1648 2160 1754 2199 non
1801 2160 1867 2201 eo
1916 2146 2058 2216 quod

468 2229 642 2299 qualia
692 2232 936 2305 quaedam
987 2241 1149 2298 sunt;
1201 2233 1452 2288 similiter
1496 2243 1675 2290 autem
1716 2244 1771 2291 et
1816 2237 1869 2290 in
1916 2235 2053 2291 aliis.

470 2323 659 2380 Utrum
687 2332 865 2380 autem
900 2325 1293 2394 multipliciter,
1315 2337 1410 2383 aut
1432 2343 1540 2383 uno
1580 2329 1741 2384 modo
1772 2330 1955 2400 specie
1978 2329 2058 2385 di-

468 2416 640 2482 citur,
695 2431 789 2485 per
857 2416 971 2473 haec
1021 2417 1493 2475 considerandum.
1545 2420 1783 2477 Primum
1839 2422 2074 2493 quidem

468 2508 523 2562 in
592 2508 863 2564 contrario
925 2510 1361 2579 perspiciendum
1425 2514 1472 2568 si
1537 2512 1910 2583 multipliciter
1965 2514 2061 2570 di-

470 2602 634 2667 citur,
674 2603 793 2659 sive
841 2604 1046 2675 specie,
1079 2606 1195 2662 sive
1241 2606 1460 2664 nomine
1498 2607 1763 2665 dissonet.
1803 2608 2057 2678 Quasdam

468 2696 613 2752 enim
660 2697 841 2752 statim
888 2706 946 2756 et
993 2699 1304 2757 nominibus
1352 2701 1454 2757 alia
1501 2710 1658 2768 sunt,
1710 2713 1768 2759 ut
1796 2711 1953 2759 acuto
2003 2705 2057 2758 in

465 2799 601 2844 voce
639 2790 969 2846 contrarium
1018 2801 1100 2847 est
1146 2807 1332 2863 grave,
1389 2795 1442 2849 in
1471 2794 1839 2864 magnitudine
1880 2804 2057 2851 autem

466 2879 758 2947 obtusum;
832 2889 979 2952 patet
1052 2881 1215 2953 igitur
1284 2883 1427 2954 quod
1504 2888 1828 2941 contrarium
1902 2895 2061 2940 acuto

464 2973 838 3045 multipliciter
891 2974 1126 3043 dicitur,
1177 2978 1221 3032 si
1285 2985 1465 3033 autem
1522 2978 1656 3041 hoc,
1714 2985 1771 3033 et
1817 2986 2057 3034 acutum.

467 3061 603 3120 Nam
661 3065 957 3121 secundum
1007 3076 1294 3136 utrumque
1344 3067 1538 3121 horum
1583 3066 1725 3122 aliud
1774 3076 1891 3123 erat
1933 3082 2062 3123 con-

468 3155 729 3224 trarium,
784 3171 889 3210 non
946 3157 1093 3211 enim
1141 3157 1283 3213 idem
1347 3165 1562 3212 acutum
1618 3157 1722 3213 erit
1767 3158 1960 3214 obtuso
2006 3168 2061 3216 et

2163 1962 2392 2017 alterum
2417 1968 2597 2016 autem
2623 1974 2729 2015 non
2761 1959 2971 2029 operari
3001 1959 3141 2015 visu.
3174 1958 3233 2015 Si
3276 1969 3458 2015 autem
3490 1960 3592 2015 hoc
3622 1960 3756 2015 mul-

2163 2055 2420 2127 tipliciter
2449 2054 2667 2120 dicitur,
2693 2052 3056 2110 necessarium
3088 2061 3173 2109 est
3196 2061 3251 2108 et
3284 2053 3471 2109 videre
3498 2054 3756 2123 multipli-

2165 2151 2303 2207 citer
2332 2150 2437 2205 dici
2467 2165 2483 2205 :
2517 2150 2732 2219 utrique
2762 2147 2903 2202 enim
2935 2160 3042 2201 non
3069 2146 3256 2203 videre
3281 2147 3594 2217 opponitur,
3625 2156 3682 2201 ut
3707 2148 3755 2202 ei

2162 2242 2380 2314 quidem
2409 2241 2553 2312 quod
2584 2250 2666 2295 est
2698 2254 2809 2295 non
2837 2239 3039 2296 habere
3067 2238 3265 2305 visum,
3298 2239 3534 2305 habere;
3565 2239 3643 2294 illi
3665 2254 3754 2293 au-

2166 2348 2273 2394 tem
2300 2337 2442 2409 quod
2475 2350 2580 2391 non
2602 2344 2687 2393 est
2730 2337 2945 2406 operari
2978 2335 3095 2390 visu
3118 2376 3133 2401 ,
3156 2336 3391 2406 operari.
3431 2336 3675 2405 Amplius
3703 2337 3754 2392 in

2166 2433 2249 2488 his
2279 2447 2398 2502 quas
2424 2429 2720 2487 secundum
2754 2430 3110 2499 privationem
3133 2438 3187 2485 et
3214 2429 3457 2485 habitum
3507 2430 3755 2486 dicuntur

2150 2524 2619 2597 perspiciendum.
2650 2523 2708 2581 Si
2739 2524 2883 2580 enim
2915 2523 3141 2580 alterum
3199 2525 3575 2596 multipliciter
3617 2525 3753 2581 dici-

2150 2626 2273 2686 tur,
2301 2630 2354 2675 et
2375 2621 2637 2691 reliquum
2665 2628 2724 2675 ut
2752 2620 2797 2675 si
2828 2618 3086 2677 sensibile
3109 2618 3479 2690 multipliciter
3506 2619 3704 2674 dicitur
3735 2638 3749 2674 :

2165 2724 2216 2769 et
2237 2713 2802 2791 secundumauimam
2833 2722 2887 2769 et
2913 2724 3135 2791 corpus,
3168 2719 3223 2766 et
3273 2710 3589 2776 insensibile
3615 2711 3752 2765 mul-

2163 2807 2418 2877 tipliciter
2462 2809 2672 2863 dicetur
2701 2816 2757 2862 et
2799 2790 3097 2862 secundum
3147 2805 3384 2859 animam
3433 2813 3486 2859 et
3536 2818 3751 2873 corpus.

2163 2901 2318 2969 Quod
2354 2910 2531 2956 autem
2563 2900 2861 2958 secundum
2908 2902 3263 2971 privationem
3294 2909 3350 2956 et
3390 2898 3635 2954 habitum
3663 2914 3754 2969 op-

2165 3004 2436 3065 ponuntur
2465 3008 2583 3064 qua:
2625 2993 2767 3048 dicta
2792 3001 2951 3060 sunt,
2980 2992 3346 3060 manifestum,
3371 3005 3438 3047 eo
3466 2990 3607 3059 quod
3636 2999 3756 3045 nata

2166 3088 2275 3145 sint
2297 3099 2584 3158 utrumque
2608 3101 2827 3143 sensum
2852 3086 3053 3142 habere
3079 3084 3356 3150 animalia,
3384 3093 3440 3139 et
3465 3081 3754 3138 secundum

2168 3184 2405 3237 animum
2451 3188 2505 3236 et
2550 3178 2847 3234 secundum
2906 3192 3125 3248 corpus.
3180 3174 3430 3244 Amplius
3474 3183 3654 3229 autem
3705 3173 3756 3230 is

469 3251 620 3321 3m“
677 3251 1036 3317 c‘mmrium;
1086 3249 1297 3319 utrique
1352 3257 1530 3304 amem
1583 3257 1793 3305 “omum
1844 3246 2137 3313 εθηιτδό
2169 3275 2386 3331 casibus
2435 3270 2908 3329 considerandum.
2952 3246 3084 3325 Nam
3135 3267 3181 3324 si
3206 3267 3353 3339 juste
3383 3266 3753 3335 multipliciter

469 3343 638 3399 rium.
673 3343 904 3398 Rursum
926 3342 1073 3412 gravi
1103 3341 1159 3397 in
1182 3355 1314 3397 voce
1338 3342 1554 3412 quidem
1580 3343 1907 3399 contrarium
1935 3358 2064 3419 acu-

476 3448 615 3505 tum,
667 3436 1033 3507 magnitudine
1080 3444 1260 3492 autem
1303 3435 1465 3501 leve;
1499 3451 1666 3507 quare
1695 3436 2065 3507 multipliciter

476 3543 639 3600 grave
657 3530 869 3597 dicitur,
898 3545 964 3585 eo
984 3528 1126 3600 quod
1149 3538 1203 3583 et
1217 3529 1572 3584 contrarium.
1596 3528 1856 3585 Similiter
1882 3538 2062 3586 autem

479 3635 532 3678 et
556 3623 800 3693 pulchro,
833 3624 883 3677 ei
911 3622 1125 3692 quidem
1154 3622 1296 3691 quod
1323 3622 1377 3677 in
1403 3621 1620 3677 animali
1645 3631 1821 3693 turpe,
1853 3623 1906 3678 ei
1936 3637 2063 3678 vero

475 3716 619 3787 quod
666 3726 747 3772 est
777 3716 832 3770 in
862 3715 1052 3780 domo,
1087 3716 1483 3785 perniciosum;
1514 3731 1680 3787 quare
1728 3717 2061 3787 aequivocum

476 3806 782 3878 pulchrum.
828 3806 886 3861 In
915 3806 1234 3877 quibusdam
1267 3816 1450 3863 autem
1494 3807 1798 3863 nominibus
1848 3810 2062 3879 quidem

475 3901 630 3956 nullo
658 3899 820 3955 modo
857 3898 1121 3967 dissonat,
1151 3902 1332 3971 specie
1377 3912 1553 3958 autem
1584 3902 1861 3958 manifesta
1892 3904 1947 3958 in
1982 3904 2064 3960 eis

475 3992 666 4048 statim
692 3990 993 4047 differentia
1036 4000 1141 4060 est,
1190 4001 1249 4047 ut
1287 3994 1343 4049 in
1389 3994 1536 4050 claro
1573 4004 1626 4050 et
1668 3995 1927 4063 obscuro;
1958 4012 2061 4053 vox

480 4085 625 4142 enim
655 4084 800 4141 clara
828 4093 883 4140 et
900 4085 1131 4143 obscura
1158 4083 1376 4142 dicitur.
1404 4084 1664 4143 Similiter
1683 4096 1860 4143 autem
1891 4096 1949 4145 et
1974 4103 2065 4145 co-

476 4179 584 4235 lor.
616 4179 764 4250 Ergo
803 4179 1109 4236 nominibus
1138 4178 1353 4251 quidem
1398 4180 1530 4237 nihil
1559 4182 1858 4249 dissonent,
1884 4186 2065 4254 specie

477 4280 657 4329 autem
704 4271 990 4328 manifesta
1034 4272 1091 4328 in
1116 4274 1195 4329 eis
1240 4274 1421 4331 statim
1471 4275 1773 4333 differentia
1802 4287 1923 4345 est;
1957 4293 2064 4334 non

478 4368 627 4424 enim
659 4367 914 4425 similiter
938 4378 992 4423 et
1017 4369 1167 4425 color
1193 4368 1372 4426 clarus
1398 4370 1616 4440 dicitur,
1663 4380 1717 4427 et
1749 4387 1851 4427 vos
1894 4373 2061 4429 clara.

477 4461 818 4518 Uenitestum
849 4470 1028 4520 autem
1058 4464 1112 4519 id
1138 4472 1300 4520 estet
1329 4479 1423 4534 per
1445 4479 1684 4535 sensum,
1719 4481 1841 4521 nam
1875 4480 2065 4524 eorum

464 4573 600 4629 qua
622 4559 812 4615 eadem
836 4570 962 4616 sunt
982 4561 1183 4631 specie.
1208 4560 1350 4616 idem
1374 4575 1595 4626 sensus;
1618 4570 1674 4617 at
1693 4563 1895 4618 clarum
1921 4566 2063 4632 quod

2170 3370 2411 3433 dicitur,
2443 3375 2499 3422 et
2524 3365 2731 3436 justum
2765 3363 3133 3434 multipliciter
3178 3360 3421 3426 dicetur,
3464 3357 3755 3414 secundum

2171 3469 2461 3529 utrumque
2491 3457 2633 3511 enim
2658 3456 2924 3525 justorum
2972 3461 3054 3508 est
3076 3453 3307 3523 justum,
3340 3459 3399 3506 ut
3429 3451 3471 3505 si
3498 3450 3646 3520 juste
3674 3448 3754 3504 di-

2169 3551 2313 3605 citur
2358 3558 2413 3603 et
2462 3546 2754 3603 secundum
2799 3545 2878 3600 sui
2910 3544 3268 3615 cognitionem
3314 3540 3559 3612 judicare
3609 3548 3663 3594 et
3704 3545 3758 3593 ut

2170 3651 2405 3714 oportet,
2435 3641 2685 3696 similiter
2716 3648 2771 3694 et
2808 3639 3030 3707 justum.
3074 3636 3276 3692 Eodem
3309 3644 3487 3690 autem
3518 3632 3679 3687 modo
3704 3641 3757 3687 et

2167 3737 2212 3796 si
2247 3736 2464 3793 salubre
2496 3732 2872 3802 multipliciter
2904 3731 3132 3797 dicitur,
3174 3738 3227 3783 et
3252 3728 3540 3783 salubriter
3580 3724 3756 3780 multi-

2169 3831 2380 3901 pliciter
2413 3828 2645 3895 dicetur,
2678 3836 2740 3881 ut
2763 3826 2808 3881 si
2839 3824 3053 3879 salubre
3080 3822 3276 3877 dicitur
3297 3822 3399 3877 hoc
3423 3820 3641 3892 quidem
3673 3831 3756 3871 sa-
3798 3815 3814 3831 ⁸

2169 3922 2354 3980 uitatis
2378 3920 2702 3984 cﬂectivum,
2726 3914 2859 3975 illud
2895 3926 3069 3972 autem
3093 3913 3547 3979 conservatirum,
3580 3911 3753 3983 quod~

2152 4012 2291 4069 ‘dam
2322 4026 2451 4068 vero
2491 4009 2925 4081 significativum,
2952 4016 3007 4063 et
3036 4004 3322 4061 salubriter
3363 4005 3448 4059 vel
3476 4002 3753 4067 eﬂ‘ective,

2169 4106 2254 4161 vel
2299 4103 2696 4168 conservative,
2737 4102 2821 4156 vel
2852 4098 3203 4171 significative
3224 4096 3460 4153 dicetur.
3497 4096 3757 4152 Similiter

2169 4206 2348 4255 autem
2380 4206 2435 4253 et
2462 4196 2515 4251 in
2539 4195 2659 4251 aliis
2689 4193 2906 4266 quando
2943 4193 3114 4263 ipsum
3157 4188 3526 4260 multipliciter
3554 4188 3755 4244 dictum

2170 4291 2351 4357 fuerit,
2386 4298 2439 4345 et
2465 4302 2623 4343 casus
2654 4278 2816 4342 abeo
2839 4282 3206 4354 multipliciter
3233 4282 3482 4346 dicetur;
3512 4290 3567 4336 et
3599 4282 3643 4335 si
3672 4295 3757 4334 ca-

2170 4398 2285 4448 sus,
2318 4391 2372 4438 et
2400 4380 2595 4451 ipsum.
2621 4376 3022 4435 Consideranda
3048 4387 3224 4432 autem
3253 4385 3306 4429 et
3333 4387 3531 4445 genera
3563 4388 3755 4428 secun-

2169 4477 2298 4534 dum
2330 4490 2527 4534 nomen
2561 4472 3004 4544 praedicationum
3027 4511 3042 4535 ,
3074 4470 3118 4524 si
3146 4466 3348 4523 eaedem
3379 4466 3487 4521 sint
3531 4467 3757 4521 nomini-

2150 4570 2292 4637 ,bus.
2325 4570 2458 4626 Nam
2491 4569 2536 4623 si
2581 4582 2686 4622 non
2733 4564 2965 4627 ezedem,
2997 4561 3338 4617 manifestum
3383 4566 3465 4615 est
3508 4561 3758 4629 quoniam

466 4657 563 4708 est
592 4651 648 4705 in
679 4666 810 4708 voce
832 4662 886 4707 et
906 4653 960 4707 in
989 4653 1173 4709 colore
1201 4668 1307 4707 non
1335 4652 1527 4709 eodem
1547 4667 1710 4710 sensu
1737 4655 2062 4725 judicamus,
2096 4643 2150 4703 Β
2172 4662 2506 4731 ωαυὶνοθιιηι
2539 4668 2623 4714 est
2658 4656 2799 4728 quod
2827 4655 3052 4717 dicitur,
3077 4660 3134 4708 ut
3160 4652 3357 4707 bonum
3390 4650 3443 4705 in
3470 4649 3607 4706 cibis
3636 4650 3755 4719 qui-

476 4745 575 4802 sed
606 4743 710 4801 hoc
750 4746 964 4816 quidem
996 4746 1134 4812 visu,
1184 4745 1312 4801 illud
1339 4756 1519 4802 autem
1566 4747 1768 4803 auditu.
1804 4748 2065 4807 Similiter

473 4846 657 4894 autem
683 4848 739 4894 et
767 4849 979 4895 acutum
1004 4850 1060 4896 et
1083 4839 1331 4896 obtusum
1357 4839 1417 4893 in
1440 4839 1755 4896 humoribus
1783 4851 1837 4897 et
1868 4843 1921 4899 in
1951 4858 2062 4901 ma-

476 4931 882 5002 gnitudinibus,
923 4932 1015 4987 sed
1057 4933 1167 5003 hoc,
1212 4930 1428 5001 quidem
1482 4940 1658 4999 tactu,
1699 4933 1829 4989 illud
1882 4946 2060 4992 autem

462 5034 657 5095 gustu.
684 5023 815 5079 Nam
862 5037 1034 5094 neque
1061 5023 1178 5079 hac
1204 5022 1487 5079 dissonent
1531 5025 1858 5093 nominibus,
1888 5042 2062 5098 neque

462 5116 533 5171 ‘in
563 5118 784 5187 seipsis,
816 5130 991 5187 neque
1036 5116 1090 5171 in
1132 5117 1450 5184 contrariis;
1500 5116 1746 5174 obtusum
1787 5120 1929 5175 enim
1977 5131 2062 5177 est

462 5209 811 5266 contrarium
837 5210 1073 5281 utrique.
1103 5209 1344 5280 Amplius
1366 5212 1411 5265 si
1452 5210 1577 5266 huic
1606 5211 1824 5282 quidem
1856 5220 1940 5267 est
1967 5213 2065 5266 ali-

479 5303 610 5369 quid
649 5303 1003 5369 contrarium,
1033 5302 1109 5357 illi
1157 5314 1337 5359 autem
1368 5303 1688 5374 simpliciter
1728 5303 1879 5371 nihil,
1930 5312 1991 5358 ut
2017 5303 2068 5359 ei

477 5413 600 5468 qure
622 5407 706 5454 est
726 5412 757 5453 a
801 5407 927 5467 potu
958 5397 1326 5464 delectationi,
1362 5413 1424 5454 ea
1454 5407 1683 5469 quaeest
1711 5412 1741 5451 a
1782 5396 1871 5453 siti
1901 5396 2066 5453 tristi-

475 5490 551 5543 tia
574 5532 590 5555 ,
636 5491 1001 5558 contrarium;
1035 5491 1084 5545 ei
1112 5498 1291 5547 autem
1318 5505 1437 5561 quae
1485 5498 1567 5545 est
1612 5489 1682 5545 ab
1719 5503 1785 5544 eo
1814 5488 1954 5559 quod
1980 5499 2062 5545 est

477 5582 829 5639 considerare
875 5584 1019 5654 quod
1046 5576 1315 5641 diameter
1342 5593 1425 5639 est
1453 5590 1617 5639 costas
1664 5582 2062 5637 incommensu—

475 5674 687 5741 rabilis,
720 5674 877 5731 nihil.
910 5676 1088 5744 Quare
1116 5676 1485 5746 multipliciter
1511 5675 1795 5730 delectatio
1842 5673 2059 5728 dicitur.

481 5762 552 5819 Et
605 5766 655 5818 ei
704 5765 919 5835 quidem
949 5775 1068 5838 quae
1098 5779 1181 5823 est
1227 5766 1520 5824 secundum
1576 5774 1809 5823 mentem
1855 5778 2060 5831 amare,

484 5857 638 5917 odire
664 5848 992 5920 contrarium
1037 5869 1152 5928 est;
1182 5862 1228 5920 ei
1276 5869 1455 5916 autem
1482 5873 1605 5930 qua
1649 5869 1731 5917 est
1768 5858 2059 5916 secundum

2173 4753 2296 4808 dem
2344 4751 2648 4808 el'fcctivum
2680 4756 2763 4803 est
2812 4743 3129 4814 voluptatis,
3164 4744 3216 4798 in
3263 4740 3526 4798 medicina
3580 4750 3758 4796 autem

2175 4844 2488 4900 etiectivum
2526 4839 2790 4906 sanitatis,
2827 4840 2877 4892 in
2904 4838 3080 4891 anima
3119 4848 3248 4891 vero
3284 4834 3498 4905 qualem
3519 4846 3669 4900 esse,
3704 4843 3758 4889 ut

2174 4949 2401 5007 castam,
2430 4938 2514 4994 vel
2548 4937 2763 5001 fortem,
2786 4937 2867 4992 vel
2897 4935 3117 5004 justam.
3137 4932 3398 4989 Similiter
3422 4941 3601 4987 autem
3623 4942 3679 4986 et
3706 4932 3757 4985 in

2172 5032 2426 5097 homine;
2456 5028 2741 5099 aliquoties
2788 5036 2967 5081 autem
2996 5037 3047 5080 et
3076 5023 3291 5096 quando
3331 5033 3387 5078 ut
3426 5023 3479 5077 in
3520 5031 3757 5090 tempore

2176 5124 2377 5180 bonum
2408 5121 2629 5192 (bonum
2662 5118 2805 5174 enim
2828 5117 3020 5172 dicitur
3044 5115 3099 5169 in
3122 5110 3407 5184 tempore),
3441 5110 3756 5181 plerumque

2177 5224 2356 5271 autem
2378 5222 2633 5284 quantum
2652 5212 2704 5267 in
2730 5207 2984 5265 mediocri
3010 5206 3229 5277 (dicitur
3248 5204 3390 5259 enim
3414 5213 3464 5257 et
3488 5201 3755 5257 mediocre

2176 5304 2437 5377 bonum);
2475 5317 2643 5376 quare
2673 5302 3005 5371 mquivocum
3036 5294 3256 5353 bonum.
3288 5294 3550 5350 Similiter
3579 5302 3751 5348 autem

2172 5411 2228 5456 et
2280 5398 2603 5464 candidum,
2664 5394 2718 5448 in
2770 5406 2997 5462 corpore
3044 5388 3261 5459 quidem
3314 5386 3493 5445 color.
3532 5386 3585 5439 in
3628 5397 3753 5439 voce

2170 5502 2348 5549 autem
2377 5493 2513 5548 bene
2539 5487 2793 5545 audibile.
2818 5484 3076 5542 Similiter
3108 5492 3284 5538 autem
3311 5489 3366 5536 et
3380 5488 3625 5544 acutum,
3648 5491 3751 5533 non

2169 5588 2312 5645 enim
2356 5586 2604 5643 similiter
2640 5583 2782 5638 idem
2826 5582 2879 5635 in
2924 5578 3173 5634 omnibus
3223 5576 3439 5631 dicitur.
3485 5573 3618 5628 Nam
3657 5585 3751 5625 vos

2168 5690 2321 5735 acuta
2352 5676 2567 5747 quidem
2598 5675 2750 5729 velox
2780 5671 2958 5742 (sicut
2985 5670 3183 5732 dicunt,
3215 5667 3307 5737 qui
3339 5664 3634 5722 secundum
3658 5676 3748 5715 ιιτεο

2167 5784 2348 5827 meros
2388 5766 2683 5823 harmonici
2726 5762 2895 5833 sunt),
2928 5760 3152 5831 angulus
3188 5767 3367 5814 autem
3416 5754 3751 5823 acutus.,qui

2170 5863 2346 5923 minor
2370 5868 2453 5917 est
2480 5866 2659 5937 recto,
2696 5854 2905 5928 gladius
2934 5866 3065 5909 vero
3106 5865 3197 5923 qut
3249 5858 3334 5907 est
3361 5847 3539 5919 anguli
3594 5844 3749 5904 acuti.
