4022 6330
226 401 321 460 911

1117 393 1504 449 TUl'lttiltUM
1549 387 1990 454 ARISTOTELIS
2034 401 2607 466 INTERPRETATIO.

3398 426 3499 477 9‘2'2

222 515 623 575 Consideranda
674 516 834 572 etiam
873 524 928 573 et
953 528 1149 587 genera
1178 528 1515 602 cornuaque
1559 525 1682 569 sunt
1713 514 1810 570 sub
1839 515 1884 574 Α
1918 525 1990 573 tet
2020 521 2064 573 si
2096 535 2282 577 eorum
2311 540 2429 593 qua:
2474 525 2574 579 sub
2598 530 2786 583 eodem
2820 530 2944 583 sunt
2984 534 3215 599 nomine,
3250 535 3350 591 hoc
3380 540 3493 608 qui-

223 612 412 669 aodem
443 610 677 676 nomine,
702 609 747 665 si
774 609 983 666 diversa
1025 618 1078 667 et
1108 625 1213 665 non
1237 609 1543 666 subalterna
1574 617 1718 670 sunt.
1752 619 1811 691 ut

222 723 416 778 equus,
446 708 546 762 hoc
570 715 748 761 autem
776 706 991 773 animal,
1024 714 1077 763 et
1107 706 1209 762 hoc
1258 720 1373 761 vas.
1401 696 1808 762 Diversa'enim

222 814 341 873 qua:
388 800 680 855 secundum
715 814 908 857 nomen
948 809 1032 857 est
1073 800 1264 858 horum
1315 800 1484 867 ratio,
1536 815 1661 856 nam
1708 800 1810 856 hoc

220 896 435 967 quidem
466 894 685 960 animal,
719 892 846 964 quid
873 893 1154 965 significat,
1194 894 1324 949 illud
1350 909 1477 951 vero
1514 895 1808 966 vas,.quale

221 988 370 1061 quid.
400 988 456 1045 Si
487 998 667 1044 autem
698 987 1003 1043 subalterna
1032 988 1139 1044 sint
1167 1003 1388 1057 genera,
1415 1003 1520 1043 non
1562 1002 1808 1043 necessa-

219 1084 359 1137 rium
390 1080 634 1136 diversas
660 1094 779 1135 esse
802 1081 1059 1147 rationes,
1092 1088 1151 1135 ut
1178 1082 1323 1135 corvi
1366 1080 1583 1147 animal,
1617 1091 1671 1137 et
1694 1082 1806 1137 avis

220 1188 388 1244 genus
408 1180 491 1227 est
508 1189 521 1238 ;
540 1169 751 1239 quando
774 1180 950 1225 autem
973 1185 1215 1238 corvum,
1236 1170 1464 1226 dicimus
1486 1181 1663 1226 autem
1686 1186 1805 1227 esse

219 1270 275 1321 et
296 1264 510 1332 animal,
539 1261 665 1333 quid
689 1261 913 1317 dicimus
937 1262 1184 1319 eumdem
1208 1277 1330 1319 esse
1350 1281 1364 1331 ;
1391 1278 1558 1331 quare
1581 1273 1805 1334 utraque

220 1373 414 1430 genera
442 1356 510 1411 de
558 1354 748 1412 eodem
788 1355 1169 1426 praedicantur.
1221 1356 1479 1413 Similiter
1534 1364 1712 1411 autem
1751 1365 1802 1411 et
1835 1360 1843 1369 '

219 1449 433 1523 quando
464 1448 660 1503 animal
690 1445 907 1502 volatile
937 1446 1091 1517 bipes
1119 1461 1340 1501 corvum
1368 1446 1618 1510 dicimus,
1650 1461 1801 1501 avem

218 1543 446 1599 dicimus
469 1540 718 1597 eumdem
750 1554 890 1605 esse,
922 1549 977 1595 et
1006 1539 1087 1595 sic
1112 1553 1242 1609 ergo
1264 1549 1487 1609 utraque
1508 1552 1706 1609 genera
1737 1540 1804 1594 de

218 1653 381 1694 corvo
413 1634 794 1705 praedicantur,
820 1640 874 1689 et
898 1632 1036 1687 ratio
1054 1646 1261 1688 eorum.
1306 1631 1363 1687 in
1405 1646 1511 1686 non
1543 1632 1805 1687 subalter-

217 1734 303 1789 nis
325 1731 609 1801 generibus
630 1744 736 1784 non
755 1727 949 1783 accidit
970 1725 1096 1793 hoc;
1123 1740 1296 1797 neque
1312 1728 1454 1781 enim
1479 1727 1693 1796 quando
1713 1742 1803 1781 vas

215 1825 469 1891 dicimus,
501 1821 696 1876 animal
737 1819 987 1886 dicimus,
1017 1833 1191 1891 neque
1229 1818 1444 1890 quando
1470 1819 1663 1874 animal
1686 1834 1800 1873 vas.

1914 609 2036 665 dem
2060 613 2270 682 species
2300 624 2415 679 est,
2453 615 2582 672 illud
2612 628 2792 674 autem
2820 620 3118 677 differentia
3140 667 3154 691 ,
3187 634 3245 680 ut
3269 627 3492 694 clarum,

1913 705 2054 775 quod
2078 705 2131 759 in
2156 721 2381 776 corpore
2404 710 2643 782 quidem,
2671 715 2878 785 species
2895 717 3123 785 coloris;
3147 721 3287 791 quod
3318 734 3491 779 autem

1914 796 1965 853 in
1991 812 2147 865 voce,
2178 799 2499 858 dill'ereutia.
2524 804 2712 861 Dilfert
2742 808 2886 864 enim
2915 825 3014 866 vos
3045 826 3072 865 a
3103 827 3233 869 voce
3261 832 3317 870 Ct.
3355 818 3491 888 quod

1914 891 2058 946 clara
2088 892 2178 947 sit.
2214 894 2287 948 De
2316 910 2381 949 eo
2414 896 2572 965 igitur
2601 899 2741 969 quod
2770 902 3138 974 multipliciter
3158 904 3369 976 dicitur,
3403 924 3493 978 per

1913 982 2029 1039 haec
2059 993 2114 1039 et
2143 985 2443 1057 hujnsmodi
2478 991 2917 1060 perspiciendum.

2504 1127 2731 1186 CAPUT
2758 1130 2895 1186 XIV.

1914 1239 1991 1295 be
2012 1243 2758 1320 dilfereutiarnminuentione,
2787 1248 3031 1302 similium
3059 1251 3487 1320 consideratione,

2266 1324 2313 1367 et
2336 1316 2641 1371 utilitatibus
2661 1318 3132 1376 indumentorum.

1914 1452 1921 1455 -
1985 1424 2323 1481 Diﬂerentias
2350 1435 2528 1481 autem
2558 1427 2610 1482 in
2636 1427 2765 1497 ipsis
2785 1412 3073 1500 generibus
3094 1434 3159 1487 ad
3184 1448 3244 1490 se
3266 1438 3489 1491 invicem

1908 1518 2365 1588 perspiciendum,
2399 1529 2456 1574 ut
2485 1534 2594 1590 quo
2620 1520 2801 1578 differt
2845 1523 3049 1593 justitia
3082 1542 3109 1579 a
3149 1528 3487 1595 tortitudine,

1907 1621 1962 1669 et
1994 1614 2275 1681 prudentia
2301 1629 2329 1665 a
2365 1617 2718 1683 temperantia
2746 1634 2759 1669 :
2789 1618 2903 1673 inec
2927 1620 3070 1674 enim
3099 1624 3278 1676 omnia
3306 1602 3375 1677 es.
3400 1639 3493 1678 eo-

1907 1704 2047 1760 dem‘
2080 1720 2282 1775 genere
2311 1716 2436 1761 sunt
2462 1714 2525 1762 es
2557 1708 2773 1766 virtute.
2808 1710 2871 1764 Et
2904 1728 2969 1765 ex
2998 1712 3103 1769 alio
3134 1713 3199 1769 ad
3229 1714 3391 1781 aliud,
3434 1727 3492 1771 ut

1908 1798 1962 1852 in
2004 1799 2069 1854 iis
2097 1814 2217 1869 quae
2262 1815 2367 1854 non
2416 1800 2640 1856 nimium
2669 1802 2953 1871 diﬂ'erunt,
2994 1814 3053 1859 ut
3098 1807 3151 1859 in
3177 1821 3284 1876 quo
3311 1806 3491 1863 differt

216 1916 680 1975 Considerandum
706 1923 884 1969 autem
910 1928 1016 1969 non
1046 1914 1218 1969 solum
1249 1912 1295 1968 si
1334 1912 1387 1967 in
1420 1913 1694 1983 proposito
1716 1912 1799 1968 di-

1908 1896 2099 1948 sensus
2116 1908 2154 1945 Aa
2181 1893 2436 1959 scientia;
2470 1910 2593 1948 nam
2641 1895 2694 1949 in
2725 1896 2789 1950 iis
2815 1912 2934 1967 qua!
2963 1900 3186 1954 multum
3214 1899 3489 1966 differunt,

215 2027 372 2071 versa
398 2019 524 2067 sunt
552 2022 770 2083 genera,
797 2018 850 2063 et
890 2023 994 2065 non
1025 2007 1351 2075 subalterna,
1384 2008 1476 2063 sed
1506 2017 1563 2063 et
1590 2008 1642 2062 in
1675 2022 1803 2064 con-

215 2108 404 2165 trario.
435 2106 494 2163 Si
520 2107 664 2161 enim
690 2106 1017 2161 contrarium
1041 2103 1409 2174 multipliciter
1438 2104 1655 2171 dicitur,
1688 2122 1800 2161 ma-

213 2203 469 2259 nifestum
517 2203 767 2271 quoniam
817 2211 872 2256 et
912 2200 1262 2271 propositum.
1315 2199 1457 2255 Utile
1509 2209 1688 2255 autem
1733 2201 1799 2256 ad

214 2295 580 2355 deﬁnitionem
618 2294 885 2364 inspicere
910 2309 1027 2364 qua:
1056 2293 1123 2348 de
1153 2294 1451 2362 compesito
1479 2292 1556 2359 fit,
1591 2302 1648 2347 ut
1676 2308 1802 2349 can-

211 2391 326 2449 didi
354 2390 593 2459 corporis
622 2397 677 2443 et
713 2387 955 2443 caudidte
977 2386 1147 2451 vocis,
1170 2400 1294 2439 nam
1321 2385 1535 2441 sublato
1562 2386 1798 2457 proprio,

210 2484 475 2541 eamdem
494 2483 755 2537 rationem
808 2488 1022 2549 oportet
1050 2478 1298 2550 relinqui.
1332 2479 1445 2535 Hoc
1481 2488 1659 2536 autem
1693 2496 1799 2536 non

211 2578 407 2634 accidit
448 2576 501 2631 in
533 2575 846 2646 aequivocis,
882 2583 939 2629 ut
966 2578 1021 2629 lu
1066 2575 1130 2629 iis
1157 2591 1276 2647 quae
1317 2590 1459 2631 nunc
1487 2576 1628 2630 dicta
1656 2589 1797 2644 sunt,

212 2688 338 2727 nam
372 2670 473 2725 hoc
511 2669 726 2740 quidem
767 2670 868 2723 erit
894 2683 1091 2739 corpus
1122 2668 1325 2725 habens
1348 2670 1506 2726 talem
1537 2670 1797 2742 colorem,

209 2760 348 2816 illud
375 2769 552 2815 autem
602 2773 703 2813 vox
733 2758 869 2814 bene
897 2758 1167 2814 audibilis.
1216 2758 1438 2816 Sublato
1478 2761 1637 2832 igitur
1682 2777 1801 2818 cor-

209 2869 346 2926 pore
367 2896 384 2923 ,
415 2864 469 2911 et
497 2868 647 2921 voce,
683 2867 790 2907 non
822 2852 962 2908 idem
1013 2852 1067 2907 in
1098 2859 1321 2923 utraque
1368 2853 1714 2925 relinquitur,
1748 2868 1801 2913 at

209 2955 425 3017 oportet
447 2946 492 3001 si
518 2947 801 3001 univocum
832 2953 981 2999 esset
1002 2945 1312 3011 candidum,
1332 2947 1472 3015 quod
1502 2945 1554 3001 in
1580 2956 1802 3019 utraque

206 3039 410 3094 dicitur
433 3051 551 3092 esse
576 3037 740 3094 idem.
773 3035 928 3106 S:epe
951 3046 1129 3092 autem
1160 3045 1214 3092 et
1241 3038 1293 3092 in
1324 3038 1455 3107 ipsis
1483 3038 1803 3095 definitioni-

130 3174 135 3179 .
207 3133 329 3188 bus
351 3131 480 3186 latet
527 3144 819 3201 assequens
874 3131 1239 3201 .equivocum,
1273 3140 1603 3202 quapropter
1647 3143 1699 3189 et
1747 3136 1800 3190 in

208 3223 527 3280 definitione
548 3214 1020 3279 considerandum.
1057 3221 1124 3278 Ut
1149 3224 1193 3279 si
1225 3226 1343 3295 quis
1386 3223 1796 3293 signiticativum

1910 1984 2206 2041 manifesta:
2254 1997 2381 2040 sunt
2422 1987 2645 2042 omnino
2692 1988 3027 2045 diﬂ‘ereutite.
3071 1992 3490 2049 Similitudineru

1905 2087 2085 2134 autem
2118 2078 2572 2135 considerandum
2594 2080 2647 2135 in
2677 2081 2741 2135 iis
2765 2096 2883 2151 qua:
2907 2092 3031 2139 sunt
3056 2084 3109 2138 in
3138 2083 3367 2139 diversis
3396 2100 3489 2155 ge-

1908 2170 2162 2234 neribus,
2193 2178 2250 2224 ut
2279 2172 2416 2226 sicut
2468 2170 2694 2226 alterum
2740 2173 2805 2226 ad
2854 2173 3082 2229 alterum
3128 2176 3375 2245 quidem,
3413 2177 3490 2232 sic

1858 2302 1861 2307 .
1904 2263 2051 2318 aliud
2081 2263 2148 2318 ad
2174 2264 2339 2329 aliud,
2366 2272 2425 2320 ut
2449 2264 2589 2320 sicut
2614 2265 2835 2320 scientia
2865 2266 2932 2320 ad
2960 2266 3167 2333 scibile,
3193 2269 3271 2323 sic
3298 2283 3491 2324 sensus
3578 2304 3581 2307 ν

1904 2356 1970 2411 ad
2003 2356 2284 2419 sensibile;
2314 2366 2368 2412 et
2399 2367 2454 2410 ut
2476 2357 2701 2413 alterum
2728 2360 2780 2413 iu
2815 2360 2988 2414 altero
3014 2359 3217 2431 aliquo,
3245 2362 3324 2417 sic
3345 2361 3489 2417 aliud

1904 2450 1958 2505 iu
1999 2451 2126 2517 alio,
2160 2460 2217 2505 ut
2258 2451 2715 2520 quemadmodum
2754 2453 2905 2522 visus
2935 2453 2988 2509 in
3034 2454 3211 2521 oculo,
3241 2438 3395 2512 mens
3435 2456 3489 2512 in

1905 2543 2106 2607 anima,
2135 2553 2189 2600 et
2220 2552 2276 2598 ut
2307 2544 2671 2613 tranquillitas
2698 2546 2750 2600 in
2781 2547 2937 2613 tueri,
2971 2548 3233 2603 Sereuitas
3261 2550 3314 2604 in
3341 2562 3489 2616 aere,

1907 2644 2194 2706 utrumque
2213 2637 2355 2691 enim
2379 2636 2552 2705 quies.
2581 2632 2815 2692 Maxime
2837 2646 3016 2692 autem
3039 2640 3094 2693 in
3123 2640 3188 2695 iis
3216 2655 3337 2710 quae
3358 2641 3494 2699 mul-

1907 2747 2018 2795 tum
2050 2737 2254 2792 distant
2284 2737 2525 2792 exerceri
2556 2747 2789 2806 oportet,
2822 2740 2976 2795 facile
3002 2741 3145 2795 enim
3179 2742 3236 2797 in
3274 2741 3493 2812 reliquis

1900 2833 2215 2903 \poterimus
2244 2830 2443 2886 similia
2475 2831 2761 2899 inspicere.
2810 2832 3270 2890 Considerandum
3316 2844 3492 2892 autem

1907 2937 1962 2984 et
2001 2943 2065 2984 ea
2104 2941 2225 2997 quae
2273 2926 2375 2981 sub
2424 2925 2617 2981 eodem
2666 2934 2791 2983 sunt
2835 2940 3062 2997 genere,
3100 2928 3146 2983 si
3192 2930 3317 3000 quid
3360 2932 3494 2989 inest

1908 3020 2159 3075 omnibus
2199 3015 2362 3081 idem,
2394 3027 2449 3070 ut
2482 3015 2704 3081 homini,
2737 3026 2790 3072 et
2816 3029 2975 3088 equo,
3017 3026 3072 3073 et
3099 3020 3218 3073 cani
3249 3036 3265 3073 :
3298 3035 3422 3075 nam
3448 3021 3495 3075 si

1908 3114 2046 3168 inest
2069 3110 2269 3183 aliquid
2290 3111 2370 3166 eis
2391 3109 2556 3175 idem,
2580 3110 2634 3163 in
2662 3124 2730 3166 eo
2749 3119 2876 3165 sunt
2906 3111 3122 3167 similia.
3149 3111 3288 3169 Utile
3315 3121 3491 3168 autem
3568 3138 3571 3141 ι

1864 3234 1867 3249 ι
1908 3209 2082 3275 ipsum
2114 3205 2364 3275 quidem,
2396 3205 2538 3274 quod
2565 3204 2948 3274 quotupliciter
2982 3205 3199 3271 dicitur,
3244 3206 3497 3262 conside-

210 3318 297 3374 νει
348 3317 649 3375 caecum",
679 3316 924 3371 animus
952 3315 1095 3386 quod
1145 3316 1420 3373 model-ale
1452 3332 1509 3374 se
1537 3319 1700 3375 habet
1729 3322 1796 3376 ad
1825 3298 1875 3363 C
1906 3315 2055 3357 rasse
2078 3300 2145 3355 ad
2171 3298 2586 3363 diluciditatem;
2614 3299 2848 3354 maxime
2869 3308 3048 3354 autem
3076 3295 3196 3369 q‘nis
3215 3300 3350 3355 sciet
3370 3300 3495 3371 quid
3584 3326 3589 3329 >

211 3412 495 3468 sanitatem
541 3411 685 3465 dicat
740 3406 882 3477 esSe,
938 3423 1044 3464 non
1083 3408 1460 3477 rel‘utandum;
1492 3412 1585 3467 sed
1628 3412 1800 3484 inspi-

213 3504 463 3560 ciendum
495 3504 622 3574 quid
652 3504 924 3558 moderate
952 3502 1165 3573 quidem
1192 3503 1484 3559 secundum
1517 3515 1801 3575 utrumque

213 3598 368 3661 dixit,
401 3604 459 3651 ut
488 3595 531 3648 si
566 3594 665 3649 hoc
706 3593 921 3664 quidem
958 3593 1062 3648 tale
1083 3592 1347 3663 signiﬁcat
1374 3604 1433 3649 ut
1458 3594 1634 3652 facere
1655 3600 1802 3663 sani-

210 3698 403 3755 tatem,
440 3686 567 3741 illud
598 3696 774 3740 autem
809 3686 915 3739 tale
943 3694 997 3739 ut
1030 3685 1334 3755 signiﬁcare
1364 3687 1537 3757 qualis
1587 3689 1801 3759 quidem

212 3789 285 3843 sit
311 3784 546 3840 habitus.
594 3783 782 3839 Adhuc
811 3784 856 3838 si
888 3796 994 3837 non
1026 3782 1409 3852 comparabilis
1452 3794 1573 3838 sunt
1605 3799 1800 3841 secun-

214 3880 339 3937 dum
373 3880 579 3950 magis,
608 3888 661 3933 et
695 3879 900 3941 minus,
935 3875 1016 3931 vel
1064 3876 1340 3945 similiter,
1385 3886 1442 3932 ut
1484 3878 1626 3932 clara
1666 3893 1801 3945 vox,

216 3974 356 4027 clara
387 3972 585 4037 vestis,
628 3980 681 4025 et
728 3978 915 4024 acutus
945 3970 1171 4033 humor.
1218 3978 1272 4024 et
1315 3980 1469 4024 acuta
1511 3986 1653 4025 vox:
1692 3972 1804 4028 haec

215 4068 358 4121 enim
390 4079 562 4133 neque
590 4062 833 4119 similiter
854 4061 1102 4117 dicuntur
1126 4061 1272 4116 clara
1301 4063 1385 4117 vel
1418 4075 1596 4129 acuta,
1632 4057 1823 4135 neque

215 4159 386 4229 magis
414 4157 638 4211 alterum
660 4171 859 4227 ;quare
880 4154 1218 4225 aequivocum
1244 4157 1447 4210 clarum
1479 4167 1529 4211 ct
1563 4166 1799 4227 acutum,

208 4260 341 4309 nam
372 4251 661 4307 univocum
718 4264 878 4304 omne
914 4248 1308 4317 comparabile,
1343 4257 1435 4303 aut
1482 4248 1624 4305 enim
1656 4249 1805 4305 simi-

214 4320 337 4402 liter
381 4344 589 4401 dicetur
616 4354 707 4398 aut
739 4343 907 4412 magis
938 4343 1187 4396 alterum.
1218 4341 1480 4409 Quoniam
1510 4354 1688 4398 autem
1717 4345 1802 4400 di-

215 4453 493 4494 versorum
523 4451 803 4507 generum,
836 4443 888 4491 et
919 4449 1025 4489 non
1067 4433 1473 4490 subalternatim
1506 4437 1802 4503 positorum

202 4534 441 4588 ‘diversm
473 4530 684 4601 species
726 4540 849 4585 sunt
880 4540 931 4585 et
980 4528 1329 4595 dill‘crentiaa,
1380 4541 1433 4585 ut
1464 4532 1709 4586 animalis
1751 4540 1805 4587 et

206 4624 455 4686 scientite
500 4626 758 4696 (diversa:
813 4625 956 4679 enim
1005 4610 1192 4679 horum
1241 4624 1627 4695 diﬂ‘erentize),
1674 4640 1805 4681 con-

1907 3405 2159 3469 ponatur,
2199 3396 2487 3450 manifesto
2512 3393 2656 3449 facto
2682 3395 3067 3463 quotupliciter
3089 3395 3301 3450 dicitur.
3336 3394 3400 3450 Et
3429 3396 3495 3450 ad

1908 3490 2022 3547 ﬁeri
2049 3488 2347 3546 secundum
2379 3502 2496 3543 rem
2522 3486 2797 3553 eamdem,
2831 3497 2887 3541 et
2914 3501 3020 3542 non
3049 3487 3114 3539 ad
3163 3503 3356 3542 nomen
3384 3488 3498 3560 syl-

1909 3582 2161 3653 logismos
2187 3598 2200 3633 :
2232 3583 2277 3634 si
2304 3582 2449 3635 enim
2479 3579 2881 3634 inmanilestum
2910 3581 2982 3635 sit
3009 3579 3391 3648 quotupliciter
3410 3580 3500 3634 di-

1909 3679 2073 3743 citur,
2107 3674 2372 3744 contingit
2398 3672 2594 3728 nonad
2621 3671 2762 3727 idem
2792 3674 2953 3727 etiam
2992 3672 3085 3742 qui
3133 3672 3423 3741 respondet
3447 3681 3502 3727 et

1908 3772 2000 3841 qui
2034 3770 2330 3837 interrogat
2358 3767 2503 3822 ferre
2529 3766 2901 3831 intellectum;
2936 3767 3276 3821 manitestato
3317 3774 3496 3821 autem

1909 3864 2288 3935 quotupliciter
2314 3862 2544 3926 dicitur,
2577 3854 2632 3917 et
2667 3862 2734 3916 ad
2766 3862 2889 3933 quid
2923 3861 3099 3917 ferens
3142 3871 3325 3931 ponat,
3360 3861 3491 3916 ridi-

1910 3960 2063 4013 culus
2102 3956 2365 4011 videbitur
2396 3957 2733 4025 interrogans
2764 3969 2907 4022 esse,
2937 3955 2981 4010 si
3014 3971 3119 4011 non
3147 3954 3214 4009 ad
3247 3957 3347 4009 hoc
3389 3968 3502 4010 ser-

1910 4068 2124 4109 monem
2160 4052 2338 4107 faciat.
2376 4050 2516 4107 Utile
2545 4051 2742 4117 etiam,
2776 4058 2830 4105 et
2879 4059 2937 4103 ut
2979 4064 3085 4104 non
3130 4048 3262 4105 falsa
3295 4049 3502 4105 ratione

1908 4154 2279 4225 decipiantur,
2307 4152 2399 4207 sed
2445 4151 2778 4222 decipiamus
2831 4153 3049 4221 potius:
3102 4158 3237 4205 nam
3269 4142 3505 4209 scientes

1910 4246 2293 4318 quotupliciter
2315 4245 2529 4311 dicitur,
2560 4260 2665 4299 non
2698 4244 3129 4310 allucinabimur,
3153 4244 3247 4300 sed
3271 4247 3503 4302 sciemus

1912 4341 1954 4395 si
1983 4355 2088 4394 non
2116 4339 2183 4394 ad
2210 4339 2350 4394 idem
2381 4348 2684 4394 sermonem
2717 4336 2875 4392 faciat
2905 4336 2951 4392 is
2978 4338 3068 4410 qui
3099 4339 3499 4412 interrogat,'et

1911 4434 2010 4501 ipsi
2044 4433 2434 4501 interrogantes
2462 4431 2757 4501 poterimus
2780 4432 3058 4501 apparenti
3088 4432 3498 4490 ratiocinatione

1912 4526 2119 4593 fallere,
2154 4525 2257 4580 nisi
2295 4525 2341 4580 is
2366 4524 2469 4594 qu’r
2507 4524 2799 4593 respondet
2830 4534 3089 4596 agnoscat
3119 4528 3501 4599 quotupliciter
3533 4518 3541 4533 ’

1912 4618 2126 4674 dicitur.
2162 4618 2271 4671 Hoc
2304 4632 2409 4671 non
2454 4617 2505 4671 in
2551 4616 2798 4672 omnibus
2829 4631 3044 4682 semper
3078 4618 3361 4689 possibile,
3405 4620 3501 4676 sed

214 4692 558 4777 sideranduru
608 4720 652 4773 si
710 4734 827 4788 quae
879 4718 979 4773 sub
1026 4718 1216 4773 eodem
1276 4727 1399 4773 sunt
1455 4692 1672 4775 nomine
1722 4719 1801 4775 dio
1830 4692 2125 4782 unando
2173 4708 2368 4763 fuerint
2407 4722 2598 4763 eorum
2657 4722 2777 4778 qua:
2807 4707 3172 4779 multipliciter
3211 4709 3500 4782 dicuntur,

214 4832 498 4873 versorum
555 4822 928 4883 generum,et
970 4827 1073 4868 non
1130 4812 1566 4868 subalternorum
1623 4814 1803 4869 diver-

214 4925 289 4965 sre
337 4908 656 4963 diti'erentiae
712 4906 852 4971 sint,
903 4914 960 4959 ut
1015 4916 1228 4960 acutum
1283 4905 1432 4962 vocis
1482 4917 1536 4962 et
1593 4907 1802 4980 magni-

213 5002 443 5066 tudinis;
476 4999 655 5055 dill‘ert
695 5003 835 5055 enim
864 5014 969 5053 vox
1011 5014 1038 5051 a
1070 5013 1201 5053 voce
1244 5012 1310 5053 eo
1339 4997 1481 5069 quod
1513 5009 1667 5055 acuta
1700 5001 1799 5069 sit,

213 5097 460 5151 similiter
489 5105 537 5149 et
567 5093 878 5164 magnitudo
922 5107 953 5146 a
990 5092 1403 5163 magnitudine:
1439 5108 1607 5165 quare
1636 5095 1807 5165 aequi-

212 5206 407 5246 vocum
437 5200 684 5257 acutum,
726 5190 1061 5244 diversorum
1090 5191 1233 5245 enim
1277 5204 1568 5261 generum,
1610 5203 1661 5245 et
1701 5207 1803 5247 non

213 5262 647 5339 sulia‘lternorum
687 5280 916 5336 diversa:
946 5280 1263 5337 differentia:
1306 5290 1450 5336 sunt.
1487 5281 1718 5337 Rursum
1761 5288 1807 5342 si

212 5375 526 5432 eorumdem
575 5392 695 5447 quae
744 5385 869 5430 sunt
916 5376 1016 5431 sub
1076 5376 1264 5431 eodem
1321 5375 1539 5431 nomine
1573 5376 1805 5434 diversa:

215 5469 533 5525 differentia:
571 5478 719 5536 sunt,
752 5478 808 5523 ut
839 5469 1035 5525 coloris
1060 5468 1150 5540 qui
1196 5479 1277 5524 est
1319 5470 1373 5524 in
1414 5470 1728 5539 corporibus
1752 5482 1806 5527 et

217 5562 269 5615 in
313 5562 582 5616 melodiis.
615 5561 743 5615 Nam
773 5562 888 5632 ejus
916 5562 1003 5641 qui
1037 5569 1118 5615 est
1142 5562 1192 5615 iu
1240 5562 1554 5631 corporibus
1584 5578 1804 5633 congre-

213 5659 447 5727 gativu’m
489 5667 542 5711 et
586 5657 1000 5726 disgregativum
1052 5657 1228 5725 visus,
1266 5656 1383 5726 ejus
1431 5672 1561 5712 vero
1605 5658 1696 5726 qui
1750 5658 1803 5713 in

210 5748 459 5802 melodiis
486 5763 589 5803 non
635 5748 837 5803 emdcm
875 5745 1224 5813 dill'erentirc;
1269 5764 1433 5819 quare
1475 5752 1801 5821 :equivocum

212 5841 382 5908 color,
416 5857 539 5898 nam
584 5842 895 5899 eorumdem
927 5844 1128 5900 eaedem
1158 5841 1493 5899 differentiae.
1538 5843 1800 5914 Amplius,

213 5933 463 6002 quoniam
482 5933 687 6005 species
706 5933 899 5990 nullius
918 5932 1336 6005 estdit'ferentia,
1364 5935 1627 6007 inspicere
1648 5950 1804 6009 opul‘v

1909 4804 2009 4859 alia
2037 4802 2252 4875 quidem
2279 4816 2427 4866 vera,
2448 4800 2550 4855 alia
2574 4810 2751 4855 autem
2776 4798 2931 4856 falsa.
2965 4801 3057 4857 Est
3084 4812 3260 4858 autem
3286 4804 3500 4873 proprie

1900 4911 2018 4952 non
2049 4895 2378 4950 conveniens
2408 4892 2597 4948 modus
2622 4893 2709 4947 hic
2733 4892 3052 4962 dialecticae,
3084 4910 3248 4965 quare
3278 4893 3498 4949 omnino

1907 4988 2124 5044 vitanda
2152 4986 2446 5041 dialecticis
2478 4985 2783 5056 ltujusmodi
2823 4985 3127 5041 ad'nomen
3172 4986 3493 5054 diSputatio,

1912 5080 2012 5137 nisi
2044 5082 2162 5149 quis
2202 5077 2360 5132 aliter
2407 5092 2510 5129 non
2564 5078 2733 5146 possit
2770 5078 2838 5131 de
2889 5079 3161 5147 pr0posito
3208 5077 3495 5133 disserere.
3583 5090 3591 5109 η’

1914 5172 2254 5229 Diliereutias
2283 5182 2458 5227 autem
2492 5172 2734 5227 invenire
2785 5172 2936 5238 utile,
2982 5183 3035 5227 et
3064 5173 3129 5226 ad
3158 5174 3500 5243 syllogismos

1912 5268 1981 5323 de
2007 5258 2227 5331 eodem,
2247 5277 2301 5320 et
2328 5267 2566 5330 diverso,
2598 5276 2650 5322 et
2679 5266 2744 5321 ad
2774 5266 3203 5337 cognoscendum
3247 5268 3373 5337 quid
3420 5279 3501 5324 est

1914 5362 2351 5432 unumquodque.
2375 5360 2527 5430 Quod
2552 5370 2730 5417 autem
2754 5360 2819 5415 ad
2851 5360 3187 5432 syllogismos
3218 5359 3285 5416 de
3306 5362 3498 5418 eodem

1911 5467 1965 5514 et
1993 5458 2206 5511 diverso
2233 5457 2384 5522 utile,
2429 5456 2768 5512 manifestum
2807 5474 2818 5506 :
2857 5451 3190 5508 invenientes
3220 5455 3366 5509 enim
3398 5453 3499 5509 dif-

1914 5560 2193 5616 ferentiam
2220 5559 2616 5630 propositorum
2658 5550 2971 5629 quamlibet,
3006 5555 3353 5614 ostendentes
3384 5537 3497 5613 eri-

1912 5673 2031 5711 tuus
2074 5656 2323 5727 quoniam
2371 5669 2475 5709 non
2511 5654 2672 5708 idem.
2714 5653 2792 5707 Ad
2842 5650 3272 5721 cognoscendum
3316 5663 3495 5707 autem

1904 5750 2035 5819 quid
2056 5758 2136 5803 est
2165 5747 2601 5818 unumquodque,
2626 5760 2689 5800 eo
2705 5738 2846 5816 quod
2881 5746 3146 5816 pr0priam
3177 5747 3489 5803 substantiae

1910 5826 2167 5913 cujusque
2186 5841 2468 5905 rationem,
2491 5838 2555 5893 iis
2580 5852 2699 5909 qua:
2722 5838 2882 5907 (circa
2904 5839 3322 5911 unumquodque
3344 5841 3488 5912 sunt)

1912 5930 2330 5991 accommodatis
2374 5931 2686 5991 diti‘ercntiis
2716 5946 2965 6004 separare
2994 5931 3249 5991 solemus.
3288 5933 3492 5993 Simili-
