  <div class='ocr_page' id='page_1' title='image "/cluster/home/n/w/nwhite01/storage/ocr_20150623/64/hvd.32044024222309/469.png"; bbox 0 0 4064 6336; ppageno 0'>
   <div class='ocr_carea' id='block_1_1' title="bbox 527 329 632 385">
    <p class='ocr_par' dir='ltr' id='par_1_1' title="bbox 527 329 632 385">
     <span class='ocr_line' id='line_1_1' title="bbox 527 329 632 385; baseline -0.067 0"><span class='ocrx_word' id='word_1_1' title='bbox 527 329 632 385; x_wconf 64' lang='lat'><strong>92&quot;»</strong></span> 
     </span>
    </p>
   </div>
   <div class='ocr_carea' id='block_1_2' title="bbox 1772 321 2118 382">
    <p class='ocr_par' dir='ltr' id='par_1_2' title="bbox 1772 321 2112 380">
     <span class='ocr_line' id='line_1_2' title="bbox 1772 321 2112 380; baseline -0.003 -1"><span class='ocrx_word' id='word_1_2' title='bbox 1772 321 1883 379; x_wconf 78' lang='lat' dir='ltr'><strong>AN.</strong></span> <span class='ocrx_word' id='word_1_3' title='bbox 1925 322 2112 380; x_wconf 81' lang='lat' dir='ltr'><strong>MANL</strong></span> 
     </span>
    </p>
   </div>
   <div class='ocr_carea' id='block_1_3' title="bbox 2223 321 3803 382">
    <p class='ocr_par' dir='ltr' id='par_1_3' title="bbox 2223 322 3803 382">
     <span class='ocr_line' id='line_1_3' title="bbox 2223 322 3803 382; baseline -0.003 0"><span class='ocrx_word' id='word_1_4' title='bbox 2223 322 2325 382; x_wconf 77' lang='lat' dir='ltr'><strong>EV.</strong></span> <span class='ocrx_word' id='word_1_5' title='bbox 2371 322 2593 381; x_wconf 81' lang='lat' dir='ltr'><strong>BOETII</strong></span> <span class='ocrx_word' id='word_1_6' title='bbox 3702 325 3803 379; x_wconf 63' lang='lat' dir='ltr'><strong>9L3</strong></span> 
     </span>
    </p>
   </div>
   <div class='ocr_carea' id='block_1_4' title="bbox 533 461 3804 534">
    <p class='ocr_par' dir='ltr' id='par_1_4' title="bbox 533 461 3804 534">
     <span class='ocr_line' id='line_1_4' title="bbox 533 461 3804 534; baseline -0.001 -15"><span class='ocrx_word' id='word_1_7' title='bbox 533 465 735 520; x_wconf 87' lang='lat' dir='ltr'><strong>tudinis</strong></span> <span class='ocrx_word' id='word_1_8' title='bbox 782 471 958 519; x_wconf 89' lang='lat' dir='ltr'><strong>autem</strong></span> <span class='ocrx_word' id='word_1_9' title='bbox 1002 461 1361 518; x_wconf 75' lang='lat' dir='ltr'><strong>consideratio</strong></span> <span class='ocrx_word' id='word_1_10' title='bbox 1392 461 1537 518; x_wconf 90' lang='lat' dir='ltr'><strong>utilis</strong></span> <span class='ocrx_word' id='word_1_11' title='bbox 1576 470 1660 517; x_wconf 88' lang='lat' dir='ltr'><strong>est</strong></span> <span class='ocrx_word' id='word_1_12' title='bbox 1705 462 1772 517; x_wconf 90' lang='lat' dir='ltr'><strong>ad</strong></span> <span class='ocrx_word' id='word_1_13' title='bbox 1813 461 2110 518; x_wconf 85' lang='lat' dir='ltr'><strong>inductivas</strong></span> <span class='ocrx_word' id='word_1_14' title='bbox 2139 465 2189 534; x_wconf 70' lang='grc' dir='ltr'><strong>Α</strong></span> <span class='ocrx_word' id='word_1_15' title='bbox 2220 462 2430 522; x_wconf 89' lang='lat' dir='ltr'><strong>niemns</strong></span> <span class='ocrx_word' id='word_1_16' title='bbox 2485 462 2854 534; x_wconf 85' lang='lat' dir='ltr'><strong>propositum)</strong></span> <span class='ocrx_word' id='word_1_17' title='bbox 2908 462 3209 530; x_wconf 79' lang='lat' dir='ltr'><strong>collocare,</strong></span> <span class='ocrx_word' id='word_1_18' title='bbox 3259 478 3381 520; x_wconf 89' lang='lat' dir='ltr'><strong>nam</strong></span> <span class='ocrx_word' id='word_1_19' title='bbox 3438 465 3804 522; x_wconf 81' lang='lat' dir='ltr'><strong>communium</strong></span> 
     </span>
    </p>
   </div>
   <div class='ocr_carea' id='block_1_5' title="bbox 531 555 2110 627">
    <p class='ocr_par' dir='ltr' id='par_1_5' title="bbox 531 555 2110 627">
     <span class='ocr_line' id='line_1_5' title="bbox 531 555 2110 627; baseline -0.004 -11"><span class='ocrx_word' id='word_1_20' title='bbox 531 560 796 621; x_wconf 84' lang='lat' dir='ltr'><strong>rati-mes,</strong></span> <span class='ocrx_word' id='word_1_21' title='bbox 825 568 872 610; x_wconf 90' lang='lat' dir='ltr'><strong>et</strong></span> <span class='ocrx_word' id='word_1_22' title='bbox 905 556 968 609; x_wconf 90' lang='lat' dir='ltr'><strong>ad</strong></span> <span class='ocrx_word' id='word_1_23' title='bbox 1022 555 1363 627; x_wconf 78' lang='lat' dir='ltr'><strong>syllogismos</strong></span> <span class='ocrx_word' id='word_1_24' title='bbox 1401 571 1465 612; x_wconf 79' lang='lat' dir='ltr'><strong>ex</strong></span> <span class='ocrx_word' id='word_1_25' title='bbox 1513 558 1919 626; x_wconf 88' lang='lat' dir='ltr'><strong>suppositione,</strong></span> <span class='ocrx_word' id='word_1_26' title='bbox 1960 566 2014 611; x_wconf 90' lang='lat' dir='ltr'><strong>et</strong></span> <span class='ocrx_word' id='word_1_27' title='bbox 2046 557 2110 611; x_wconf 90' lang='lat' dir='ltr'><strong>ad</strong></span> 
     </span>
    </p>
   </div>
   <div class='ocr_carea' id='block_1_6' title="bbox 530 649 2112 723">
    <p class='ocr_par' dir='ltr' id='par_1_6' title="bbox 530 649 2112 723">
     <span class='ocr_line' id='line_1_6' title="bbox 530 649 2112 723; baseline -0.003 -15"><span class='ocrx_word' id='word_1_28' title='bbox 530 651 946 723; x_wconf 86' lang='lat' dir='ltr'><strong>assignationem</strong></span> <span class='ocrx_word' id='word_1_29' title='bbox 991 649 1385 705; x_wconf 82' lang='lat' dir='ltr'><strong>definitionum.</strong></span> <span class='ocrx_word' id='word_1_30' title='bbox 1423 649 1503 705; x_wconf 80' lang='lat' dir='ltr'><strong>Ad</strong></span> <span class='ocrx_word' id='word_1_31' title='bbox 1554 650 1853 706; x_wconf 87' lang='lat' dir='ltr'><strong>inductivas</strong></span> <span class='ocrx_word' id='word_1_32' title='bbox 1896 649 2112 720; x_wconf 86' lang='lat' dir='ltr'><strong>quidem</strong></span> 
     </span>
    </p>
   </div>
   <div class='ocr_carea' id='block_1_7' title="bbox 531 740 2110 815">
    <p class='ocr_par' dir='ltr' id='par_1_7' title="bbox 531 740 2110 815">
     <span class='ocr_line' id='line_1_7' title="bbox 531 740 2110 815; baseline -0.005 -12"><span class='ocrx_word' id='word_1_33' title='bbox 531 748 798 812; x_wconf 80' lang='lat' dir='ltr'><strong>rationes,</strong></span> <span class='ocrx_word' id='word_1_34' title='bbox 830 761 894 800; x_wconf 92' lang='lat' dir='ltr'><strong>eo</strong></span> <span class='ocrx_word' id='word_1_35' title='bbox 937 744 1077 815; x_wconf 91' lang='lat' dir='ltr'><strong>quod</strong></span> <span class='ocrx_word' id='word_1_36' title='bbox 1129 744 1272 798; x_wconf 89' lang='lat' dir='ltr'><strong>circa</strong></span> <span class='ocrx_word' id='word_1_37' title='bbox 1303 744 1508 814; x_wconf 88' lang='lat' dir='ltr'><strong>singula</strong></span> <span class='ocrx_word' id='word_1_38' title='bbox 1553 744 1604 798; x_wconf 90' lang='lat' dir='ltr'><strong>in</strong></span> <span class='ocrx_word' id='word_1_39' title='bbox 1655 741 1921 798; x_wconf 83' lang='lat' dir='ltr'><strong>similibus</strong></span> <span class='ocrx_word' id='word_1_40' title='bbox 1952 740 2110 798; x_wconf 79' lang='lat' dir='ltr'><strong>indu-</strong></span> 
     </span>
    </p>
   </div>
   <div class='ocr_carea' id='block_1_8' title="bbox 449 836 2112 902">
    <p class='ocr_par' dir='ltr' id='par_1_8' title="bbox 449 836 2112 902">
     <span class='ocr_line' id='line_1_8' title="bbox 449 836 2112 902; baseline -0.002 -6"><span class='ocrx_word' id='word_1_41' title='bbox 449 883 452 886; x_wconf 83' lang='grc'><strong>-</strong></span> <span class='ocrx_word' id='word_1_42' title='bbox 528 841 702 896; x_wconf 89' lang='lat' dir='ltr'><strong>ctione</strong></span> <span class='ocrx_word' id='word_1_43' title='bbox 761 839 1065 894; x_wconf 83' lang='lat' dir='ltr'><strong>universale</strong></span> <span class='ocrx_word' id='word_1_44' title='bbox 1111 838 1486 894; x_wconf 70' lang='lat' dir='ltr'><strong>exisuimamus</strong></span> <span class='ocrx_word' id='word_1_45' title='bbox 1527 836 1806 902; x_wconf 90' lang='lat' dir='ltr'><strong>inducere,</strong></span> <span class='ocrx_word' id='word_1_46' title='bbox 1835 851 1940 892; x_wconf 91' lang='lat' dir='ltr'><strong>non</strong></span> <span class='ocrx_word' id='word_1_47' title='bbox 1969 836 2112 896; x_wconf 89' lang='lat' dir='ltr'><strong>enim</strong></span> 
     </span>
    </p>
   </div>
   <div class='ocr_carea' id='block_1_9' title="bbox 530 927 2114 1002">
    <p class='ocr_par' dir='ltr' id='par_1_9' title="bbox 530 927 2114 1002">
     <span class='ocr_line' id='line_1_9' title="bbox 530 927 2114 1002; baseline -0.002 -15"><span class='ocrx_word' id='word_1_48' title='bbox 530 932 683 987; x_wconf 90' lang='lat' dir='ltr'><strong>facile</strong></span> <span class='ocrx_word' id='word_1_49' title='bbox 710 943 792 987; x_wconf 90' lang='lat' dir='ltr'><strong>est</strong></span> <span class='ocrx_word' id='word_1_50' title='bbox 822 930 1075 986; x_wconf 87' lang='lat' dir='ltr'><strong>inducere</strong></span> <span class='ocrx_word' id='word_1_51' title='bbox 1099 930 1408 1002; x_wconf 87' lang='lat' dir='ltr'><strong>ignorantes</strong></span> <span class='ocrx_word' id='word_1_52' title='bbox 1433 929 1648 985; x_wconf 82' lang='lat' dir='ltr'><strong>similia.</strong></span> <span class='ocrx_word' id='word_1_53' title='bbox 1676 929 1754 985; x_wconf 80' lang='lat' dir='ltr'><strong>Ad</strong></span> <span class='ocrx_word' id='word_1_54' title='bbox 1775 927 2114 1001; x_wconf 78' lang='lat' dir='ltr'><strong>syllogismos</strong></span> 
     </span>
    </p>
   </div>
   <div class='ocr_carea' id='block_1_10' title="bbox 530 1021 2118 1094">
    <p class='ocr_par' dir='ltr' id='par_1_10' title="bbox 530 1021 2118 1094">
     <span class='ocr_line' id='line_1_10' title="bbox 530 1021 2118 1094; baseline -0.003 -13"><span class='ocrx_word' id='word_1_55' title='bbox 530 1041 596 1081; x_wconf 80' lang='lat' dir='ltr'><strong>ex</strong></span> <span class='ocrx_word' id='word_1_56' title='bbox 626 1025 1024 1094; x_wconf 82' lang='lat' dir='ltr'><strong>suppositione,</strong></span> <span class='ocrx_word' id='word_1_57' title='bbox 1053 1039 1119 1078; x_wconf 93' lang='lat' dir='ltr'><strong>eo</strong></span> <span class='ocrx_word' id='word_1_58' title='bbox 1147 1023 1289 1092; x_wconf 89' lang='lat' dir='ltr'><strong>quod</strong></span> <span class='ocrx_word' id='word_1_59' title='bbox 1332 1022 1606 1092; x_wconf 78' lang='lat' dir='ltr'><strong>probabile</strong></span> <span class='ocrx_word' id='word_1_60' title='bbox 1637 1032 1718 1078; x_wconf 92' lang='lat' dir='ltr'><strong>est</strong></span> <span class='ocrx_word' id='word_1_61' title='bbox 1767 1021 2118 1093; x_wconf 86' lang='lat' dir='ltr'><strong>quemadmo—</strong></span> 
     </span>
    </p>
   </div>
   <div class='ocr_carea' id='block_1_11' title="bbox 529 1116 2111 1187">
    <p class='ocr_par' dir='ltr' id='par_1_11' title="bbox 529 1116 2111 1187">
     <span class='ocr_line' id='line_1_11' title="bbox 529 1116 2111 1187; baseline -0.001 -14"><span class='ocrx_word' id='word_1_62' title='bbox 529 1119 653 1173; x_wconf 91' lang='lat' dir='ltr'><strong>dum</strong></span> <span class='ocrx_word' id='word_1_63' title='bbox 700 1118 751 1172; x_wconf 91' lang='lat' dir='ltr'><strong>in</strong></span> <span class='ocrx_word' id='word_1_64' title='bbox 785 1133 890 1173; x_wconf 88' lang='lat' dir='ltr'><strong>uno</strong></span> <span class='ocrx_word' id='word_1_65' title='bbox 936 1117 1192 1172; x_wconf 90' lang='lat' dir='ltr'><strong>similium</strong></span> <span class='ocrx_word' id='word_1_66' title='bbox 1234 1132 1294 1172; x_wconf 88' lang='lat' dir='ltr'><strong>se</strong></span> <span class='ocrx_word' id='word_1_67' title='bbox 1323 1118 1513 1183; x_wconf 85' lang='lat' dir='ltr'><strong>habet,</strong></span> <span class='ocrx_word' id='word_1_68' title='bbox 1551 1117 1629 1172; x_wconf 89' lang='lat' dir='ltr'><strong>sic</strong></span> <span class='ocrx_word' id='word_1_69' title='bbox 1671 1126 1727 1172; x_wconf 90' lang='lat' dir='ltr'><strong>et</strong></span> <span class='ocrx_word' id='word_1_70' title='bbox 1771 1116 1824 1172; x_wconf 91' lang='lat' dir='ltr'><strong>in</strong></span> <span class='ocrx_word' id='word_1_71' title='bbox 1868 1116 2111 1187; x_wconf 83' lang='lat' dir='ltr'><strong>reliquis.</strong></span> 
     </span>
    </p>
   </div>
   <div class='ocr_carea' id='block_1_12' title="bbox 530 1208 2114 1282">
    <p class='ocr_par' dir='ltr' id='par_1_12' title="bbox 530 1208 2114 1282">
     <span class='ocr_line' id='line_1_12' title="bbox 530 1208 2114 1282; baseline -0.001 -16"><span class='ocrx_word' id='word_1_72' title='bbox 530 1213 705 1278; x_wconf 83' lang='lat' dir='ltr'><strong>Quare</strong></span> <span class='ocrx_word' id='word_1_73' title='bbox 734 1210 802 1266; x_wconf 89' lang='lat' dir='ltr'><strong>ad</strong></span> <span class='ocrx_word' id='word_1_74' title='bbox 848 1211 1205 1282; x_wconf 87' lang='lat' dir='ltr'><strong>quodcunque</strong></span> <span class='ocrx_word' id='word_1_75' title='bbox 1230 1224 1417 1266; x_wconf 86' lang='lat' dir='ltr'><strong>eorum</strong></span> <span class='ocrx_word' id='word_1_76' title='bbox 1460 1209 1767 1265; x_wconf 79' lang='lat' dir='ltr'><strong>facultatem</strong></span> <span class='ocrx_word' id='word_1_77' title='bbox 1800 1208 2114 1266; x_wconf 81' lang='lat' dir='ltr'><strong>habebimus</strong></span> 
     </span>
    </p>
   </div>
   <div class='ocr_carea' id='block_1_13' title="bbox 530 1301 2115 1374">
    <p class='ocr_par' dir='ltr' id='par_1_13' title="bbox 530 1301 2115 1374">
     <span class='ocr_line' id='line_1_13' title="bbox 530 1301 2115 1374; baseline -0.001 -16"><span class='ocrx_word' id='word_1_78' title='bbox 530 1304 866 1373; x_wconf 84' lang='lat' dir='ltr'><strong>disputandi,</strong></span> <span class='ocrx_word' id='word_1_79' title='bbox 910 1305 1279 1374; x_wconf 87' lang='lat' dir='ltr'><strong>prolitebimur</strong></span> <span class='ocrx_word' id='word_1_80' title='bbox 1313 1303 1766 1374; x_wconf 78' lang='lat' dir='ltr'><strong>quemadmodum</strong></span> <span class='ocrx_word' id='word_1_81' title='bbox 1822 1302 1875 1357; x_wconf 93' lang='lat' dir='ltr'><strong>in</strong></span> <span class='ocrx_word' id='word_1_82' title='bbox 1925 1301 2010 1356; x_wconf 90' lang='lat' dir='ltr'><strong>his</strong></span> <span class='ocrx_word' id='word_1_83' title='bbox 2055 1315 2115 1356; x_wconf 90' lang='lat' dir='ltr'><strong>se</strong></span> 
     </span>
    </p>
   </div>
   <div class='ocr_carea' id='block_1_14' title="bbox 530 1393 2115 1469">
    <p class='ocr_par' dir='ltr' id='par_1_14' title="bbox 530 1393 2115 1469">
     <span class='ocr_line' id='line_1_14' title="bbox 530 1393 2115 1469; baseline 0 -18"><span class='ocrx_word' id='word_1_84' title='bbox 530 1399 718 1463; x_wconf 88' lang='lat' dir='ltr'><strong>habet,</strong></span> <span class='ocrx_word' id='word_1_85' title='bbox 765 1400 842 1454; x_wconf 90' lang='lat' dir='ltr'><strong>sic</strong></span> <span class='ocrx_word' id='word_1_86' title='bbox 888 1409 943 1454; x_wconf 85' lang='lat' dir='ltr'><strong>et</strong></span> <span class='ocrx_word' id='word_1_87' title='bbox 991 1393 1059 1453; x_wconf 87' lang='lat' dir='ltr'><strong>in&#39;</strong></span> <span class='ocrx_word' id='word_1_88' title='bbox 1080 1399 1350 1469; x_wconf 90' lang='lat' dir='ltr'><strong>proposito</strong></span> <span class='ocrx_word' id='word_1_89' title='bbox 1407 1398 1625 1454; x_wconf 88' lang='lat' dir='ltr'><strong>habere.</strong></span> <span class='ocrx_word' id='word_1_90' title='bbox 1657 1397 1712 1454; x_wconf 89' lang='lat' dir='ltr'><strong>Id</strong></span> <span class='ocrx_word' id='word_1_91' title='bbox 1755 1399 1899 1454; x_wconf 89' lang='lat' dir='ltr'><strong>enirn</strong></span> <span class='ocrx_word' id='word_1_92' title='bbox 1931 1406 2115 1453; x_wconf 87' lang='lat' dir='ltr'><strong>osten-</strong></span> 
     </span>
    </p>
   </div>
   <div class='ocr_carea' id='block_1_15' title="bbox 531 1489 2115 1562">
    <p class='ocr_par' dir='ltr' id='par_1_15' title="bbox 531 1489 2115 1562">
     <span class='ocr_line' id='line_1_15' title="bbox 531 1489 2115 1562; baseline 0.001 -17"><span class='ocrx_word' id='word_1_93' title='bbox 531 1490 750 1558; x_wconf 86' lang='lat' dir='ltr'><strong>dentes,</strong></span> <span class='ocrx_word' id='word_1_94' title='bbox 784 1500 840 1546; x_wconf 91' lang='lat' dir='ltr'><strong>et</strong></span> <span class='ocrx_word' id='word_1_95' title='bbox 882 1491 1211 1561; x_wconf 87' lang='lat' dir='ltr'><strong>propositum</strong></span> <span class='ocrx_word' id='word_1_96' title='bbox 1263 1506 1327 1546; x_wconf 80' lang='lat' dir='ltr'><strong>ex</strong></span> <span class='ocrx_word' id='word_1_97' title='bbox 1359 1491 1732 1562; x_wconf 79' lang='lat' dir='ltr'><strong>suppositione</strong></span> <span class='ocrx_word' id='word_1_98' title='bbox 1767 1489 2115 1547; x_wconf 75' lang='lat' dir='ltr'><strong>ostendentes</strong></span> 
     </span>
    </p>
   </div>
   <div class='ocr_carea' id='block_1_16' title="bbox 529 1585 2112 1658">
    <p class='ocr_par' dir='ltr' id='par_1_16' title="bbox 529 1585 2112 1658">
     <span class='ocr_line' id='line_1_16' title="bbox 529 1585 2112 1658; baseline 0.001 -19"><span class='ocrx_word' id='word_1_99' title='bbox 529 1586 758 1649; x_wconf 81' lang='lat' dir='ltr'><strong>erimus;</strong></span> <span class='ocrx_word' id='word_1_100' title='bbox 781 1596 1148 1655; x_wconf 83' lang='lat' dir='ltr'><strong>supponentes</strong></span> <span class='ocrx_word' id='word_1_101' title='bbox 1173 1587 1315 1644; x_wconf 90' lang='lat' dir='ltr'><strong>enim</strong></span> <span class='ocrx_word' id='word_1_102' title='bbox 1342 1587 1610 1658; x_wconf 89' lang='lat' dir='ltr'><strong>quomodo</strong></span> <span class='ocrx_word' id='word_1_103' title='bbox 1644 1588 1694 1642; x_wconf 93' lang='lat' dir='ltr'><strong>in</strong></span> <span class='ocrx_word' id='word_1_104' title='bbox 1725 1586 1810 1642; x_wconf 88' lang='lat' dir='ltr'><strong>bis</strong></span> <span class='ocrx_word' id='word_1_105' title='bbox 1841 1601 1901 1642; x_wconf 86' lang='lat' dir='ltr'><strong>se</strong></span> <span class='ocrx_word' id='word_1_106' title='bbox 1931 1585 2112 1650; x_wconf 90' lang='lat' dir='ltr'><strong>habet,</strong></span> 
     </span>
    </p>
   </div>
   <div class='ocr_carea' id='block_1_17' title="bbox 528 1680 2115 1751">
    <p class='ocr_par' dir='ltr' id='par_1_17' title="bbox 528 1680 2115 1751">
     <span class='ocr_line' id='line_1_17' title="bbox 528 1680 2115 1751; baseline 0 -17"><span class='ocrx_word' id='word_1_107' title='bbox 528 1680 605 1734; x_wconf 86' lang='lat' dir='ltr'><strong>sic</strong></span> <span class='ocrx_word' id='word_1_108' title='bbox 635 1689 688 1734; x_wconf 86' lang='lat' dir='ltr'><strong>et</strong></span> <span class='ocrx_word' id='word_1_109' title='bbox 729 1680 781 1736; x_wconf 92' lang='lat' dir='ltr'><strong>in</strong></span> <span class='ocrx_word' id='word_1_110' title='bbox 824 1683 1099 1751; x_wconf 89' lang='lat' dir='ltr'><strong>proposito</strong></span> <span class='ocrx_word' id='word_1_111' title='bbox 1127 1698 1187 1738; x_wconf 90' lang='lat' dir='ltr'><strong>se</strong></span> <span class='ocrx_word' id='word_1_112' title='bbox 1231 1682 1430 1738; x_wconf 87' lang='lat' dir='ltr'><strong>habere</strong></span> <span class='ocrx_word' id='word_1_113' title='bbox 1475 1682 1990 1738; x_wconf 76' lang='lat' dir='ltr'><strong>demonstrationem</strong></span> <span class='ocrx_word' id='word_1_114' title='bbox 2028 1680 2115 1735; x_wconf 85' lang='lat' dir='ltr'><strong>fa-</strong></span> 
     </span>
    </p>
   </div>
   <div class='ocr_carea' id='block_1_18' title="bbox 529 1772 2114 1846">
    <p class='ocr_par' dir='ltr' id='par_1_18' title="bbox 529 1772 2114 1846">
     <span class='ocr_line' id='line_1_18' title="bbox 529 1772 2114 1846; baseline 0.002 -19"><span class='ocrx_word' id='word_1_115' title='bbox 529 1772 749 1830; x_wconf 89' lang='lat' dir='ltr'><strong>ciemus.</strong></span> <span class='ocrx_word' id='word_1_116' title='bbox 789 1774 868 1828; x_wconf 82' lang='lat' dir='ltr'><strong>Ad</strong></span> <span class='ocrx_word' id='word_1_117' title='bbox 918 1774 1288 1832; x_wconf 85' lang='lat' dir='ltr'><strong>definitionum</strong></span> <span class='ocrx_word' id='word_1_118' title='bbox 1335 1785 1514 1832; x_wconf 91' lang='lat' dir='ltr'><strong>autem</strong></span> <span class='ocrx_word' id='word_1_119' title='bbox 1569 1777 2019 1846; x_wconf 79' lang='lat' dir='ltr'><strong>assignationem,</strong></span> <span class='ocrx_word' id='word_1_120' title='bbox 2049 1791 2114 1830; x_wconf 89' lang='lat' dir='ltr'><strong>eo</strong></span> 
     </span>
    </p>
   </div>
   <div class='ocr_carea' id='block_1_19' title="bbox 2217 555 3804 628">
    <p class='ocr_par' dir='ltr' id='par_1_19' title="bbox 2217 555 3804 628">
     <span class='ocr_line' id='line_1_19' title="bbox 2217 555 3804 628; baseline 0.001 -21"><span class='ocrx_word' id='word_1_121' title='bbox 2217 559 2356 626; x_wconf 79' lang='lat' dir='ltr'><strong>quod</strong></span> <span class='ocrx_word' id='word_1_122' title='bbox 2401 555 2632 610; x_wconf 59' lang='lat' dir='ltr'><strong>maxime</strong></span> <span class='ocrx_word' id='word_1_123' title='bbox 2691 555 2743 610; x_wconf 90' lang='lat' dir='ltr'><strong>in</strong></span> <span class='ocrx_word' id='word_1_124' title='bbox 2793 569 2858 610; x_wconf 89' lang='lat' dir='ltr'><strong>eo</strong></span> <span class='ocrx_word' id='word_1_125' title='bbox 2904 555 3044 625; x_wconf 89' lang='lat' dir='ltr'><strong>quod</strong></span> <span class='ocrx_word' id='word_1_126' title='bbox 3091 555 3217 626; x_wconf 90' lang='lat' dir='ltr'><strong>quid</strong></span> <span class='ocrx_word' id='word_1_127' title='bbox 3264 555 3591 625; x_wconf 66' lang='lat' dir='ltr'><strong>praedicatur</strong></span> <span class='ocrx_word' id='word_1_128' title='bbox 3636 573 3804 628; x_wconf 84' lang='lat' dir='ltr'><strong>genus</strong></span> 
     </span>
    </p>
   </div>
   <div class='ocr_carea' id='block_1_20' title="bbox 2215 647 3806 708">
    <p class='ocr_par' dir='ltr' id='par_1_20' title="bbox 2215 647 3806 708">
     <span class='ocr_line' id='line_1_20' title="bbox 2215 647 3806 708; baseline 0.003 -6"><span class='ocrx_word' id='word_1_129' title='bbox 2215 649 2342 706; x_wconf 89' lang='lat' dir='ltr'><strong>erit.</strong></span> <span class='ocrx_word' id='word_1_130' title='bbox 2379 647 2636 703; x_wconf 85' lang='lat' dir='ltr'><strong>Similiter</strong></span> <span class='ocrx_word' id='word_1_131' title='bbox 2679 659 2856 704; x_wconf 90' lang='lat' dir='ltr'><strong>autem</strong></span> <span class='ocrx_word' id='word_1_132' title='bbox 2891 659 2945 706; x_wconf 89' lang='lat' dir='ltr'><strong>et</strong></span> <span class='ocrx_word' id='word_1_133' title='bbox 2969 650 3021 704; x_wconf 89' lang='lat' dir='ltr'><strong>in</strong></span> <span class='ocrx_word' id='word_1_134' title='bbox 3064 650 3288 708; x_wconf 82' lang='lat' dir='ltr'><strong>multum</strong></span> <span class='ocrx_word' id='word_1_135' title='bbox 3319 649 3641 705; x_wconf 84' lang='lat' dir='ltr'><strong>distantibus</strong></span> <span class='ocrx_word' id='word_1_136' title='bbox 3663 653 3806 708; x_wconf 86' lang='lat' dir='ltr'><strong>utilis</strong></span> 
     </span>
    </p>
   </div>
   <div class='ocr_carea' id='block_1_21' title="bbox 2216 745 3806 819">
    <p class='ocr_par' dir='ltr' id='par_1_21' title="bbox 2216 745 3806 819">
     <span class='ocr_line' id='line_1_21' title="bbox 2216 745 3806 819; baseline 0.004 -19"><span class='ocrx_word' id='word_1_137' title='bbox 2216 745 2282 801; x_wconf 86' lang='lat' dir='ltr'><strong>ad</strong></span> <span class='ocrx_word' id='word_1_138' title='bbox 2312 745 2654 802; x_wconf 82' lang='lat' dir='ltr'><strong>definitiones</strong></span> <span class='ocrx_word' id='word_1_139' title='bbox 2704 745 3072 802; x_wconf 90' lang='lat' dir='ltr'><strong>similitudinis</strong></span> <span class='ocrx_word' id='word_1_140' title='bbox 3119 747 3514 816; x_wconf 85' lang='lat' dir='ltr'><strong>consideratio,</strong></span> <span class='ocrx_word' id='word_1_141' title='bbox 3568 758 3626 802; x_wconf 93' lang='lat' dir='ltr'><strong>ut</strong></span> <span class='ocrx_word' id='word_1_142' title='bbox 3667 751 3806 819; x_wconf 88' lang='lat' dir='ltr'><strong>quod</strong></span> 
     </span>
    </p>
   </div>
   <div class='ocr_carea' id='block_1_22' title="bbox 2218 836 3806 910">
    <p class='ocr_par' dir='ltr' id='par_1_22' title="bbox 2218 836 3806 910">
     <span class='ocr_line' id='line_1_22' title="bbox 2218 836 3806 910; baseline 0.003 -18"><span class='ocrx_word' id='word_1_143' title='bbox 2218 836 2360 892; x_wconf 82' lang='lat' dir='ltr'><strong>idem</strong></span> <span class='ocrx_word' id='word_1_144' title='bbox 2411 837 2767 906; x_wconf 83' lang='lat' dir='ltr'><strong>tranquillitas</strong></span> <span class='ocrx_word' id='word_1_145' title='bbox 2812 837 2864 892; x_wconf 92' lang='lat' dir='ltr'><strong>in</strong></span> <span class='ocrx_word' id='word_1_146' title='bbox 2920 837 3089 904; x_wconf 89' lang='lat' dir='ltr'><strong>mari,</strong></span> <span class='ocrx_word' id='word_1_147' title='bbox 3119 849 3174 894; x_wconf 89' lang='lat' dir='ltr'><strong>et</strong></span> <span class='ocrx_word' id='word_1_148' title='bbox 3226 841 3488 896; x_wconf 79' lang='lat' dir='ltr'><strong>serenitas</strong></span> <span class='ocrx_word' id='word_1_149' title='bbox 3538 841 3590 893; x_wconf 91' lang='lat' dir='ltr'><strong>in</strong></span> <span class='ocrx_word' id='word_1_150' title='bbox 3646 856 3806 910; x_wconf 90' lang='lat' dir='ltr'><strong>aere,</strong></span> 
     </span>
    </p>
   </div>
   <div class='ocr_carea' id='block_1_23' title="bbox 2219 927 3806 1000">
    <p class='ocr_par' dir='ltr' id='par_1_23' title="bbox 2219 927 3806 1000">
     <span class='ocr_line' id='line_1_23' title="bbox 2219 927 3806 1000; baseline 0.001 -17"><span class='ocrx_word' id='word_1_151' title='bbox 2219 937 2508 998; x_wconf 85' lang='lat' dir='ltr'><strong>utrumque</strong></span> <span class='ocrx_word' id='word_1_152' title='bbox 2531 927 2670 982; x_wconf 92' lang='lat' dir='ltr'><strong>enim</strong></span> <span class='ocrx_word' id='word_1_153' title='bbox 2702 928 2878 998; x_wconf 89' lang='lat' dir='ltr'><strong>quies,</strong></span> <span class='ocrx_word' id='word_1_154' title='bbox 2905 937 2960 984; x_wconf 92' lang='lat' dir='ltr'><strong>et</strong></span> <span class='ocrx_word' id='word_1_155' title='bbox 2990 929 3239 998; x_wconf 90' lang='lat' dir='ltr'><strong>quoniam</strong></span> <span class='ocrx_word' id='word_1_156' title='bbox 3280 938 3535 1000; x_wconf 91' lang='lat' dir='ltr'><strong>punctum</strong></span> <span class='ocrx_word' id='word_1_157' title='bbox 3556 931 3608 984; x_wconf 94' lang='lat' dir='ltr'><strong>in</strong></span> <span class='ocrx_word' id='word_1_158' title='bbox 3645 931 3806 999; x_wconf 89' lang='lat' dir='ltr'><strong>linea,</strong></span> 
     </span>
    </p>
   </div>
   <div class='ocr_carea' id='block_1_24' title="bbox 2218 1021 3805 1094">
    <p class='ocr_par' dir='ltr' id='par_1_24' title="bbox 2218 1021 3805 1094">
     <span class='ocr_line' id='line_1_24' title="bbox 2218 1021 3805 1094; baseline 0.003 -18"><span class='ocrx_word' id='word_1_159' title='bbox 2218 1031 2273 1076; x_wconf 90' lang='lat' dir='ltr'><strong>et</strong></span> <span class='ocrx_word' id='word_1_160' title='bbox 2304 1021 2478 1075; x_wconf 88' lang='lat' dir='ltr'><strong>unitas</strong></span> <span class='ocrx_word' id='word_1_161' title='bbox 2531 1021 2582 1075; x_wconf 90' lang='lat' dir='ltr'><strong>in</strong></span> <span class='ocrx_word' id='word_1_162' title='bbox 2635 1036 2887 1088; x_wconf 87' lang='lat' dir='ltr'><strong>numero,</strong></span> <span class='ocrx_word' id='word_1_163' title='bbox 2942 1031 3228 1093; x_wconf 90' lang='lat' dir='ltr'><strong>utrumque</strong></span> <span class='ocrx_word' id='word_1_164' title='bbox 3275 1025 3418 1079; x_wconf 92' lang='lat' dir='ltr'><strong>enim</strong></span> <span class='ocrx_word' id='word_1_165' title='bbox 3464 1024 3805 1094; x_wconf 87' lang='lat' dir='ltr'><strong>principium.</strong></span> 
     </span>
    </p>
   </div>
   <div class='ocr_carea' id='block_1_25' title="bbox 2218 1116 3808 1191">
    <p class='ocr_par' dir='ltr' id='par_1_25' title="bbox 2218 1116 3808 1191">
     <span class='ocr_line' id='line_1_25' title="bbox 2218 1116 3808 1191; baseline 0.004 -22"><span class='ocrx_word' id='word_1_166' title='bbox 2218 1117 2394 1183; x_wconf 85' lang='lat' dir='ltr'><strong>Quare</strong></span> <span class='ocrx_word' id='word_1_167' title='bbox 2417 1131 2702 1174; x_wconf 88' lang='lat' dir='ltr'><strong>commune</strong></span> <span class='ocrx_word' id='word_1_168' title='bbox 2727 1117 2780 1172; x_wconf 91' lang='lat' dir='ltr'><strong>in</strong></span> <span class='ocrx_word' id='word_1_169' title='bbox 2811 1116 3062 1174; x_wconf 88' lang='lat' dir='ltr'><strong>omnibus</strong></span> <span class='ocrx_word' id='word_1_170' title='bbox 3087 1133 3256 1191; x_wconf 87' lang='lat' dir='ltr'><strong>genus</strong></span> <span class='ocrx_word' id='word_1_171' title='bbox 3279 1121 3638 1190; x_wconf 82' lang='lat' dir='ltr'><strong>assignantes,</strong></span> <span class='ocrx_word' id='word_1_172' title='bbox 3666 1123 3808 1176; x_wconf 83' lang='lat' dir='ltr'><strong>arbi-</strong></span> 
     </span>
    </p>
   </div>
   <div class='ocr_carea' id='block_1_26' title="bbox 2221 1201 3809 1270">
    <p class='ocr_par' dir='ltr' id='par_1_26' title="bbox 2221 1201 3809 1270">
     <span class='ocr_line' id='line_1_26' title="bbox 2221 1201 3809 1270; baseline 0.003 -6"><span class='ocrx_word' id='word_1_173' title='bbox 2221 1207 2479 1264; x_wconf 89' lang='lat' dir='ltr'><strong>trabimur</strong></span> <span class='ocrx_word' id='word_1_174' title='bbox 2526 1225 2629 1262; x_wconf 89' lang='lat' dir='ltr'><strong>non</strong></span> <span class='ocrx_word' id='word_1_175' title='bbox 2668 1201 2922 1268; x_wconf 74' lang='lat' dir='ltr'><strong>extraneo</strong></span> <span class='ocrx_word' id='word_1_176' title='bbox 2963 1210 3214 1270; x_wconf 82' lang='lat' dir='ltr'><strong>definire.</strong></span> <span class='ocrx_word' id='word_1_177' title='bbox 3245 1209 3392 1268; x_wconf 87' lang='lat' dir='ltr'><strong>Pene</strong></span> <span class='ocrx_word' id='word_1_178' title='bbox 3418 1224 3599 1268; x_wconf 89' lang='lat' dir='ltr'><strong>autem</strong></span> <span class='ocrx_word' id='word_1_179' title='bbox 3630 1223 3688 1268; x_wconf 92' lang='lat' dir='ltr'><strong>et</strong></span> <span class='ocrx_word' id='word_1_180' title='bbox 3717 1214 3809 1270; x_wconf 80' lang='lat' dir='ltr'><strong>de-</strong></span> 
     </span>
    </p>
   </div>
   <div class='ocr_carea' id='block_1_27' title="bbox 2219 1304 3808 1376">
    <p class='ocr_par' dir='ltr' id='par_1_27' title="bbox 2219 1304 3808 1376">
     <span class='ocr_line' id='line_1_27' title="bbox 2219 1304 3808 1376; baseline 0.001 -15"><span class='ocrx_word' id='word_1_181' title='bbox 2219 1305 2464 1362; x_wconf 87' lang='lat' dir='ltr'><strong>fmientes</strong></span> <span class='ocrx_word' id='word_1_182' title='bbox 2522 1306 2598 1360; x_wconf 93' lang='lat' dir='ltr'><strong>sic</strong></span> <span class='ocrx_word' id='word_1_183' title='bbox 2650 1304 2827 1362; x_wconf 83' lang='lat' dir='ltr'><strong>solent</strong></span> <span class='ocrx_word' id='word_1_184' title='bbox 2893 1307 3199 1376; x_wconf 82' lang='lat' dir='ltr'><strong>assignare,</strong></span> <span class='ocrx_word' id='word_1_185' title='bbox 3259 1321 3381 1364; x_wconf 90' lang='lat' dir='ltr'><strong>nam</strong></span> <span class='ocrx_word' id='word_1_186' title='bbox 3437 1316 3493 1364; x_wconf 91' lang='lat' dir='ltr'><strong>et</strong></span> <span class='ocrx_word' id='word_1_187' title='bbox 3548 1309 3808 1362; x_wconf 84' lang='lat' dir='ltr'><strong>unitatem</strong></span> 
     </span>
    </p>
   </div>
   <div class='ocr_carea' id='block_1_28' title="bbox 2220 1398 3805 1471">
    <p class='ocr_par' dir='ltr' id='par_1_28' title="bbox 2220 1398 3805 1471">
     <span class='ocr_line' id='line_1_28' title="bbox 2220 1398 3805 1471; baseline 0 -18"><span class='ocrx_word' id='word_1_188' title='bbox 2220 1398 2538 1470; x_wconf 90' lang='lat' dir='ltr'><strong>principium</strong></span> <span class='ocrx_word' id='word_1_189' title='bbox 2589 1398 2797 1454; x_wconf 90' lang='lat' dir='ltr'><strong>numeri</strong></span> <span class='ocrx_word' id='word_1_190' title='bbox 2847 1398 3029 1456; x_wconf 89' lang='lat' dir='ltr'><strong>dicunt</strong></span> <span class='ocrx_word' id='word_1_191' title='bbox 3067 1413 3214 1468; x_wconf 84' lang='lat' dir='ltr'><strong>esse;</strong></span> <span class='ocrx_word' id='word_1_192' title='bbox 3267 1408 3321 1455; x_wconf 91' lang='lat' dir='ltr'><strong>et</strong></span> <span class='ocrx_word' id='word_1_193' title='bbox 3367 1409 3621 1471; x_wconf 90' lang='lat' dir='ltr'><strong>punctum</strong></span> <span class='ocrx_word' id='word_1_194' title='bbox 3662 1401 3805 1470; x_wconf 85' lang='lat' dir='ltr'><strong>prin-</strong></span> 
     </span>
    </p>
   </div>
   <div class='ocr_carea' id='block_1_29' title="bbox 2217 1491 3805 1564">
    <p class='ocr_par' dir='ltr' id='par_1_29' title="bbox 2217 1491 3805 1564">
     <span class='ocr_line' id='line_1_29' title="bbox 2217 1491 3805 1564; baseline 0.001 -17"><span class='ocrx_word' id='word_1_195' title='bbox 2217 1491 2412 1561; x_wconf 89' lang='lat' dir='ltr'><strong>cipium</strong></span> <span class='ocrx_word' id='word_1_196' title='bbox 2461 1491 2633 1546; x_wconf 66' lang='lat' dir='ltr'><strong>linem.</strong></span> <span class='ocrx_word' id='word_1_197' title='bbox 2685 1491 3023 1548; x_wconf 77' lang='lat' dir='ltr'><strong>Manifestum</strong></span> <span class='ocrx_word' id='word_1_198' title='bbox 3056 1491 3217 1564; x_wconf 87' lang='lat' dir='ltr'><strong>igitur</strong></span> <span class='ocrx_word' id='word_1_199' title='bbox 3259 1492 3508 1561; x_wconf 87' lang='lat' dir='ltr'><strong>quoniam</strong></span> <span class='ocrx_word' id='word_1_200' title='bbox 3554 1492 3622 1548; x_wconf 90' lang='lat' dir='ltr'><strong>ad</strong></span> <span class='ocrx_word' id='word_1_201' title='bbox 3653 1508 3805 1548; x_wconf 88' lang='lat' dir='ltr'><strong>com-</strong></span> 
     </span>
    </p>
   </div>
   <div class='ocr_carea' id='block_1_30' title="bbox 2219 1586 3808 1656">
    <p class='ocr_par' dir='ltr' id='par_1_30' title="bbox 2219 1586 3808 1656">
     <span class='ocr_line' id='line_1_30' title="bbox 2219 1586 3808 1656; baseline 0.001 -12"><span class='ocrx_word' id='word_1_202' title='bbox 2219 1601 2382 1644; x_wconf 89' lang='lat' dir='ltr'><strong>mune</strong></span> <span class='ocrx_word' id='word_1_203' title='bbox 2446 1594 2795 1656; x_wconf 88' lang='lat' dir='ltr'><strong>utrorumque</strong></span> <span class='ocrx_word' id='word_1_204' title='bbox 2860 1601 3033 1656; x_wconf 87' lang='lat' dir='ltr'><strong>genus</strong></span> <span class='ocrx_word' id='word_1_205' title='bbox 3097 1586 3386 1642; x_wconf 87' lang='lat' dir='ltr'><strong>collocant.</strong></span> <span class='ocrx_word' id='word_1_206' title='bbox 3449 1586 3808 1646; x_wconf 84' lang='lat' dir='ltr'><strong>Instrumenta</strong></span> 
     </span>
    </p>
   </div>
   <div class='ocr_carea' id='block_1_31' title="bbox 2219 1677 3809 1751">
    <p class='ocr_par' dir='ltr' id='par_1_31' title="bbox 2219 1677 3809 1751">
     <span class='ocr_line' id='line_1_31' title="bbox 2219 1677 3809 1751; baseline -0.002 -14"><span class='ocrx_word' id='word_1_207' title='bbox 2219 1680 2398 1751; x_wconf 88' lang='lat' dir='ltr'><strong>itaque</strong></span> <span class='ocrx_word' id='word_1_208' title='bbox 2443 1693 2537 1750; x_wconf 90' lang='lat' dir='ltr'><strong>per</strong></span> <span class='ocrx_word' id='word_1_209' title='bbox 2560 1693 2681 1748; x_wconf 70' lang='lat' dir='ltr'><strong>qua:</strong></span> <span class='ocrx_word' id='word_1_210' title='bbox 2712 1687 2834 1734; x_wconf 88' lang='lat' dir='ltr'><strong>sunt</strong></span> <span class='ocrx_word' id='word_1_211' title='bbox 2862 1677 3196 1751; x_wconf 80' lang='lat' dir='ltr'><strong>syllogismi,</strong></span> <span class='ocrx_word' id='word_1_212' title='bbox 3235 1679 3351 1734; x_wconf 78' lang='lat' dir='ltr'><strong>hzec</strong></span> <span class='ocrx_word' id='word_1_213' title='bbox 3388 1687 3542 1743; x_wconf 88' lang='lat' dir='ltr'><strong>sunt;</strong></span> <span class='ocrx_word' id='word_1_214' title='bbox 3575 1679 3678 1735; x_wconf 89' lang='lat' dir='ltr'><strong>loci</strong></span> <span class='ocrx_word' id='word_1_215' title='bbox 3717 1694 3809 1734; x_wconf 52' lang='lat' dir='ltr'><strong>au-</strong></span> 
     </span>
    </p>
   </div>
   <div class='ocr_carea' id='block_1_32' title="bbox 2221 1769 3807 1848">
    <p class='ocr_par' dir='ltr' id='par_1_32' title="bbox 2221 1769 3807 1848">
     <span class='ocr_line' id='line_1_32' title="bbox 2221 1769 3807 1848; baseline 0 -20"><span class='ocrx_word' id='word_1_216' title='bbox 2221 1784 2326 1830; x_wconf 92' lang='lat' dir='ltr'><strong>tem</strong></span> <span class='ocrx_word' id='word_1_217' title='bbox 2359 1772 2424 1830; x_wconf 89' lang='lat' dir='ltr'><strong>ad</strong></span> <span class='ocrx_word' id='word_1_218' title='bbox 2450 1787 2586 1846; x_wconf 89' lang='lat' dir='ltr'><strong>quos</strong></span> <span class='ocrx_word' id='word_1_219' title='bbox 2613 1772 2760 1832; x_wconf 87' lang='lat' dir='ltr'><strong>utilia</strong></span> <span class='ocrx_word' id='word_1_220' title='bbox 2791 1781 2916 1830; x_wconf 86' lang='lat' dir='ltr'><strong>sunt</strong></span> <span class='ocrx_word' id='word_1_221' title='bbox 2944 1772 3221 1844; x_wconf 80' lang='lat' dir='ltr'><strong>praedicta,</strong></span> <span class='ocrx_word' id='word_1_222' title='bbox 3253 1773 3290 1836; x_wconf 88' lang='lat' dir='ltr'><strong>ii</strong></span> <span class='ocrx_word' id='word_1_223' title='bbox 3331 1780 3455 1830; x_wconf 88' lang='lat' dir='ltr'><strong>sunt</strong></span> <span class='ocrx_word' id='word_1_224' title='bbox 3475 1770 3569 1848; x_wconf 90' lang='lat' dir='ltr'><strong>qui</strong></span> <span class='ocrx_word' id='word_1_225' title='bbox 3598 1769 3807 1830; x_wconf 86' lang='lat' dir='ltr'><strong>dicendi</strong></span> 
     </span>
    </p>
   </div>
   <div class='ocr_carea' id='block_1_33' title="bbox 529 1866 2365 1941">
    <p class='ocr_par' dir='ltr' id='par_1_33' title="bbox 529 1866 2365 1941">
     <span class='ocr_line' id='line_1_33' title="bbox 529 1866 2365 1941; baseline 0.004 -24"><span class='ocrx_word' id='word_1_226' title='bbox 529 1866 673 1934; x_wconf 91' lang='lat' dir='ltr'><strong>quod</strong></span> <span class='ocrx_word' id='word_1_227' title='bbox 707 1876 950 1932; x_wconf 84' lang='lat' dir='ltr'><strong>potentes</strong></span> <span class='ocrx_word' id='word_1_228' title='bbox 990 1870 1304 1935; x_wconf 82' lang='lat' dir='ltr'><strong>conspicere</strong></span> <span class='ocrx_word' id='word_1_229' title='bbox 1335 1867 1462 1940; x_wconf 89' lang='lat' dir='ltr'><strong>quid</strong></span> <span class='ocrx_word' id='word_1_230' title='bbox 1505 1869 1559 1924; x_wconf 90' lang='lat' dir='ltr'><strong>in</strong></span> <span class='ocrx_word' id='word_1_231' title='bbox 1591 1883 1914 1940; x_wconf 84' lang='lat' dir='ltr'><strong>unoquoque</strong></span> <span class='ocrx_word' id='word_1_232' title='bbox 1942 1867 2114 1932; x_wconf 88' lang='lat' dir='ltr'><strong>idem,</strong></span> <span class='ocrx_word' id='word_1_233' title='bbox 2148 1874 2197 1941; x_wconf 62' lang='grc' dir='ltr'>β</span> <span class='ocrx_word' id='word_1_234' title='bbox 2223 1878 2365 1926; x_wconf 89' lang='lat' dir='ltr'><strong>sunt.</strong></span> 
     </span>
    </p>
   </div>
   <div class='ocr_carea' id='block_1_34' title="bbox 535 1956 2112 2046">
    <p class='ocr_par' dir='ltr' id='par_1_34' title="bbox 535 1956 2112 2046">
     <span class='ocr_line' id='line_1_34' title="bbox 535 1956 2112 2046; baseline 0.003 -36"><span class='ocrx_word' id='word_1_235' title='bbox 535 1970 640 2011; x_wconf 91' lang='lat' dir='ltr'><strong>non</strong></span> <span class='ocrx_word' id='word_1_236' title='bbox 670 1956 1027 2014; x_wconf 86' lang='lat' dir='ltr'><strong>dubitabimus</strong></span> <span class='ocrx_word' id='word_1_237' title='bbox 1061 1960 1127 2014; x_wconf 92' lang='lat' dir='ltr'><strong>ad</strong></span> <span class='ocrx_word' id='word_1_238' title='bbox 1173 1961 1300 2031; x_wconf 90' lang='lat' dir='ltr'><strong>quid</strong></span> <span class='ocrx_word' id='word_1_239' title='bbox 1328 1969 1574 2046; x_wconf 74' lang='lat' dir='ltr'><strong>oporteat</strong></span> <span class='ocrx_word' id='word_1_240' title='bbox 1603 1975 1773 2032; x_wconf 85' lang='lat' dir='ltr'><strong>genus</strong></span> <span class='ocrx_word' id='word_1_241' title='bbox 1795 1961 1948 2031; x_wconf 88' lang='lat' dir='ltr'><strong>(cum</strong></span> <span class='ocrx_word' id='word_1_242' title='bbox 1979 1958 2112 2015; x_wconf 87' lang='lat' dir='ltr'><strong>defi-</strong></span> 
     </span>
    </p>
   </div>
   <div class='ocr_carea' id='block_1_35' title="bbox 2627 2086 3798 2116">
    <p class='ocr_par' dir='ltr' id='par_1_35' title="bbox 2627 2086 3798 2116">
     <span class='ocr_line' id='line_1_35' title="bbox 2627 2086 3798 2116; baseline 0.003 -3"><span class='ocrx_word' id='word_1_243' title='bbox 2627 2086 3798 2116; x_wconf 61' lang='lat' dir='ltr'><strong>m</strong></span> 
     </span>
    </p>
   </div>
   <div class='ocr_carea' id='block_1_36' title="bbox 1629 2208 2701 2302">
    <p class='ocr_par' dir='ltr' id='par_1_36' title="bbox 1629 2208 2701 2302">
     <span class='ocr_line' id='line_1_36' title="bbox 1629 2208 2701 2302; baseline -0.011 0"><span class='ocrx_word' id='word_1_244' title='bbox 1629 2208 1974 2302; x_wconf 78' lang='lat' dir='ltr'><strong>LIBER</strong></span> <span class='ocrx_word' id='word_1_245' title='bbox 2033 2212 2701 2299; x_wconf 89' lang='lat' dir='ltr'><strong>SECUNDUS.</strong></span> 
     </span>
    </p>
   </div>
   <div class='ocr_carea' id='block_1_37' title="bbox 1042 2439 1592 2497">
    <p class='ocr_par' dir='ltr' id='par_1_37' title="bbox 1042 2439 1592 2497">
     <span class='ocr_line' id='line_1_37' title="bbox 1042 2439 1592 2497; baseline -0.002 -2"><span class='ocrx_word' id='word_1_246' title='bbox 1042 2441 1266 2497; x_wconf 80' lang='lat' dir='ltr'><strong>CAPUT</strong></span> <span class='ocrx_word' id='word_1_247' title='bbox 1307 2439 1592 2497; x_wconf 77' lang='lat' dir='ltr'><strong>PRIMUM.</strong></span> 
     </span>
    </p>
   </div>
   <div class='ocr_carea' id='block_1_38' title="bbox 561 2532 2161 2612">
    <p class='ocr_par' dir='ltr' id='par_1_38' title="bbox 561 2532 2161 2612">
     <span class='ocr_line' id='line_1_38' title="bbox 561 2532 2161 2612; baseline -0.001 -25"><span class='ocrx_word' id='word_1_248' title='bbox 561 2532 640 2589; x_wconf 73' lang='lat' dir='ltr'><strong>De</strong></span> <span class='ocrx_word' id='word_1_249' title='bbox 660 2533 987 2612; x_wconf 69' lang='lat' dir='ltr'><strong>problematis</strong></span> <span class='ocrx_word' id='word_1_250' title='bbox 1015 2534 1386 2588; x_wconf 74' lang='lat' dir='ltr'><strong>universalibus</strong></span> <span class='ocrx_word' id='word_1_251' title='bbox 1416 2544 1463 2588; x_wconf 83' lang='lat' dir='ltr'><strong>et</strong></span> <span class='ocrx_word' id='word_1_252' title='bbox 1490 2535 1543 2588; x_wconf 86' lang='lat' dir='ltr'><strong>in</strong></span> <span class='ocrx_word' id='word_1_253' title='bbox 1571 2534 1754 2604; x_wconf 74' lang='lat' dir='ltr'><strong>quibus</strong></span> <span class='ocrx_word' id='word_1_254' title='bbox 1787 2532 2076 2602; x_wconf 66' lang='lat' dir='ltr'><strong>pradicatis</strong></span> <span class='ocrx_word' id='word_1_255' title='bbox 2154 2604 2161 2612; x_wconf 86' lang='lat'><em>_</em></span> 
     </span>
    </p>
   </div>
   <div class='ocr_carea' id='block_1_39' title="bbox 915 2607 1715 2662">
    <p class='ocr_par' dir='ltr' id='par_1_39' title="bbox 915 2607 1715 2662">
     <span class='ocr_line' id='line_1_39' title="bbox 915 2607 1715 2662; baseline 0 -2"><span class='ocrx_word' id='word_1_256' title='bbox 915 2607 1076 2662; x_wconf 75' lang='lat' dir='ltr'><strong>inesse</strong></span> <span class='ocrx_word' id='word_1_257' title='bbox 1113 2617 1160 2660; x_wconf 76' lang='lat' dir='ltr'><strong>et</strong></span> <span class='ocrx_word' id='word_1_258' title='bbox 1187 2622 1296 2661; x_wconf 78' lang='lat' dir='ltr'><strong>esse</strong></span> <span class='ocrx_word' id='word_1_259' title='bbox 1333 2616 1715 2661; x_wconf 77' lang='lat' dir='ltr'><strong>convertuntur.</strong></span> 
     </span>
    </p>
   </div>
   <div class='ocr_carea' id='block_1_40' title="bbox 590 2719 2111 2790">
    <p class='ocr_par' dir='ltr' id='par_1_40' title="bbox 590 2719 2111 2790">
     <span class='ocr_line' id='line_1_40' title="bbox 590 2719 2111 2790; baseline -0.001 -15"><span class='ocrx_word' id='word_1_260' title='bbox 590 2719 728 2775; x_wconf 82' lang='lat' dir='ltr'><strong>Sunt</strong></span> <span class='ocrx_word' id='word_1_261' title='bbox 753 2727 927 2774; x_wconf 82' lang='lat' dir='ltr'><strong>autem</strong></span> <span class='ocrx_word' id='word_1_262' title='bbox 951 2719 1344 2790; x_wconf 88' lang='lat' dir='ltr'><strong>problematum</strong></span> <span class='ocrx_word' id='word_1_263' title='bbox 1376 2722 1492 2774; x_wconf 63' lang='lat' dir='ltr'><strong>haec</strong></span> <span class='ocrx_word' id='word_1_264' title='bbox 1519 2719 1737 2790; x_wconf 87' lang='lat' dir='ltr'><strong>quidem</strong></span> <span class='ocrx_word' id='word_1_265' title='bbox 1767 2719 2111 2786; x_wconf 76' lang='lat' dir='ltr'><strong>universalia,</strong></span> 
     </span>
    </p>
   </div>
   <div class='ocr_carea' id='block_1_41' title="bbox 527 2812 2114 2883">
    <p class='ocr_par' dir='ltr' id='par_1_41' title="bbox 527 2812 2114 2883">
     <span class='ocr_line' id='line_1_41' title="bbox 527 2812 2114 2883; baseline 0.002 -17"><span class='ocrx_word' id='word_1_266' title='bbox 527 2812 613 2866; x_wconf 93' lang='lat' dir='ltr'><strong>illa</strong></span> <span class='ocrx_word' id='word_1_267' title='bbox 646 2827 772 2868; x_wconf 89' lang='lat' dir='ltr'><strong>vero</strong></span> <span class='ocrx_word' id='word_1_268' title='bbox 798 2813 1141 2883; x_wconf 78' lang='lat' dir='ltr'><strong>partienlaria</strong></span> <span class='ocrx_word' id='word_1_269' title='bbox 1167 2827 1182 2864; x_wconf 89' lang='lat'><strong>:</strong></span> <span class='ocrx_word' id='word_1_270' title='bbox 1220 2812 1544 2868; x_wconf 78' lang='lat' dir='ltr'><strong>universalia</strong></span> <span class='ocrx_word' id='word_1_271' title='bbox 1573 2813 1814 2883; x_wconf 85' lang='lat' dir='ltr'><strong>quidem,</strong></span> <span class='ocrx_word' id='word_1_272' title='bbox 1852 2821 1910 2868; x_wconf 83' lang='lat' dir='ltr'><strong>nt</strong></span> <span class='ocrx_word' id='word_1_273' title='bbox 1938 2813 2114 2870; x_wconf 87' lang='lat' dir='ltr'><strong>omnis</strong></span> 
     </span>
    </p>
   </div>
   <div class='ocr_carea' id='block_1_42' title="bbox 525 2906 2111 2976">
    <p class='ocr_par' dir='ltr' id='par_1_42' title="bbox 525 2906 2111 2976">
     <span class='ocr_line' id='line_1_42' title="bbox 525 2906 2111 2976; baseline 0.002 -17"><span class='ocrx_word' id='word_1_274' title='bbox 525 2906 770 2976; x_wconf 78' lang='lat' dir='ltr'><strong>voluptas</strong></span> <span class='ocrx_word' id='word_1_275' title='bbox 827 2908 1027 2962; x_wconf 85' lang='lat' dir='ltr'><strong>bonum</strong></span> <span class='ocrx_word' id='word_1_276' title='bbox 1080 2915 1204 2972; x_wconf 85' lang='lat' dir='ltr'><strong>est,</strong></span> <span class='ocrx_word' id='word_1_277' title='bbox 1262 2916 1318 2962; x_wconf 88' lang='lat' dir='ltr'><strong>et</strong></span> <span class='ocrx_word' id='word_1_278' title='bbox 1380 2908 1523 2962; x_wconf 88' lang='lat' dir='ltr'><strong>nulla</strong></span> <span class='ocrx_word' id='word_1_279' title='bbox 1573 2909 1817 2976; x_wconf 86' lang='lat' dir='ltr'><strong>valuptas</strong></span> <span class='ocrx_word' id='word_1_280' title='bbox 1878 2908 2111 2974; x_wconf 82' lang='lat' dir='ltr'><strong>bonum;</strong></span> 
     </span>
    </p>
   </div>
   <div class='ocr_carea' id='block_1_43' title="bbox 525 3000 2114 3070">
    <p class='ocr_par' dir='ltr' id='par_1_43' title="bbox 525 3000 2114 3070">
     <span class='ocr_line' id='line_1_43' title="bbox 525 3000 2114 3070; baseline 0.004 -20"><span class='ocrx_word' id='word_1_281' title='bbox 525 3000 864 3070; x_wconf 85' lang='lat' dir='ltr'><strong>particularia</strong></span> <span class='ocrx_word' id='word_1_282' title='bbox 923 3015 1074 3064; x_wconf 88' lang='lat' dir='ltr'><strong>vero,</strong></span> <span class='ocrx_word' id='word_1_283' title='bbox 1130 3011 1187 3055; x_wconf 89' lang='lat' dir='ltr'><strong>ut</strong></span> <span class='ocrx_word' id='word_1_284' title='bbox 1244 3001 1422 3070; x_wconf 89' lang='lat' dir='ltr'><strong>aliqua</strong></span> <span class='ocrx_word' id='word_1_285' title='bbox 1492 3001 1738 3066; x_wconf 79' lang='lat' dir='ltr'><strong>voluptas</strong></span> <span class='ocrx_word' id='word_1_286' title='bbox 1791 3001 2011 3066; x_wconf 87' lang='lat' dir='ltr'><strong>bonum,</strong></span> <span class='ocrx_word' id='word_1_287' title='bbox 2057 3011 2114 3057; x_wconf 82' lang='lat' dir='ltr'><strong>et</strong></span> 
     </span>
    </p>
   </div>
   <div class='ocr_carea' id='block_1_44' title="bbox 524 3091 2112 3164">
    <p class='ocr_par' dir='ltr' id='par_1_44' title="bbox 524 3091 2112 3164">
     <span class='ocr_line' id='line_1_44' title="bbox 524 3091 2112 3164; baseline 0.004 -20"><span class='ocrx_word' id='word_1_288' title='bbox 524 3091 698 3160; x_wconf 88' lang='lat' dir='ltr'><strong>aliqua</strong></span> <span class='ocrx_word' id='word_1_289' title='bbox 728 3092 976 3160; x_wconf 74' lang='lat' dir='ltr'><strong>voluptas</strong></span> <span class='ocrx_word' id='word_1_290' title='bbox 1004 3107 1110 3144; x_wconf 89' lang='lat' dir='ltr'><strong>non</strong></span> <span class='ocrx_word' id='word_1_291' title='bbox 1153 3093 1375 3146; x_wconf 89' lang='lat' dir='ltr'><strong>bonum.</strong></span> <span class='ocrx_word' id='word_1_292' title='bbox 1414 3091 1554 3148; x_wconf 79' lang='lat' dir='ltr'><strong>Sunt</strong></span> <span class='ocrx_word' id='word_1_293' title='bbox 1582 3101 1759 3147; x_wconf 83' lang='lat' dir='ltr'><strong>autem</strong></span> <span class='ocrx_word' id='word_1_294' title='bbox 1789 3093 1855 3148; x_wconf 89' lang='lat' dir='ltr'><strong>ad</strong></span> <span class='ocrx_word' id='word_1_295' title='bbox 1888 3103 2112 3164; x_wconf 83' lang='lat' dir='ltr'><strong>utraque</strong></span> 
     </span>
    </p>
   </div>
   <div class='ocr_carea' id='block_1_45' title="bbox 2226 2419 3809 2508">
    <p class='ocr_par' dir='ltr' id='par_1_45' title="bbox 2226 2419 3809 2508">
     <span class='ocr_line' id='line_1_45' title="bbox 2226 2419 3809 2508; baseline -0.001 -14"><span class='ocrx_word' id='word_1_296' title='bbox 2226 2439 2433 2505; x_wconf 89' lang='lat' dir='ltr'><strong>dicunt,</strong></span> <span class='ocrx_word' id='word_1_297' title='bbox 2477 2436 2559 2494; x_wconf 85' lang='lat' dir='ltr'><strong>vel</strong></span> <span class='ocrx_word' id='word_1_298' title='bbox 2600 2436 2655 2492; x_wconf 91' lang='lat' dir='ltr'><strong>in</strong></span> <span class='ocrx_word' id='word_1_299' title='bbox 2694 2449 2760 2490; x_wconf 92' lang='lat' dir='ltr'><strong>eo</strong></span> <span class='ocrx_word' id='word_1_300' title='bbox 2788 2421 2930 2508; x_wconf 87' lang='lat' dir='ltr'><strong>quod</strong></span> <span class='ocrx_word' id='word_1_301' title='bbox 2961 2435 3421 2506; x_wconf 83' lang='lat' dir='ltr'><strong>transgrediuntur</strong></span> <span class='ocrx_word' id='word_1_302' title='bbox 3463 2419 3693 2507; x_wconf 50' lang='lat' dir='ltr'><strong>po&#39;sitam</strong></span> <span class='ocrx_word' id='word_1_303' title='bbox 3732 2438 3809 2494; x_wconf 60' lang='lat' dir='ltr'><strong>lo.</strong></span> 
     </span>
    </p>
   </div>
   <div class='ocr_carea' id='block_1_46' title="bbox 2222 2526 3810 2600">
    <p class='ocr_par' dir='ltr' id='par_1_46' title="bbox 2222 2526 3810 2600">
     <span class='ocr_line' id='line_1_46' title="bbox 2222 2526 3810 2600; baseline 0.001 -15"><span class='ocrx_word' id='word_1_304' title='bbox 2222 2529 2514 2586; x_wconf 88' lang='lat' dir='ltr'><strong>cntionem.</strong></span> <span class='ocrx_word' id='word_1_305' title='bbox 2552 2527 2764 2582; x_wconf 88' lang='lat' dir='ltr'><strong>Falsum</strong></span> <span class='ocrx_word' id='word_1_306' title='bbox 2798 2526 2994 2583; x_wconf 89' lang='lat' dir='ltr'><strong>etenim</strong></span> <span class='ocrx_word' id='word_1_307' title='bbox 3027 2527 3294 2595; x_wconf 89' lang='lat' dir='ltr'><strong>dicentes,</strong></span> <span class='ocrx_word' id='word_1_308' title='bbox 3326 2537 3378 2582; x_wconf 91' lang='lat' dir='ltr'><strong>et</strong></span> <span class='ocrx_word' id='word_1_309' title='bbox 3412 2529 3502 2599; x_wconf 93' lang='lat' dir='ltr'><strong>qui</strong></span> <span class='ocrx_word' id='word_1_310' title='bbox 3530 2529 3672 2600; x_wconf 88' lang='lat' dir='ltr'><strong>quod</strong></span> <span class='ocrx_word' id='word_1_311' title='bbox 3707 2545 3810 2586; x_wconf 90' lang='lat' dir='ltr'><strong>non</strong></span> 
     </span>
    </p>
   </div>
   <div class='ocr_carea' id='block_1_47' title="bbox 2223 2618 3812 2690">
    <p class='ocr_par' dir='ltr' id='par_1_47' title="bbox 2223 2618 3812 2690">
     <span class='ocr_line' id='line_1_47' title="bbox 2223 2618 3812 2690; baseline -0.001 -11"><span class='ocrx_word' id='word_1_312' title='bbox 2223 2624 2364 2679; x_wconf 90' lang='lat' dir='ltr'><strong>inest</strong></span> <span class='ocrx_word' id='word_1_313' title='bbox 2420 2622 2599 2676; x_wconf 91' lang='lat' dir='ltr'><strong>inesse</strong></span> <span class='ocrx_word' id='word_1_314' title='bbox 2628 2619 2787 2676; x_wconf 91' lang='lat' dir='ltr'><strong>alicui</strong></span> <span class='ocrx_word' id='word_1_315' title='bbox 2817 2618 3024 2684; x_wconf 90' lang='lat' dir='ltr'><strong>dicunt,</strong></span> <span class='ocrx_word' id='word_1_316' title='bbox 3055 2629 3295 2690; x_wconf 86' lang='lat' dir='ltr'><strong>peccant,</strong></span> <span class='ocrx_word' id='word_1_317' title='bbox 3329 2629 3384 2676; x_wconf 90' lang='lat' dir='ltr'><strong>et</strong></span> <span class='ocrx_word' id='word_1_318' title='bbox 3422 2619 3512 2690; x_wconf 90' lang='lat' dir='ltr'><strong>qui</strong></span> <span class='ocrx_word' id='word_1_319' title='bbox 3540 2623 3812 2678; x_wconf 76' lang='lat' dir='ltr'><strong>extraneis</strong></span> 
     </span>
    </p>
   </div>
   <div class='ocr_carea' id='block_1_48' title="bbox 2223 2712 3856 2785">
    <p class='ocr_par' dir='ltr' id='par_1_48' title="bbox 2223 2712 3856 2785">
     <span class='ocr_line' id='line_1_48' title="bbox 2223 2712 3856 2785; baseline -0.004 -12"><span class='ocrx_word' id='word_1_320' title='bbox 2223 2714 2531 2774; x_wconf 85' lang='lat' dir='ltr'><strong>nominibus</strong></span> <span class='ocrx_word' id='word_1_321' title='bbox 2582 2729 2670 2768; x_wconf 88' lang='lat' dir='ltr'><strong>res</strong></span> <span class='ocrx_word' id='word_1_322' title='bbox 2719 2713 2994 2784; x_wconf 88' lang='lat' dir='ltr'><strong>appellant</strong></span> <span class='ocrx_word' id='word_1_323' title='bbox 3044 2714 3124 2783; x_wconf 90' lang='lat' dir='ltr'><strong>(ut</strong></span> <span class='ocrx_word' id='word_1_324' title='bbox 3158 2712 3436 2770; x_wconf 82' lang='lat' dir='ltr'><strong>Platanum</strong></span> <span class='ocrx_word' id='word_1_325' title='bbox 3485 2712 3807 2785; x_wconf 80' lang='lat' dir='ltr'><strong>hominem),</strong></span> <span class='ocrx_word' id='word_1_326' title='bbox 3853 2779 3856 2781; x_wconf 5' lang='grc' dir='ltr'><em>ἓ</em></span> 
     </span>
    </p>
   </div>
   <div class='ocr_carea' id='block_1_49' title="bbox 2222 2804 3427 2878">
    <p class='ocr_par' dir='ltr' id='par_1_49' title="bbox 2222 2804 3427 2878">
     <span class='ocr_line' id='line_1_49' title="bbox 2222 2804 3427 2878; baseline -0.001 -15"><span class='ocrx_word' id='word_1_327' title='bbox 2222 2804 2692 2878; x_wconf 83' lang='lat' dir='ltr'><strong>transgrediuntur</strong></span> <span class='ocrx_word' id='word_1_328' title='bbox 2722 2805 2954 2876; x_wconf 89' lang='lat' dir='ltr'><strong>positam</strong></span> <span class='ocrx_word' id='word_1_329' title='bbox 2983 2805 3427 2862; x_wconf 89' lang='lat' dir='ltr'><strong>nominationem.</strong></span> 
     </span>
    </p>
   </div>
   <div class='ocr_carea' id='block_1_50' title="bbox 2848 2897 3180 2954">
    <p class='ocr_par' dir='ltr' id='par_1_50' title="bbox 2848 2897 3180 2954">
     <span class='ocr_line' id='line_1_50' title="bbox 2848 2897 3180 2954; baseline -0.003 -1"><span class='ocrx_word' id='word_1_330' title='bbox 2848 2897 3076 2954; x_wconf 83' lang='lat' dir='ltr'><strong>CAPUT</strong></span> <span class='ocrx_word' id='word_1_331' title='bbox 3119 2898 3180 2953; x_wconf 95' lang='lat' dir='ltr'><strong>ll.</strong></span> 
     </span>
    </p>
   </div>
   <div class='ocr_carea' id='block_1_51' title="bbox 2221 2992 3805 3065">
    <p class='ocr_par' dir='ltr' id='par_1_51' title="bbox 2221 2992 3805 3065">
     <span class='ocr_line' id='line_1_51' title="bbox 2221 2992 3805 3065; baseline 0.001 -15"><span class='ocrx_word' id='word_1_332' title='bbox 2221 2995 2345 3050; x_wconf 82' lang='lat' dir='ltr'><strong>Loci</strong></span> <span class='ocrx_word' id='word_1_333' title='bbox 2383 2992 2756 3065; x_wconf 77' lang='lat' dir='ltr'><strong>problematum</strong></span> <span class='ocrx_word' id='word_1_334' title='bbox 2785 2992 2923 3065; x_wconf 80' lang='lat' dir='ltr'><strong>quod</strong></span> <span class='ocrx_word' id='word_1_335' title='bbox 2960 2993 3239 3062; x_wconf 81' lang='lat' dir='ltr'><strong>quidquam</strong></span> <span class='ocrx_word' id='word_1_336' title='bbox 3276 2995 3396 3048; x_wconf 82' lang='lat' dir='ltr'><strong>insit</strong></span> <span class='ocrx_word' id='word_1_337' title='bbox 3424 2995 3502 3048; x_wconf 71' lang='lat' dir='ltr'><strong>vel</strong></span> <span class='ocrx_word' id='word_1_338' title='bbox 3530 3011 3628 3049; x_wconf 77' lang='lat' dir='ltr'><strong>non</strong></span> <span class='ocrx_word' id='word_1_339' title='bbox 3666 2997 3805 3051; x_wconf 77' lang='lat' dir='ltr'><strong>insit.</strong></span> 
     </span>
    </p>
   </div>
   <div class='ocr_carea' id='block_1_52' title="bbox 2294 3071 3807 3160">
    <p class='ocr_par' dir='ltr' id='par_1_52' title="bbox 2294 3071 3807 3160">
     <span class='ocr_line' id='line_1_52' title="bbox 2294 3071 3807 3160; baseline 0.003 -16"><span class='ocrx_word' id='word_1_340' title='bbox 2294 3089 2441 3144; x_wconf 88' lang='lat' dir='ltr'><strong>Unus</strong></span> <span class='ocrx_word' id='word_1_341' title='bbox 2470 3099 2651 3144; x_wconf 89' lang='lat' dir='ltr'><strong>autem</strong></span> <span class='ocrx_word' id='word_1_342' title='bbox 2681 3088 2830 3144; x_wconf 88' lang='lat' dir='ltr'><strong>locus</strong></span> <span class='ocrx_word' id='word_1_343' title='bbox 2855 3101 2938 3146; x_wconf 74' lang='grc' dir='ltr'><strong>εει</strong></span> <span class='ocrx_word' id='word_1_344' title='bbox 2966 3089 3235 3158; x_wconf 78' lang='lat' dir='ltr'><strong>inspicere</strong></span> <span class='ocrx_word' id='word_1_345' title='bbox 3285 3089 3328 3145; x_wconf 91' lang='lat' dir='ltr'><strong>si</strong></span> <span class='ocrx_word' id='word_1_346' title='bbox 3360 3071 3486 3160; x_wconf 81' lang='lat' dir='ltr'><strong>quid</strong></span> <span class='ocrx_word' id='word_1_347' title='bbox 3517 3091 3807 3148; x_wconf 83' lang='lat' dir='ltr'><strong>secundum</strong></span> 
     </span>
    </p>
   </div>
   <div class='ocr_carea' id='block_1_53' title="bbox 525 3173 3806 3253">
    <p class='ocr_par' dir='ltr' id='par_1_53' title="bbox 525 3173 3806 3253">
     <span class='ocr_line' id='line_1_53' title="bbox 525 3173 3806 3253; baseline 0 -17"><span class='ocrx_word' id='word_1_348' title='bbox 525 3195 718 3252; x_wconf 87' lang='lat' dir='ltr'><strong>genera</strong></span> <span class='ocrx_word' id='word_1_349' title='bbox 755 3181 1146 3251; x_wconf 88' lang='lat' dir='ltr'><strong>problematum</strong></span> <span class='ocrx_word' id='word_1_350' title='bbox 1187 3184 1492 3238; x_wconf 89' lang='lat' dir='ltr'><strong>communia</strong></span> <span class='ocrx_word' id='word_1_351' title='bbox 1529 3184 1874 3253; x_wconf 83' lang='lat' dir='ltr'><strong>universalia,</strong></span> <span class='ocrx_word' id='word_1_352' title='bbox 1907 3195 1964 3242; x_wconf 88' lang='lat' dir='ltr'><strong>et</strong></span> <span class='ocrx_word' id='word_1_353' title='bbox 1990 3201 2111 3242; x_wconf 87' lang='lat' dir='ltr'><strong>eon-</strong></span> <span class='ocrx_word' id='word_1_354' title='bbox 2145 3173 2194 3240; x_wconf 91' lang='lat' dir='ltr'><strong><em>C</em></strong></span> <span class='ocrx_word' id='word_1_355' title='bbox 2223 3181 2456 3251; x_wconf 87' lang='lat' dir='ltr'><strong>aliquem</strong></span> <span class='ocrx_word' id='word_1_356' title='bbox 2483 3181 2648 3236; x_wconf 89' lang='lat' dir='ltr'><strong>alium</strong></span> <span class='ocrx_word' id='word_1_357' title='bbox 2680 3181 2894 3236; x_wconf 91' lang='lat' dir='ltr'><strong>modum</strong></span> <span class='ocrx_word' id='word_1_358' title='bbox 2929 3183 3088 3245; x_wconf 85' lang='lat' dir='ltr'><strong>inest,</strong></span> <span class='ocrx_word' id='word_1_359' title='bbox 3123 3191 3182 3236; x_wconf 90' lang='lat' dir='ltr'><strong>ut</strong></span> <span class='ocrx_word' id='word_1_360' title='bbox 3210 3181 3460 3238; x_wconf 79' lang='lat' dir='ltr'><strong>accidens</strong></span> <span class='ocrx_word' id='word_1_361' title='bbox 3498 3184 3806 3252; x_wconf 83' lang='lat' dir='ltr'><strong>assignavit.</strong></span> 
     </span>
    </p>
   </div>
   <div class='ocr_carea' id='block_1_54' title="bbox 524 3273 2114 3349">
    <p class='ocr_par' dir='ltr' id='par_1_54' title="bbox 524 3273 2114 3349">
     <span class='ocr_line' id='line_1_54' title="bbox 524 3273 2114 3349; baseline 0.004 -21"><span class='ocrx_word' id='word_1_362' title='bbox 524 3274 800 3336; x_wconf 80' lang='lat' dir='ltr'><strong>structlva,</strong></span> <span class='ocrx_word' id='word_1_363' title='bbox 852 3284 907 3328; x_wconf 91' lang='lat' dir='ltr'><strong>et</strong></span> <span class='ocrx_word' id='word_1_364' title='bbox 953 3273 1304 3329; x_wconf 77' lang='lat' dir='ltr'><strong>destructiva.</strong></span> <span class='ocrx_word' id='word_1_365' title='bbox 1374 3275 1730 3332; x_wconf 87' lang='lat' dir='ltr'><strong>Ostendentes</strong></span> <span class='ocrx_word' id='word_1_366' title='bbox 1779 3279 1922 3333; x_wconf 90' lang='lat' dir='ltr'><strong>enim</strong></span> <span class='ocrx_word' id='word_1_367' title='bbox 1972 3280 2114 3349; x_wconf 89' lang='lat' dir='ltr'><strong>quod</strong></span> 
     </span>
    </p>
   </div>
   <div class='ocr_carea' id='block_1_55' title="bbox 530 3366 2111 3442">
    <p class='ocr_par' dir='ltr' id='par_1_55' title="bbox 530 3366 2111 3442">
     <span class='ocr_line' id='line_1_55' title="bbox 530 3366 2111 3442; baseline 0.006 -22"><span class='ocrx_word' id='word_1_368' title='bbox 530 3366 675 3420; x_wconf 90' lang='lat' dir='ltr'><strong>omni</strong></span> <span class='ocrx_word' id='word_1_369' title='bbox 703 3366 861 3432; x_wconf 86' lang='lat' dir='ltr'><strong>inest,</strong></span> <span class='ocrx_word' id='word_1_370' title='bbox 890 3376 944 3422; x_wconf 90' lang='lat' dir='ltr'><strong>et</strong></span> <span class='ocrx_word' id='word_1_371' title='bbox 967 3369 1110 3438; x_wconf 89' lang='lat' dir='ltr'><strong>quod</strong></span> <span class='ocrx_word' id='word_1_372' title='bbox 1143 3369 1302 3424; x_wconf 88' lang='lat' dir='ltr'><strong>alicui</strong></span> <span class='ocrx_word' id='word_1_373' title='bbox 1336 3372 1474 3426; x_wconf 87' lang='lat' dir='ltr'><strong>inest</strong></span> <span class='ocrx_word' id='word_1_374' title='bbox 1496 3373 1844 3428; x_wconf 83' lang='lat' dir='ltr'><strong>ostendentes</strong></span> <span class='ocrx_word' id='word_1_375' title='bbox 1873 3375 2111 3442; x_wconf 86' lang='lat' dir='ltr'><strong>erimus;</strong></span> 
     </span>
    </p>
   </div>
   <div class='ocr_carea' id='block_1_56' title="bbox 525 3459 2113 3538">
    <p class='ocr_par' dir='ltr' id='par_1_56' title="bbox 525 3459 2113 3538">
     <span class='ocr_line' id='line_1_56' title="bbox 525 3459 2113 3538; baseline 0.009 -27"><span class='ocrx_word' id='word_1_376' title='bbox 525 3459 772 3515; x_wconf 83' lang='lat' dir='ltr'><strong>similiter</strong></span> <span class='ocrx_word' id='word_1_377' title='bbox 807 3468 986 3516; x_wconf 90' lang='lat' dir='ltr'><strong>autem</strong></span> <span class='ocrx_word' id='word_1_378' title='bbox 1017 3472 1072 3517; x_wconf 90' lang='lat' dir='ltr'><strong>et</strong></span> <span class='ocrx_word' id='word_1_379' title='bbox 1101 3464 1148 3518; x_wconf 92' lang='lat' dir='ltr'><strong>si</strong></span> <span class='ocrx_word' id='word_1_380' title='bbox 1179 3465 1321 3534; x_wconf 91' lang='lat' dir='ltr'><strong>quod</strong></span> <span class='ocrx_word' id='word_1_381' title='bbox 1353 3466 1487 3521; x_wconf 88' lang='lat' dir='ltr'><strong>nulli</strong></span> <span class='ocrx_word' id='word_1_382' title='bbox 1521 3467 1658 3522; x_wconf 85' lang='lat' dir='ltr'><strong>inest</strong></span> <span class='ocrx_word' id='word_1_383' title='bbox 1696 3468 2113 3538; x_wconf 79' lang='lat' dir='ltr'><strong>ostenderimus,</strong></span> 
     </span>
    </p>
   </div>
   <div class='ocr_carea' id='block_1_57' title="bbox 525 3553 2115 3621">
    <p class='ocr_par' dir='ltr' id='par_1_57' title="bbox 525 3553 2115 3621">
     <span class='ocr_line' id='line_1_57' title="bbox 525 3553 2115 3621; baseline 0.008 -14"><span class='ocrx_word' id='word_1_384' title='bbox 525 3553 746 3621; x_wconf 90' lang='lat' dir='ltr'><strong>etquod</strong></span> <span class='ocrx_word' id='word_1_385' title='bbox 775 3568 880 3609; x_wconf 90' lang='lat' dir='ltr'><strong>non</strong></span> <span class='ocrx_word' id='word_1_386' title='bbox 908 3556 1053 3610; x_wconf 92' lang='lat' dir='ltr'><strong>omni</strong></span> <span class='ocrx_word' id='word_1_387' title='bbox 1099 3557 1243 3612; x_wconf 86' lang='lat' dir='ltr'><strong>inest</strong></span> <span class='ocrx_word' id='word_1_388' title='bbox 1289 3559 1641 3616; x_wconf 82' lang='lat' dir='ltr'><strong>ostendentes</strong></span> <span class='ocrx_word' id='word_1_389' title='bbox 1701 3562 1928 3618; x_wconf 86' lang='lat' dir='ltr'><strong>erimus.</strong></span> <span class='ocrx_word' id='word_1_390' title='bbox 1998 3563 2115 3619; x_wconf 82' lang='lat' dir='ltr'><strong>Pri-</strong></span> 
     </span>
    </p>
   </div>
   <div class='ocr_carea' id='block_1_58' title="bbox 524 3649 2112 3722">
    <p class='ocr_par' dir='ltr' id='par_1_58' title="bbox 524 3649 2112 3722">
     <span class='ocr_line' id='line_1_58' title="bbox 524 3649 2112 3722; baseline 0.006 -22"><span class='ocrx_word' id='word_1_391' title='bbox 524 3659 670 3701; x_wconf 90' lang='lat' dir='ltr'><strong>mum</strong></span> <span class='ocrx_word' id='word_1_392' title='bbox 706 3662 834 3718; x_wconf 90' lang='lat' dir='ltr'><strong>ergo</strong></span> <span class='ocrx_word' id='word_1_393' title='bbox 872 3649 940 3703; x_wconf 89' lang='lat' dir='ltr'><strong>de</strong></span> <span class='ocrx_word' id='word_1_394' title='bbox 980 3649 1372 3706; x_wconf 85' lang='lat' dir='ltr'><strong>universalihus</strong></span> <span class='ocrx_word' id='word_1_395' title='bbox 1414 3653 1756 3709; x_wconf 87' lang='lat' dir='ltr'><strong>destructivis</strong></span> <span class='ocrx_word' id='word_1_396' title='bbox 1802 3655 2112 3722; x_wconf 91' lang='lat' dir='ltr'><strong>dicendum,</strong></span> 
     </span>
    </p>
   </div>
   <div class='ocr_carea' id='block_1_59' title="bbox 525 3740 2117 3813">
    <p class='ocr_par' dir='ltr' id='par_1_59' title="bbox 525 3740 2117 3813">
     <span class='ocr_line' id='line_1_59' title="bbox 525 3740 2117 3813; baseline 0.007 -21"><span class='ocrx_word' id='word_1_397' title='bbox 525 3753 591 3792; x_wconf 91' lang='lat' dir='ltr'><strong>eo</strong></span> <span class='ocrx_word' id='word_1_398' title='bbox 615 3740 756 3808; x_wconf 85' lang='lat' dir='ltr'><strong>quod</strong></span> <span class='ocrx_word' id='word_1_399' title='bbox 787 3741 1090 3794; x_wconf 89' lang='lat' dir='ltr'><strong>communia</strong></span> <span class='ocrx_word' id='word_1_400' title='bbox 1135 3742 1244 3796; x_wconf 91' lang='lat' dir='ltr'><strong>sint</strong></span> <span class='ocrx_word' id='word_1_401' title='bbox 1279 3743 1580 3813; x_wconf 71' lang='lat' dir='ltr'><strong>huiusmodi</strong></span> <span class='ocrx_word' id='word_1_402' title='bbox 1612 3745 1678 3799; x_wconf 83' lang='lat' dir='ltr'><strong>ad</strong></span> <span class='ocrx_word' id='word_1_403' title='bbox 1710 3746 2032 3802; x_wconf 88' lang='lat' dir='ltr'><strong>universalia</strong></span> <span class='ocrx_word' id='word_1_404' title='bbox 2063 3756 2117 3803; x_wconf 88' lang='lat' dir='ltr'><strong>et</strong></span> 
     </span>
    </p>
   </div>
   <div class='ocr_carea' id='block_1_60' title="bbox 529 3830 2117 3904">
    <p class='ocr_par' dir='ltr' id='par_1_60' title="bbox 529 3830 2117 3904">
     <span class='ocr_line' id='line_1_60' title="bbox 529 3830 2117 3904; baseline 0.009 -22"><span class='ocrx_word' id='word_1_405' title='bbox 529 3830 902 3898; x_wconf 87' lang='lat' dir='ltr'><strong>particularia,</strong></span> <span class='ocrx_word' id='word_1_406' title='bbox 933 3841 988 3886; x_wconf 92' lang='lat' dir='ltr'><strong>et</strong></span> <span class='ocrx_word' id='word_1_407' title='bbox 1019 3835 1141 3900; x_wconf 88' lang='lat' dir='ltr'><strong>quia</strong></span> <span class='ocrx_word' id='word_1_408' title='bbox 1174 3836 1343 3904; x_wconf 85' lang='lat' dir='ltr'><strong>magis</strong></span> <span class='ocrx_word' id='word_1_409' title='bbox 1377 3833 1670 3904; x_wconf 79' lang='lat' dir='ltr'><strong>pesitiones</strong></span> <span class='ocrx_word' id='word_1_410' title='bbox 1710 3839 1936 3896; x_wconf 79' lang='lat' dir='ltr'><strong>afferant</strong></span> <span class='ocrx_word' id='word_1_411' title='bbox 1967 3841 2018 3894; x_wconf 93' lang='lat' dir='ltr'><strong>in</strong></span> <span class='ocrx_word' id='word_1_412' title='bbox 2049 3855 2117 3897; x_wconf 90' lang='lat' dir='ltr'><strong>eo</strong></span> 
     </span>
    </p>
   </div>
   <div class='ocr_carea' id='block_1_61' title="bbox 526 3925 2114 3999">
    <p class='ocr_par' dir='ltr' id='par_1_61' title="bbox 526 3925 2114 3999">
     <span class='ocr_line' id='line_1_61' title="bbox 526 3925 2114 3999; baseline 0.008 -22"><span class='ocrx_word' id='word_1_413' title='bbox 526 3927 667 3994; x_wconf 87' lang='lat' dir='ltr'><strong>quod</strong></span> <span class='ocrx_word' id='word_1_414' title='bbox 700 3925 860 3991; x_wconf 79' lang='lat' dir='ltr'><strong>ineSI,</strong></span> <span class='ocrx_word' id='word_1_415' title='bbox 886 3941 1043 3996; x_wconf 90' lang='lat' dir='ltr'><strong>quam</strong></span> <span class='ocrx_word' id='word_1_416' title='bbox 1074 3943 1204 3993; x_wconf 91' lang='lat' dir='ltr'><strong>non,</strong></span> <span class='ocrx_word' id='word_1_417' title='bbox 1229 3929 1565 3999; x_wconf 83' lang='lat' dir='ltr'><strong>disputantes</strong></span> <span class='ocrx_word' id='word_1_418' title='bbox 1593 3941 1770 3988; x_wconf 86' lang='lat' dir='ltr'><strong>autem</strong></span> <span class='ocrx_word' id='word_1_419' title='bbox 1814 3932 2114 3989; x_wconf 87' lang='lat' dir='ltr'><strong>destruant.</strong></span> 
     </span>
    </p>
   </div>
   <div class='ocr_carea' id='block_1_62' title="bbox 529 4015 2118 4083">
    <p class='ocr_par' dir='ltr' id='par_1_62' title="bbox 529 4015 2118 4083">
     <span class='ocr_line' id='line_1_62' title="bbox 529 4015 2118 4083; baseline 0.008 -13"><span class='ocrx_word' id='word_1_420' title='bbox 529 4015 625 4070; x_wconf 82' lang='lat' dir='ltr'><strong>Est</strong></span> <span class='ocrx_word' id='word_1_421' title='bbox 701 4027 881 4073; x_wconf 89' lang='lat' dir='ltr'><strong>autem</strong></span> <span class='ocrx_word' id='word_1_422' title='bbox 957 4018 1330 4076; x_wconf 89' lang='lat' dir='ltr'><strong>difficillimum</strong></span> <span class='ocrx_word' id='word_1_423' title='bbox 1409 4024 1650 4079; x_wconf 86' lang='lat' dir='ltr'><strong>converti</strong></span> <span class='ocrx_word' id='word_1_424' title='bbox 1714 4025 1782 4080; x_wconf 87' lang='lat' dir='ltr'><strong>ab</strong></span> <span class='ocrx_word' id='word_1_425' title='bbox 1840 4027 2118 4083; x_wconf 89' lang='lat' dir='ltr'><strong>accidente</strong></span> 
     </span>
    </p>
   </div>
   <div class='ocr_carea' id='block_1_63' title="bbox 517 4111 2116 4188">
    <p class='ocr_par' dir='ltr' id='par_1_63' title="bbox 517 4111 2116 4188">
     <span class='ocr_line' id='line_1_63' title="bbox 517 4111 2116 4188; baseline 0.009 -22"><span class='ocrx_word' id='word_1_426' title='bbox 517 4111 797 4181; x_wconf 82' lang='lat' dir='ltr'><strong>‘propriam</strong></span> <span class='ocrx_word' id='word_1_427' title='bbox 844 4113 1288 4169; x_wconf 89' lang='lat' dir='ltr'><strong>nominationem.</strong></span> <span class='ocrx_word' id='word_1_428' title='bbox 1349 4115 1482 4172; x_wconf 84' lang='lat' dir='ltr'><strong>Nam</strong></span> <span class='ocrx_word' id='word_1_429' title='bbox 1513 4117 1692 4188; x_wconf 91' lang='lat' dir='ltr'><strong>aliquo</strong></span> <span class='ocrx_word' id='word_1_430' title='bbox 1739 4117 1897 4176; x_wconf 90' lang='lat' dir='ltr'><strong>modo</strong></span> <span class='ocrx_word' id='word_1_431' title='bbox 1927 4130 1982 4178; x_wconf 91' lang='lat' dir='ltr'><strong>et</strong></span> <span class='ocrx_word' id='word_1_432' title='bbox 2011 4137 2116 4181; x_wconf 74' lang='lat' dir='ltr'><strong>non</strong></span> 
     </span>
    </p>
   </div>
   <div class='ocr_carea' id='block_1_64' title="bbox 531 4205 2118 4279">
    <p class='ocr_par' dir='ltr' id='par_1_64' title="bbox 531 4205 2118 4279">
     <span class='ocr_line' id='line_1_64' title="bbox 531 4205 2118 4279; baseline 0.009 -21"><span class='ocrx_word' id='word_1_433' title='bbox 531 4205 908 4261; x_wconf 88' lang='lat' dir='ltr'><strong>universaliter</strong></span> <span class='ocrx_word' id='word_1_434' title='bbox 940 4208 992 4262; x_wconf 92' lang='lat' dir='ltr'><strong>in</strong></span> <span class='ocrx_word' id='word_1_435' title='bbox 1023 4208 1156 4264; x_wconf 89' lang='lat' dir='ltr'><strong>solis</strong></span> <span class='ocrx_word' id='word_1_436' title='bbox 1188 4209 1449 4279; x_wconf 90' lang='lat' dir='ltr'><strong>contingit</strong></span> <span class='ocrx_word' id='word_1_437' title='bbox 1493 4212 1881 4278; x_wconf 87' lang='lat' dir='ltr'><strong>accidentibus,</strong></span> <span class='ocrx_word' id='word_1_438' title='bbox 1927 4231 1956 4270; x_wconf 91' lang='lat' dir='ltr'><strong>a</strong></span> <span class='ocrx_word' id='word_1_439' title='bbox 1986 4216 2118 4272; x_wconf 56' lang='lat' dir='ltr'><strong>deti-</strong></span> 
     </span>
    </p>
   </div>
   <div class='ocr_carea' id='block_1_65' title="bbox 530 4294 2119 4372">
    <p class='ocr_par' dir='ltr' id='par_1_65' title="bbox 530 4294 2119 4372">
     <span class='ocr_line' id='line_1_65' title="bbox 530 4294 2119 4372; baseline 0.009 -23"><span class='ocrx_word' id='word_1_440' title='bbox 530 4294 730 4353; x_wconf 91' lang='lat' dir='ltr'><strong>nitione</strong></span> <span class='ocrx_word' id='word_1_441' title='bbox 757 4297 920 4366; x_wconf 86' lang='lat' dir='ltr'><strong>enim,</strong></span> <span class='ocrx_word' id='word_1_442' title='bbox 961 4308 1016 4355; x_wconf 85' lang='lat' dir='ltr'><strong>et</strong></span> <span class='ocrx_word' id='word_1_443' title='bbox 1063 4301 1295 4368; x_wconf 87' lang='lat' dir='ltr'><strong>proprio,</strong></span> <span class='ocrx_word' id='word_1_444' title='bbox 1320 4311 1374 4356; x_wconf 90' lang='lat' dir='ltr'><strong>et</strong></span> <span class='ocrx_word' id='word_1_445' title='bbox 1398 4318 1596 4372; x_wconf 86' lang='lat' dir='ltr'><strong>genere</strong></span> <span class='ocrx_word' id='word_1_446' title='bbox 1645 4307 2006 4364; x_wconf 86' lang='lat' dir='ltr'><strong>necessarium</strong></span> <span class='ocrx_word' id='word_1_447' title='bbox 2036 4319 2119 4363; x_wconf 88' lang='lat' dir='ltr'><strong>est</strong></span> 
     </span>
    </p>
   </div>
   <div class='ocr_carea' id='block_1_66' title="bbox 529 4390 2120 4470">
    <p class='ocr_par' dir='ltr' id='par_1_66' title="bbox 529 4390 2120 4470">
     <span class='ocr_line' id='line_1_66' title="bbox 529 4390 2120 4470; baseline 0.009 -26"><span class='ocrx_word' id='word_1_448' title='bbox 529 4390 801 4457; x_wconf 89' lang='lat' dir='ltr'><strong>converti,</strong></span> <span class='ocrx_word' id='word_1_449' title='bbox 842 4399 899 4445; x_wconf 89' lang='lat' dir='ltr'><strong>ut</strong></span> <span class='ocrx_word' id='word_1_450' title='bbox 927 4391 974 4447; x_wconf 90' lang='lat' dir='ltr'><strong>si</strong></span> <span class='ocrx_word' id='word_1_451' title='bbox 1015 4393 1156 4449; x_wconf 77' lang='lat' dir='ltr'><strong>ineSt</strong></span> <span class='ocrx_word' id='word_1_452' title='bbox 1186 4393 1340 4450; x_wconf 90' lang='lat' dir='ltr'><strong>alicui</strong></span> <span class='ocrx_word' id='word_1_453' title='bbox 1392 4396 1589 4451; x_wconf 88' lang='lat' dir='ltr'><strong>animal</strong></span> <span class='ocrx_word' id='word_1_454' title='bbox 1648 4400 1930 4467; x_wconf 86' lang='lat' dir='ltr'><strong>gressibile</strong></span> <span class='ocrx_word' id='word_1_455' title='bbox 1969 4401 2120 4470; x_wconf 83' lang='lat' dir='ltr'><strong>bipes</strong></span> 
     </span>
    </p>
   </div>
   <div class='ocr_carea' id='block_1_67' title="bbox 529 4488 2117 4560">
    <p class='ocr_par' dir='ltr' id='par_1_67' title="bbox 529 4488 2117 4560">
     <span class='ocr_line' id='line_1_67' title="bbox 529 4488 2117 4560; baseline 0.006 -22"><span class='ocrx_word' id='word_1_456' title='bbox 529 4496 670 4549; x_wconf 78' lang='lat' dir='ltr'><strong>esse,</strong></span> <span class='ocrx_word' id='word_1_457' title='bbox 700 4492 1097 4542; x_wconf 82' lang='lat' dir='ltr'><strong>convertentem</strong></span> <span class='ocrx_word' id='word_1_458' title='bbox 1129 4501 1313 4542; x_wconf 90' lang='lat' dir='ltr'><strong>verum</strong></span> <span class='ocrx_word' id='word_1_459' title='bbox 1340 4488 1442 4543; x_wconf 88' lang='lat' dir='ltr'><strong>erit</strong></span> <span class='ocrx_word' id='word_1_460' title='bbox 1471 4488 1676 4555; x_wconf 85' lang='lat' dir='ltr'><strong>dicere,</strong></span> <span class='ocrx_word' id='word_1_461' title='bbox 1707 4492 1960 4560; x_wconf 87' lang='lat' dir='ltr'><strong>quoniam</strong></span> <span class='ocrx_word' id='word_1_462' title='bbox 1988 4492 2117 4548; x_wconf 91' lang='lat' dir='ltr'><strong>illud</strong></span> 
     </span>
    </p>
   </div>
   <div class='ocr_carea' id='block_1_68' title="bbox 2220 3274 3810 3345">
    <p class='ocr_par' dir='ltr' id='par_1_68' title="bbox 2220 3274 3810 3345">
     <span class='ocr_line' id='line_1_68' title="bbox 2220 3274 3810 3345; baseline 0.003 -15"><span class='ocrx_word' id='word_1_463' title='bbox 2220 3275 2476 3331; x_wconf 85' lang='lat' dir='ltr'><strong>Peccatur</strong></span> <span class='ocrx_word' id='word_1_464' title='bbox 2519 3285 2697 3332; x_wconf 90' lang='lat' dir='ltr'><strong>autem</strong></span> <span class='ocrx_word' id='word_1_465' title='bbox 2745 3274 2980 3330; x_wconf 81' lang='lat' dir='ltr'><strong>maxime</strong></span> <span class='ocrx_word' id='word_1_466' title='bbox 3017 3274 3067 3331; x_wconf 92' lang='lat' dir='ltr'><strong>id</strong></span> <span class='ocrx_word' id='word_1_467' title='bbox 3093 3276 3238 3332; x_wconf 88' lang='lat' dir='ltr'><strong>circa</strong></span> <span class='ocrx_word' id='word_1_468' title='bbox 3284 3290 3499 3345; x_wconf 87' lang='lat' dir='ltr'><strong>genera.</strong></span> <span class='ocrx_word' id='word_1_469' title='bbox 3535 3276 3668 3330; x_wconf 78' lang='lat' dir='ltr'><strong>ut-si</strong></span> <span class='ocrx_word' id='word_1_470' title='bbox 3695 3278 3810 3345; x_wconf 83' lang='lat' dir='ltr'><strong>quis</strong></span> 
     </span>
    </p>
   </div>
   <div class='ocr_carea' id='block_1_69' title="bbox 2217 3367 3810 3433">
    <p class='ocr_par' dir='ltr' id='par_1_69' title="bbox 2217 3367 3810 3433">
     <span class='ocr_line' id='line_1_69' title="bbox 2217 3367 3810 3433; baseline 0.003 -12"><span class='ocrx_word' id='word_1_471' title='bbox 2217 3368 2339 3424; x_wconf 89' lang='lat' dir='ltr'><strong>albo</strong></span> <span class='ocrx_word' id='word_1_472' title='bbox 2379 3368 2523 3424; x_wconf 84' lang='lat' dir='ltr'><strong>dicat</strong></span> <span class='ocrx_word' id='word_1_473' title='bbox 2569 3367 2817 3424; x_wconf 87' lang='lat' dir='ltr'><strong>accidere</strong></span> <span class='ocrx_word' id='word_1_474' title='bbox 2866 3367 3105 3422; x_wconf 89' lang='lat' dir='ltr'><strong>colorem</strong></span> <span class='ocrx_word' id='word_1_475' title='bbox 3151 3383 3293 3433; x_wconf 88' lang='lat' dir='ltr'><strong>esse,</strong></span> <span class='ocrx_word' id='word_1_476' title='bbox 3342 3384 3447 3424; x_wconf 90' lang='lat' dir='ltr'><strong>non</strong></span> <span class='ocrx_word' id='word_1_477' title='bbox 3501 3370 3648 3423; x_wconf 89' lang='lat' dir='ltr'><strong>enim</strong></span> <span class='ocrx_word' id='word_1_478' title='bbox 3691 3370 3810 3426; x_wconf 88' lang='lat' dir='ltr'><strong>albo</strong></span> 
     </span>
    </p>
   </div>
   <div class='ocr_carea' id='block_1_70' title="bbox 2217 3459 3807 3531">
    <p class='ocr_par' dir='ltr' id='par_1_70' title="bbox 2217 3459 3807 3531">
     <span class='ocr_line' id='line_1_70' title="bbox 2217 3459 3807 3531; baseline 0.003 -15"><span class='ocrx_word' id='word_1_479' title='bbox 2217 3459 2453 3516; x_wconf 90' lang='lat' dir='ltr'><strong>colorem</strong></span> <span class='ocrx_word' id='word_1_480' title='bbox 2507 3475 2627 3516; x_wconf 88' lang='lat' dir='ltr'><strong>esse</strong></span> <span class='ocrx_word' id='word_1_481' title='bbox 2681 3459 2920 3526; x_wconf 78' lang='lat' dir='ltr'><strong>accidit,</strong></span> <span class='ocrx_word' id='word_1_482' title='bbox 2980 3461 3074 3516; x_wconf 91' lang='lat' dir='ltr'><strong>sed</strong></span> <span class='ocrx_word' id='word_1_483' title='bbox 3125 3476 3292 3531; x_wconf 79' lang='lat' dir='ltr'><strong>genus</strong></span> <span class='ocrx_word' id='word_1_484' title='bbox 3343 3462 3456 3531; x_wconf 87' lang='lat' dir='ltr'><strong>ejus</strong></span> <span class='ocrx_word' id='word_1_485' title='bbox 3512 3464 3664 3518; x_wconf 91' lang='lat' dir='ltr'><strong>color</strong></span> <span class='ocrx_word' id='word_1_486' title='bbox 3708 3472 3807 3520; x_wconf 87' lang='lat' dir='ltr'><strong>est.</strong></span> 
     </span>
    </p>
   </div>
   <div class='ocr_carea' id='block_1_71' title="bbox 2218 3555 3811 3625">
    <p class='ocr_par' dir='ltr' id='par_1_71' title="bbox 2218 3555 3811 3625">
     <span class='ocr_line' id='line_1_71' title="bbox 2218 3555 3811 3625; baseline 0.001 -16"><span class='ocrx_word' id='word_1_487' title='bbox 2218 3555 2491 3625; x_wconf 74' lang='lat' dir='ltr'><strong>Contingit</strong></span> <span class='ocrx_word' id='word_1_488' title='bbox 2529 3564 2708 3610; x_wconf 90' lang='lat' dir='ltr'><strong>autem</strong></span> <span class='ocrx_word' id='word_1_489' title='bbox 2741 3565 2794 3610; x_wconf 90' lang='lat' dir='ltr'><strong>et</strong></span> <span class='ocrx_word' id='word_1_490' title='bbox 2834 3556 3128 3611; x_wconf 88' lang='lat' dir='ltr'><strong>secundum</strong></span> <span class='ocrx_word' id='word_1_491' title='bbox 3177 3558 3598 3612; x_wconf 82' lang='lat' dir='ltr'><strong>nominationem</strong></span> <span class='ocrx_word' id='word_1_492' title='bbox 3639 3559 3811 3614; x_wconf 86' lang='lat' dir='ltr'><strong>deter-</strong></span> 
     </span>
    </p>
   </div>
   <div class='ocr_carea' id='block_1_72' title="bbox 2221 3633 3813 3718">
    <p class='ocr_par' dir='ltr' id='par_1_72' title="bbox 2221 3633 3813 3718">
     <span class='ocr_line' id='line_1_72' title="bbox 2221 3633 3813 3718; baseline 0.001 -13"><span class='ocrx_word' id='word_1_493' title='bbox 2221 3633 2426 3706; x_wconf 70' lang='lat' dir='ltr'><strong>miiiare</strong></span> <span class='ocrx_word' id='word_1_494' title='bbox 2467 3664 2589 3704; x_wconf 90' lang='lat' dir='ltr'><strong>eum</strong></span> <span class='ocrx_word' id='word_1_495' title='bbox 2620 3649 2710 3718; x_wconf 88' lang='lat' dir='ltr'><strong>qui</strong></span> <span class='ocrx_word' id='word_1_496' title='bbox 2753 3649 2918 3717; x_wconf 81' lang='lat' dir='ltr'><strong>pauit,</strong></span> <span class='ocrx_word' id='word_1_497' title='bbox 2963 3657 3020 3702; x_wconf 90' lang='lat' dir='ltr'><strong>ut</strong></span> <span class='ocrx_word' id='word_1_498' title='bbox 3053 3648 3194 3718; x_wconf 90' lang='lat' dir='ltr'><strong>quod</strong></span> <span class='ocrx_word' id='word_1_499' title='bbox 3232 3649 3422 3704; x_wconf 87' lang='lat' dir='ltr'><strong>accidit</strong></span> <span class='ocrx_word' id='word_1_500' title='bbox 3454 3649 3679 3718; x_wconf 70' lang='lat' dir='ltr'><strong>iustitia:</strong></span> <span class='ocrx_word' id='word_1_501' title='bbox 3713 3650 3813 3706; x_wconf 82' lang='lat' dir='ltr'><strong>vir-</strong></span> 
     </span>
    </p>
   </div>
   <div class='ocr_carea' id='block_1_73' title="bbox 2223 3740 3811 3810">
    <p class='ocr_par' dir='ltr' id='par_1_73' title="bbox 2223 3740 3811 3810">
     <span class='ocr_line' id='line_1_73' title="bbox 2223 3740 3811 3810; baseline 0.001 -15"><span class='ocrx_word' id='word_1_502' title='bbox 2223 3751 2389 3797; x_wconf 87' lang='lat' dir='ltr'><strong>tutem</strong></span> <span class='ocrx_word' id='word_1_503' title='bbox 2423 3757 2564 3797; x_wconf 85' lang='lat' dir='ltr'><strong>esse.</strong></span> <span class='ocrx_word' id='word_1_504' title='bbox 2619 3740 2774 3810; x_wconf 67' lang='lat' dir='ltr'><strong>Smne</strong></span> <span class='ocrx_word' id='word_1_505' title='bbox 2820 3753 2996 3796; x_wconf 89' lang='lat' dir='ltr'><strong>autem</strong></span> <span class='ocrx_word' id='word_1_506' title='bbox 3041 3754 3095 3797; x_wconf 90' lang='lat' dir='ltr'><strong>et</strong></span> <span class='ocrx_word' id='word_1_507' title='bbox 3145 3757 3266 3796; x_wconf 91' lang='lat' dir='ltr'><strong>eum</strong></span> <span class='ocrx_word' id='word_1_508' title='bbox 3316 3757 3420 3796; x_wconf 93' lang='lat' dir='ltr'><strong>non</strong></span> <span class='ocrx_word' id='word_1_509' title='bbox 3469 3742 3811 3806; x_wconf 85' lang='lat' dir='ltr'><strong>determinet.</strong></span> 
     </span>
    </p>
   </div>
   <div class='ocr_carea' id='block_1_74' title="bbox 2222 3833 3818 3906">
    <p class='ocr_par' dir='ltr' id='par_1_74' title="bbox 2222 3833 3818 3906">
     <span class='ocr_line' id='line_1_74' title="bbox 2222 3833 3818 3906; baseline 0.004 -19"><span class='ocrx_word' id='word_1_510' title='bbox 2222 3834 2564 3890; x_wconf 83' lang='lat' dir='ltr'><strong>manifestum</strong></span> <span class='ocrx_word' id='word_1_511' title='bbox 2607 3833 2749 3905; x_wconf 90' lang='lat' dir='ltr'><strong>quod</strong></span> <span class='ocrx_word' id='word_1_512' title='bbox 2793 3849 2963 3906; x_wconf 90' lang='lat' dir='ltr'><strong>genus</strong></span> <span class='ocrx_word' id='word_1_513' title='bbox 3009 3842 3065 3889; x_wconf 87' lang='lat' dir='ltr'><strong>ut</strong></span> <span class='ocrx_word' id='word_1_514' title='bbox 3107 3835 3355 3889; x_wconf 89' lang='lat' dir='ltr'><strong>accidens</strong></span> <span class='ocrx_word' id='word_1_515' title='bbox 3401 3836 3715 3904; x_wconf 85' lang='lat' dir='ltr'><strong>assignavit,</strong></span> <span class='ocrx_word' id='word_1_516' title='bbox 3765 3845 3818 3894; x_wconf 82' lang='lat' dir='ltr'><strong>ut</strong></span> 
     </span>
    </p>
   </div>
   <div class='ocr_carea' id='block_1_75' title="bbox 2220 3926 3817 3996">
    <p class='ocr_par' dir='ltr' id='par_1_75' title="bbox 2220 3926 3817 3996">
     <span class='ocr_line' id='line_1_75' title="bbox 2220 3926 3817 3996; baseline 0.001 -14"><span class='ocrx_word' id='word_1_517' title='bbox 2220 3926 2265 3982; x_wconf 88' lang='lat' dir='ltr'><strong>si</strong></span> <span class='ocrx_word' id='word_1_518' title='bbox 2292 3928 2410 3996; x_wconf 88' lang='lat' dir='ltr'><strong>quis</strong></span> <span class='ocrx_word' id='word_1_519' title='bbox 2437 3926 2742 3981; x_wconf 90' lang='lat' dir='ltr'><strong>albedinem</strong></span> <span class='ocrx_word' id='word_1_520' title='bbox 2774 3927 3003 3982; x_wconf 77' lang='lat' dir='ltr'><strong>colorari</strong></span> <span class='ocrx_word' id='word_1_521' title='bbox 3034 3927 3248 3993; x_wconf 76' lang='lat' dir='ltr'><strong>dixerit,</strong></span> <span class='ocrx_word' id='word_1_522' title='bbox 3283 3928 3368 3983; x_wconf 85' lang='lat' dir='ltr'><strong>vel</strong></span> <span class='ocrx_word' id='word_1_523' title='bbox 3396 3928 3817 3985; x_wconf 74' lang='lat' dir='ltr'><strong>ambulationem</strong></span> 
     </span>
    </p>
   </div>
   <div class='ocr_carea' id='block_1_76' title="bbox 2223 4021 3819 4095">
    <p class='ocr_par' dir='ltr' id='par_1_76' title="bbox 2223 4021 3819 4095">
     <span class='ocr_line' id='line_1_76' title="bbox 2223 4021 3819 4095; baseline 0.002 -19"><span class='ocrx_word' id='word_1_524' title='bbox 2223 4021 2446 4076; x_wconf 86' lang='lat' dir='ltr'><strong>moveri.</strong></span> <span class='ocrx_word' id='word_1_525' title='bbox 2483 4023 2522 4076; x_wconf 80' lang='grc' dir='ltr'>Α</span> <span class='ocrx_word' id='word_1_526' title='bbox 2551 4021 2696 4075; x_wconf 93' lang='lat' dir='ltr'><strong>nullo</strong></span> <span class='ocrx_word' id='word_1_527' title='bbox 2724 4022 2864 4076; x_wconf 71' lang='lat' dir='ltr'><strong>enim</strong></span> <span class='ocrx_word' id='word_1_528' title='bbox 2888 4038 3094 4092; x_wconf 77' lang='lat' dir='ltr'><strong>genere</strong></span> <span class='ocrx_word' id='word_1_529' title='bbox 3125 4023 3525 4079; x_wconf 85' lang='lat' dir='ltr'><strong>denominative</strong></span> <span class='ocrx_word' id='word_1_530' title='bbox 3556 4025 3819 4095; x_wconf 66' lang='lat' dir='ltr'><strong>praedica-</strong></span> 
     </span>
    </p>
   </div>
   <div class='ocr_carea' id='block_1_77' title="bbox 2223 4114 3823 4189">
    <p class='ocr_par' dir='ltr' id='par_1_77' title="bbox 2223 4114 3823 4189">
     <span class='ocr_line' id='line_1_77' title="bbox 2223 4114 3823 4189; baseline 0.004 -21"><span class='ocrx_word' id='word_1_531' title='bbox 2223 4116 2296 4169; x_wconf 94' lang='lat' dir='ltr'><strong>tio</strong></span> <span class='ocrx_word' id='word_1_532' title='bbox 2345 4114 2412 4170; x_wconf 90' lang='lat' dir='ltr'><strong>de</strong></span> <span class='ocrx_word' id='word_1_533' title='bbox 2463 4115 2642 4185; x_wconf 81' lang='lat' dir='ltr'><strong>specie</strong></span> <span class='ocrx_word' id='word_1_534' title='bbox 2687 4116 2927 4183; x_wconf 85' lang='lat' dir='ltr'><strong>dicitur.</strong></span> <span class='ocrx_word' id='word_1_535' title='bbox 2983 4117 3074 4172; x_wconf 88' lang='lat' dir='ltr'><strong>sed</strong></span> <span class='ocrx_word' id='word_1_536' title='bbox 3121 4118 3301 4172; x_wconf 87' lang='lat' dir='ltr'><strong>omnia</strong></span> <span class='ocrx_word' id='word_1_537' title='bbox 3354 4120 3578 4174; x_wconf 85' lang='lat' dir='ltr'><strong>univoee</strong></span> <span class='ocrx_word' id='word_1_538' title='bbox 3624 4135 3823 4189; x_wconf 86' lang='lat' dir='ltr'><strong>genera</strong></span> 
     </span>
    </p>
   </div>
   <div class='ocr_carea' id='block_1_78' title="bbox 2221 4205 3823 4279">
    <p class='ocr_par' dir='ltr' id='par_1_78' title="bbox 2221 4205 3823 4279">
     <span class='ocr_line' id='line_1_78' title="bbox 2221 4205 3823 4279; baseline 0.004 -19"><span class='ocrx_word' id='word_1_539' title='bbox 2221 4205 2289 4262; x_wconf 89' lang='lat' dir='ltr'><strong>de</strong></span> <span class='ocrx_word' id='word_1_540' title='bbox 2331 4207 2612 4277; x_wconf 81' lang='lat' dir='ltr'><strong>Speciehus</strong></span> <span class='ocrx_word' id='word_1_541' title='bbox 2650 4208 3026 4279; x_wconf 69' lang='lat' dir='ltr'><strong>prtedieantur,</strong></span> <span class='ocrx_word' id='word_1_542' title='bbox 3061 4225 3184 4264; x_wconf 89' lang='lat' dir='ltr'><strong>nam</strong></span> <span class='ocrx_word' id='word_1_543' title='bbox 3227 4221 3282 4266; x_wconf 87' lang='lat' dir='ltr'><strong>et</strong></span> <span class='ocrx_word' id='word_1_544' title='bbox 3323 4226 3520 4267; x_wconf 89' lang='lat' dir='ltr'><strong>nomen</strong></span> <span class='ocrx_word' id='word_1_545' title='bbox 3559 4220 3616 4266; x_wconf 88' lang='lat' dir='ltr'><strong>et</strong></span> <span class='ocrx_word' id='word_1_546' title='bbox 3661 4212 3823 4266; x_wconf 82' lang='lat' dir='ltr'><strong>ratio-</strong></span> 
     </span>
    </p>
   </div>
   <div class='ocr_carea' id='block_1_79' title="bbox 2225 4302 3822 4374">
    <p class='ocr_par' dir='ltr' id='par_1_79' title="bbox 2225 4302 3822 4374">
     <span class='ocr_line' id='line_1_79' title="bbox 2225 4302 3822 4374; baseline 0.003 -19"><span class='ocrx_word' id='word_1_547' title='bbox 2225 4315 2346 4356; x_wconf 88' lang='lat' dir='ltr'><strong>nem</strong></span> <span class='ocrx_word' id='word_1_548' title='bbox 2378 4316 2636 4372; x_wconf 87' lang='lat' dir='ltr'><strong>generum</strong></span> <span class='ocrx_word' id='word_1_549' title='bbox 2683 4302 2986 4371; x_wconf 91' lang='lat' dir='ltr'><strong>suscipiunt</strong></span> <span class='ocrx_word' id='word_1_550' title='bbox 3012 4303 3255 4373; x_wconf 87' lang='lat' dir='ltr'><strong>species;</strong></span> <span class='ocrx_word' id='word_1_551' title='bbox 3289 4306 3378 4374; x_wconf 91' lang='lat' dir='ltr'><strong>qui</strong></span> <span class='ocrx_word' id='word_1_552' title='bbox 3421 4305 3578 4374; x_wconf 87' lang='lat' dir='ltr'><strong>igitur</strong></span> <span class='ocrx_word' id='word_1_553' title='bbox 3607 4303 3822 4360; x_wconf 68' lang='lat' dir='ltr'><strong>colori-</strong></span> 
     </span>
    </p>
   </div>
   <div class='ocr_carea' id='block_1_80' title="bbox 2226 4392 3822 4465">
    <p class='ocr_par' dir='ltr' id='par_1_80' title="bbox 2226 4392 3822 4465">
     <span class='ocr_line' id='line_1_80' title="bbox 2226 4392 3822 4465; baseline 0.004 -20"><span class='ocrx_word' id='word_1_554' title='bbox 2226 4399 2336 4446; x_wconf 90' lang='lat' dir='ltr'><strong>tum</strong></span> <span class='ocrx_word' id='word_1_555' title='bbox 2368 4392 2503 4446; x_wconf 78' lang='lat' dir='ltr'><strong>dixit</strong></span> <span class='ocrx_word' id='word_1_556' title='bbox 2535 4393 2710 4448; x_wconf 88' lang='lat' dir='ltr'><strong>album</strong></span> <span class='ocrx_word' id='word_1_557' title='bbox 2732 4433 2746 4460; x_wconf 91' lang='lat'><strong>,</strong></span> <span class='ocrx_word' id='word_1_558' title='bbox 2791 4408 2962 4464; x_wconf 89' lang='lat' dir='ltr'><strong>neque</strong></span> <span class='ocrx_word' id='word_1_559' title='bbox 3004 4409 3173 4465; x_wconf 88' lang='lat' dir='ltr'><strong>genus</strong></span> <span class='ocrx_word' id='word_1_560' title='bbox 3204 4395 3515 4465; x_wconf 85' lang='lat' dir='ltr'><strong>assignavit,</strong></span> <span class='ocrx_word' id='word_1_561' title='bbox 3569 4398 3822 4465; x_wconf 79' lang='lat' dir='ltr'><strong>quoniam</strong></span> 
     </span>
    </p>
   </div>
   <div class='ocr_carea' id='block_1_81' title="bbox 2225 4485 3824 4557">
    <p class='ocr_par' dir='ltr' id='par_1_81' title="bbox 2225 4485 3824 4557">
     <span class='ocr_line' id='line_1_81' title="bbox 2225 4485 3824 4557; baseline 0.001 -17"><span class='ocrx_word' id='word_1_562' title='bbox 2225 4485 2624 4540; x_wconf 89' lang='lat' dir='ltr'><strong>denominative</strong></span> <span class='ocrx_word' id='word_1_563' title='bbox 2654 4485 2827 4550; x_wconf 78' lang='lat' dir='ltr'><strong>dixit,</strong></span> <span class='ocrx_word' id='word_1_564' title='bbox 2877 4501 3052 4557; x_wconf 86' lang='lat' dir='ltr'><strong>neque</strong></span> <span class='ocrx_word' id='word_1_565' title='bbox 3094 4496 3149 4540; x_wconf 91' lang='lat' dir='ltr'><strong>nt.</strong></span> <span class='ocrx_word' id='word_1_566' title='bbox 3192 4490 3463 4556; x_wconf 85' lang='lat' dir='ltr'><strong>proprium</strong></span> <span class='ocrx_word' id='word_1_567' title='bbox 3496 4487 3577 4542; x_wconf 88' lang='lat' dir='ltr'><strong>vel</strong></span> <span class='ocrx_word' id='word_1_568' title='bbox 3610 4498 3670 4542; x_wconf 93' lang='lat' dir='ltr'><strong>ut</strong></span> <span class='ocrx_word' id='word_1_569' title='bbox 3695 4487 3824 4542; x_wconf 81' lang='lat' dir='ltr'><strong>defl-</strong></span> 
     </span>
    </p>
   </div>
   <div class='ocr_carea' id='block_1_82' title="bbox 529 4573 3820 4653">
    <p class='ocr_par' dir='ltr' id='par_1_82' title="bbox 529 4573 3820 4653">
     <span class='ocr_line' id='line_1_82' title="bbox 529 4573 3820 4653; baseline 0.003 -25"><span class='ocrx_word' id='word_1_570' title='bbox 529 4573 730 4630; x_wconf 88' lang='lat' dir='ltr'><strong>animal</strong></span> <span class='ocrx_word' id='word_1_571' title='bbox 771 4575 1052 4644; x_wconf 80' lang='lat' dir='ltr'><strong>gressibile</strong></span> <span class='ocrx_word' id='word_1_572' title='bbox 1101 4577 1254 4646; x_wconf 91' lang='lat' dir='ltr'><strong>bipes</strong></span> <span class='ocrx_word' id='word_1_573' title='bbox 1297 4588 1398 4635; x_wconf 58' lang='lat' dir='ltr'><strong>esu</strong></span> <span class='ocrx_word' id='word_1_574' title='bbox 1452 4579 1713 4636; x_wconf 88' lang='lat' dir='ltr'><strong>Similiter</strong></span> <span class='ocrx_word' id='word_1_575' title='bbox 1743 4590 1919 4637; x_wconf 89' lang='lat' dir='ltr'><strong>autem</strong></span> <span class='ocrx_word' id='word_1_576' title='bbox 1959 4598 1989 4637; x_wconf 88' lang='lat' dir='ltr'><strong>a</strong></span> <span class='ocrx_word' id='word_1_577' title='bbox 2028 4598 2121 4653; x_wconf 84' lang='lat' dir='ltr'><strong>ge-</strong></span> <span class='ocrx_word' id='word_1_578' title='bbox 2148 4574 2202 4636; x_wconf 88' lang='lat' dir='ltr'><strong>D</strong></span> <span class='ocrx_word' id='word_1_579' title='bbox 2227 4581 2504 4646; x_wconf 85' lang='lat' dir='ltr'><strong>nitionem,</strong></span> <span class='ocrx_word' id='word_1_580' title='bbox 2532 4595 2652 4633; x_wconf 89' lang='lat' dir='ltr'><strong>nam</strong></span> <span class='ocrx_word' id='word_1_581' title='bbox 2680 4581 2920 4636; x_wconf 83' lang='lat' dir='ltr'><strong>definitio</strong></span> <span class='ocrx_word' id='word_1_582' title='bbox 2956 4594 3011 4635; x_wconf 85' lang='lat' dir='ltr'><strong>et</strong></span> <span class='ocrx_word' id='word_1_583' title='bbox 3045 4585 3317 4652; x_wconf 74' lang='lat' dir='ltr'><strong>proprium</strong></span> <span class='ocrx_word' id='word_1_584' title='bbox 3358 4583 3485 4637; x_wconf 92' lang='lat' dir='ltr'><strong>nulli</strong></span> <span class='ocrx_word' id='word_1_585' title='bbox 3529 4583 3617 4638; x_wconf 89' lang='lat' dir='ltr'><strong>alii</strong></span> <span class='ocrx_word' id='word_1_586' title='bbox 3647 4587 3820 4638; x_wconf 90' lang='lat' dir='ltr'><strong>inest:</strong></span> 
     </span>
    </p>
   </div>
   <div class='ocr_carea' id='block_1_83' title="bbox 531 4671 2119 4737">
    <p class='ocr_par' dir='ltr' id='par_1_83' title="bbox 531 4671 2119 4737">
     <span class='ocr_line' id='line_1_83' title="bbox 531 4671 2119 4737; baseline 0.009 -17"><span class='ocrx_word' id='word_1_587' title='bbox 531 4681 684 4734; x_wconf 89' lang='lat' dir='ltr'><strong>nere,</strong></span> <span class='ocrx_word' id='word_1_588' title='bbox 715 4683 836 4722; x_wconf 91' lang='lat' dir='ltr'><strong>nam</strong></span> <span class='ocrx_word' id='word_1_589' title='bbox 861 4671 905 4723; x_wconf 90' lang='lat' dir='ltr'><strong>si</strong></span> <span class='ocrx_word' id='word_1_590' title='bbox 933 4671 1127 4726; x_wconf 89' lang='lat' dir='ltr'><strong>animal</strong></span> <span class='ocrx_word' id='word_1_591' title='bbox 1161 4671 1299 4728; x_wconf 91' lang='lat' dir='ltr'><strong>inest</strong></span> <span class='ocrx_word' id='word_1_592' title='bbox 1325 4673 1507 4737; x_wconf 87' lang='lat' dir='ltr'><strong>alicui.</strong></span> <span class='ocrx_word' id='word_1_593' title='bbox 1538 4677 1735 4731; x_wconf 90' lang='lat' dir='ltr'><strong>animal</strong></span> <span class='ocrx_word' id='word_1_594' title='bbox 1767 4686 1869 4733; x_wconf 63' lang='grc' dir='ltr'><strong>εει.</strong></span> <span class='ocrx_word' id='word_1_595' title='bbox 1915 4678 2119 4735; x_wconf 84' lang='lat' dir='ltr'><strong>Eodem</strong></span> 
     </span>
    </p>
   </div>
   <div class='ocr_carea' id='block_1_84' title="bbox 529 4760 2125 4831">
    <p class='ocr_par' dir='ltr' id='par_1_84' title="bbox 529 4760 2125 4831">
     <span class='ocr_line' id='line_1_84' title="bbox 529 4760 2125 4831; baseline 0.008 -18"><span class='ocrx_word' id='word_1_596' title='bbox 529 4768 708 4815; x_wconf 89' lang='lat' dir='ltr'><strong>autem</strong></span> <span class='ocrx_word' id='word_1_597' title='bbox 736 4760 895 4814; x_wconf 92' lang='lat' dir='ltr'><strong>modo</strong></span> <span class='ocrx_word' id='word_1_598' title='bbox 924 4770 979 4815; x_wconf 93' lang='lat' dir='ltr'><strong>et</strong></span> <span class='ocrx_word' id='word_1_599' title='bbox 1010 4763 1059 4815; x_wconf 90' lang='lat' dir='ltr'><strong>in</strong></span> <span class='ocrx_word' id='word_1_600' title='bbox 1100 4763 1317 4831; x_wconf 91' lang='lat' dir='ltr'><strong>proprio</strong></span> <span class='ocrx_word' id='word_1_601' title='bbox 1351 4773 1476 4830; x_wconf 87' lang='lat' dir='ltr'><strong>est;</strong></span> <span class='ocrx_word' id='word_1_602' title='bbox 1507 4765 1554 4821; x_wconf 88' lang='lat' dir='ltr'><strong>si</strong></span> <span class='ocrx_word' id='word_1_603' title='bbox 1601 4768 1742 4822; x_wconf 90' lang='lat' dir='ltr'><strong>enim</strong></span> <span class='ocrx_word' id='word_1_604' title='bbox 1784 4769 1944 4825; x_wconf 88' lang='lat' dir='ltr'><strong>alicui</strong></span> <span class='ocrx_word' id='word_1_605' title='bbox 1985 4771 2125 4826; x_wconf 80' lang='lat' dir='ltr'><strong>inest</strong></span> 
     </span>
    </p>
   </div>
   <div class='ocr_carea' id='block_1_85' title="bbox 529 4853 2128 4929">
    <p class='ocr_par' dir='ltr' id='par_1_85' title="bbox 529 4853 2128 4929">
     <span class='ocr_line' id='line_1_85' title="bbox 529 4853 2128 4929; baseline 0.009 -24"><span class='ocrx_word' id='word_1_606' title='bbox 529 4853 904 4922; x_wconf 87' lang='lat' dir='ltr'><strong>grammatices</strong></span> <span class='ocrx_word' id='word_1_607' title='bbox 944 4858 1303 4924; x_wconf 89' lang='lat' dir='ltr'><strong>susceptivum</strong></span> <span class='ocrx_word' id='word_1_608' title='bbox 1347 4874 1488 4924; x_wconf 82' lang='lat' dir='ltr'><strong>esse,</strong></span> <span class='ocrx_word' id='word_1_609' title='bbox 1519 4862 1898 4929; x_wconf 86' lang='lat' dir='ltr'><strong>grammatices</strong></span> <span class='ocrx_word' id='word_1_610' title='bbox 1942 4879 2128 4920; x_wconf 82' lang='lat' dir='ltr'><strong>susce-</strong></span> 
     </span>
    </p>
   </div>
   <div class='ocr_carea' id='block_1_86' title="bbox 534 4944 2120 5022">
    <p class='ocr_par' dir='ltr' id='par_1_86' title="bbox 534 4944 2120 5022">
     <span class='ocr_line' id='line_1_86' title="bbox 534 4944 2120 5022; baseline 0.01 -25"><span class='ocrx_word' id='word_1_611' title='bbox 534 4945 735 5014; x_wconf 90' lang='lat' dir='ltr'><strong>ptivum</strong></span> <span class='ocrx_word' id='word_1_612' title='bbox 765 4945 885 5000; x_wconf 89' lang='lat' dir='ltr'><strong>erit.</strong></span> <span class='ocrx_word' id='word_1_613' title='bbox 929 4944 1062 5000; x_wconf 83' lang='lat' dir='ltr'><strong>Nam</strong></span> <span class='ocrx_word' id='word_1_614' title='bbox 1106 4947 1233 5002; x_wconf 87' lang='lat' dir='ltr'><strong>nihil</strong></span> <span class='ocrx_word' id='word_1_615' title='bbox 1281 4949 1472 5004; x_wconf 87' lang='lat' dir='ltr'><strong>borum</strong></span> <span class='ocrx_word' id='word_1_616' title='bbox 1515 4952 1780 5022; x_wconf 90' lang='lat' dir='ltr'><strong>contingit</strong></span> <span class='ocrx_word' id='word_1_617' title='bbox 1824 4957 2120 5014; x_wconf 90' lang='lat' dir='ltr'><strong>secundum</strong></span> 
     </span>
    </p>
   </div>
   <div class='ocr_carea' id='block_1_87' title="bbox 530 5035 2116 5118">
    <p class='ocr_par' dir='ltr' id='par_1_87' title="bbox 530 5035 2116 5118">
     <span class='ocr_line' id='line_1_87' title="bbox 530 5035 2116 5118; baseline 0.011 -30"><span class='ocrx_word' id='word_1_618' title='bbox 530 5035 659 5104; x_wconf 85' lang='lat' dir='ltr'><strong>quid</strong></span> <span class='ocrx_word' id='word_1_619' title='bbox 688 5036 882 5100; x_wconf 80' lang='lat' dir='ltr'><strong>inesse,</strong></span> <span class='ocrx_word' id='word_1_620' title='bbox 911 5038 995 5093; x_wconf 88' lang='lat' dir='ltr'><strong>vel</strong></span> <span class='ocrx_word' id='word_1_621' title='bbox 1027 5053 1131 5094; x_wconf 92' lang='lat' dir='ltr'><strong>non</strong></span> <span class='ocrx_word' id='word_1_622' title='bbox 1160 5054 1303 5106; x_wconf 83' lang='lat' dir='ltr'><strong>esse,</strong></span> <span class='ocrx_word' id='word_1_623' title='bbox 1331 5043 1424 5096; x_wconf 88' lang='lat' dir='ltr'><strong>sed</strong></span> <span class='ocrx_word' id='word_1_624' title='bbox 1455 5043 1779 5113; x_wconf 89' lang='lat' dir='ltr'><strong>simpliciter</strong></span> <span class='ocrx_word' id='word_1_625' title='bbox 1805 5047 1888 5102; x_wconf 90' lang='lat' dir='ltr'><strong>vel</strong></span> <span class='ocrx_word' id='word_1_626' title='bbox 1919 5047 2116 5118; x_wconf 88' lang='lat' dir='ltr'><strong>inesse,</strong></span> 
     </span>
    </p>
   </div>
   <div class='ocr_carea' id='block_1_88' title="bbox 533 5130 2124 5211">
    <p class='ocr_par' dir='ltr' id='par_1_88' title="bbox 533 5130 2124 5211">
     <span class='ocr_line' id='line_1_88' title="bbox 533 5130 2124 5211; baseline 0.009 -27"><span class='ocrx_word' id='word_1_627' title='bbox 533 5130 617 5186; x_wconf 93' lang='lat' dir='ltr'><strong>vel</strong></span> <span class='ocrx_word' id='word_1_628' title='bbox 645 5145 751 5185; x_wconf 93' lang='lat' dir='ltr'><strong>non</strong></span> <span class='ocrx_word' id='word_1_629' title='bbox 785 5130 982 5187; x_wconf 84' lang='lat' dir='ltr'><strong>inesse.</strong></span> <span class='ocrx_word' id='word_1_630' title='bbox 1024 5133 1082 5188; x_wconf 92' lang='lat' dir='ltr'><strong>In</strong></span> <span class='ocrx_word' id='word_1_631' title='bbox 1111 5134 1478 5191; x_wconf 87' lang='lat' dir='ltr'><strong>accidentibus</strong></span> <span class='ocrx_word' id='word_1_632' title='bbox 1504 5147 1682 5195; x_wconf 89' lang='lat' dir='ltr'><strong>autem</strong></span> <span class='ocrx_word' id='word_1_633' title='bbox 1713 5140 1846 5196; x_wconf 92' lang='lat' dir='ltr'><strong>nihil</strong></span> <span class='ocrx_word' id='word_1_634' title='bbox 1877 5142 2124 5211; x_wconf 86' lang='lat' dir='ltr'><strong>prohibet</strong></span> 
     </span>
    </p>
   </div>
   <div class='ocr_carea' id='block_1_89' title="bbox 531 5222 2121 5302">
    <p class='ocr_par' dir='ltr' id='par_1_89' title="bbox 531 5222 2121 5302">
     <span class='ocr_line' id='line_1_89' title="bbox 531 5222 2121 5302; baseline 0.008 -26"><span class='ocrx_word' id='word_1_635' title='bbox 531 5222 826 5279; x_wconf 86' lang='lat' dir='ltr'><strong>secundum</strong></span> <span class='ocrx_word' id='word_1_636' title='bbox 851 5223 980 5294; x_wconf 89' lang='lat' dir='ltr'><strong>quid</strong></span> <span class='ocrx_word' id='word_1_637' title='bbox 1012 5225 1209 5292; x_wconf 89' lang='lat' dir='ltr'><strong>inesse,</strong></span> <span class='ocrx_word' id='word_1_638' title='bbox 1237 5235 1297 5281; x_wconf 92' lang='lat' dir='ltr'><strong>ut</strong></span> <span class='ocrx_word' id='word_1_639' title='bbox 1335 5226 1660 5301; x_wconf 82' lang='lat' dir='ltr'><strong>albedinem,</strong></span> <span class='ocrx_word' id='word_1_640' title='bbox 1718 5231 1801 5287; x_wconf 89' lang='lat' dir='ltr'><strong>vel</strong></span> <span class='ocrx_word' id='word_1_641' title='bbox 1838 5233 2121 5302; x_wconf 89' lang='lat' dir='ltr'><strong>justitiam.</strong></span> 
     </span>
    </p>
   </div>
   <div class='ocr_carea' id='block_1_90' title="bbox 533 5315 2124 5395">
    <p class='ocr_par' dir='ltr' id='par_1_90' title="bbox 533 5315 2124 5395">
     <span class='ocr_line' id='line_1_90' title="bbox 533 5315 2124 5395; baseline 0.01 -27"><span class='ocrx_word' id='word_1_642' title='bbox 533 5315 712 5382; x_wconf 80' lang='lat' dir='ltr'><strong>Quare</strong></span> <span class='ocrx_word' id='word_1_643' title='bbox 759 5332 864 5371; x_wconf 88' lang='lat' dir='ltr'><strong>non</strong></span> <span class='ocrx_word' id='word_1_644' title='bbox 897 5317 1098 5375; x_wconf 82' lang='lat' dir='ltr'><strong>sufﬁcit</strong></span> <span class='ocrx_word' id='word_1_645' title='bbox 1136 5319 1420 5378; x_wconf 88' lang='lat' dir='ltr'><strong>ostendere</strong></span> <span class='ocrx_word' id='word_1_646' title='bbox 1448 5325 1700 5393; x_wconf 90' lang='lat' dir='ltr'><strong>quoniam</strong></span> <span class='ocrx_word' id='word_1_647' title='bbox 1747 5326 1888 5382; x_wconf 91' lang='lat' dir='ltr'><strong>inest</strong></span> <span class='ocrx_word' id='word_1_648' title='bbox 1911 5327 2124 5395; x_wconf 85' lang='lat' dir='ltr'><strong>albedo,</strong></span> 
     </span>
    </p>
   </div>
   <div class='ocr_carea' id='block_1_91' title="bbox 533 5406 2126 5488">
    <p class='ocr_par' dir='ltr' id='par_1_91' title="bbox 533 5406 2126 5488">
     <span class='ocr_line' id='line_1_91' title="bbox 533 5406 2126 5488; baseline 0.011 -29"><span class='ocrx_word' id='word_1_649' title='bbox 533 5406 618 5460; x_wconf 92' lang='lat' dir='ltr'><strong>vel</strong></span> <span class='ocrx_word' id='word_1_650' title='bbox 669 5407 905 5478; x_wconf 84' lang='lat' dir='ltr'><strong>justitia,</strong></span> <span class='ocrx_word' id='word_1_651' title='bbox 981 5408 1049 5464; x_wconf 89' lang='lat' dir='ltr'><strong>ad</strong></span> <span class='ocrx_word' id='word_1_652' title='bbox 1116 5413 1509 5470; x_wconf 60' lang='lat' dir='ltr'><strong>ostendendum</strong></span> <span class='ocrx_word' id='word_1_653' title='bbox 1576 5417 1719 5488; x_wconf 92' lang='lat' dir='ltr'><strong>quod</strong></span> <span class='ocrx_word' id='word_1_654' title='bbox 1782 5419 1968 5487; x_wconf 88' lang='lat' dir='ltr'><strong>albus,</strong></span> <span class='ocrx_word' id='word_1_655' title='bbox 2040 5420 2126 5476; x_wconf 91' lang='lat' dir='ltr'><strong>vel</strong></span> 
     </span>
    </p>
   </div>
   <div class='ocr_carea' id='block_1_92' title="bbox 531 5496 2123 5581">
    <p class='ocr_par' dir='ltr' id='par_1_92' title="bbox 531 5496 2123 5581">
     <span class='ocr_line' id='line_1_92' title="bbox 531 5496 2123 5581; baseline 0.011 -31"><span class='ocrx_word' id='word_1_656' title='bbox 531 5496 706 5566; x_wconf 79' lang='lat' dir='ltr'><strong>justus</strong></span> <span class='ocrx_word' id='word_1_657' title='bbox 765 5508 885 5564; x_wconf 88' lang='lat' dir='ltr'><strong>est,</strong></span> <span class='ocrx_word' id='word_1_658' title='bbox 953 5516 1078 5556; x_wconf 89' lang='lat' dir='ltr'><strong>nam</strong></span> <span class='ocrx_word' id='word_1_659' title='bbox 1152 5504 1312 5562; x_wconf 87' lang='lat' dir='ltr'><strong>habet</strong></span> <span class='ocrx_word' id='word_1_660' title='bbox 1369 5508 1798 5579; x_wconf 84' lang='lat' dir='ltr'><strong>dubitationem,</strong></span> <span class='ocrx_word' id='word_1_661' title='bbox 1871 5513 2123 5581; x_wconf 89' lang='lat' dir='ltr'><strong>quoniam</strong></span> 
     </span>
    </p>
   </div>
   <div class='ocr_carea' id='block_1_93' title="bbox 535 5590 2124 5673">
    <p class='ocr_par' dir='ltr' id='par_1_93' title="bbox 535 5590 2124 5673">
     <span class='ocr_line' id='line_1_93' title="bbox 535 5590 2124 5673; baseline 0.011 -30"><span class='ocrx_word' id='word_1_662' title='bbox 535 5590 829 5645; x_wconf 86' lang='lat' dir='ltr'><strong>secundum</strong></span> <span class='ocrx_word' id='word_1_663' title='bbox 880 5594 1006 5663; x_wconf 87' lang='lat' dir='ltr'><strong>quid</strong></span> <span class='ocrx_word' id='word_1_664' title='bbox 1052 5595 1227 5664; x_wconf 89' lang='lat' dir='ltr'><strong>albus,</strong></span> <span class='ocrx_word' id='word_1_665' title='bbox 1282 5597 1370 5653; x_wconf 82' lang='lat' dir='ltr'><strong>vel</strong></span> <span class='ocrx_word' id='word_1_666' title='bbox 1411 5600 1591 5668; x_wconf 92' lang='lat' dir='ltr'><strong>justus</strong></span> <span class='ocrx_word' id='word_1_667' title='bbox 1645 5611 1727 5656; x_wconf 91' lang='lat' dir='ltr'><strong>est</strong></span> <span class='ocrx_word' id='word_1_668' title='bbox 1761 5614 2124 5673; x_wconf 85' lang='lat' dir='ltr'><strong>:quapropter</strong></span> 
     </span>
    </p>
   </div>
   <div class='ocr_carea' id='block_1_94' title="bbox 535 5688 2121 5754">
    <p class='ocr_par' dir='ltr' id='par_1_94' title="bbox 535 5688 2121 5754">
     <span class='ocr_line' id='line_1_94' title="bbox 535 5688 2121 5754; baseline 0.01 -15"><span class='ocrx_word' id='word_1_669' title='bbox 535 5699 642 5739; x_wconf 88' lang='lat' dir='ltr'><strong>non</strong></span> <span class='ocrx_word' id='word_1_670' title='bbox 683 5688 1044 5742; x_wconf 75' lang='lat' dir='ltr'><strong>noeessarium</strong></span> <span class='ocrx_word' id='word_1_671' title='bbox 1076 5699 1157 5744; x_wconf 91' lang='lat' dir='ltr'><strong>est</strong></span> <span class='ocrx_word' id='word_1_672' title='bbox 1199 5691 1248 5744; x_wconf 92' lang='lat' dir='ltr'><strong>in</strong></span> <span class='ocrx_word' id='word_1_673' title='bbox 1295 5693 1662 5749; x_wconf 88' lang='lat' dir='ltr'><strong>accidentibus</strong></span> <span class='ocrx_word' id='word_1_674' title='bbox 1705 5696 1966 5751; x_wconf 89' lang='lat' dir='ltr'><strong>converti.</strong></span> <span class='ocrx_word' id='word_1_675' title='bbox 2017 5696 2121 5754; x_wconf 85' lang='lat' dir='ltr'><strong>De-</strong></span> 
     </span>
    </p>
   </div>
   <div class='ocr_carea' id='block_1_95' title="bbox 538 5775 2163 5856">
    <p class='ocr_par' dir='ltr' id='par_1_95' title="bbox 538 5775 2163 5856">
     <span class='ocr_line' id='line_1_95' title="bbox 538 5775 2163 5856; baseline 0.014 -30"><span class='ocrx_word' id='word_1_676' title='bbox 538 5775 827 5831; x_wconf 88' lang='lat' dir='ltr'><strong>terminare</strong></span> <span class='ocrx_word' id='word_1_677' title='bbox 877 5790 1052 5832; x_wconf 87' lang='lat' dir='ltr'><strong>autem</strong></span> <span class='ocrx_word' id='word_1_678' title='bbox 1101 5792 1314 5851; x_wconf 85' lang='lat' dir='ltr'><strong>oportet</strong></span> <span class='ocrx_word' id='word_1_679' title='bbox 1365 5794 1418 5840; x_wconf 90' lang='lat' dir='ltr'><strong>et</strong></span> <span class='ocrx_word' id='word_1_680' title='bbox 1470 5796 1685 5856; x_wconf 89' lang='lat' dir='ltr'><strong>peccata</strong></span> <span class='ocrx_word' id='word_1_681' title='bbox 1731 5801 1850 5854; x_wconf 70' lang='lat' dir='ltr'><strong>quae</strong></span> <span class='ocrx_word' id='word_1_682' title='bbox 1897 5797 2021 5844; x_wconf 89' lang='lat' dir='ltr'><strong>sunt</strong></span> <span class='ocrx_word' id='word_1_683' title='bbox 2067 5790 2120 5848; x_wconf 92' lang='lat' dir='ltr'><strong>in</strong></span> <span class='ocrx_word' id='word_1_684' title='bbox 2151 5797 2163 5810; x_wconf 86' lang='lat'><strong>&#39;</strong></span> 
     </span>
    </p>
   </div>
   <div class='ocr_carea' id='block_1_96' title="bbox 541 5865 2120 5956">
    <p class='ocr_par' dir='ltr' id='par_1_96' title="bbox 541 5865 2120 5956">
     <span class='ocr_line' id='line_1_96' title="bbox 541 5865 2120 5956; baseline 0.015 -37"><span class='ocrx_word' id='word_1_685' title='bbox 541 5865 977 5938; x_wconf 65' lang='lat' dir='ltr'><strong>problematilvus,</strong></span> <span class='ocrx_word' id='word_1_686' title='bbox 1011 5887 1128 5928; x_wconf 88' lang='lat' dir='ltr'><strong>nam</strong></span> <span class='ocrx_word' id='word_1_687' title='bbox 1159 5883 1279 5931; x_wconf 87' lang='lat' dir='ltr'><strong>sunt</strong></span> <span class='ocrx_word' id='word_1_688' title='bbox 1309 5874 1440 5946; x_wconf 89' lang='lat' dir='ltr'><strong>duo,</strong></span> <span class='ocrx_word' id='word_1_689' title='bbox 1469 5877 1552 5934; x_wconf 87' lang='lat' dir='ltr'><strong>vel</strong></span> <span class='ocrx_word' id='word_1_690' title='bbox 1585 5877 1635 5942; x_wconf 86' lang='lat' dir='ltr'><strong>in</strong></span> <span class='ocrx_word' id='word_1_691' title='bbox 1664 5894 1728 5934; x_wconf 92' lang='lat' dir='ltr'><strong>eo</strong></span> <span class='ocrx_word' id='word_1_692' title='bbox 1758 5881 1897 5956; x_wconf 83' lang='lat' dir='ltr'><strong>quod</strong></span> <span class='ocrx_word' id='word_1_693' title='bbox 1928 5882 2120 5942; x_wconf 86' lang='lat' dir='ltr'><strong>falsum</strong></span> 
     </span>
    </p>
   </div>
   <div class='ocr_carea' id='block_1_97' title="bbox 2231 4675 3820 4746">
    <p class='ocr_par' dir='ltr' id='par_1_97' title="bbox 2231 4675 3820 4746">
     <span class='ocr_line' id='line_1_97' title="bbox 2231 4675 3820 4746; baseline 0.001 -18"><span class='ocrx_word' id='word_1_694' title='bbox 2231 4684 2354 4728; x_wconf 91' lang='lat' dir='ltr'><strong>sunt</strong></span> <span class='ocrx_word' id='word_1_695' title='bbox 2383 4683 2559 4730; x_wconf 87' lang='lat' dir='ltr'><strong>autem</strong></span> <span class='ocrx_word' id='word_1_696' title='bbox 2589 4675 2828 4729; x_wconf 87' lang='lat' dir='ltr'><strong>colorata</strong></span> <span class='ocrx_word' id='word_1_697' title='bbox 2855 4684 2909 4730; x_wconf 94' lang='lat' dir='ltr'><strong>et</strong></span> <span class='ocrx_word' id='word_1_698' title='bbox 2940 4675 3195 4745; x_wconf 88' lang='lat' dir='ltr'><strong>pleraque</strong></span> <span class='ocrx_word' id='word_1_699' title='bbox 3227 4676 3481 4745; x_wconf 81' lang='lat' dir='ltr'><strong>aliorum,</strong></span> <span class='ocrx_word' id='word_1_700' title='bbox 3506 4685 3564 4730; x_wconf 90' lang='lat' dir='ltr'><strong>ut</strong></span> <span class='ocrx_word' id='word_1_701' title='bbox 3595 4677 3820 4746; x_wconf 87' lang='lat' dir='ltr'><strong>lignum,</strong></span> 
     </span>
    </p>
   </div>
   <div class='ocr_carea' id='block_1_98' title="bbox 2230 4767 3823 4838">
    <p class='ocr_par' dir='ltr' id='par_1_98' title="bbox 2230 4767 3823 4838">
     <span class='ocr_line' id='line_1_98' title="bbox 2230 4767 3823 4838; baseline 0.001 -16"><span class='ocrx_word' id='word_1_702' title='bbox 2230 4767 2386 4834; x_wconf 86' lang='lat' dir='ltr'><strong>lapis,</strong></span> <span class='ocrx_word' id='word_1_703' title='bbox 2446 4768 2626 4833; x_wconf 90' lang='lat' dir='ltr'><strong>homo,</strong></span> <span class='ocrx_word' id='word_1_704' title='bbox 2665 4782 2854 4838; x_wconf 88' lang='lat' dir='ltr'><strong>equus.</strong></span> <span class='ocrx_word' id='word_1_705' title='bbox 2887 4767 3226 4824; x_wconf 85' lang='lat' dir='ltr'><strong>Manifestum</strong></span> <span class='ocrx_word' id='word_1_706' title='bbox 3271 4769 3428 4838; x_wconf 80' lang='lat' dir='ltr'><strong>igitur</strong></span> <span class='ocrx_word' id='word_1_707' title='bbox 3469 4771 3725 4838; x_wconf 88' lang='lat' dir='ltr'><strong>quoniam</strong></span> <span class='ocrx_word' id='word_1_708' title='bbox 3769 4779 3823 4824; x_wconf 88' lang='lat' dir='ltr'><strong>ut</strong></span> 
     </span>
    </p>
   </div>
   <div class='ocr_carea' id='block_1_99' title="bbox 2231 4860 3820 4932">
    <p class='ocr_par' dir='ltr' id='par_1_99' title="bbox 2231 4860 3820 4932">
     <span class='ocr_line' id='line_1_99' title="bbox 2231 4860 3820 4932; baseline 0.003 -16"><span class='ocrx_word' id='word_1_709' title='bbox 2231 4860 2485 4917; x_wconf 90' lang='lat' dir='ltr'><strong>accidens</strong></span> <span class='ocrx_word' id='word_1_710' title='bbox 2529 4863 2843 4932; x_wconf 82' lang='lat' dir='ltr'><strong>assignavit.</strong></span> <span class='ocrx_word' id='word_1_711' title='bbox 2921 4864 3073 4918; x_wconf 86' lang='lat' dir='ltr'><strong>Alius</strong></span> <span class='ocrx_word' id='word_1_712' title='bbox 3121 4864 3270 4918; x_wconf 89' lang='lat' dir='ltr'><strong>locus</strong></span> <span class='ocrx_word' id='word_1_713' title='bbox 3319 4875 3400 4918; x_wconf 91' lang='lat' dir='ltr'><strong>est</strong></span> <span class='ocrx_word' id='word_1_714' title='bbox 3449 4865 3717 4932; x_wconf 85' lang='lat' dir='ltr'><strong>inspicere</strong></span> <span class='ocrx_word' id='word_1_715' title='bbox 3760 4879 3820 4920; x_wconf 86' lang='lat' dir='ltr'><strong>ea</strong></span> 
     </span>
    </p>
   </div>
   <div class='ocr_carea' id='block_1_100' title="bbox 2233 4955 3818 5028">
    <p class='ocr_par' dir='ltr' id='par_1_100' title="bbox 2233 4955 3818 5028">
     <span class='ocr_line' id='line_1_100' title="bbox 2233 4955 3818 5028; baseline 0.001 -17"><span class='ocrx_word' id='word_1_716' title='bbox 2233 4955 2426 5028; x_wconf 86' lang='lat' dir='ltr'><strong>quibus</strong></span> <span class='ocrx_word' id='word_1_717' title='bbox 2480 4958 2656 5014; x_wconf 88' lang='lat' dir='ltr'><strong>inesse</strong></span> <span class='ocrx_word' id='word_1_718' title='bbox 2701 4968 2792 5012; x_wconf 90' lang='lat' dir='ltr'><strong>aut</strong></span> <span class='ocrx_word' id='word_1_719' title='bbox 2847 4959 3096 5015; x_wconf 88' lang='lat' dir='ltr'><strong>omnibus</strong></span> <span class='ocrx_word' id='word_1_720' title='bbox 3145 4967 3238 5015; x_wconf 82' lang='lat' dir='ltr'><strong>aut</strong></span> <span class='ocrx_word' id='word_1_721' title='bbox 3285 4959 3415 5013; x_wconf 90' lang='lat' dir='ltr'><strong>nulli</strong></span> <span class='ocrx_word' id='word_1_722' title='bbox 3459 4959 3661 5013; x_wconf 88' lang='lat' dir='ltr'><strong>dictum</strong></span> <span class='ocrx_word' id='word_1_723' title='bbox 3707 4967 3818 5022; x_wconf 86' lang='lat' dir='ltr'><strong>est,</strong></span> 
     </span>
    </p>
   </div>
   <div class='ocr_carea' id='block_1_101' title="bbox 2233 5049 3816 5122">
    <p class='ocr_par' dir='ltr' id='par_1_101' title="bbox 2233 5049 3816 5122">
     <span class='ocr_line' id='line_1_101' title="bbox 2233 5049 3816 5122; baseline 0.002 -19"><span class='ocrx_word' id='word_1_724' title='bbox 2233 5057 2287 5104; x_wconf 91' lang='lat' dir='ltr'><strong>et</strong></span> <span class='ocrx_word' id='word_1_725' title='bbox 2311 5049 2657 5106; x_wconf 89' lang='lat' dir='ltr'><strong>considerare</strong></span> <span class='ocrx_word' id='word_1_726' title='bbox 2689 5051 2983 5108; x_wconf 88' lang='lat' dir='ltr'><strong>secundum</strong></span> <span class='ocrx_word' id='word_1_727' title='bbox 3014 5053 3244 5122; x_wconf 83' lang='lat' dir='ltr'><strong>species.</strong></span> <span class='ocrx_word' id='word_1_728' title='bbox 3278 5061 3333 5108; x_wconf 91' lang='lat' dir='ltr'><strong>et</strong></span> <span class='ocrx_word' id='word_1_729' title='bbox 3361 5067 3464 5106; x_wconf 92' lang='lat' dir='ltr'><strong>non</strong></span> <span class='ocrx_word' id='word_1_730' title='bbox 3497 5052 3548 5106; x_wconf 92' lang='lat' dir='ltr'><strong>in</strong></span> <span class='ocrx_word' id='word_1_731' title='bbox 3580 5051 3816 5107; x_wconf 80' lang='lat' dir='ltr'><strong>infinitis.</strong></span> 
     </span>
    </p>
   </div>
   <div class='ocr_carea' id='block_1_102' title="bbox 2233 5139 3815 5212">
    <p class='ocr_par' dir='ltr' id='par_1_102' title="bbox 2233 5139 3815 5212">
     <span class='ocr_line' id='line_1_102' title="bbox 2233 5139 3815 5212; baseline 0 -16"><span class='ocrx_word' id='word_1_732' title='bbox 2233 5139 2364 5196; x_wconf 80' lang='lat' dir='ltr'><strong>Nam</strong></span> <span class='ocrx_word' id='word_1_733' title='bbox 2393 5141 2621 5196; x_wconf 85' lang='lat' dir='ltr'><strong>transitu</strong></span> <span class='ocrx_word' id='word_1_734' title='bbox 2658 5143 2831 5212; x_wconf 84' lang='lat' dir='ltr'><strong>magis</strong></span> <span class='ocrx_word' id='word_1_735' title='bbox 2881 5151 2934 5197; x_wconf 90' lang='lat' dir='ltr'><strong>et</strong></span> <span class='ocrx_word' id='word_1_736' title='bbox 2966 5143 3018 5198; x_wconf 94' lang='lat' dir='ltr'><strong>in</strong></span> <span class='ocrx_word' id='word_1_737' title='bbox 3058 5143 3402 5209; x_wconf 85' lang='lat' dir='ltr'><strong>paucioribus</strong></span> <span class='ocrx_word' id='word_1_738' title='bbox 3432 5141 3815 5208; x_wconf 87' lang='lat' dir='ltr'><strong>consideratio,</strong></span> 
     </span>
    </p>
   </div>
   <div class='ocr_carea' id='block_1_103' title="bbox 2229 5234 3809 5306">
    <p class='ocr_par' dir='ltr' id='par_1_103' title="bbox 2229 5234 3809 5306">
     <span class='ocr_line' id='line_1_103' title="bbox 2229 5234 3809 5306; baseline -0.001 -18"><span class='ocrx_word' id='word_1_739' title='bbox 2229 5241 2441 5303; x_wconf 83' lang='lat' dir='ltr'><strong>Oportet</strong></span> <span class='ocrx_word' id='word_1_740' title='bbox 2491 5244 2666 5292; x_wconf 90' lang='lat' dir='ltr'><strong>autem</strong></span> <span class='ocrx_word' id='word_1_741' title='bbox 2719 5234 3061 5292; x_wconf 88' lang='lat' dir='ltr'><strong>considerare</strong></span> <span class='ocrx_word' id='word_1_742' title='bbox 3112 5245 3166 5292; x_wconf 90' lang='lat' dir='ltr'><strong>et</strong></span> <span class='ocrx_word' id='word_1_743' title='bbox 3215 5235 3451 5306; x_wconf 87' lang='lat' dir='ltr'><strong>incipere</strong></span> <span class='ocrx_word' id='word_1_744' title='bbox 3507 5249 3537 5289; x_wconf 88' lang='lat' dir='ltr'><strong>a</strong></span> <span class='ocrx_word' id='word_1_745' title='bbox 3592 5235 3809 5304; x_wconf 89' lang='lat' dir='ltr'><strong>primis,</strong></span> 
     </span>
    </p>
   </div>
   <div class='ocr_carea' id='block_1_104' title="bbox 2231 5327 3819 5401">
    <p class='ocr_par' dir='ltr' id='par_1_104' title="bbox 2231 5327 3819 5401">
     <span class='ocr_line' id='line_1_104' title="bbox 2231 5327 3819 5401; baseline -0.001 -19"><span class='ocrx_word' id='word_1_746' title='bbox 2231 5327 2426 5384; x_wconf 89' lang='lat' dir='ltr'><strong>deinde</strong></span> <span class='ocrx_word' id='word_1_747' title='bbox 2465 5341 2859 5401; x_wconf 88' lang='lat' dir='ltr'><strong>consequenter</strong></span> <span class='ocrx_word' id='word_1_748' title='bbox 2887 5345 3054 5399; x_wconf 89' lang='lat' dir='ltr'><strong>usque</strong></span> <span class='ocrx_word' id='word_1_749' title='bbox 3095 5330 3163 5384; x_wconf 91' lang='lat' dir='ltr'><strong>ad</strong></span> <span class='ocrx_word' id='word_1_750' title='bbox 3195 5329 3498 5394; x_wconf 88' lang='lat' dir='ltr'><strong>individua,</strong></span> <span class='ocrx_word' id='word_1_751' title='bbox 3545 5337 3601 5384; x_wconf 87' lang='lat' dir='ltr'><strong>ut</strong></span> <span class='ocrx_word' id='word_1_752' title='bbox 3640 5329 3687 5384; x_wconf 92' lang='lat' dir='ltr'><strong>si</strong></span> <span class='ocrx_word' id='word_1_753' title='bbox 3728 5343 3819 5398; x_wconf 84' lang='lat' dir='ltr'><strong>op-</strong></span> 
     </span>
    </p>
   </div>
   <div class='ocr_carea' id='block_1_105' title="bbox 2235 5422 3818 5493">
    <p class='ocr_par' dir='ltr' id='par_1_105' title="bbox 2235 5422 3818 5493">
     <span class='ocr_line' id='line_1_105' title="bbox 2235 5422 3818 5493; baseline 0.002 -22"><span class='ocrx_word' id='word_1_754' title='bbox 2235 5422 2526 5492; x_wconf 88' lang='lat' dir='ltr'><strong>positorum</strong></span> <span class='ocrx_word' id='word_1_755' title='bbox 2574 5422 2816 5479; x_wconf 89' lang='lat' dir='ltr'><strong>eamdem</strong></span> <span class='ocrx_word' id='word_1_756' title='bbox 2870 5423 3205 5493; x_wconf 88' lang='lat' dir='ltr'><strong>disciplinam</strong></span> <span class='ocrx_word' id='word_1_757' title='bbox 3249 5422 3368 5492; x_wconf 89' lang='lat' dir='ltr'><strong>quis</strong></span> <span class='ocrx_word' id='word_1_758' title='bbox 3411 5422 3614 5478; x_wconf 82' lang='lat' dir='ltr'><strong>dixerit</strong></span> <span class='ocrx_word' id='word_1_759' title='bbox 3664 5436 3818 5484; x_wconf 85' lang='lat' dir='ltr'><strong>esse,</strong></span> 
     </span>
    </p>
   </div>
   <div class='ocr_carea' id='block_1_106' title="bbox 2233 5514 3821 5586">
    <p class='ocr_par' dir='ltr' id='par_1_106' title="bbox 2233 5514 3821 5586">
     <span class='ocr_line' id='line_1_106' title="bbox 2233 5514 3821 5586; baseline -0.003 -16"><span class='ocrx_word' id='word_1_760' title='bbox 2233 5514 2662 5584; x_wconf 82' lang='lat' dir='ltr'><strong>perSpiciendum</strong></span> <span class='ocrx_word' id='word_1_761' title='bbox 2709 5515 2753 5570; x_wconf 89' lang='lat' dir='ltr'><strong>si</strong></span> <span class='ocrx_word' id='word_1_762' title='bbox 2810 5529 2996 5570; x_wconf 87' lang='lat' dir='ltr'><strong>eorum</strong></span> <span class='ocrx_word' id='word_1_763' title='bbox 3045 5532 3162 5586; x_wconf 67' lang='lat' dir='ltr'><strong>qua:</strong></span> <span class='ocrx_word' id='word_1_764' title='bbox 3209 5526 3335 5571; x_wconf 90' lang='lat' dir='ltr'><strong>sunt</strong></span> <span class='ocrx_word' id='word_1_765' title='bbox 3380 5515 3445 5570; x_wconf 87' lang='lat' dir='ltr'><strong>ad</strong></span> <span class='ocrx_word' id='word_1_766' title='bbox 3492 5514 3724 5584; x_wconf 86' lang='lat' dir='ltr'><strong>aliquid,</strong></span> <span class='ocrx_word' id='word_1_767' title='bbox 3771 5522 3821 5567; x_wconf 84' lang='lat' dir='ltr'><strong>et</strong></span> 
     </span>
    </p>
   </div>
   <div class='ocr_carea' id='block_1_107' title="bbox 2228 5609 3820 5682">
    <p class='ocr_par' dir='ltr' id='par_1_107' title="bbox 2228 5609 3820 5682">
     <span class='ocr_line' id='line_1_107' title="bbox 2228 5609 3820 5682; baseline 0.001 -20"><span class='ocrx_word' id='word_1_768' title='bbox 2228 5609 2654 5676; x_wconf 87' lang='lat' dir='ltr'><strong>contrariorum,</strong></span> <span class='ocrx_word' id='word_1_769' title='bbox 2682 5618 2734 5665; x_wconf 91' lang='lat' dir='ltr'><strong>et</strong></span> <span class='ocrx_word' id='word_1_770' title='bbox 2762 5627 2879 5680; x_wconf 79' lang='lat' dir='ltr'><strong>qua:</strong></span> <span class='ocrx_word' id='word_1_771' title='bbox 2916 5611 3210 5666; x_wconf 79' lang='lat' dir='ltr'><strong>secd‘ndum</strong></span> <span class='ocrx_word' id='word_1_772' title='bbox 3251 5611 3608 5682; x_wconf 88' lang='lat' dir='ltr'><strong>privationem</strong></span> <span class='ocrx_word' id='word_1_773' title='bbox 3647 5620 3702 5664; x_wconf 92' lang='lat' dir='ltr'><strong>et</strong></span> <span class='ocrx_word' id='word_1_774' title='bbox 3730 5610 3820 5663; x_wconf 85' lang='lat' dir='ltr'><strong>ha-</strong></span> 
     </span>
    </p>
   </div>
   <div class='ocr_carea' id='block_1_108' title="bbox 2228 5701 3814 5772">
    <p class='ocr_par' dir='ltr' id='par_1_108' title="bbox 2228 5701 3814 5772">
     <span class='ocr_line' id='line_1_108' title="bbox 2228 5701 3814 5772; baseline -0.001 -15"><span class='ocrx_word' id='word_1_775' title='bbox 2228 5701 2397 5757; x_wconf 85' lang='lat' dir='ltr'><strong>bitum</strong></span> <span class='ocrx_word' id='word_1_776' title='bbox 2427 5712 2481 5757; x_wconf 91' lang='lat' dir='ltr'><strong>et</strong></span> <span class='ocrx_word' id='word_1_777' title='bbox 2517 5718 2635 5772; x_wconf 73' lang='lat' dir='ltr'><strong>qua:</strong></span> <span class='ocrx_word' id='word_1_778' title='bbox 2674 5704 2964 5759; x_wconf 87' lang='lat' dir='ltr'><strong>secundum</strong></span> <span class='ocrx_word' id='word_1_779' title='bbox 3008 5704 3489 5762; x_wconf 69' lang='lat' dir='ltr'><strong>contradictionem</strong></span> <span class='ocrx_word' id='word_1_780' title='bbox 3531 5703 3814 5766; x_wconf 84' lang='lat' dir='ltr'><strong>dicuntur,</strong></span> 
     </span>
    </p>
   </div>
   <div class='ocr_carea' id='block_1_109' title="bbox 2228 5791 3816 5866">
    <p class='ocr_par' dir='ltr' id='par_1_109' title="bbox 2228 5791 3816 5866">
     <span class='ocr_line' id='line_1_109' title="bbox 2228 5791 3816 5866; baseline 0.002 -19"><span class='ocrx_word' id='word_1_781' title='bbox 2228 5794 2413 5849; x_wconf 88' lang='lat' dir='ltr'><strong>eadem</strong></span> <span class='ocrx_word' id='word_1_782' title='bbox 2447 5795 2504 5847; x_wconf 82' lang='lat' dir='ltr'><strong>ﬁt</strong></span> <span class='ocrx_word' id='word_1_783' title='bbox 2549 5796 2830 5866; x_wconf 85' lang='lat' dir='ltr'><strong>disciplina</strong></span> <span class='ocrx_word' id='word_1_784' title='bbox 2864 5806 2916 5852; x_wconf 88' lang='lat' dir='ltr'><strong>et</strong></span> <span class='ocrx_word' id='word_1_785' title='bbox 2944 5798 2988 5852; x_wconf 90' lang='lat' dir='ltr'><strong>si</strong></span> <span class='ocrx_word' id='word_1_786' title='bbox 3025 5799 3074 5851; x_wconf 88' lang='lat' dir='ltr'><strong>in</strong></span> <span class='ocrx_word' id='word_1_787' title='bbox 3107 5799 3186 5852; x_wconf 87' lang='lat' dir='ltr'><strong>his</strong></span> <span class='ocrx_word' id='word_1_788' title='bbox 3215 5791 3449 5852; x_wconf 88' lang='lat' dir='ltr'><strong>nondum</strong></span> <span class='ocrx_word' id='word_1_789' title='bbox 3482 5796 3816 5854; x_wconf 84' lang='lat' dir='ltr'><strong>manifestum</strong></span> 
     </span>
    </p>
   </div>
   <div class='ocr_carea' id='block_1_110' title="bbox 2227 5888 3817 5970">
    <p class='ocr_par' dir='ltr' id='par_1_110' title="bbox 2227 5888 3817 5970">
     <span class='ocr_line' id='line_1_110' title="bbox 2227 5888 3817 5970; baseline 0.008 -30"><span class='ocrx_word' id='word_1_790' title='bbox 2227 5895 2340 5962; x_wconf 81' lang='lat' dir='ltr'><strong>est,</strong></span> <span class='ocrx_word' id='word_1_791' title='bbox 2375 5900 2585 5946; x_wconf 80' lang='lat' dir='ltr'><strong>rursum</strong></span> <span class='ocrx_word' id='word_1_792' title='bbox 2617 5902 2677 5942; x_wconf 85' lang='lat' dir='ltr'><strong>ea</strong></span> <span class='ocrx_word' id='word_1_793' title='bbox 2720 5888 3070 5950; x_wconf 86' lang='lat' dir='ltr'><strong>dividendum</strong></span> <span class='ocrx_word' id='word_1_794' title='bbox 3116 5903 3283 5970; x_wconf 79' lang='lat' dir='ltr'><strong>usque</strong></span> <span class='ocrx_word' id='word_1_795' title='bbox 3324 5891 3386 5948; x_wconf 85' lang='lat' dir='ltr'><strong>ad</strong></span> <span class='ocrx_word' id='word_1_796' title='bbox 3422 5889 3730 5969; x_wconf 82' lang='lat' dir='ltr'><strong>individua,</strong></span> <span class='ocrx_word' id='word_1_797' title='bbox 3763 5896 3817 5952; x_wconf 77' lang='lat' dir='ltr'><strong>ul</strong></span> 
     </span>
    </p>
   </div>
  </div>
