4064 6336
274 310 279 315 ’
348 329 457 386 925
759 367 763 370 ,
898 363 903 367 .
1229 321 1620 381 TOPICORUM
1660 318 2111 379 ARISTOTELIS
2151 326 2726 393 INTERPRETATIO.
3517 338 3621 396 0‘26

343 448 393 501 si
418 445 548 516 justi
589 443 672 503 vel
704 444 916 521 injusti,
947 442 1033 501 vel
1068 442 1213 515 dupli
1248 441 1329 498 vel
1382 440 1616 507 dimidii,
1649 440 1731 495 vel
1780 436 1940 495 caaci-
1971 434 2021 498 Α
2046 440 2183 497 inest
2211 440 2563 520 quodcunque
2594 444 2644 513 id
2673 452 2780 522 sit,
2812 436 3198 513 interimentes
3236 456 3440 515 erimus
3470 454 3618 519 omni

345 540 473 599 tatis
512 539 594 601 vel
637 540 812 607 visus,
841 539 925 595 vel
966 554 1087 596 esse
1128 538 1212 595 vel
1252 554 1360 595 non
1400 551 1541 595 esse.
1584 534 1716 593 Nam
1773 534 1818 591 si
1877 533 1928 588 in
2035 536 2234 607 inesse;
2257 541 2505 602 similiter
2526 556 2703 603 autem
2726 549 2842 605 ctsi
2866 550 2955 605 uni
2986 552 3381 607 ostenderimus
3412 530 3612 625 inesse,
3702 548 3715 561 °

342 634 527 706 aliquo
553 634 866 697 ostendatur
893 632 1035 705 quod
1064 648 1168 695 non
1196 632 1407 700 eadem,
1440 632 1808 686 iuterimentes
1834 628 1933 684 eri-
2037 627 2412 691 interimemus
2431 638 2565 701 nulli
2586 640 2784 698 inesse.
2807 642 3251 699 Constrncntibus
3271 652 3448 700 autem
3478 658 3618 715 prze-
3658 702 3663 705 _

344 744 464 785 mus
496 730 806 799 prolilema,
845 729 1091 791 similiter
1115 736 1291 789 autem
1323 737 1376 783 et
1400 726 1445 781 si
1478 724 1604 780 nulli
1639 724 1795 780 inest.
1822 722 1930 778 iste
2033 726 2402 789 confitendum
2449 733 2590 803 quod
2628 736 2803 792 cuivis
2856 738 2995 794 inest
3029 739 3177 795 omni
3207 737 3368 802 inest,
3397 738 3439 791 si
3473 736 3613 793 νυτί.

338 836 519 881 autem
540 825 692 880 locus
708 824 1047 880 convertitur
1060 823 1127 879 ad
1145 820 1562 879 construendum
1579 819 1928 875 etdestruen-
2034 819 2212 877 simile
2240 822 2312 878 sit
2340 825 2690 892 postulatum.
2741 827 2859 891 Non
2887 829 3083 889 sufﬁcit
3111 832 3286 900 enim,
3319 831 3385 886 ad
3427 840 3608 887 osten-

270 954 273 955 ν
336 917 486 979 dum.
514 917 569 979 Si
601 919 743 975 enim
776 918 849 974 diu
878 917 1129 977 omnibus
1170 915 1411 977 videatur
1458 928 1576 971 cum
1607 911 1924 969 divisionem
2030 909 2264 977 dandum
2293 914 2437 990 quod
2493 920 2638 973 omni
2669 919 2830 986 ίηεει,
2864 923 2917 978 in
2948 938 3053 989 υηρ
3093 923 3423 995 dispansae.
3480 934 3534 978 υι
3564 923 3611 979 εί

335 996 692 1087 proferimus.
727 1010 859 1067 nihil
901 1010 956 1067 in
995 1009 1266 1082 pluribus,
1300 1006 1676 1085 postulandum
1713 1014 1796 1061 est
1823 1020 1923 1059 au-
2029 999 2265 1061 hominis
2304 1007 2483 1065 anima
2532 1010 2854 1071 immortalis
2893 1024 2997 1085 est,
3045 1027 3263 1091 propter
3288 1016 3391 1072 hoc
3432 1018 3610 1079 anima

336 1113 444 1161 tem
476 1104 846 1169 universaliter
879 1119 1097 1179 ponere,
1127 1114 1215 1165 aut
1244 1104 1550 1163 instantiam
1581 1101 1721 1155 ferre
1750 1099 1803 1154 in
1826 1096 1925 1153 ali-
2025 1097 2206 1155 omnis
2242 1098 2597 1174 immortalis;
2628 1120 2798 1174 quare
2854 1091 3328 1179 praeconﬁtendum
3374 1111 3516 1183 quod
3562 1113 3609 1167 si

334 1215 442 1275 quo
475 1215 506 1254 n
547 1216 580 1255 η
610 1200 695 1254 sic
712 1214 860 1267 esse;
884 1214 1009 1255 nam
1035 1200 1080 1254 si
1114 1208 1363 1255 neutrum
1395 1196 1584 1257 horum
1618 1195 1795 1263 faciat,
1830 1194 1924 1249 ab-
2025 1202 2356 1265 (insecutique
2396 1195 2579 1253 anima
2629 1198 2987 1270 immortalis,
3038 1205 3213 1260 omnis
3267 1204 3605 1261 immortalis.

330 1290 530 1349 surdus
560 1292 871 1362 apparebit,
902 1292 992 1363 qui
1030 1308 1137 1348 non
1174 1301 1355 1364 ponet.
1394 1291 1547 1355 Alius
1572 1299 1684 1357 est,
1723 1289 1919 1353 deﬁni-
2024 1277 2137 1337 Hoc
2157 1295 2339 1340 autem
2372 1301 2477 1342 non
2513 1303 2733 1361 semper
2762 1290 3086 1361 faciendum,
3118 1293 3214 1350 sed
3255 1286 3477 1367 quando
3497 1309 3605 1357 non

333 1389 509 1443 tiones
553 1385 730 1445 facere
777 1385 1112 1453 accidentis,
1162 1396 1216 1443 et
1260 1386 1378 1458 ejus
1425 1385 1513 1440 cui
1560 1383 1780 1450 accidit,
1826 1392 1919 1445 aut
2020 1370 2177 1431 facile
2205 1390 2490 1447 possumus
2517 1394 2859 1439 communem
2891 1385 2944 1441 in
2973 1385 3221 1441 omnibus
3250 1400 3411 1443 unam
3445 1384 3607 1441 ratio-

330 1482 607 1553 utriusque
633 1480 701 1543 de
740 1489 1003 1555 utroque,
1034 1489 1130 1536 aut
1152 1479 1403 1544 alterius,
1439 1477 1633 1535 deinde
1668 1477 1894 1535 conside

2020 1482 2144 1524 nem
2172 1468 2377 1542 dicere,
2426 1475 2883 1545 quemadmodum
2933 1488 3229 1548 geometer,
3280 1478 3416 1550 quod
3442 1478 3607 1553 triau-

324 1588 451 1631 rare
481 1574 525 1629 si
551 1572 678 1645 quid
705 1587 813 1631 non
840 1588 1025 1637 verum
1070 1574 1121 1629 in
1163 1570 1561 1635 deﬁnitionibus
1593 1570 1813 1641 perinde
1851 1587 1894 1629 at

2014 1561 2175 1631 gulus
2228 1562 2441 1623 duobus
2486 1568 2651 1625 rectis
2681 1584 2863 1642 mquos
2917 1571 3077 1627 habet
3116 1581 3228 1629 tres
3275 1572 3516 1647 angulos.
3547 1571 3605 1629 Si

327 1683 515 1733 verum
562 1677 836 1736 sumptum
884 1667 977 1723 sit.
1040 1666 1108 1725 Ut
1150 1666 1198 1731 si
1242 1675 1326 1729 est
1381 1665 1548 1725 Deum
1596 1665 1911 1736 injustitiam
2016 1662 2198 1711 autem
2226 1670 2334 1712 non
2361 1657 2527 1715 lateat
2556 1661 2695 1731 quod
2720 1662 3089 1735 multipliciter
3121 1663 3317 1719 dicitur
3346 1662 3601 1730 divisum,

321 1759 534 1827 facere,
591 1759 718 1831 quid
776 1758 1092 1830 iniustitiam
1151 1758 1349 1819 facere,
1408 1758 1466 1815 Si
1517 1758 1659 1816 enim
1711 1774 1912 1815 nocere
2016 1750 2403 1821 quotupliciter
2426 1752 2626 1813 dicitur
2659 1765 2720 1833 βῐ
2746 1756 3163 1813 interimendum
3200 1765 3258 1812 et
3285 1765 3605 1813 construen-

319 1863 548 1925 sponte.
576 1853 918 1915 manifestum
951 1852 1202 1924 quoniam
1242 1867 1351 1908 non
1380 1860 1462 1911 est
1499 1851 1664 1907 Deum
1692 1849 1905 1921 injttsti-
1937 1833 1991 1907 Β
2017 1841 2168 1901 dum-
2216 1842 2286 1905 υι
2340 1845 2387 1902 Si
2432 1846 2620 1905 dicens
2656 1858 2743 1907 ρει
2786 1849 2944 1915 utile.
2988 1861 3080 1904 aut
3129 1850 3438 1917 honestum.
3493 1859 3603 1905 ῑειι⁴

320 1946 454 2005 tiam
478 1945 675 2012 facere,
701 1960 806 2001 nou
842 1944 990 2003 enim
1017 1943 1280 2015 contingit
1308 1958 1504 2003 nocere
1537 1944 1703 2001 Deum
1730 1960 1745 2012 ;
1775 1953 1829 1999 et
1856 1943 1904 1998 si

320 2038 535 2101 invidus
566 2038 641 2094 sit
665 2037 959 2104 studiosus,
990 2036 1109 2109 quis
1146 2037 1377 2106 invidus,
1422 2045 1476 2091 et
1516 2051 1636 2108 qua!
1683 2035 1900 2093 invidia.

318 2130 458 2191 Nam
488 2131 535 2187 si
563 2127 761 2187 invidia
788 2136 872 2191 est
904 2130 1119 2187 tristitia
1162 2130 1214 2184 in
1245 2129 1521 2198 apparenti
1551 2130 1903 2199 prosperitate

316 2221 543 2295 alicujus
575 2222 885 2294 proborum,
934 2219 1273 2281 manifestum
1318 2230 1402 2276 est
1440 2220 1584 2292 quod
1629 2219 1902 2283 studiosus

314 2330 425 2372 non
451 2323 534 2371 est
558 2313 792 2382 invidus,
824 2328 1018 2385 pravus
1046 2311 1193 2371 enim
1221 2322 1400 2381 esset;
1436 2321 1489 2367 et
1527 2313 1571 2367 si
1617 2311 1900 2381 indignans

310 2405 551 2472 invidus,
574 2405 697 2477 quis
724 2420 950 2479 uterque
998 2420 1184 2467 eorum
1218 2421 1231 2459 :
1264 2408 1343 2469 sic
1372 2404 1516 2460 enim
1556 2402 1896 2467 manifestum

311 2500 419 2556 erit
446 2510 621 2561 utrum
657 2514 840 2555 verum
869 2515 939 2559 an
962 2499 1153 2557 falsum
1176 2500 1276 2565 sit,
1302 2497 1444 2570 quod
1475 2498 1675 2553 dictum
1704 2508 1807 2570 est,
1838 2506 1899 2555 ut

306 2593 358 2651 si
392 2594 608 2651 invidus
636 2593 851 2667 quidem
888 2594 958 2651 sit
993 2594 1085 2666 qui
1119 2595 1364 2650 tristatur
1395 2596 1447 2651 iu
1482 2593 1744 2651 bonorum
1771 2610 1895 2667 pro-

308 2690 677 2760 speritatibus,
711 2690 997 2760 indignans
1022 2697 1203 2747 autem
1242 2688 1337 2759 qui
1380 2688 1433 2745 in
1464 2689 1728 2749 malorum
1775 2704 1898 2759 pro.

306 2778 658 2850 speritatihus
681 2780 947 2848 tristatur,
981 2778 1322 2839 manifestum
1363 2778 1508 2850 quod
1552 2792 1658 2839 non
1686 2777 1792 2835 erit
1812 2780 1897 2835 in-

311 2870 469 2931 sidus
490 2872 790 2942 indignans.
823 2872 1050 2926 Sumere
1072 2880 1248 2931 autem
1274 2880 1326 2923 et
1351 2885 1446 2938 pro
1466 2869 1531 2927 iis
1561 2870 1699 2941 (qua:
1720 2870 1775 2927 in
1804 2870 1895 2925 de,

309 2963 643 3029 ﬁnitionibus
698 2962 847 3034 sunt)
893 2962 1203 3020 nominibus
1254 2961 1631 3028 deﬁnitiones,
1676 2970 1731 3021 et
1788 2975 1895 3019 non

208 3118 215 3124 ,
304 3057 569 3121 desistere
607 3057 780 3112 donec
808 3054 876 3113 ad
918 3066 1103 3111 notum
1132 3054 1419 3110 deventum
1448 3055 1553 3121 sit;
1600 3069 1724 3110 nam
1751 3068 1896 3125 same

308 3165 431 3217 cum
474 3157 585 3209 tota
622 3147 839 3219 quidem
867 3146 1109 3205 delinitio
1132 3146 1403 3216 assignata
1452 3148 1544 3213 sit,
1593 3162 1699 3205 non
1731 3148 1895 3205 mani.-

304 3242 501 3305 testutn
525 3251 607 3297 est
636 3218 778 3311 quod
808 3242 1090 3312 qumritur,
1138 3256 1238 3311 pro
1265 3242 1450 3313 aliquo
1486 3252 1665 3297 autem
1704 3255 1894 3301 eorum
1921 3218 1973 3294 (ἶ

305 3340 449 3409 (qua:
474 3336 531 3393 iu
552 3334 864 3392 deﬁnitione
894 3333 1041 3407 sunt)
1074 3336 1352 3392 nominum
1386 3335 1700 3393 deﬁnitione
1724 3339 1889 3407 dicte,

306 3427 643 3485 manifestum
668 3428 748 3482 tit.
770 3427 1036 3498 Amplius,
1060 3427 1333 3498 problema
1355 3428 1769 3498 propositionem
1789 3430 1893 3495 sibi

306 3521 586 3597 iacientem
636 3522 859 3581 instare.
894 3522 1028 3578 Nam
1071 3523 1324 3579 instantia
1374 3525 1477 3579 erit
1519 3534 1891 3594 argumentum

306 3612 375 3671 ad
416 3614 757 3684 positionem.
793 3615 887 3671 Est
926 3623 1104 3675 autem
1155 3615 1303 3671 locus
1345 3614 1436 3671 liic
1486 3631 1626 3685 pene
1652 3616 1794 3675 idem
1842 3618 1891 3679 ei

308 3719 416 3773 quo
441 3705 785 3761 considerare
798 3706 993 3777 quibus
1013 3705 1214 3771 inesse,
1244 3705 1327 3760 vel
1349 3706 1618 3774 omnibus,
1647 3706 1735 3761 vel
1761 3707 1891 3767 nulli

305 3799 508 3857 dictum
535 3808 649 3867 est,
677 3799 857 3857 ditl'ert
897 3810 1075 3861 autem
1109 3799 1291 3855 modo.
1324 3800 1604 3869 Amplius,
1636 3799 1892 3861 determin

306 3907 436 3949 nare
457 3909 574 3964 qum
595 3903 809 3963 oportet
837 3893 1019 3951 dicere
1048 3901 1106 3948 ut
1134 3892 1334 3962 plures,
1368 3904 1420 3949 et
1440 3908 1561 3965 qua
1595 3908 1725 3951 non.
1751 3892 1893 3957 Utile

307 3987 450 4045 enim
491 3998 546 4043 et
582 3987 650 4043 ad
686 3986 1142 4054 construendum,
1181 3997 1238 4045 et
1284 3986 1352 4043 ad
1386 3987 1801 4056 destruendum,
1831 3997 1893 4049 ut

306 4078 450 4150 quod
499 4078 959 4136 nominationibus
992 4078 1207 4150 quidem
1253 4094 1343 4135 res
1377 4080 1795 4149 nuncupandum
1834 4089 1893 4143 ut

305 4171 508 4242 plures,
543 4185 665 4241 qua:
692 4178 871 4227 autem
903 4179 1054 4238 sunt,
1088 4171 1309 4239 taliane,
1343 4186 1409 4227 an
1456 4186 1563 4227 non
1593 4171 1739 4241 talia,
1783 4187 1890 4237 non

305 4265 534 4336 amplius
560 4264 947 4333 attendendum
976 4264 1042 4321 ad
1064 4265 1256 4334 plures
1290 4282 1303 4319 :
1348 4274 1406 4321 ut
1433 4264 1647 4321 salubre
1674 4265 1889 4335 quidem

304 4356 594 4415 dicendum
625 4357 927 4415 eﬂectivum
980 4357 1256 4424 sanitatis,
1306 4370 1406 4413 ceu
1470 4356 1650 4426 plures
1676 4356 1887 4415 dicunt.

306 4450 497 4508 Utrum
525 4460 705 4508 autem
739 4452 1072 4519 propositum
1102 4448 1411 4505 eﬂ‘ectivum
1440 4449 1797 4516 sitsanitatis,
1820 4465 1889 4507 an

304 4557 437 4611 non,
468 4558 576 4599 non
602 4544 831 4613 amplius
864 4550 922 4597 ut
951 4542 1133 4613 plures
1167 4540 1487 4607 dicendum.
1521 4542 1615 4599 sed
1642 4551 1699 4596 ut
1720 4540 1889 4599 medi.

2013 1934 2232 1993 tandum
2260 1937 2421 1995 ambo
2446 1948 2788 2008 construere,
2820 1943 2902 2000 vel
2943 1943 3255 2001 interimere
3291 1942 3359 2003 de
3397 1957 3600 2014 propos-

2010 2026 2133 2096 sito,
2172 2032 2401 2102 utquod
2431 2032 2716 2091 honestum
2744 2043 2799 2091 et
2825 2034 2967 2107 quod
3012 2036 3159 2101 utile,
3199 2034 3280 2091 vel
3332 2036 3473 2105 quod
3503 2050 3601 2105 ne,-

2008 2134 2114 2191 que
2145 2121 2429 2185 honestum
2477 2141 2655 2197 neque
2685 2127 2836 2201 utile.
2869 2127 2927 2183 Si
2969 2136 3147 2189 autem
3190 2142 3299 2189 non
3323 2127 3600 2199 contingat

2009 2225 2273 2289 utraque,
2302 2220 2535 2277 alterum
2570 2221 2982 2289 ostendendum.
3016 2223 3274 2280 adnotato
3300 2222 3441 2294 quod
3496 2222 3598 2299 hoc

2004 2311 2222 2381 tiuidem
2247 2323 2364 2382 est,
2396 2314 2527 2375 illud
2573 2328 2755 2377 autem
2787 2334 2918 2385 non,
2956 2318 3147 2381 eadem
3196 2328 3376 2376 autem
3416 2319 3593 2391 ratio,

2006 2404 2166 2461 etiam
2202 2406 2248 2462 si
2274 2407 2429 2479 plura
2458 2409 2569 2465 sint
2609 2410 2663 2466 in
2708 2427 2825 2483 qum
2855 2412 3130 2469 dividitur.
3178 2413 3410 2475 Rursum
3440 2430 3592 2486 quae—

2004 2510 2219 2570 cunque
2271 2513 2401 2573 non,
2445 2500 2743 2563 secundum
2806 2504 3283 2573 aequivocationem
3347 2504 3595 2565 dicuntur

2003 2572 2408 2661 multipliciter:
2429 2593 2523 2651 sed
2554 2593 2663 2651 alio
2692 2572 2885 2651 modo.
2910 2596 2979 2653 Ut
3025 2578 3439 2669 disciplinauna
3475 2599 3593 2670 plu-

2000 2683 2163 2767 rium,
2185 2693 2278 2743 aut
2306 2694 2363 2740 ut
2390 2684 2534 2752 ﬁnis,
2565 2693 2659 2743 aut
2686 2696 2747 2743 ut
2773 2687 2890 2759 ejus
2917 2688 3057 2758 quod
3082 2688 3148 2744 ad
3178 2689 3361 2756 ﬁnem.
3393 2698 3451 2747 ut
3480 2706 3591 2746 me.-

2001 2773 2177 2833 diciua
2206 2774 2326 2848 ejus
2347 2776 2492 2847 quod
2532 2777 2819 2835 sanitatem
2851 2777 2998 2845 facit,
3042 2788 3097 2833 ut
3129 2780 3272 2849 quod
3302 2780 3466 2846 cibat,
3499 2790 3590 2837 aut

2001 2872 2060 2927 ut
2088 2865 2368 2925 amborum
2400 2867 2585 2924 (inium
2615 2871 2761 2925 velut
2784 2871 3175 2933 contrariorum
3207 2871 3394 2928 eadem
3420 2872 3588 2929 disci-

1999 2958 2144 3027 plina
2173 2956 2335 3030 (nihil
2356 2958 2502 3015 enim
2532 2960 2704 3033 magis
2733 2962 2859 3018 tinis
2881 2963 3108 3018 alterum
3150 2962 3349 3041 altero)
3386 2973 3479 3021 aut
3529 2974 3588 3029 ut

1998 3053 2115 3123 ejus
2137 3051 2282 3125 quod
2314 3067 2414 3124 per
2441 3068 2500 3109 se
2531 3062 2648 3122 est,
2674 3064 2728 3111 et
2768 3055 2887 3128 ejus
2917 3057 3058 3128 quod
3090 3073 3185 3126 per
3215 3057 3486 3118 accidens.
3517 3057 3588 3113 Ut

2000 3162 2097 3218 per
2121 3161 2182 3205 se
2207 3147 2425 3216 quidem
2446 3148 2591 3217 quod
2615 3149 2909 3221 triangulus
2936 3149 3143 3213 duobus
3169 3150 3330 3206 rectis
3350 3150 3587 3222 aequales

2002 3240 2166 3296 habet
2199 3248 2307 3299 tres
2328 3240 2577 3312 angulos,
2631 3256 2726 3310 per
2752 3241 3006 3299 accidens
3036 3252 3216 3299 autem
3244 3243 3386 3315 quod
3413 3244 3584 3316 aequi:

1998 3334 2225 3402 laterus,
2278 3334 2529 3403 quoniam
2576 3321 2720 3395 enim
2768 3334 2966 3391 accidit
3007 3335 3268 3406 triangulo
3309 3336 3586 3408 :equilatc-

1999 3442 2118 3483 rum
2160 3425 2482 3497 triangulum
2538 3442 2693 3497 esse,
2746 3442 2842 3499 per
2884 3427 2985 3485 hoc
3023 3427 3394 3497 cognoscimus
3447 3429 3587 3499 quod

1998 3520 2211 3577 duobus
2249 3521 2413 3577 rectis
2464 3520 2701 3590 aequales
2740 3519 2925 3575 habet.
2968 3519 3024 3574 Si
3074 3534 3203 3588 ergo
3240 3518 3388 3575 nullo
3427 3520 3589 3583 modo

1998 3614 2261 3684 contingit
2294 3613 2485 3671 eadem
2525 3629 2649 3673 esse
2696 3613 2933 3685 plurium
2984 3611 3354 3683 disciplinam,
3415 3613 3587 3668 mani-

1998 3708 2191 3764 festum
2222 3707 2479 3778 quoniam
2511 3706 2733 3763 omnino
2764 3720 2870 3761 non
2927 3706 3191 3775 contingit
3236 3717 3378 3775 esse,
3408 3713 3502 3759 aut
3538 3705 3586 3771 si

1998 3801 2180 3869 aliquo
2221 3798 2385 3861 modo
2413 3798 2693 3869 contingit,
2740 3799 3080 3857 manifestum
3108 3799 3253 3872 quOd
3300 3799 3583 3870 contingit.

1998 3892 2249 3957 Dividere
2268 3903 2449 3949 autem
2477 3891 2885 3964 quotupliciter,
2910 3891 3061 3959 utile,
3093 3900 3151 3948 ut
3179 3890 3227 3953 si
3254 3890 3585 3957 voluerimus

1995 3994 2342 4049 construere:
2364 3985 2490 4040 talia
2516 3984 2913 4055 praestatuenda
2943 3992 3067 4041 sunt
3086 3996 3421 4055 quaecunque
3450 3996 3583 4039 coa-

1997 4082 2240 4151 tingunt,
2269 4091 2327 4141 et
2380 4079 2729 4143 dividendum
2779 4080 2834 4135 in
2878 4094 2944 4136 ea
2994 4086 3202 4134 tantum
3250 4090 3584 4148 quaecunque

1995 4176 2147 4235 utilia
2188 4183 2316 4233 sunt
2369 4174 2435 4230 ad
2485 4172 2930 4237 construendum.
2970 4171 3029 4229 Si
3071 4182 3249 4231 autem
3302 4170 3585 4237 destruere

1995 4282 2334 4340 quacunque
2367 4281 2473 4323 non
2499 4267 2840 4336 contintiunt,
2872 4265 3236 4334 reliquavero
3258 4262 3579 4322 omittenda.

1994 4359 2051 4441 id
2080 4368 2260 4417 autem
2301 4356 2603 4415 faciendum
2631 4357 2684 4413 in
2720 4357 2784 4417 iis
2809 4372 2933 4412 cum
2963 4355 3179 4413 latuerit
3200 4356 3583 4429 quotupliciter

1994 4450 2269 4517 dicuntur,
2295 4460 2352 4506 et
2387 4450 2638 4507 essehoc
2664 4449 2879 4520 quidem
2914 4449 3073 4519 hujus
3103 4459 3195 4509 aut
3223 4464 3332 4509 non
3361 4464 3485 4508 esse
3512 4464 3582 4511 ex

1995 4542 2200 4599 eisdem
2229 4542 2364 4599 locis
2392 4540 2768 4609 astrueitdum.
2796 4551 2855 4601 ut
2880 4542 3239 4612 disciplinam,
3266 4542 3428 4613 hujus
3446 4542 3580 4614 qui-2

303 4650 420 4691 cus.
444 4611 713 4703 Amplius,
740 4634 786 4690 si
808 4611 1171 4705 multipliciter
1197 4633 1675 4705 dicatur,.positum
1704 4645 1888 4693 autem
1914 4611 1971 4687 υ
1994 4635 2117 4693 dem
2156 4644 2248 4693 aut
2274 4644 2332 4693 ut
2356 4636 2508 4703 linis,
2540 4645 2631 4691 aut
2664 4643 2725 4691 ut
2751 4650 2939 4691 eorum
2978 4611 3097 4705 quae
3136 4643 3262 4693 sunt
3288 4611 3356 4691 ad
3386 4611 3578 4704 tinem.

304 4727 376 4781 sit
404 4725 657 4795 quoniam
700 4724 865 4789 inest,
903 4734 997 4779 aut
1037 4728 1291 4796 quoniam
1319 4740 1426 4781 non
1457 4725 1616 4790 inest,
1658 4724 1887 4783 alterum

306 4830 610 4876 monstrare
633 4833 825 4875 eorum
857 4831 978 4888 qua:
1000 4817 1372 4887 multipliciter
1398 4814 1671 4884 dicuntur,
1702 4820 1749 4875 si
1780 4835 1886 4883 non

308 4922 532 4984 utraque
560 4913 857 4983 contingat.
888 4910 1153 4967 Utendum
1177 4919 1352 4967 autem
1382 4912 1434 4966 in
1461 4912 1526 4967 iis
1553 4928 1674 4981 quae
1698 4912 1885 4977 latent,

308 5025 433 5067 nam
460 5010 631 5067 sinon
654 5009 817 5063 lateat
842 5006 1211 5075 multipliciter
1241 5006 1439 5062 dictum
1484 5007 1720 5075 instabit,
1753 5024 1888 5079 qum

306 5104 451 5162 niam
497 5116 607 5158 non
656 5108 1012 5159 monstratum
1055 5112 1138 5157 est
1186 5098 1240 5155 id
1269 5099 1410 5170 quod
1450 5100 1563 5167 ipse
1588 5082 1885 5173 dubiiabat,

305 5196 405 5251 aed
434 5195 700 5250 alterum.
760 5192 860 5248 Hie
908 5200 1091 5249 autem
1142 5190 1293 5247 locus
1341 5190 1669 5247 convertitur
1713 5201 1768 5249 et
1819 5193 1889 5251 ad

307 5286 728 5347 construendum
782 5296 838 5343 et
878 5286 947 5343 ad
982 5284 1397 5350 destruendum,
1426 5298 1547 5340 nam
1578 5294 1889 5344 construere

308 5382 555 5437 volentes
579 5379 928 5436 ostendemus
949 5379 1201 5449 quoniam
1230 5378 1464 5434 alterum
1498 5377 1670 5445 inest,
1700 5379 1747 5433 si
1774 5393 1885 5437 non

306 5474 470 5531 ambo
500 5475 794 5545 poterimus
824 5490 837 5528 :
892 5472 1231 5528 destruentes
1268 5480 1449 5527 autem
1490 5472 1740 5541 quoniam
1780 5487 1886 5529 non

307 5569 455 5627 inest
488 5571 721 5626 alterum
751 5567 1135 5633 ostendemus,
1166 5565 1209 5619 si
1238 5565 1399 5621 ambo
1428 5579 1533 5620 non
1566 5566 1888 5637 poterimus:

309 5675 685 5721 verumtamen
698 5710 699 5713 η
714 5662 1016 5721 destruentl
1042 5661 1260 5734 quidem
1288 5660 1419 5717 nihil
1443 5670 1657 5733 oportet
1676 5677 1744 5718 ex
1763 5677 1894 5718 cou-

247 5783 254 5801 ο
308 5757 563 5819 coitione
594 5758 909 5830 disputare,
938 5770 1116 5827 neque
1160 5755 1203 5809 si
1240 5756 1418 5822 omni,
1451 5770 1645 5831 neque
1672 5756 1719 5811 si
1761 5754 1893 5815 nulli

240 5838 249 5846 ’
307 5852 509 5916 dictum
530 5854 604 5912 sit
624 5852 841 5921 inesse;
863 5867 984 5911 nam
1011 5851 1057 5910 si
1079 5850 1472 5911 ostenderimus
1499 5850 1753 5923 quoniam
1784 5866 1893 5911 non

1995 4740 2088 4787 aut
2116 4741 2176 4789 ut
2200 4744 2387 4789 eorum
2415 4744 2536 4799 qua:
2562 4738 2687 4784 sunt
2705 4728 2996 4785 secundum
3024 4726 3296 4793 accidens,
3338 4730 3420 4785 vel
3464 4743 3578 4783 rur-

1994 4839 2115 4880 sum
2152 4836 2261 4881 non
2313 4835 2433 4881 esse
2469 4821 2669 4890 aliquid
2705 4822 3003 4878 secundum
3042 4820 3283 4891 aliquem
3308 4819 3575 4876 dictorum

1997 4918 2301 4983 modorum.
2320 4917 2510 4977 eadem
2524 4926 2703 4977 autem
2722 4917 2882 4983 ratio.
2899 4926 2952 4972 et
2974 4917 3026 4972 in
3042 4915 3333 4980 desiderio,
3350 4922 3405 4970 et
3429 4928 3575 4983 quae:

1995 5026 2209 5083 cunque
2240 5011 2346 5067 alia
2377 5011 2626 5069 dicuntur
2667 5010 2918 5080 plurium.
2958 5010 3051 5066 Est
3078 5009 3224 5067 enim
3247 5006 3575 5085 desiderium

1994 5102 2152 5176 hujus
2178 5108 2270 5159 a'ut
2291 5111 2350 5160 ut
2370 5104 2516 5169 linis,
2544 5114 2602 5159 ut
2623 5104 2890 5168 sanitatis,
2914 5111 3006 5158 aut
3027 5111 3085 5158 ut
3103 5116 3288 5159 eorum
3312 5113 3434 5168 qua:
3454 5108 3575 5157 sunt

1992 5196 2060 5257 ad
2078 5196 2264 5262 ﬁnem.
2286 5204 2346 5252 ut
2367 5194 2653 5253 medicinae
2675 5194 3040 5260 conﬁciendae,
3060 5202 3152 5249 aut
3170 5202 3227 5248 ut
3247 5206 3431 5251 eorum
3456 5207 3575 5260 qua)

1995 5298 2123 5346 sunt
2148 5288 2443 5347 secundum
2467 5287 2737 5352 accidens,
2782 5287 2921 5344 utin
2968 5289 3091 5341 vino
3135 5283 3364 5345 amicum
3389 5282 3573 5352 dulce,

1995 5396 2101 5439 non
2132 5379 2262 5452 quia
2303 5378 2523 5445 viuum,
2553 5379 2648 5435 sed
2689 5381 2813 5451 quia
2850 5378 3007 5437 dulce
3047 5388 3169 5444 est,
3214 5391 3337 5433 nam
3373 5392 3471 5447 per
3516 5392 3574 5439 se

1995 5476 2151 5534 dulce
2179 5472 2475 5540 desiderat,
2509 5473 2689 5529 vinum
2713 5483 2889 5527 autem
2914 5486 3009 5541 per
3047 5468 3327 5535 accidens;
3352 5469 3399 5524 si
3428 5468 3573 5524 enim

1993 5579 2272 5626 austerum
2322 5568 2402 5635 ﬁt,
2435 5581 2542 5643 non
2592 5564 2822 5634 amplius
2872 5562 3161 5629 desiderat,
3194 5577 3290 5632 per
3324 5562 3573 5618 accidens

1994 5675 2124 5734 ergo
2170 5659 2535 5721 desiderabat.
2586 5656 2740 5717 Utilis
2768 5664 2947 5715 autem
2992 5655 3142 5711 locus
3188 5653 3278 5715 hic
3322 5662 3379 5713 et
3409 5652 3463 5708 in
3512 5651 3573 5707 iis

1993 5770 2113 5827 quae
2137 5762 2266 5813 sunt
2291 5752 2357 5809 ad
2398 5748 2620 5821 aliquid,
2655 5762 2794 5819 pene
2822 5746 2964 5804 enim
2995 5746 3118 5803 talia
3145 5760 3208 5803 ea
3245 5759 3363 5818 qua:
3390 5743 3456 5801 ad
3479 5743 3571 5809 ali,

1992 5848 2123 5927 quid
2145 5855 2290 5907 sunt.
2323 5844 2586 5917 Amplius,
2604 5840 2899 5915 transferre
2927 5844 2995 5901 ad
3024 5840 3322 5907 evidentius
3352 5851 3571 5905 nomen.
