4064 6336
500 371 600 425 9‘27

1732 365 2077 445 amatam.
2120 364 2269 420 sev.
2316 364 2537 420 socru

3680 370 3783 425 9‘25
3826 376 3829 379 ‘

501 487 569 545 Ut
600 501 695 557 pro
723 494 911 541 exacto
942 485 992 537 in
1023 480 1275 551 opinione
1302 479 1531 544 clarum,
1564 489 1620 531 et
1650 492 1749 548 pro
1775 478 2086 533 curiositate
2118 484 2169 541 Α
2197 493 2318 532 nam
2367 480 2410 533 si
2467 478 2858 536 ostenderimus
2908 494 3243 552 consequens
3289 486 3623 556 propositum
3672 503 3780 542 non

499 578 768 649 cupiditas
790 573 1179 645 superﬂuarum
1209 587 1413 637 rerum,
1438 570 1755 628 evidentiori
1786 573 1926 626 enim
1951 570 2090 625 facto

490 668 645 742 quod
675 666 875 721 dictum
924 674 1028 731 est,
1079 664 1215 719 bene
1261 661 1703 734 argumentabilis
1746 672 1828 717 est
1870 663 2085 733 positio.

502 757 597 813 Est
619 767 793 811 autent
823 754 908 810 hic
936 755 1084 810 locus
1104 755 1168 809 ad
1201 764 1486 824 utrumque
1512 753 1837 821 communis,
1869 752 1936 808 ad
1958 768 2087 808 con-

502 855 816 914 struendum
843 864 896 910 et
930 855 995 909 ad
1030 852 1432 908 destruendum.
1469 851 1547 906 Ad
1576 850 1967 906 ostendendum
1997 865 2089 905 au-

506 961 617 1008 tem
639 950 911 1005 contraria
947 948 1089 1003 circa
1120 946 1260 1002 idem
1293 945 1467 1000 inesse
1490 984 1507 1010 ,
1550 941 1998 998 considerandum
2032 941 2086 995 in

502 1057 718 1116 genere.
752 1040 821 1098 Ut
852 1042 894 1095 si
931 1040 1183 1097 volumus
1212 1037 1498 1092 ostendere
1520 1036 1661 1105 quod
1686 1044 1770 1090 est
1798 1034 1939 1087 circa
1967 1047 2089 1087 sen-

503 1152 621 1193 sum
652 1132 919 1191 rectitudo
940 1140 994 1188 et
1016 1140 1291 1203 peccatum
1310 1170 1327 1196 ,
1360 1129 1559 1184 sentire
1587 1124 1804 1199 quidem
1846 1123 2089 1195 judicare

502 1239 582 1284 εει
606 1245 624 1294 ;
648 1226 893 1299 judicare
920 1233 1099 1279 autem
1124 1231 1210 1279 est
1239 1230 1387 1277 recte
1433 1229 1489 1275 et
1519 1234 1625 1273 non
1654 1226 1831 1283 recte,
1864 1223 1918 1272 et
1943 1215 2084 1271 circa

503 1318 721 1378 sensum
772 1318 875 1374 erit
903 1316 1165 1374 rectitudo
1210 1323 1264 1368 et
1302 1321 1603 1383 peccatum.
1651 1308 1803 1363 Nunc
1849 1322 1979 1378 ergo
2022 1321 2091 1362 ex

506 1427 702 1484 genere
728 1410 871 1465 circa
898 1410 1131 1479 speciem
1156 1405 1547 1462 demonstratio
1587 1403 1665 1466 lit,
1698 1416 1818 1455 nam
1848 1398 2091 1469 judicare

494 1510 591 1561 est
616 1518 788 1574 genus
807 1501 1039 1566 sentire;
1082 1498 1171 1569 qui
1199 1511 1430 1567 namque
1479 1494 1657 1558 sentit,
1708 1493 1887 1562 aliquo
1932 1489 2092 1545 modo

504 1598 729 1667 judicat.
764 1594 996 1649 Rursum
1023 1608 1087 1648 ex
1116 1591 1295 1662 specie
1332 1590 1513 1661 generi
1543 1606 1556 1644 :
1585 1602 1918 1658 quiscunque
1947 1586 2090 1641 enim

505 1689 707 1761 speciei
739 1687 943 1754 insunt,
966 1696 1021 1743 et
1063 1687 1270 1759 generi.
1304 1685 1375 1742 Ut
1402 1685 1448 1740 si
1475 1684 1757 1755 disciplina
1791 1696 1954 1752 prava
1983 1691 2089 1745 est,

507 1788 563 1836 et
590 1780 850 1844 studiosa,
896 1789 951 1835 et
998 1778 1286 1848 diSpositio
1331 1794 1525 1848 prava,
1564 1785 1619 1833 et
1646 1777 1924 1847 studiosa,
1968 1789 2091 1830 nam

2198 585 2319 626 esse
2340 612 2354 634 ,
2391 571 2761 645 interimentes
2790 574 2991 630 erimus
3022 578 3375 645 propositum.
3407 578 3682 649 Amplius,
3712 584 3781 637 ad

2199 673 2412 746 tempus
2445 666 2832 736 inspiciendum
2863 670 2910 722 si
2939 669 3135 725 alicubi
3163 668 3435 727 dissonat.’
3462 672 3531 731 Ut
3560 674 3606 728 si
3636 676 3781 746 quod

2195 740 2428 812 nutritur
2457 759 2653 814 dixerit
2677 762 2797 830 quis
2827 776 2891 816 ex
2942 763 3262 819 necessitate
3290 765 3504 836 augeri;
3536 740 3782 823 nutriun-

2198 857 2283 903 tur
2310 849 2457 904 enim
2486 864 2701 920 semper
2721 852 2991 919 animalia,
3018 866 3280 925 augentur
3299 866 3476 913 autem
3502 875 3609 916 non
3638 875 3783 916 sem—

2198 959 2310 1013 per.
2343 943 2603 1000 Similiter
2628 954 2805 1001 autem
2848 956 2902 1002 et
2950 949 2995 1002 si
3042 949 3184 1005 scire
3227 951 3429 1008 dixerit
3470 953 3593 1022 quis
3619 955 3783 1009 remi-

2194 1037 2349 1104 uisci,
2396 1036 2499 1092 hoc
2527 1039 2669 1093 enim
2700 1041 2957 1109 preteriti
2992 1044 3249 1112 temporis
3288 1053 3391 1110 est,
3440 1044 3569 1100 illud
3602 1058 3782 1104 autem

2195 1133 2500 1200 praesentis,
2529 1139 2584 1187 et
2613 1130 2772 1188 futuri
2802 1151 2814 1200 ;
2844 1126 2982 1191 scire
3024 1138 3169 1191 enim
3208 1138 3438 1196 dicimur
3464 1143 3778 1212 praesentia,

2194 1234 2249 1279 et
2279 1223 2481 1292 futura,
2516 1234 2575 1279 ut
2619 1227 2874 1298 quoniam
2905 1229 3009 1283 erit
3046 1230 3180 1285 solis
3203 1220 3468 1299 defectus,
3506 1235 3781 1291 reminisci

2196 1326 2375 1373 autem
2425 1333 2533 1373 non
2568 1320 2834 1389 contingit
2876 1320 3019 1377 aliud
3061 1338 3220 1392 quam
3264 1327 3617 1394 prmteritum.
3652 1330 3783 1382 Arus

2196 1409 2361 1481 plius,
2388 1410 2717 1481 sophisticus
2760 1412 2953 1470 modus
2980 1416 3178 1472 ducere
3206 1417 3271 1471 ad
3305 1418 3358 1473 id
3386 1420 3451 1474 ad
3480 1420 3621 1490 quod
3662 1424 3781 1491 plu-

2184 1504 2390 1559 rimum
2424 1495 2683 1561 habemus
2711 1518 3147 1578 argumentorum
3181 1508 3506 1568 facultatem.
3538 1512 3649 1569 Hoc
3688 1530 3782 1569 au-

2188 1596 2304 1654 tem
2325 1599 2429 1655 erit
2454 1600 2771 1671 quandoque
2791 1601 3007 1672 quidem
3034 1604 3418 1671 necessarium,
3453 1608 3782 1677 quandoque

2195 1704 2375 1749 autem
2407 1707 2672 1763 apparens
2699 1696 3061 1750 necessarium
3080 1737 3094 1762 ,
3129 1696 3449 1767 quandoque
3477 1710 3655 1753 autem
3686 1712 3783 1753 nc-

2196 1800 2301 1857 que
2330 1800 2594 1857 apparens
2620 1802 2794 1858 neque
2846 1789 3233 1854 necessarium,
3268 1790 3631 1846 necessarium
3659 1793 3781 1860 qui-

497 1872 785 1943 'dispositio
814 1870 1110 1942 disciplima
1129 1886 1319 1945 genus.
1357 1869 1568 1926 Primus
1598 1879 1781 1926 autem
1812 1869 1963 1925 locus
1991 1869 2087 1922 fal-
2116 1868 2166 1931 B
2192 1878 2313 1933 dem
2333 1922 2347 1944 ,
2378 1878 2590 1950 quando
2619 1888 2849 1950 negante
2876 1895 2941 1937 eo
2985 1881 3073 1951 qui
3106 1880 3395 1950 respondet
3443 1882 3642 1953 aliquid
3677 1885 3784 1936 mi-

506 1981 599 2022 sus
625 1976 709 2022 est
729 1966 795 2023 ad
811 1966 1253 2031 construendum,
1279 1963 1547 2021 secundus
1572 1975 1750 2019 autem
1771 1979 1959 2028 verus;
1986 1977 2092 2017 non

506 2062 649 2119 enim
680 2061 1049 2116 necessarium
1077 2073 1410 2131 quaecunque
1439 2057 1624 2127 generi
1652 2058 1858 2122 insunt,
1888 2065 1942 2111 et
1972 2052 2096 2126 spe-

506 2155 610 2212 ciei
637 2157 836 2221 inesse,
865 2169 987 2209 nam
1010 2154 1206 2208 animal
1236 2161 1321 2208 est
1337 2142 1552 2207 volatile
1577 2160 1631 2207 et
1651 2150 1976 2221 quadrupes,
1999 2148 2097 2205 ho-

509 2263 597 2303 mo
626 2260 804 2303 autem
833 2262 961 2302 non.
1009 2246 1353 2317 Quaecunque
1386 2259 1516 2301 vero
1542 2244 1740 2315 speciei
1769 2246 1972 2310 insunt,
2003 2260 2097 2300 ne-

504 2340 744 2395 cessario
766 2351 817 2395 et
844 2340 1060 2409 generi:
1092 2340 1134 2393 si
1156 2340 1297 2393 enim
1323 2338 1482 2392 homo
1505 2339 1797 2407 studiosus,
1821 2349 1877 2394 et
1897 2338 2095 2395 animal

508 2436 805 2491 studiosum
843 2445 945 2490 est.
992 2434 1073 2491 Ad
1113 2434 1500 2491 destruendum
1544 2444 1725 2490 autem
1776 2444 1830 2490 et
1886 2438 2096 2505 primus

510 2531 724 2602 quidem
756 2547 947 2597 verus,
977 2531 1248 2587 secundus
1296 2539 1478 2587 autem
1530 2530 1718 2600 falsus.
1763 2545 2096 2603 quaecunque

504 2625 653 2679 'enlm
680 2622 865 2693 generi
910 2637 1015 2677 non
1059 2622 1262 2687 insunt,
1289 2636 1466 2693 neque
1489 2620 1712 2691 speciei,
1764 2636 2098 2691 quascunque

510 2730 641 2772 vero
656 2714 858 2787 speciei
888 2729 995 2769 non
1028 2714 1235 2782 insunt,
1268 2727 1375 2769 non
1409 2726 1633 2768 necesse
1661 2720 1746 2766 est
1773 2710 1961 2782 generi
1990 2726 2096 2769 non

511 2808 706 2862 inesse.
732 2804 996 2873 Quoniam
1022 2814 1201 2861 autem
1232 2805 1596 2859 necessarium
1625 2804 1694 2857 de
1717 2801 1909 2873 quibus
1932 2816 2097 2872 genus

513 2899 864 2970 przedicatur,
916 2909 971 2953 et
1023 2897 1325 2968 specierum
1379 2896 1614 2965 aliquam
1668 2895 1993 2964 praedicari,
2043 2901 2100 2949 et

512 3006 840 3064 quascunque
861 2989 1056 3044 habent
1086 3003 1277 3060 genus,
1302 2988 1384 3042 vel
1413 2987 1818 3042 denominative
1847 2987 2099 3041 dicuntur

512 3098 543 3136 a
572 3094 787 3152 genere,
819 3088 874 3136 et
898 3080 1199 3147 specierum
1229 3078 1464 3147 aliquam
1498 3077 1699 3145 habere
1745 3091 1965 3133 necesse
1990 3080 2097 3143 est,

515 3173 598 3225 vel
624 3170 1021 3226 denominative
1048 3169 1118 3223 ab
1156 3168 1333 3238 aliqua
1365 3170 1671 3238 specierum
1702 3167 1831 3224 dici.
1867 3168 1936 3225 Ut
1956 3169 2002 3225 si
2030 3169 2098 3225 de

2201 1969 2330 2025 lium
2355 1970 2421 2026 ad
2453 1971 2793 2041 positionem,
2823 1971 2889 2027 ad
2921 1972 3053 2029 illud
3080 1974 3317 2029 rationes
3339 1973 3486 2041 facit,
3520 1976 3784 2046 contingit

2198 2073 2373 2119 autem
2404 2063 2456 2119 id
2497 2065 2682 2120 talium
2728 2078 2848 2120 esse
2881 2064 2948 2120 ad
2987 2081 3105 2136 quae
3133 2067 3405 2136 copiosam
3437 2079 3784 2139 argumento-

2198 2170 2317 2211 rum
2351 2155 2653 2212 facultatem
2686 2155 2963 2213 habemus.
2991 2158 3250 2217 Similiter
3274 2168 3453 2213 autem
3476 2168 3532 2214 et
3558 2161 3779 2228 quando

2197 2246 2561 2303 inductionem
2596 2247 2662 2303 ad
2696 2247 2894 2317 aliquid
2928 2264 3022 2319 per
3050 2250 3284 2319 positum
3316 2250 3547 2319 faciens,
3596 2253 3783 2309 interi-

2198 2353 2347 2394 mere
2374 2348 2627 2403 conatur,
2679 2341 2779 2395 hoc
2807 2344 2951 2396 enim
2985 2342 3323 2412 interempto,
3355 2352 3407 2398 et
3451 2345 3782 2413 propositum

2199 2432 2548 2488 interimitur.
2572 2435 2719 2504 Appa
2729 2449 2854 2490 rens
2873 2443 3049 2491 autem
3071 2436 3428 2492 necessarium
3444 2446 3548 2501 est,
3566 2437 3783 2507 quando

2198 2524 2408 2581 videtur
2434 2524 2651 2594 quidem
2704 2526 2835 2581 utile
2860 2536 2911 2583 et
2934 2528 3335 2581 accommodum
3360 2526 3635 2598 positioni,
3669 2544 3775 2583 non

2199 2625 2281 2672 est
2309 2625 2485 2671 autem
2530 2616 2596 2671 ad
2648 2617 2698 2672 id
2747 2618 2812 2672 ad
2854 2618 2996 2687 quod
3029 2618 3161 2673 (lunt
3207 2620 3636 2689 disputationes,
3668 2623 3781 2677 sive

2199 2693 2518 2778 negante'eo
2547 2709 2634 2779 qui
2666 2708 3078 2778 disputationem
3124 2711 3373 2778 sustinet,
3422 2713 3538 2767 sive
3584 2711 3656 2767 ab
3701 2714 3781 2768 in-

2198 2800 2452 2855 ductione
2491 2799 2775 2871 probabili,
2811 2816 2907 2871 per
2936 2802 3251 2869 positionem
3295 2804 3361 2857 ad
3392 2803 3534 2860 idem
3568 2806 3781 2869 factam,

2201 2890 2511 2946 interimere
2548 2900 2773 2947 conetur
2811 2891 3076 2961 idipsum;
3118 2893 3378 2963 reliquum
3408 2909 3541 2949 vero
3568 2897 3783 2965 quando

2202 2996 2303 3037 nec
2346 2982 2711 3038 necessarium
2739 2991 2823 3038 est
2875 2997 2974 3037 nec
3003 2998 3267 3052 apparens
3315 2984 3380 3039 ad
3424 2985 3476 3040 id
3527 2987 3595 3041 ad
3642 2986 3783 3056 quod

2204 3074 2337 3129 [iant
2360 3074 2768 3144 disputationes,
2809 3084 2865 3130 et
2901 3076 3018 3133 sine
3042 3091 3203 3133 causa
3228 3078 3422 3133 accidit
3456 3078 3784 3149 redarguere

2204 3167 2641 3237 respondentem.
2684 3167 2906 3239 Oportet
2937 3179 3113 3225 autem
3159 3170 3401 3226 devitarc
3447 3176 3772 3241 postremum

514 3263 693 3331 aliquo
736 3261 1015 3331 disciplina
1059 3258 1409 3331 prmdicatur,
1462 3270 1518 3315 et
1572 3261 1926 3331 grammatica
1952 3303 1967 3327 ,
2015 3245 2175 3316 velC
2206 3260 2469 3315 dictorum
2497 3260 2736 3328 modum,
2779 3262 2999 3318 omnino
3026 3263 3167 3318 enim
3212 3272 3449 3319 semotus
3494 3273 3549 3319 et
3602 3273 3782 3319 extra-

515 3356 742 3420 musica,
775 3356 860 3411 vel
911 3355 1088 3425 aliqua
1120 3353 1529 3424 disciplinarum
1580 3353 1806 3408 aliarum
1841 3354 2099 3423 praedica-

513 3450 675 3514 bitur,
718 3459 770 3504 et
799 3449 845 3505 si
872 3448 1064 3518 aliquis
1091 3447 1248 3503 habet
1279 3446 1642 3517 disciplinam,
1674 3447 1756 3502 ve!
1787 3446 2095 3503 denomina-

513 3546 621 3600 tive
660 3541 998 3614 a‘disciplina
1030 3541 1256 3609 dicitur,
1307 3551 1363 3598 et
1398 3541 1805 3612 grammaticam
1853 3540 2092 3610 habebit,

512 3647 604 3694 aut
634 3636 917 3703 musicam,
947 3642 1040 3690 aut
1085 3634 1320 3705 aliquam
1373 3632 1602 3690 aliarum
1648 3632 2052 3702 disciplinarum
2076 3674 2092 3700 ,

510 3731 594 3787 vel
624 3729 1021 3787 denominative
1042 3728 1110 3784 ab
1132 3728 1308 3800 aliqua
1330 3742 1519 3784 earum
1545 3726 1779 3796 dicetur,
1812 3733 1870 3782 ut
1912 3741 2092 3798 gram-

510 3824 761 3887 maticus,
794 3821 881 3877 vel
912 3822 1185 3887 musicus;
1217 3820 1263 3877 si
1294 3820 1454 3891 igitur
1478 3818 1679 3890 aliquid
1710 3819 1916 3876 dictum
1946 3835 1977 3875 a
1998 3835 2091 3890 ge-

510 3929 641 3969 nere
667 3925 881 3983 quoquo
917 3910 1080 3967 modo
1124 3920 1183 3967 ut
1210 3910 1444 3967 animam
1477 3911 1701 3979 moveri,
1749 3913 2095 3968 consideran-

511 4006 636 4061 ‘dum
710 4004 805 4060 est
864 4003 1159 4060 secundum
1240 4001 1472 4073 aliquam
1547 4002 1849 4071 specierum
1916 4012 2094 4059 motus

510 4096 768 4166 Contingit
807 4095 1053 4150 animam-
1082 4092 1327 4161 moveri,
1379 4101 1440 4149 ut
1489 4092 1708 4164 augeri,
1741 4094 1827 4150 vel
1880 4094 2089 4162 minui,

510 4189 594 4244 vel
658 4188 981 4257 corrumpi,
1057 4188 1138 4242 vel
1208 4180 1457 4255 generari
1501 4227 1516 4251 ,
1595 4197 1686 4241 aut
1760 4201 2095 4259 quaecunque

510 4281 629 4335 aliae
694 4290 872 4336 metus
938 4280 1149 4350 species
1224 4288 1349 4335 sunt
1405 4294 1420 4330 :
1487 4292 1611 4333 nam
1675 4279 1723 4334 si
1792 4280 2091 4335 secundum

511 4371 711 4428 nullam
747 4414 763 4440 ,
839 4370 1180 4428 manifestum
1253 4379 1337 4426 est
1410 4370 1554 4441 quod
1627 4386 1734 4427 non
1782 4384 2091 4429 emovetur.

514 4464 613 4521 llic
633 4473 810 4519 autem
840 4462 990 4519 locus
1016 4464 1317 4519 communis
1343 4461 1410 4518 ad
1442 4472 1747 4536 utrumque,
1779 4475 1836 4521 et
1871 4465 1939 4519 ad
1964 4480 2095 4521 con-

510 4556 847 4622 Strucndum,
894 4563 950 4611 et
976 4554 1043 4610 ad
1073 4544 1505 4622 destruendum;
1526 4557 1569 4613 si
1612 4557 1755 4612 enim
1797 4557 2090 4613 secundum

2204 3366 2338 3407 neus
2366 3351 2579 3407 videtur
2617 3365 2739 3407 esse
2763 3367 2791 3406 a
2820 3351 3121 3409 dialectica.
3151 3353 3330 3419 Quare
3360 3364 3574 3424 oportet
3610 3364 3661 3410 et
3693 3370 3777 3409 re-

2200 3448 2554 3519 spondentem
2598 3464 2705 3505 non
2751 3450 2984 3518 graviter
3044 3450 3200 3514 ferre,
3249 3450 3344 3506 sed
3385 3451 3633 3522 ponendo
3658 3468 3777 3521 qua:

2200 3559 2305 3599 non
2332 3545 2476 3598 utilia
2507 3554 2630 3599 sunt
2655 3543 2722 3598 ad
2751 3544 3070 3612 positionem
3109 3544 3409 3613 significare
3446 3561 3779 3616 quaecunque

2199 3650 2305 3691 non
2337 3635 2584 3691 videntur
2616 3652 2631 3691 :
2666 3636 2813 3705 ponit
2861 3645 3060 3700 tamen,
3112 3650 3231 3690 nam
3285 3639 3452 3708 magis
3496 3640 3779 3709 perplexas

2198 3741 2321 3784 esse
2371 3738 2429 3785 ut
2481 3729 2762 3798 plurimum
2815 3726 3078 3796 contingit
3133 3742 3230 3783 eos
3282 3729 3375 3799 qui
3428 3730 3778 3799 interrogant,

2197 3821 2413 3890 quando
2459 3822 2635 3877 omnia
2668 3820 2975 3892 huiusmodi
3020 3822 3090 3877 ab
3129 3822 3209 3877 eis
3264 3822 3435 3892 posita
3485 3822 3704 3888 fuerint,
3737 3826 3780 3878 si

2198 3928 2303 3969 non
2339 3913 2685 3969 concludunt.
2740 3915 2999 3984 Amplius.
3055 3916 3230 3971 omnis
3259 3915 3347 3985 qui
3399 3915 3532 3970 dixit
3583 3932 3781 3971 unum-

2195 4003 2448 4074 quodvis,
2494 4006 2722 4076 quodam
2752 4006 2911 4061 modo
2940 4007 3103 4062 multa
3134 4007 3297 4072 dixit,
3330 4022 3396 4062 eo
3438 4008 3583 4077 quod
3626 4008 3775 4077 plura

2197 4096 2484 4168 unicuique
2508 4113 2573 4155 ex
2618 4098 2937 4154 necessitate
2978 4100 3361 4169 consequentia
3409 4108 3531 4154 sunt
3572 4099 3779 4168 (utqui

2199 4191 2471 4247 hominem
2500 4190 2633 4246 dixit
2659 4206 2801 4255 esse,
2844 4200 2899 4245 et
2948 4192 3090 4262 quod
3139 4191 3334 4246 animal
3382 4200 3466 4245 est
3516 4191 3674 4255 dixit,
3728 4202 3780 4246 et

2195 4284 2338 4354 quod
2386 4283 2697 4348 animatum,
2724 4293 2777 4338 et
2807 4285 2949 4353 quod
2998 4284 3164 4353 bipes,
3209 4291 3264 4338 et
3302 4281 3443 4352 quod
3476 4283 3696 4347 mentis,
3725 4293 3779 4336 et

2194 4374 2490 4444 disciplinae
2539 4374 2954 4444 susceptivum);
3003 4390 3171 4443 quare
3218 4376 3409 4446 quovis
3450 4389 3557 4429 uno
3588 4388 3780 4430 conseo

2192 4467 2467 4536 quentium
2525 4467 2843 4537 interempto
2867 4506 2881 4532 ,
2914 4467 3235 4522 interimitur
3279 4476 3336 4521 et
3364 4465 3504 4535 quod
3536 4469 3587 4521 in
3621 4468 3777 4537 prin-

2197 4558 2339 4629 cipio
2376 4568 2477 4625 est,
2524 4573 2717 4613 cavere
2742 4566 2919 4612 autem
2948 4566 3161 4627 oportet
3190 4561 3241 4613 in
3275 4558 3582 4629 hujusmodi
3636 4559 3777 4613 difﬁ-

511 4652 740 4721 aliquam
785 4651 1018 4721 speciem
1044 4658 1309 4717 movetur,
1355 4650 1700 4720 perspicuum
1730 4659 1815 4707 est
1839 4653 2090 4720 quoniam
2119 4639 2402 4706 Dcilioris
2428 4650 2846 4719 assumptionem
2896 4649 3116 4705 facere:
3158 4665 3284 4704 nam
3331 4648 3652 4719 quandoque
3698 4652 3778 4703 fa-

509 4750 786 4813 mnietur,
832 4751 887 4798 et
928 4742 973 4796 si
1018 4741 1312 4798 secundum
1341 4742 1542 4797 nullam
1572 4742 1871 4813 specierum
1904 4758 2089 4801 move-

509 4846 616 4906 tur,
646 4836 991 4893 manifestum
1018 4835 1159 4907 quod
1191 4852 1294 4890 non
1323 4844 1590 4893 movetur.
1625 4835 1761 4892 Cum
1806 4846 1985 4895 autem
2014 4839 2092 4894 fa-’

508 4931 677 4986 euitas
707 4946 813 4986 non
856 4930 996 4986 adsit
1022 4928 1498 4999 argumentationis
1536 4929 1604 4985 ad
1635 4931 1975 5000 positionem,
2008 4932 2091 4988 in-

510 5022 833 5077 tendendum
857 5036 921 5076 ex
951 5019 1351 5075 definitionibus
1378 5028 1469 5075 aut
1501 5035 1625 5091 quae
1648 5032 1774 5078 sunt
1801 5025 2091 5094 propositae

508 5114 607 5179 rei,
641 5113 724 5167 vel
761 5128 881 5184 quae
918 5112 1222 5179 videantur,
1261 5121 1314 5168 et
1342 5113 1387 5167 si
1438 5128 1545 5168 non
1582 5113 1652 5168 ab
1698 5131 1819 5181 una,
1853 5117 2016 5173 etiam
2059 5132 2091 5173 a

512 5204 772 5272 pluribus.
808 5202 986 5263 Facile
1012 5203 1156 5257 enim
1184 5202 1561 5261 deiinientibus
1581 5210 1942 5278 argumentari
1967 5211 2089 5277 erit,

512 5311 633 5349 nam
678 5294 744 5350 ad
792 5294 1132 5350 definitiones
1172 5294 1343 5351 facilis
1386 5300 1800 5368 argumentatio.
1833 5299 2093 5358 Conside-

512 5386 734 5442 randum
766 5394 943 5442 autem
987 5386 1039 5442 in
1070 5387 1367 5457 proposito,
1409 5391 1663 5459 quoniam
1693 5392 1963 5448 existente
1994 5409 2089 5451 ne-

510 5494 660 5537 cesse
686 5487 767 5535 est
792 5479 1022 5549 positum
1053 5494 1196 5545 esse,
1228 5490 1317 5536 aut
1345 5482 1470 5551 quid
1498 5491 1583 5537 est
1628 5498 1690 5538 ex
1742 5487 2085 5554 necessitate,

512 5578 557 5631 si
603 5577 932 5645 propositum
972 5584 1075 5632 est.
1104 5575 1433 5633 Construere
1482 5578 1701 5647 quidem
1747 5578 1946 5634 volenti
1992 5594 2096 5648 quo

511 5667 778 5723 existente
801 5669 1134 5737 propositum
1157 5668 1261 5724 erit
1286 5682 1352 5723 ex
1376 5669 1715 5734 necessitate,
1746 5685 1868 5725 nam
1898 5672 1944 5725 si
1970 5672 2097 5728 illud

514 5759 829 5816 ostendatur
857 5772 1015 5823 esse,
1047 5762 1100 5815 et
1127 5760 1461 5831 pr0positum
1504 5770 1780 5817 ostensum
1823 5762 1957 5827 erit,
2006 5763 2101 5819 de-

516 5858 725 5907 struere
778 5860 956 5906 autetn
987 5851 1189 5907 volenti
1231 5852 1355 5921 quid
1384 5861 1467 5907 est
1515 5854 1557 5906 si
1610 5853 1943 5923 propositum
1972 5864 2092 5922 est,

2196 4742 2300 4797 cile
2328 4751 2415 4796 est
2438 4754 2775 4809 consequens
2799 4742 3129 4807 interimere,
3162 4742 3481 4812 quandoque
3515 4742 3564 4797 id
3601 4744 3771 4812 ipsum

2195 4834 2547 4902 propositum.
2592 4832 3011 4902 Quibuscunque
3052 4833 3230 4887 autem
3278 4844 3502 4888 necesse
3526 4841 3613 4888 est
3635 4834 3774 4888 alte-

2195 4938 2312 4981 rum
2344 4933 2547 4979 tantum
2576 4925 2772 4989 inesse,
2803 4926 2887 4980 vel
2920 4940 3022 4980 non
3053 4926 3252 4992 inesse,
3295 4934 3352 4979 ut
3382 4924 3587 4979 homini
3620 4928 3773 4994 aegri-

2193 5015 2455 5081 tudinem,
2491 5016 2573 5072 vel
2604 5016 2917 5084 sanitatem,
2958 5016 3002 5070 si
3044 5018 3113 5070 ad
3140 5016 3365 5071 alterum
3392 5016 3551 5072 facile
3577 5016 3778 5086 poteri-

2199 5121 2319 5164 mus
2346 5088 2621 5177 disputare
2656 5108 2797 5179 quod
2826 5108 2987 5173 inest,
3019 5107 3103 5164 vel
3133 5122 3240 5162 non
3268 5108 3431 5175 inest,
3459 5117 3516 5164 et
3542 5108 3611 5163 ad
3654 5109 3778 5165 reli-

2198 5216 2360 5272 quum
2395 5201 2550 5257 facile
2598 5202 2914 5271 poterimus.
2969 5201 3079 5258 Hoc
3119 5212 3297 5257 autem
3339 5206 3671 5259 convertitur
3710 5203 3775 5259 ad

2198 5306 2503 5366 utrumque.
2557 5295 2913 5351 Ostendentes
2963 5296 3105 5351 enim
3146 5295 3289 5365 quod
3338 5296 3479 5352 inest
3524 5298 3776 5364 alterum,

2199 5387 2339 5458 quod
2369 5402 2472 5443 non
2506 5387 2647 5442 inest
2674 5387 2935 5457 reliquum
2962 5384 3309 5443 ostendentes
3337 5387 3563 5454 erimus;
3604 5390 3651 5444 si
3676 5404 3771 5443 au-

2202 5490 2308 5537 tem
2336 5480 2476 5548 quod
2530 5494 2634 5535 non
2687 5481 2825 5536 inest
2870 5480 3239 5546 ostendamus,
3287 5481 3553 5551 reliquum
3603 5483 3776 5538 inesse

2200 5573 2545 5628 ostendentes
2594 5573 2834 5638 erimus;
2884 5572 3226 5628 manifestum
3288 5572 3451 5643 igitur
3514 5573 3657 5643 quod
3709 5573 3774 5628 ad

2202 5676 2487 5733 utrumque
2513 5665 2661 5720 utilis
2705 5664 2791 5722 hic
2831 5664 2983 5721 locus
3006 5674 3108 5722 est.
3136 5664 3387 5737 Amplius
3408 5665 3774 5737 argumentari

2203 5760 2576 5816 transferendo
2605 5774 2799 5815 nomen
2826 5760 2879 5814 in
2912 5759 3236 5826 orationem,
3274 5774 3395 5816 cum
3426 5761 3585 5831 longe
3609 5761 3773 5829 magis

2204 5863 2619 5913 consentaneum
2647 5855 2818 5909 visum
2843 5855 2997 5910 fuerit
3027 5865 3383 5915 transsumere
3402 5868 3560 5924 quam
3592 5865 3650 5910 ut
3678 5869 3771 5921 po-
