4064 6336
476 301 575 359 9M

1708 296 1817 377 AN.
1857 294 2062 357 MANL.
2101 294 2257 359 sev.
2300 296 2523 357 somn

3656 296 3758 357 932

477 418 845 485 nequaquam:
874 415 966 471 sed
997 427 1316 480 econverso,
1347 426 1453 468 non
1482 412 1702 478 animal,
1736 428 1841 469 non
1887 413 2066 469 homo.
2094 418 2148 476 Α
2176 414 2418 469 eamdem
2463 410 2894 482 eonjugationem
2943 409 3123 465 omnia
3143 451 3160 481 ,
3199 420 3258 467 ut
3278 412 3512 480 iustitia.
3544 410 3753 483 justus,

437 490 444 498 ’
479 504 537 565 In
563 507 810 560 omnibus
826 505 983 575 igitur
998 507 1099 560 tale
1117 514 1201 560 est
1227 503 1665 569 existimandum,
1698 504 1811 560 utsi
1837 504 2057 572 bonum,

476 611 663 667 suave,
696 610 750 654 et
778 613 886 655 non
912 614 1097 665 suave,
1127 615 1234 656 non
1260 599 1491 667 bonum;
1516 600 1565 656 si
1594 610 1775 656 autem
1806 614 1914 657 non
1939 600 2062 667 hoc,

480 706 580 768 nec
606 690 759 758 illud,
793 691 1040 748 similiter
1065 702 1242 747 autem
1286 701 1343 751 et
1369 692 1415 748 si
1450 708 1556 748 non
1582 707 1779 761 suave,
1825 709 1930 750 non
1963 692 2064 748 bo-

478 798 625 846 num,
650 784 849 838 bonum
870 799 1053 855 suaye.
1080 784 1416 841 Manifestum
1434 782 1594 856 igitur
1615 785 1760 856 quod
1782 794 2067 856 utrumque

480 876 858 947 convertitur,
911 893 1032 949 qua:
1092 878 1391 933 secundum
1445 878 1928 937 contradictionem
1980 889 2065 934 est

478 968 863 1041 consequentia
901 984 1200 1028 econverso
1258 971 1412 1027 facta.
1446 970 1503 1026 1n
1547 971 1838 1029 contrariis
1883 980 2062 1027 autem

477 1062 928 1119 considerandum
964 1065 1009 1119 si
1061 1063 1390 1119 contrarium
1429 1065 1758 1119 contrarium
1789 1071 2063 1134 sequatur,

480 1168 547 1223 an
593 1164 779 1209 eontra
829 1155 1007 1226 seipsa
1060 1154 1487 1225 consequentia,
1540 1169 1608 1210 an
1645 1168 1979 1222 eeonverso,
2010 1163 2067 1209 et

477 1245 809 1301 interimenti
839 1257 894 1301 et
913 1243 1270 1302 eoustruenti.
1295 1245 1523 1302 Sumere
1549 1254 1726 1301 autem
1758 1254 1814 1300 et
1839 1244 1959 1301 talia
1981 1253 2067 1299 est

478 1351 544 1409 ex
575 1338 884 1394 inductione
911 1347 1165 1409 quantum
1201 1336 1333 1392 utile
1360 1345 1466 1404 est,
1514 1345 1699 1391 contra
1726 1334 1902 1403 ipsum
1929 1349 2063 1391 con-

478 1430 754 1499 sequentia
797 1438 923 1497 est,
968 1439 1025 1484 ut
1056 1429 1108 1483 in
1151 1428 1468 1485 fortitudine
1499 1437 1553 1483 et
1581 1427 1908 1494 timiditate;
1940 1443 2063 1483 nam

477 1520 627 1577 illam
654 1521 874 1593 quidem
899 1522 1143 1592 sequitur
1175 1523 1368 1588 virtus,
1400 1521 1541 1576 hanc
1564 1531 1741 1577 autem
1771 1520 1983 1587 vitium,
2012 1530 2069 1577 et

480 1611 630 1667 illam
655 1613 867 1683 quidem
893 1615 1134 1685 sequitur
1154 1614 1487 1685 eligendum,
1510 1613 1650 1670 hanc
1667 1622 1847 1670 autem
1873 1614 2074 1686 lugieu-

477 1703 607 1760 dum
642 1722 656 1759 :
684 1704 844 1776 igitur
874 1716 1060 1762 contra
1096 1706 1275 1777 seipsa
1304 1717 1363 1763 et
1410 1708 1600 1763 horum
1649 1707 2029 1778 consequentia
2053 1748 2068 1775 ,

2164 507 2390 576 justum,
2412 506 2589 577 juste;
2615 504 2957 563 manifestum
2985 506 3145 575 igitur
3160 505 3416 575 quoniam
3435 520 3543 561 uno
3567 509 3757 577 quovis

2168 611 2393 657 ostenso
2430 614 2615 656 eorum
2642 612 2761 670 quae
2801 596 3096 655 secundum
3135 597 3381 653 eamdem
3421 598 3765 670 eoujugatio-

2170 708 2295 750 nem
2349 693 2635 759 dieuutur,
2688 699 2749 747 ut
2794 692 2974 757 bono,
3031 690 3117 746 vel
3144 689 3433 757 laudabili,
3464 703 3516 745 et
3555 692 3757 762 reliqua

2170 785 2352 842 omnia
2371 794 2593 841 ostensa
2622 792 2770 850 sunt,
2795 783 2921 839 utsi
2939 780 3148 853 justitia
3175 789 3263 836 est
3304 780 3680 848 laudabilium,
3708 790 3764 836 et

2166 878 2335 949 justo,
2353 878 2550 947 justus.
2572 884 2772 947 justum
2794 872 3166 940 laudabilium;
3188 872 3400 929 dicetur
3422 885 3605 931 autem
3614 871 3764 944 iuste

2170 982 2226 1028 et
2277 969 2620 1027 laudabiliter
2669 968 2966 1026 secundum
3006 966 3257 1023 eumdem
3312 979 3498 1021 casum
3534 968 3687 1035 (nam
3730 979 3763 1022 a

2172 1063 2455 1135 laudabili)
2505 1061 2959 1135 quemadmodum
3005 1060 3153 1131 juste
3184 1074 3212 1114 a
3239 1058 3471 1129 justitia.
3499 1056 3763 1116 Conside-

2172 1161 2400 1217 randum
2427 1169 2609 1218 autem
2639 1175 2747 1216 non
2773 1159 2949 1214 solum
2978 1157 3034 1213 in
3055 1170 3123 1214 eo
3141 1156 3283 1228 quod
3312 1156 3513 1213 dictum
3539 1164 3645 1224 est,
3670 1156 3765 1212 sed

2172 1265 2228 1313 et
2256 1256 2309 1310 in
2347 1254 2621 1311 contrario
2664 1252 3018 1310 contrarium.
3052 1251 3122 1309 Ut
3149 1251 3297 1322 quod
3326 1254 3526 1307 bonum
3558 1264 3668 1307 non
3695 1262 3763 1307 ex

2174 1347 2498 1407 necessitate
2514 1360 2699 1416 suave,
2723 1358 2901 1418 neque
2916 1344 3059 1401 enim
3081 1344 3283 1399 malum
3303 1344 3476 1412 triste,
3500 1348 3559 1398 ut
3585 1342 3631 1398 si
3665 1341 3763 1398 hoc

2175 1453 2228 1501 et
2251 1443 2409 1513 illud,
2435 1452 2487 1498 et
2509 1443 2554 1498 si
2578 1442 2785 1515 justitia
2810 1441 3056 1507 scientia,
3077 1449 3134 1494 et
3156 1437 3417 1510 injustitia
3441 1437 3763 1507 ignorantia,

2176 1545 2230 1593 et
2253 1536 2300 1592 si
2328 1536 2471 1608 quod
2494 1535 2641 1608 juste
2670 1542 2774 1598 est.
2797 1533 3036 1591 scienter
3054 1542 3110 1587 et
3130 1532 3477 1602 esperienter
3496 1538 3603 1596 est,
3621 1529 3765 1600 quod

2176 1629 2374 1700 injuste
2421 1637 2523 1696 est,
2559 1628 2873 1699 ignoranter
2899 1635 2954 1682 et
3001 1626 3346 1696 experienter
3370 1633 3478 1691 est,
3510 1623 3559 1677 si
3587 1632 3764 1677 autem

2178 1723 2294 1779 hac
2322 1736 2427 1778 non
2474 1737 2574 1779 nec
2603 1722 2692 1778 illa
2721 1766 2735 1789 ,
2769 1720 2917 1778 Velut
2942 1720 2998 1777 in
3048 1720 3151 1775 hoc
3174 1718 3317 1790 quod
3361 1730 3506 1773 nunc
3527 1717 3764 1783 dictum,

482 1797 814 1854 contrarium
843 1800 987 1855 enim
1015 1800 1327 1870 eligendum
1376 1800 1653 1872 fugiendo,
1698 1799 1948 1856 similiter
1977 1814 2069 1855 au-

2179 1834 2301 1875 nam
2335 1818 2505 1891 magis
2532 1819 2715 1886 utique
2757 1815 3055 1887 apparebit,
3084 1814 3227 1884 quod
3260 1812 3460 1881 injuste
3482 1802 3769 1880 experien-

477 1898 588 1947 tsm
620 1900 675 1946 et
703 1892 755 1947 in
785 1891 928 1949 aliis.
979 1892 1288 1950 Econverso
1330 1902 1510 1951 autem
1541 1893 1959 1963 consequentia,
2015 1900 2074 1947 ut

480 1982 677 2039 bonam
706 1983 920 2054 quidem
953 1984 1321 2040 habitudinem
1351 1986 1555 2041 sanitas
1578 1984 1840 2053 sequitur,
1872 1982 2075 2038 malam

480 2082 660 2130 autem
690 2074 1060 2133 habitudinem
1090 2077 1355 2147 :egritudo
1385 2091 1745 2147 nequaquam,
1773 2074 1873 2131 sed
1908 2074 2076 2145 (egri-

481 2164 724 2219 tudinem
770 2165 907 2220 mala
939 2165 1215 2230 habitudo,
1250 2167 1597 2224 manifestum
1631 2166 1792 2237 igitur
1817 2168 2071 2238 quoniam

477 2247 789 2314 econverso'
819 2258 871 2313 in
901 2257 985 2314 his
1014 2260 1391 2330 consequentia
1426 2260 1500 2314 lit.
1532 2259 1675 2316 Raro
1702 2268 1882 2316 autem
1908 2274 2074 2316 econ-

480 2358 640 2401 verso
677 2346 869 2403 accidit
908 2347 961 2403 in
1005 2350 1310 2413 contrariis,
1340 2349 1435 2406 sed
1452 2350 1506 2406 in
1533 2350 1773 2421 pluribus
1795 2350 1850 2406 in
1892 2352 2072 2420 seipsa

481 2438 905 2509 consequentia;
957 2438 1005 2493 si
1035 2453 1167 2508 ergo
1192 2454 1369 2511 neque
1398 2450 1585 2497 contra
1632 2442 1811 2514 seipsa
1851 2450 2071 2499 contra-

483 2525 626 2582 rium
646 2527 890 2598 sequitur
944 2529 1296 2596 contrarium,
1328 2546 1505 2602 neque
1538 2548 1865 2602 eeonverso,
1899 2534 2074 2588 mani-

485 2612 683 2673 festum
710 2618 965 2688 quoniam
991 2634 1164 2689 neque
1184 2635 1370 2678 eorum
1387 2637 1507 2691 qua:
1531 2623 1671 2679 dicta
1695 2633 1824 2680 sunt
1842 2624 2073 2680 alterum

485 2708 728 2776 sequitur
782 2709 1029 2777 alterum,
1075 2710 1121 2766 si
1150 2719 1329 2767 autem
1374 2713 1427 2767 in
1459 2716 1746 2770 contrariis
1769 2756 1786 2784 ,
1817 2724 1875 2773 et
1908 2717 1960 2771 in
2007 2715 2073 2771 iis

483 2814 604 2872 quae
634 2801 774 2858 dicta
801 2813 928 2860 sunt
954 2820 1177 2861 necesse
1206 2806 1436 2862 alterum
1483 2808 1637 2879 sequi
1676 2809 1931 2864 alterum.
1980 2810 2072 2865 Si-

483 2891 684 2953 militer
707 2904 883 2950 autem
905 2897 1213 2963 contrariis,
1243 2898 1372 2954 etin
1405 2899 1819 2969 privationibus,
1842 2911 1895 2957 et
1917 2901 2074 2957 habi-

483 2972 627 3041 tibus
663 2986 1082 3057 respiciendum.
1110 2988 1494 3046 Verumtamen
1527 3005 1634 3045 non
1664 3000 1747 3046 est
1790 2990 1844 3046 in
1896 2993 2077 3062 priva-

480 3068 721 3135 tionibus
747 3093 1071 3144 eeonverso,
1098 3080 1193 3135 sed
1215 3088 1401 3136 contra
1431 3080 1609 3152 seipsa
1632 3082 2073 3152 consequentiam

483 3170 848 3226 necessarium
870 3179 1189 3239 estsemper
1218 3170 1361 3239 ﬁeri,
1383 3172 1549 3229 veluti
1574 3174 1746 3229 visunt
1775 3175 1928 3246 sequi
1949 3186 2073 3230 sen-
2103 3212 2133 3246 ,-

2181 1923 2263 1969 ter
2290 1920 2447 1983 quam
2478 1913 2896 1981 inexpcrienter.
2926 1909 3027 1965 Hic
3053 1917 3233 1963 autem
3262 1907 3418 1963 locus
3459 1906 3640 1963 dictus
3686 1914 3769 1963 est

2178 2008 2325 2078 prius
2353 2009 2406 2062 in
2428 2007 2820 2063 contrariorum
2843 2003 3267 2076 consequentiis,
3297 2002 3429 2059 nihil
3451 2002 3598 2058 enim
3621 1999 3767 2057 aliud

2176 2116 2320 2158 nunc
2346 2101 2681 2158 ostendimus
2707 2114 2863 2171 quam
2881 2099 3207 2155 contrarium
3228 2096 3380 2168 sequi
3410 2095 3767 2152 contrarium.

2176 2198 2421 2268 Amplius
2448 2198 2498 2253 in
2527 2196 2995 2268 generationibus,
3039 2204 3094 2250 et
3116 2191 3580 2263 corruptionibus,
3609 2200 3666 2245 et
3692 2188 3771 2245 εἴη

2178 2293 2385 2349 lectivis
2406 2335 2420 2360 ,
2453 2300 2509 2347 et
2557 2290 2880 2362 corruptiyis
2899 2333 2913 2356 ,
2944 2298 2999 2344 et
3022 2288 3378 2352 interimenti,
3404 2296 3459 2342 et
3483 2284 3766 2340 astruenti.

2176 2385 2415 2453 Quorum
2444 2385 2585 2441 enim
2612 2383 2985 2455 generationes
3014 2382 3169 2439 bonae
3194 2388 3340 2447 sunt,
3374 2386 3428 2434 et
3458 2379 3578 2449 ipsa
3630 2378 3770 2431 bona

2177 2486 2323 2548 sunt,
2353 2490 2405 2535 et
2435 2479 2477 2534 si
2512 2479 2623 2550 ipsa
2657 2478 2795 2533 bona
2824 2482 2970 2545 sunt,
3005 2484 3059 2532 et
3088 2474 3466 2543 generationes
3497 2467 3687 2536 bonae;
3722 2469 3772 2528 si

2176 2583 2353 2629 autem
2382 2572 2758 2644 generationes
2809 2571 2963 2625 mal-.e
2987 2610 3003 2636 ,
3035 2577 3090 2625 et
3116 2570 3230 2639 ipsa
3262 2564 3423 2622 mala.
3457 2565 3513 2621 In
3541 2577 3771 2634 corrups

2176 2664 2413 2719 tionibus
2431 2670 2606 2718 autem
2631 2662 2954 2725 econtrario,
2974 2675 3097 2714 nam
3116 2660 3161 2714 si
3186 2657 3564 2728 corruptiones
3584 2655 3765 2723 bona,

2132 2769 2139 2774 ‘
2177 2756 2289 2826 ipsa
2346 2754 2520 2819 mala;
2560 2753 2605 2808 si
2651 2763 2827 2807 autem
2859 2751 3233 2821 corruptiones
3273 2748 3457 2814 malai,
3490 2749 3604 2819 ipsa
3646 2754 3773 2803 sunt

2177 2850 2336 2905 bona.
2373 2847 2569 2904 Eadem
2598 2847 2737 2902 ratio
2766 2855 2820 2901 et
2863 2845 2916 2902 in
2961 2842 3221 2901 elfeetivis
3246 2884 3262 2911 ,
3300 2851 3355 2899 et
3408 2840 3769 2911 corruptivis:

2177 2955 2401 3012 quorum
2427 2939 2570 2995 enim
2596 2938 2837 2992 effectiva
2880 2937 3018 2992 bona
3041 2976 3057 3001 ,
3091 2944 3148 2992 et
3174 2937 3288 3007 ipsa
3318 2935 3494 3000 bona;
3538 2944 3771 3004 quorum

2177 3045 2306 3089 vero
2326 3029 2626 3100 corruptiva
2654 3030 2814 3094 bona,
2847 3028 2961 3098 ipsa
2988 3024 3149 3083 mala.

2784 3165 3011 3223 CAPUT
3052 3164 3141 3221 IV.

479 3250 601 3317 sum
623 3298 641 3328 ,
691 3261 990 3317 caecitatem
1018 3221 1198 3318 autrem
1238 3221 1750 3333 insensibilitatem;
1781 3221 2073 3338 op‘ponitur
2101 3221 2151 3291 Ο
2176 3257 2262 3315 Ex
2278 3258 2562 3331 similibus,
2588 3260 2945 3338 apparitione,
2974 3258 3158 3338 magis,
3191 3256 3397 3338 minus,
3447 3254 3771 3328 simpliciter,

479 3352 625 3408 enim
673 3366 867 3409 sensus
913 3354 1344 3424 insensibilitati,
1379 3366 1435 3413 ut
1479 3358 1695 3415 habitus
1720 3369 1776 3416 et
1822 3361 2070 3431 privatio,

480 3458 608 3502 nam
636 3444 767 3521 illud
795 3446 987 3504 horum
1015 3448 1231 3520 quidem
1264 3449 1501 3518 habitus,
1536 3450 1639 3507 hoc
1665 3459 1844 3509 autem
1892 3456 2074 3526 priva-

476 3539 555 3611 tio
583 3548 688 3601 est.
738 3539 1000 3598 Similiter
1024 3550 1204 3598 autem
1257 3542 1463 3601 babitui
1492 3553 1547 3601 et
1575 3544 1900 3615 privationi,
1932 3556 1987 3603 et
2013 3547 2068 3605 in

474 3631 544 3691 iis
562 3650 684 3706 quae
702 3644 830 3693 sunt
849 3636 918 3693 ad
937 3637 1164 3709 aliquid,
1186 3639 1463 3706 utendum,
1490 3652 1679 3696 contra
1703 3642 1881 3712 seipsa
1896 3641 2068 3710 enim,

472 3734 529 3787 et
559 3727 753 3784 horum
782 3731 1188 3800 consequentia,
1221 3740 1277 3785 ut
1309 3732 1355 3787 si
1396 3730 1613 3802 triplum
1650 3733 1980 3806 multiplum,
2016 3743 2072 3791 et

471 3818 797 3890 subtriplum
838 3822 1249 3892 submultiplum
1276 3823 1475 3879 dicitur
1505 3842 1519 3879 :
1562 3824 1759 3882 dicitur
1787 3826 1931 3883 enim
1976 3827 2071 3882 tri-

470 3904 618 3983 plum
662 3913 876 3985 quidem
916 3914 984 3969 ad
1023 3913 1344 3986 subtriplum
1369 3957 1385 3983 ,
1417 3917 1723 3987 multiplum
1773 3928 1951 3975 autem
2002 3919 2069 3975 ad

470 4003 901 4076 submultiplum.
935 4005 1167 4075 Rursus,
1191 4007 1238 4061 si
1277 4009 1501 4064 scientia
1534 4010 1745 4079 Opinio,
1772 4019 1830 4066 et
1881 4010 2069 4067 scibile

469 4095 777 4168 opinabile,
821 4106 876 4154 et
914 4097 962 4155 si
993 4100 1140 4156 visus
1165 4114 1392 4168 sensus,
1432 4111 1487 4157 et
1529 4101 1745 4158 visibile
1786 4104 2065 4160 sensibile.

469 4187 749 4259 laetantia,
777 4190 918 4262 quod
951 4207 1058 4249 non
1109 4208 1335 4250 necesse
1364 4203 1447 4250 est
1494 4192 1551 4249 in
1583 4194 1650 4249 iis
1698 4211 1819 4267 qua:
1848 4208 1971 4252 sunt
2000 4197 2067 4253 ad

469 4272 667 4350 aliquid
681 4282 1118 4352 consequentiam
1136 4282 1248 4338 fleri
1262 4283 1720 4355 quemadmoddm
1737 4285 1945 4343 dictum
1961 4299 2067 4357 est,

469 4386 593 4427 nam
609 4373 862 4431 sensibile
882 4374 1070 4432 scibile
1091 4384 1195 4445 est,
1225 4392 1422 4433 sensus
1445 4387 1623 4434 autem
1657 4394 1765 4435 non
1792 4389 1877 4437 est
1892 4384 2070 4438 scies-

471 4456 567 4545 tia.
595 4463 710 4521 Non
757 4475 934 4523 tamen
966 4482 1092 4525 vera
1138 4468 1394 4524 instantia
1440 4466 1651 4526 videtur
1698 4487 1857 4538 esse,
1915 4476 2067 4529 multi

469 4557 611 4615 enim
634 4575 738 4618 non
778 4561 963 4618 dicunt
993 4561 1331 4619 sensibilium
1365 4578 1486 4621 esse
1506 4564 1813 4621 scientiam.
1846 4566 2068 4637 Insuper

469 4661 646 4731 autem
677 4652 745 4709 ad
787 4653 1119 4710 contrarium
1163 4670 1272 4712 non
1301 4657 1480 4713 minus
1523 4658 1655 4714 utile
1692 4659 1834 4728 quod
1864 4659 2066 4718 dictum

468 4753 575 4817 est,
608 4754 664 4801 ut
690 4744 833 4816 quod
878 4745 1137 4803 sensibile
1164 4762 1272 4803 non
1317 4755 1401 4805 est
1430 4747 1660 4823 scibile,
1706 4765 1883 4822 neque
1921 4752 2065 4808 enim

468 4828 662 4895 scnsus
714 4838 965 4894 scientia.
1010 4838 1216 4894 Rursus
1240 4838 1296 4895 in
1322 4839 1623 4911 conjugatis
1650 4848 1706 4895 et
1727 4840 1782 4896 in
1815 4841 2064 4911 casibus,

467 4940 524 4987 et
554 4929 881 4988 interimenti
903 4944 958 4987 et
987 4934 1343 4989 construenti.
1372 4932 1636 4988 Dicuntur
1664 4945 1845 4990 autem
1878 4937 2066 5007 conju-

468 5030 587 5095 gata
617 5022 944 5093 hujusmodi,
970 5033 1027 5081 ut
1050 5024 1217 5096 justa,
1242 5034 1299 5082 et
1319 5025 1498 5096 justus
1521 5027 1767 5095 justitiaa,
1792 5034 1846 5083 et
1874 5024 2063 5094 fortia,

465 5112 521 5173 et
544 5116 694 5172 fortis
717 5108 1035 5174 fortitudini.
1062 5118 1321 5176 Similiter
1351 5129 1531 5176 autem
1571 5120 1817 5177 elieetiva
1844 5131 1899 5177 et
1928 5136 2077 5177 cou-.

454 5210 757 5279 serratim,
789 5211 1076 5283 conjugata
1103 5211 1352 5284 illicujus
1400 5222 1527 5271 sunt
1571 5213 1821 5272 eifectiva
1856 5223 1909 5271 et
1931 5230 2063 5270 eon-

465 5303 757 5385 .ervativa,
787 5318 845 5362 ut
867 5307 1106 5361 sanativa
1138 5307 1401 5377 sanitatis,
1428 5307 1767 5366 habituativa
1795 5306 2066 5365 habitudi-

467 5395 575 5462 nis,
610 5396 804 5453 eodem
833 5406 1012 5455 autem
1040 5398 1203 5455 modo
1232 5410 1287 5457 et
1317 5401 1369 5457 in
1401 5401 1555 5459 aliis:
1588 5403 1872 5475 conjugata
1904 5401 2067 5474 igitur

466 5484 594 5575 talia
624 5489 803 5548 solent
846 5490 973 5548 dici.
1003 5490 1173 5549 Casus
1201 5504 1405 5563 autem,
1437 5504 1494 5550 ut
1516 5494 1660 5566 jnste
1683 5538 1697 5562 ,
1744 5503 1799 5550 et
1830 5494 2061 5565 fortiter,

467 5588 526 5653 et
551 5584 811 5651 sanative,
842 5583 1132 5643 habitative
1154 5627 1169 5652 .
1221 5596 1273 5643 et
1322 5602 1654 5658 quaecunque
1683 5585 1872 5643 eodem
1905 5587 2066 5642 modo

470 5660 742 5732 dicuntur.
799 5676 1058 5735 Videntur
1105 5688 1284 5734 autem
1340 5689 1396 5737 et
1439 5697 1557 5751 qure
1600 5690 1727 5737 sunt
1767 5681 2062 5738 secundum

474 5778 632 5820 casus
659 5807 675 5834 ,
728 5769 1017 5840 conjugata
1065 5785 1209 5836 esse,
1241 5782 1297 5827 ut
1316 5773 1461 5841 juste
1486 5774 1707 5841 justitia:
1732 5815 1747 5841 ,
1778 5783 1830 5831 et
1855 5774 2067 5831 fortiter

474 5857 793 5918 tortitudini.
848 5856 1140 5934 Conjugata
1195 5874 1373 5921 autem
1440 5867 1693 5924 dicuntur
1767 5869 2062 5926 secundum

2640 3342 2689 3385 et
2714 3332 2997 3385 secundum
3032 3328 3155 3398 quid
3184 3328 3303 3383 loci.

2249 3446 2481 3503 Rursum
2506 3447 2559 3503 in
2587 3446 2854 3504 similibus
2895 3448 2939 3501 si
2975 3445 3235 3507 similiter,
3255 3459 3314 3501 se
3359 3445 3580 3500 habent.
3615 3443 3682 3500 Ut
3724 3444 3767 3499 si

2175 3539 2452 3613 disciplina
2473 3556 2574 3596 una
2601 3541 2857 3611 plurium,
2892 3549 2947 3595 et
2976 3538 3180 3609 opinio,
3204 3545 3260 3594 et
3285 3539 3333 3594 si
3362 3539 3533 3593 visum
3568 3536 3769 3592 habere

2174 3643 2259 3690 est
2284 3634 2485 3701 videre,
2547 3644 2597 3689 et
2626 3634 2867 3690 auditum
2914 3632 3116 3688 habere
3141 3640 3197 3688 et
3245 3630 3467 3697 audire,
3513 3631 3769 3687 similiter

2173 3737 2351 3784 autem
2399 3734 2455 3782 et
2494 3727 2544 3782 in
2585 3727 2723 3791 aliis,
2755 3735 2807 3780 et
2838 3726 2892 3781 in
2922 3724 3006 3782 his
3036 3739 3155 3796 quae
3185 3733 3331 3791 sunt,
3365 3732 3419 3778 et
3458 3722 3510 3776 in
3544 3723 3610 3778 iis
3651 3738 3770 3790 qua:

2174 3818 2449 3875 videntur.
2504 3817 2658 3874 Utilis
2686 3828 2863 3872 autem
2896 3816 2985 3872 hic
3014 3817 3162 3871 locus
3191 3814 3258 3870 ad
3303 3824 3613 3884 utrumque,
3644 3827 3768 3866 nam

2173 3912 2218 3967 si
2245 3911 2299 3967 in
2326 3912 2505 3981 aliquo
2526 3911 2777 3966 similium
2811 3911 2888 3966 sic
2910 3924 2968 3964 se
3022 3908 3216 3973 habet,
3247 3917 3299 3962 et
3338 3906 3390 3961 in
3418 3906 3541 3960 aliis
3577 3904 3769 3959 simili-

2174 4003 2300 4073 bus,
2351 4004 2396 4058 si
2425 4011 2603 4059 autem
2634 4003 2686 4057 in
2717 4004 2897 4073 aliquo
2923 4015 3029 4056 non
3049 4041 3065 4068 ,
3099 4015 3199 4055 nec
3232 3998 3286 4054 in
3327 3998 3448 4053 aliis
3476 3997 3765 4053 similibus.

2172 4095 2638 4151 Considerandum
2686 4104 2863 4151 autem
2912 4105 2966 4151 et
2995 4095 3047 4149 in
3081 4108 3187 4149 uno
3212 4132 3227 4161 ,
3276 4089 3409 4149 etin
3450 4089 3693 4161 pluribus
3722 4087 3770 4143 si

2174 4189 2424 4245 similiter
2472 4206 2531 4245 se
2564 4189 2742 4245 habet.
2785 4188 3082 4260 Aliquoties
3113 4185 3255 4243 enim
3310 4184 3584 4250 dissonat,
3618 4190 3677 4236 ut
3722 4180 3767 4234 si

2172 4285 2315 4340 scire
2334 4294 2420 4340 est
2441 4284 2707 4355 cogitare,
2732 4293 2787 4340 et
2816 4283 2976 4339 multa
3010 4282 3151 4337 scire
3181 4290 3265 4338 est
3302 4278 3468 4335 multa
3502 4278 3767 4347 cogitare,

2175 4379 2280 4435 hoc
2324 4390 2501 4436 autem
2550 4396 2656 4434 non
2688 4394 2889 4435 verum.
2921 4377 3197 4448 Contingit
3226 4376 3370 4432 enim
3404 4373 3554 4443 plura
3599 4371 3767 4437 scire,

2172 4472 2413 4543 cogitare
2458 4484 2637 4529 autem
2670 4488 2813 4539 non;
2851 4472 2894 4526 si
2942 4482 3121 4527 autem
3155 4485 3261 4524 non
3300 4468 3440 4534 hoc,
3483 4482 3583 4523 nec
3633 4464 3767 4520 illud

2174 4566 2317 4637 quod
2354 4569 2410 4622 in
2459 4581 2564 4622 uno
2594 4566 2735 4636 quod
2765 4564 2909 4620 scire
2955 4574 3037 4618 est
3075 4563 3331 4633 cegitare.
3371 4558 3651 4629 Amplius,
3701 4572 3767 4611 ex

2177 4662 2348 4732 magis
2369 4670 2424 4718 et
2446 4662 2644 4717 minus.
2670 4660 2807 4715 Sunt
2825 4669 3003 4714 autem
3030 4662 3147 4728 ejus
3166 4655 3307 4727 quod
3337 4661 3423 4711 est
3465 4658 3636 4724 magis
3665 4651 3768 4707 loci

2175 4765 2424 4826 quatuor.
2459 4755 2609 4810 Unus
2654 4754 2868 4826 quidem
2898 4754 2943 4808 si
2976 4752 3144 4820 magis
3176 4750 3422 4821 sequitur
3468 4747 3639 4813 magis
3666 4788 3681 4812 ,
3712 4755 3770 4801 ut

2174 4849 2221 4903 si
2251 4848 2499 4919 voluptas
2528 4847 2749 4914 bonum,
2773 4856 2829 4903 et
2857 4845 3027 4917 magis
3054 4846 3318 4916 voluptas,
3347 4841 3519 4913 magis
3543 4841 3766 4905 bonum;

2173 4951 2228 4999 et
2252 4942 2299 4997 si
2330 4940 2581 5012 iniuriam
2612 4941 2790 4995 facere
2828 4939 3025 4995 malum
3049 4979 3065 5003 ,
3115 4947 3168 4993 et
3198 4928 3366 5008 magis
3397 4933 3649 5005 injuriam
3687 4934 3768 4988 fa-

2171 5047 2329 5097 cere,
2383 5033 2552 5103 magis
2602 5032 2821 5087 malum.
2852 5031 3006 5087 Utilis
3035 5041 3212 5085 autem
3255 5028 3320 5083 ad
3351 5036 3636 5097 utrumque
3682 5025 3769 5081 hic

2174 5108 2353 5190 locus,
2387 5140 2509 5179 nam
2537 5125 2582 5179 si
2629 5132 2884 5193 sequatur
2935 5123 3001 5178 ad
3048 5121 3273 5192 subjecti
3320 5120 3719 5178 incrementum
3752 5159 3770 5185 ,

2173 5217 2463 5273 accidentis
2484 5218 2872 5272 incrementum
2893 5257 2907 5285 ,
2934 5214 3384 5287 quemadmodum
3418 5213 3623 5269 dictum
3649 5222 3732 5270 est
3754 5254 3771 5279 ,

2176 5307 2521 5364 manifesmm
2550 5309 2691 5380 quod
2712 5310 2927 5375 accidit;
2953 5308 2999 5364 si
3019 5317 3196 5365 autem
3222 5322 3327 5364 non
3348 5319 3628 5379 sequatur,
3660 5321 3765 5363 non

2177 5401 2392 5470 accidit,
2420 5402 2520 5457 hoc
2549 5410 2727 5459 autem
2746 5401 3056 5458 inductione
3079 5402 3421 5459 sumendum.
3455 5403 3629 5469 Alius,
3658 5414 3766 5455 uno

2178 5497 2245 5552 de
2293 5496 2499 5553 duobus
2540 5496 2717 5565 dicto,
2774 5496 2820 5551 si
2855 5496 2940 5552 cui
2986 5496 3153 5567 magis
3180 5494 3394 5553 videtur
3426 5495 3608 5552 inesse
3657 5507 3763 5549 non

2170 5591 2330 5661 inest,
2355 5608 2453 5648 nec
2474 5593 2561 5648 cui
2585 5593 2792 5659 minus,
2816 5600 2870 5647 et
2898 5589 2944 5646 si
2996 5591 3084 5646 cui
3140 5590 3318 5647 minus
3345 5588 3558 5646 videtur
3588 5588 3761 5644 inesse

2169 5681 2332 5748 inest,
2358 5692 2412 5737 et
2443 5685 2527 5738 cui
2560 5683 2754 5752 magis.
2778 5683 3027 5747 Rursum,
3055 5681 3263 5738 duobus
3285 5681 3353 5737 de
3380 5696 3488 5736 uno
3509 5679 3690 5746 dictis,
3712 5676 3759 5733 si

2171 5773 2311 5846 quod
2338 5776 2507 5845 magis
2533 5776 2739 5830 videtur
2764 5775 2852 5829 alii
2880 5775 3056 5830 inesse
3086 5790 3191 5832 non
3221 5775 3383 5842 inest,
3414 5787 3591 5844 neque
3616 5768 3759 5844 quod

2171 5867 2371 5935 minus,
2395 5876 2487 5923 aut
2507 5869 2550 5924 si
2567 5867 2710 5939 quod
2736 5868 2908 5925 minus
2922 5867 3131 5924 videtur
3153 5868 3332 5925 inesse
3360 5867 3519 5935 inest,
3550 5872 3607 5923 et
3622 5857 3761 5937 quod
