4064 6336
218 371 330 432 933

1119 364 1505 425 TOPICURUM
1548 361 1999 420 ARISTOTELIS
2040 364 2238 420 iNTEii
2251 366 2330 421 PR
2344 367 2617 423 ETATIU.

3413 364 3518 421 951

218 484 417 553 magis.
450 478 719 552 Amplius,
747 478 956 535 duobus
976 477 1042 533 dc
1064 475 1272 533 duobus
1295 477 1477 544 dictis,
1504 476 1547 533 si
1568 475 1707 547 quod
1739 473 1818 528 al-
1844 474 1896 535 Α
1925 489 2045 544 qua:
2091 490 2195 531 non
2250 474 2499 534 dicuntur
2537 477 2705 547 magis
2726 518 2740 545 ,
2792 475 3109 549 simpliciter
3138 454 3315 533 insunt
3340 495 3355 543 ;
3395 495 3517 536 nam

218 574 331 632 teri
358 572 529 645 magis
553 572 768 628 videtur
797 571 972 627 inesse
1000 582 1105 627 non
1131 571 1293 637 inest,
1317 583 1415 626 nec
1435 568 1701 641 reliquum
1731 578 1820 622 re-

217 670 404 741 liquo,
433 676 527 724 aut
555 668 601 723 si
634 664 777 736 quod
801 666 979 722 minus
1010 664 1220 721 videtur
1251 664 1405 720 alteri
1438 665 1615 719 inesse
1659 660 1823 727 inest,

219 770 279 819 et
307 763 573 834 reliquum
611 761 843 826 reliquo.
873 757 1151 829 Amplius,
1186 774 1251 813 ex
1284 770 1350 814 eo
1381 756 1522 827 quod
1578 752 1827 811 similiter

220 857 403 921 inest,
453 854 538 909 vel
570 853 789 909 videtur
815 851 997 907 inesse
1034 846 1339 919 tripliciter,
1368 845 1824 921 quemadmodum

223 947 279 1001 in
300 961 367 1002 eo
388 943 530 1017 quod
551 942 743 1014 magis,
774 953 834 998 ut
851 940 905 999 in
926 938 1314 1013 posterioribus
1333 938 1503 996 tribus
1517 937 1678 995 dictis
1696 934 1827 994 locis

221 1040 529 1096 dicebatur.
581 1037 707 1095 Sive
763 1036 907 1092 cnim
955 1050 1117 1091 unum
1172 1032 1441 1107 quoddam
1487 1032 1697 1089 duobus
1750 1028 1827 1087 si-

226 1134 436 1191 militer
455 1132 628 1199 inest,
669 1140 761 1187 aut
791 1129 1007 1186 videtur
1028 1130 1240 1196 inesse,
1278 1128 1322 1183 si
1347 1124 1503 1183 alteri
1526 1141 1631 1182 non
1675 1124 1823 1189 insit,

224 1240 331 1282 nec
354 1222 537 1288 alteri;
568 1225 615 1281 si
642 1232 820 1280 autem
851 1223 1005 1278 alteri
1030 1223 1199 1289 inest,
1230 1230 1284 1277 et
1310 1218 1542 1292 reliquo.
1568 1218 1696 1277 Sive
1717 1217 1828 1272 duo

225 1318 409 1375 eidem
437 1317 688 1375 similiter
707 1359 723 1385 ,
752 1317 800 1373 si
826 1317 1056 1373 alterum
1081 1328 1190 1372 non
1217 1312 1366 1383 insit,
1395 1328 1498 1371 nec
1521 1310 1825 1387 reliquum;

227 1411 277 1465 si
306 1421 484 1466 autem
516 1411 773 1476 alterum,
806 1416 860 1464 et
887 1407 1184 1479 reliquum.
1221 1404 1423 1463 Eodem
1453 1418 1633 1464 autem
1667 1406 1828 1462 modo

228 1514 288 1560 et
329 1505 374 1559 si
402 1502 612 1560 duobus
661 1502 768 1557 duo
818 1502 1069 1558 similiter
1108 1502 1332 1569 insunt,
1381 1515 1503 1557 nam
1531 1503 1575 1555 si
1602 1501 1826 1557 alterum

228 1594 390 1650 alteri
418 1610 524 1649 non
549 1595 717 1660 inest,
749 1590 1126 1665 necreliquum
1155 1592 1398 1664 reliquo;
1431 1593 1474 1647 si
1502 1593 1831 1648 auteminest

226 1685 462 1741 alterum
492 1685 738 1749 alteri,et
764 1685 1031 1754 reliquum
1060 1684 1286 1755 reliquo.
1324 1684 1401 1739 Ex
1423 1698 1489 1739 eo
1506 1685 1668 1755 igitur
1686 1683 1829 1757 quod

228 1785 322 1834 est
352 1777 522 1848 magis
549 1786 602 1833 et
633 1777 830 1840 minus,
863 1787 917 1831 et
945 1776 1088 1848 quod
1120 1785 1203 1832 est
1231 1776 1509 1843 similiter,
1545 1785 1626 1832 tot
1656 1775 1831 1832 modis

1930 568 2090 623 homo
2122 585 2226 625 non
2256 568 2450 627 dicitur
2466 569 2635 641 magis
2666 576 2722 626 et
2764 568 2974 635 minus,
3013 569 3107 626 sed
3158 586 3265 625 non
3298 586 3410 641 pro;
3436 579 3520 630 ter

1931 663 2028 715 lmc
2069 677 2173 717 non
2215 674 2296 718 est
2328 665 2510 719 homo.
2542 664 2743 721 Eodem
2774 675 2954 721 autem
2981 664 3143 721 modo
3164 667 3518 723 consideran-

1928 752 2053 807 dum
2076 762 2131 808 et
2160 756 2210 809 in
2245 754 2311 809 iis
2340 771 2460 827 qua:
2483 756 2775 811 secundum
2795 757 2922 828 quid
2951 800 2966 826 ,
3002 759 3306 829 etquando,
3328 769 3380 825 et
3410 762 3520 816 ubi.

1928 842 2059 900 Nam
2090 847 2134 902 si
2167 845 2463 903 secundum
2488 850 2611 920 quid
2637 848 2923 922 contingit,
2954 860 3009 905 et
3035 849 3357 921 simpliciter
3381 868 3515 908 con-

1929 934 2105 1009 tingit,
2138 937 2387 994 similiter
2417 948 2597 996 autem
2622 941 2937 1011 etquando,
2971 951 3026 997 et
3058 942 3185 997 ubi:
3222 959 3343 997 nam
3375 949 3518 1013 quod

1931 1026 2246 1100 simpliciter
2272 1038 2355 1086 est
2401 1029 2759 1102 impossibile,
2793 1049 2967 1104 neque
3014 1033 3310 1090 secundum
3352 1036 3476 1107 quid
3506 1077 3522 1104 ,

1930 1136 2106 1192 neque
2136 1124 2429 1181 secundum
2460 1125 2567 1190 ubi,
2604 1139 2778 1198 neque
2808 1122 3103 1182 Secundum
3137 1129 3350 1199 quando
3388 1145 3522 1185 con-

1932 1216 2107 1288 tingit.
2141 1217 2434 1285 instantia,
2485 1221 2737 1292 quoniam
2784 1222 3081 1277 secundum
3130 1223 3256 1294 quid
3305 1224 3521 1294 quidem

1930 1320 2056 1365 sunt
2082 1318 2269 1367 natura
2293 1311 2521 1369 studiosi
2548 1314 2626 1381 (ut
2656 1313 2907 1369 liberales
2932 1356 2947 1381 ,
2979 1314 3067 1371 vel
3096 1306 3279 1387 casti),
3313 1316 3522 1386 simpli-

1932 1402 2067 1458 citer
2092 1413 2270 1460 autem
2316 1421 2419 1460 non
2460 1417 2586 1460 sunt
2635 1415 2825 1460 natura
2860 1405 3110 1472 Studiosi,
3146 1423 3266 1461 nam
3319 1410 3523 1466 nullius

1933 1505 2122 1551 natura
2153 1495 2409 1565 prudens.
2444 1494 2705 1554 Similiter
2734 1508 2911 1553 autem
2942 1508 2996 1553 et
3019 1499 3237 1567 quando
3262 1499 3525 1569 contingit

1932 1586 2366 1658 corruptibilium
2419 1587 2621 1658 aliquid
2672 1605 2777 1642 non
2833 1587 3153 1655 corrumpi,
3209 1589 3525 1660 simpliciter

1916 1689 2112 1736 'autem
2164 1696 2271 1736 non
2318 1681 2585 1752 contingit
2616 1699 2720 1736 non
2766 1683 3064 1752 corrumpi.
3103 1678 3301 1735 Eodem
3346 1695 3523 1738 autent

1936 1772 2097 1827 modo
2125 1778 2180 1828 et
2219 1773 2307 1827 ubi
2339 1774 2563 1845 expedit
2594 1774 2811 1843 quidem
2846 1776 2935 1827 tali
2978 1773 3322 1828 observantia
3356 1773 3528 1830 victus

228 1871 1167 1941 contingitargnmentari.Amplius
1182 1879 1360 1926 autem
1380 1884 1443 1928 ex
1461 1870 1821 1943 appositione,
1855 1868 1902 1932 Β
1929 1860 2029 1931 ull.
2070 1872 2125 1919 ιιι
2153 1862 2205 1920 in
2238 1864 2511 1921 morbosis
2542 1864 2712 1930 locis.
2742 1862 3060 1934 Simplicia
3094 1874 3269 1920 autem
3303 1881 3406 1921 non
3440 1885 3530 1922 cx-

230 1964 282 2019 sl
310 1962 538 2018 alterum
568 1961 633 2015 ad
668 1961 896 2016 alterum
936 1961 1240 2032 appositum
1277 1960 1439 2018 faciat
1478 1964 1711 2031 bonum,
1741 1962 1829 2021 vel

229 2058 438 2123 album,
466 2070 589 2113 cum
617 2068 724 2111 non
754 2056 913 2112 fuerit
942 2057 1090 2127 prius
1110 2055 1313 2122 album,
1340 2056 1423 2113 vel
1449 2056 1830 2130 bonum,quod

229 2151 539 2223 appositum
564 2158 649 2207 est
672 2150 777 2207 erit
798 2150 999 2217 album,
1029 2149 1113 2206 vel
1142 2149 1364 2220 bonum,
1390 2153 1549 2223 quale
1568 2166 1756 2209 revera
1779 2161 1834 2210 et

228 2252 406 2300 totum
438 2242 585 2299 facit.
624 2243 873 2313 Amplius
903 2252 1083 2298 autem
1122 2240 1169 2299 si
1203 2240 1257 2299 id
1285 2243 1352 2299 ad
1383 2241 1524 2315 quod
1556 2252 1640 2301 est
1666 2261 1833 2317 appo-

231 2335 400 2390 situm
442 2332 649 2405 aliquid
680 2333 806 2390 facit
852 2334 1021 2406 magis
1046 2334 1152 2391 tale
1182 2334 1344 2407 quale
1390 2344 1539 2405 erat,
1572 2349 1627 2394 et
1655 2338 1831 2409 ipsum

232 2429 344 2485 erit
384 2428 674 2499 ejusmodi,
702 2427 955 2485 similiter
992 2437 1174 2485 autem
1207 2439 1262 2487 et
1291 2430 1344 2486 in
1372 2430 1515 2487 aliis.
1548 2431 1711 2489 Utilis
1740 2448 1836 2489 au-

231 2530 344 2579 tem
386 2536 494 2578 non
524 2523 578 2579 in
607 2522 861 2579 omnibus
896 2521 983 2579 hic
1026 2522 1202 2591 locus,
1233 2525 1329 2580 sed
1354 2525 1407 2580 in
1438 2526 1631 2597 quibus
1663 2525 1833 2599 ipsius

232 2617 406 2687 magis
454 2626 785 2673 crementum
817 2618 1013 2675 accidit
1060 2618 1201 2675 iieri.
1234 2618 1342 2676 iste
1372 2630 1502 2677 vero
1530 2621 1680 2678 locus
1726 2638 1833 2678 non

231 2711 568 2768 convertitur
594 2712 660 2769 ad
687 2710 1072 2769 destruendum
1093 2755 1108 2781 ,
1143 2724 1265 2769 nam
1301 2710 1347 2770 si
1384 2729 1492 2771 non
1527 2715 1653 2771 facit
1693 2716 1836 2789 quod

233 2805 538 2876 appositum
553 2813 654 2871 est,
683 2805 903 2870 bonum,
934 2805 1171 2862 nandum
1198 2805 1567 2876 manifestum,
1593 2809 1638 2864 si
1661 2808 1835 2879 ipsum

236 2910 345 2952 non
393 2896 611 2953 bonum.
644 2896 775 2953 Nam
808 2898 1008 2954 bonum
1056 2899 1198 2955 malo
1246 2896 1577 2971 appositum,
1614 2918 1722 2959 non
1769 2919 1838 2960 ex

237 2988 569 3046 necessitate
597 2989 797 3047 bonum
826 2999 998 3047 totum
1018 2988 1166 3056 facit,
1191 3002 1293 3048 nec
1319 2992 1501 3049 album
1536 2991 1711 3067 nigro,
1740 3010 1841 3054 nec

235 3083 396 3139 dulce
419 3096 624 3139 amaro.
656 3083 909 3154 Rursum,
936 3086 979 3141 si
1004 3084 1132 3157 quid
1149 3085 1318 3158 magis
1338 3095 1393 3143 et
1410 3089 1590 3145 minus
1616 3086 1838 3158 dicitur,

238 3187 293 3233 ct
318 3177 982 3248 simpliciterinest.Quod
1010 3180 1154 3236 enim
1182 3179 1383 3237 bonum
1412 3182 1502 3237 vel
1524 3180 1704 3240 album
1730 3200 1837 3240 non

1936 1955 2083 2028 pedit
2108 1956 2284 2012 adhuc
2333 1964 2515 2013 autem
2544 1998 2560 2027 ,
2591 1956 2788 2014 alicubi
2839 1958 3057 2027 quidem
3105 1974 3269 2013 unum
3323 1968 3526 2014 tantunt

1934 2046 2190 2121 possibile
2233 2058 2315 2107 est
2363 2062 2485 2107 esse
2510 2091 2526 2117 ,
2573 2049 2894 2121 simpliciter
2922 2060 3101 2106 autem
3134 2066 3241 2107 non
3273 2054 3527 2123 possibile

1936 2162 2097 2202 unum
2147 2152 2350 2201 tantum
2396 2158 2537 2203 esse.
2575 2142 2777 2201 Eodem
2810 2157 2988 2202 autem
3035 2148 3196 2202 modo
3243 2160 3295 2203 et
3327 2150 3524 2208 alicubi

1935 2243 2135 2299 bonum
2166 2252 2250 2299 eat
2269 2242 2487 2314 quidem
2520 2254 2725 2313 patrem
2752 2244 3081 2317 significare,
3105 2255 3164 2300 ut
3193 2246 3247 2300 in
3275 2243 3532 2317 Tribalis,

1935 2337 2251 2410 simpliciter
2279 2348 2459 2396 autem
2494 2356 2599 2396 non
2630 2338 2853 2397 bonum.
2877 2340 2956 2396 An
2981 2336 3035 2396 in
3062 2340 3163 2399 hoc
3186 2342 3400 2413 quidem
3428 2358 3532 2396 non

1937 2432 2027 2486 ubi
2057 2431 2349 2502 significat,
2382 2428 2476 2487 sed
2506 2433 2825 2502 quibusdam
2849 2474 2863 2499 ,
2897 2434 3030 2490 nihil
3062 2430 3208 2489 enim
3236 2436 3533 2492 refertuhi-

1937 2538 2151 2596 cunque
2170 2525 2278 2581 sint
2298 2566 2314 2593 ,
2347 2526 2546 2598 ubique
2572 2526 2715 2583 enim
2747 2527 2849 2582 erit
2870 2526 2952 2583 eis
2982 2529 3179 2584 bonum
3210 2528 3262 2582 in
3283 2524 3533 2584 Tribalis.

1939 2616 2147 2675 Rursus
2167 2616 2385 2691 quidem
2413 2620 2629 2691 expedit
2655 2619 2934 2688 medicari,
2962 2628 3022 2675 ut
3041 2620 3257 2692 quando
3279 2630 3528 2691 aegrotat,

1939 2710 2260 2785 simpliciter
2281 2723 2458 2769 autem
2500 2729 2630 2770 non.
2664 2714 2741 2770 An
2777 2730 2949 2787 neque
2983 2704 3087 2770 hoc
3114 2715 3330 2786 quando
3370 2715 3537 2785 signi-

1941 2806 2082 2871 ficat,
2104 2806 2201 2862 sed
2223 2806 2276 2861 in
2303 2805 2522 2878 ecquod
2551 2794 2791 2862 afficitur
2822 2804 3003 2877 aliquo
3025 2808 3210 2877 modo,
3238 2805 3369 2862 nihil
3394 2808 3537 2864 enim

1942 2897 2106 2956 refert
2129 2896 2581 2971 quandocunque,
2615 2899 2911 2967 dummodo
2936 2899 3016 2955 sic
3038 2898 3262 2956 affectus
3284 2900 3375 2957 sit.
3400 2898 3538 2956 Sim-

1942 2992 2153 3064 pliciter
2166 3001 2346 3049 autem
2363 3000 2448 3050 est
2464 2991 2609 3063 quod
2633 2993 2784 3049 nullo
2805 2992 2991 3049 addito
3020 2992 3156 3050 dicis
3177 2995 3317 3063 quod
3340 2993 3540 3052 bonum

1943 3094 2056 3152 est,
2088 3092 2179 3142 aut
2200 3082 2532 3143 contrarium
2560 3129 2573 3153 ,
2602 3092 2662 3141 ιιι
2694 3084 3246 3157 patrem-sacrificare
3277 3101 3382 3142 non
3408 3085 3542 3141 dicis

1945 3178 2146 3234 bonum
2182 3188 2306 3236 esse
2328 3221 2343 3245 ,
2368 3177 2463 3234 sed
2494 3177 2813 3250 quibusdam
2848 3176 3047 3235 bonum
3079 3194 3240 3246 esse;
3273 3194 3380 3235 non
3412 3193 3542 3249 ergo

236 3277 341 3337 est,
369 3284 543 3342 neque
568 3272 739 3342 magis
766 3279 819 3327 et
839 3269 1019 3329 minus
1042 3272 1243 3329 bonum
1269 3274 1353 3330 vel
1383 3273 1565 3332 album
1594 3276 1837 3347 dicetur;
1864 3264 1915 3335 Ο
1944 3270 2263 3343 simpliciter
2292 3271 2518 3341 bonum,
2563 3270 2659 3327 sed
2689 3272 2822 3328 deos
2853 3271 3124 3328 honorare
3166 3271 3364 3327 bonum
3411 3268 3545 3326 dicis

240 3376 363 3418 nam
390 3363 590 3418 malum
628 3364 696 3419 de
724 3364 874 3419 nullo
899 3365 1101 3434 magis,
1134 3362 1219 3421 vel
1256 3366 1434 3423 minus
1480 3368 1711 3435 bonum,
1743 3368 1841 3429 sed

240 3455 410 3527 magis
437 3456 633 3511 malum
666 3458 748 3513 vel
774 3460 951 3514 minus
976 3458 1205 3518 dicetur.
1236 3458 1352 3517 Non
1374 3461 1713 3521 convertitur
1742 3480 1838 3521 auo

240 3559 349 3607 tem
387 3551 474 3607 hic
504 3550 652 3607 locus
682 3552 750 3607 ad
786 3552 1210 3621 destruendum,
1250 3554 1419 3611 multa
1470 3556 1615 3612 enim
1646 3572 1836 3616 eorum

1948 3365 2082 3423 nihil
2129 3365 2376 3432 addens,
2426 3358 2745 3435 simpliciter
2778 3364 2921 3421 enim
2952 3365 3152 3421 bonum
3210 3374 3316 3422 est.
3369 3363 3546 3434 Quare

1944 3458 2090 3531 quod
2120 3456 2267 3516 nullo
2295 3456 2479 3514 addito
2505 3456 2721 3514 videtur
2743 3473 2865 3513 esse
2910 3459 3216 3528 honestum,
3252 3458 3334 3515 vel
3368 3466 3547 3525 turpe.

1950 3553 2034 3609 vel
2057 3552 2256 3626 aliquid
2279 3552 2465 3608 talium
2488 3591 2503 3616 ,
2536 3550 2851 3621 simpliciter
2879 3550 3108 3605 dicetur.

279 3692 3506 3724 W

1419 3798 1766 3885 LIBER
1824 3798 2367 3887 TERTIUS.

1766 3942 2081 3962 h-

743 4018 972 4075 CAPUT
1014 4016 1305 4077 PRIMUM.

315 4108 396 4167 De
438 4111 724 4168 meliorum.
756 4110 1215 4239 eligibiliqrurnque
1276 4114 1760 4197 problematttmque

1002 4200 1129 4242 ocis.

316 4298 509 4355 Utrum
560 4308 737 4355 autem
779 4299 1068 4371 eligibilius
1111 4307 1204 4357 aut
1234 4303 1427 4361 melius
1456 4305 1690 4364 duorum
1725 4310 1842 4381 plu.

243 4391 456 4449 riumve
478 4406 543 4449 ex
583 4393 666 4448 his
703 4395 1157 4464 perspiciendum.
1192 4394 1431 4454 Primum
1457 4410 1635 4459 autem
1665 4401 1848 4460 deter-

244 4486 483 4542 minetur
521 4485 663 4557 quod
694 4489 1182 4545 considerationem
1216 4488 1446 4549 facimus
1478 4510 1584 4550 non
1615 4495 1683 4552 de
1714 4496 1837 4568 plu-

1950 4034 2151 4103 plures,
2183 4028 2265 4085 vel
2298 4023 2608 4093 omnes,vel
2641 4024 2842 4091 omnia,
2867 4032 2922 4078 ut
2952 4022 3376 4079 bonum.0mnia
3398 4018 3553 4081 enim’

1951 4126 2155 4181 bonum
2204 4128 2487 4195 appetunt.
2528 4116 2751 4191 Oportet
2781 4128 2960 4175 autem
2992 4118 3191 4175 ducere
3221 4119 3288 4175 ad
3322 4120 3371 4176 id
3403 4121 3545 4192 quod

1950 4219 2113 4275 fuerit
2144 4216 2299 4284 utile,
2331 4212 2474 4287 qttod
2524 4212 2811 4270 dicendum
2858 4222 2960 4278 est.
2993 4212 3089 4268 Est
3125 4221 3305 4269 autem
3338 4214 3544 4285 simpli-

1951 4313 2087 4369 citer
2117 4308 2332 4385 quidem
2374 4308 2571 4366 melius
2590 4350 2605 4377 ,
2637 4323 2702 4364 ac
2729 4307 3049 4379 eiigibilius,
3082 4308 3222 4379 quod
3252 4310 3546 4365 secundum

1956 4406 2234 4462 meliorem
2269 4403 2646 4470 disciplinam,
2683 4400 2842 4456 alicui
2866 4411 3047 4456 autem
3075 4401 3217 4472 quod
3249 4401 3547 4459 secundum

1948 4502 2245 4574 propriam.
2282 4496 2492 4555 Deinde
2523 4496 2666 4568 quod
2714 4495 2946 4566 idipsum
2978 4495 3120 4567 quod
3152 4506 3235 4552 est
3267 4499 3358 4568 (eo
3403 4497 3547 4569 quod

243 4580 444 4635 rimum
475 4572 815 4646 distantibus,
846 4590 898 4637 et
922 4597 1169 4654 magnam
1198 4582 1264 4639 ad
1308 4584 1543 4643 invicem
1574 4585 1837 4645 diﬂeren-
1868 4583 1923 4645 D
1946 4572 2075 4664 non)
2100 4595 2153 4648 in
2178 4606 2378 4664 genere
2402 4599 2506 4656 est,
2544 4588 2824 4657 utjustitia
2843 4586 3009 4657 justo.
3044 4587 3175 4643 Nam
3210 4589 3298 4644 illa
3329 4591 3548 4662 quidem

244 4668 377 4727 tiam
402 4672 718 4729 habentibus
744 4674 951 4748 (nullus
977 4677 1119 4731 enim
1144 4676 1355 4735 dubitat
1388 4691 1565 4737 utrum
1592 4680 1847 4753 felicitas,

243 4780 317 4820 am
344 4765 547 4822 divitia
572 4769 1020 4840 expetibiiiores),
1051 4772 1145 4826 sed
1189 4771 1255 4828 de
1284 4773 1349 4828 iis
1382 4790 1500 4844 qua:
1547 4778 1850 4850 propinqua

243 4866 396 4923 sunt,
428 4868 482 4914 et
510 4860 578 4915 de
605 4860 798 4931 quibus
828 4860 1134 4918 dubitamus
1157 4872 1279 4919 utro
1299 4876 1552 4936 Oporteat
1574 4878 1852 4941 apponere

244 4953 423 5023 magis
459 4968 524 5009 eo
563 4955 703 5026 quod
734 4957 932 5011 nullam
966 4956 1210 5013 videmus
1254 4958 1481 5016 alterius
1513 4960 1581 5017 ad
1614 4963 1847 5019 alterum

246 5047 1111 5118 praeminentiamiManii'estum
1158 5051 1319 5123 igitttr
1346 5052 1398 5107 in
1432 5053 1516 5109 his
1561 5054 1708 5127 quod
1743 5070 1842 5112 os-

245 5153 404 5200 tensa
446 5156 551 5202 una
601 5146 998 5216 preeminentia
1022 5190 1037 5215 ,
1071 5148 1152 5205 vel
1185 5148 1455 5220 pluribus,
1484 5152 1854 5211 constituetur

248 5237 621 5311 intelligentia,
656 5240 796 5313 quod
828 5241 879 5297 id
910 5242 1197 5313 eiigibilius
1229 5253 1313 5300 est
1353 5245 1495 5316 quod
1524 5259 1713 5303 eorum
1769 5252 1855 5307 est

249 5333 629 5403 praeminens.
674 5334 912 5392 Primum
942 5334 1100 5408 igitur
1130 5337 1275 5409 quod
1320 5338 1635 5397 diuturnius
1689 5342 1857 5399 stabi-

249 5424 446 5493 liusve,
474 5427 762 5500 eiigibilius
790 5445 856 5486 eo
893 5431 1033 5501 quod
1064 5432 1240 5488 minus
1272 5432 1605 5502 huiusmodi.
1629 5437 1692 5492 Et
1712 5436 1854 5508 quod

248 5522 425 5591 magis
444 5520 594 5593 eligit
619 5524 876 5593 prudens,
901 5525 990 5582 vel
1016 5526 1188 5583 bonus
1212 5527 1314 5594 vir,
1344 5528 1429 5584 vel
1458 5529 1542 5585 lex
1568 5540 1747 5599 recta,
1774 5534 1856 5589 rei

249 5612 479 5668 studiosi
498 5613 638 5670 circa
669 5615 872 5686 singula
903 5616 1097 5672 deiecti
1127 5627 1395 5687 quatenus
1421 5619 1555 5675 tales
1586 5631 1740 5691 sunt,
1769 5622 1850 5681 vel

251 5705 309 5764 in
338 5722 667 5780 unoquoque
695 5726 892 5781 genere
926 5712 1107 5783 periti,
1137 5712 1221 5770 vel
1246 5726 1585 5786 quascunque
1619 5718 1805 5788 plures
1838 5761 1856 5789 ,

250 5798 344 5856 vel
367 5814 555 5857 omnes
581 5802 665 5874 (ut
693 5802 745 5859 in
777 5803 1044 5860 medicina
1068 5805 1152 5861 vel
1183 5805 1556 5878 aedificatoria,
1586 5824 1710 5883 qua:
1741 5811 1860 5883 piu-

249 5903 348 5950 res
393 5894 724 5952 medicorum
773 5896 857 5954 vel
887 5897 1103 5970 omnes)
1152 5899 1235 5958 vel
1268 5912 1605 5976 quascunque
1634 5903 1859 5963 omnino

1955 4686 2007 4740 in
2040 4700 2240 4757 genere
2270 4683 2433 4750 bono,
2466 4683 2571 4737 hoc
2599 4692 2785 4737 autem
2813 4692 3007 4746 n0n,et
3034 4680 3125 4736 illa
3153 4681 3381 4752 idipsum
3406 4682 3549 4754 quod

1954 4790 2037 4835 est
2068 4778 2262 4835 bonum
2292 4784 2404 4838 est.
2439 4775 2542 4831 huc
2593 4785 2772 4831 autem
2814 4789 2941 4830 non.
2996 4775 3128 4829 Nam
3177 4775 3310 4832 nihil
3350 4778 3550 4833 dicitur

1956 4872 2189 4942 idipsum
2218 4868 2360 4943 quod
2386 4884 2557 4940 genus
2590 4877 2694 4938 est,
2729 4865 2871 4940 quod
2901 4882 3007 4923 non
3034 4876 3120 4924 est
3147 4868 3199 4921 in
3222 4882 3444 4939 genere.
3483 4868 3551 4926 Ut

1957 4965 2111 5021 albus
2136 4964 2301 5021 homo
2330 4978 2440 5019 non
2460 4972 2542 5020 est
2574 4962 2625 5018 id
2647 4962 2791 5034 quod
2818 4963 2989 5018 color.
3009 4961 3273 5020 Similiter
3292 4971 3473 5019 autem
3497 4973 3554 5021 et

1958 5060 2011 5115 in
2040 5057 2182 5116 aliis.
2225 5056 2292 5114 Et
2319 5056 2460 5128 quod
2493 5065 2710 5128 propter
2740 5071 2799 5113 se
2819 5048 3126 5129 eligendum
3147 5098 3164 5125 ,
3196 5071 3263 5113 eo
3303 5056 3553 5128 eligendo

1958 5151 2099 5225 quod
2133 5161 2351 5224 propter
2386 5148 2530 5208 aliud
2567 5144 2881 5221 eligibilius.
2915 5148 2985 5209 Ut
3012 5167 3203 5207 sanum
3232 5166 3353 5208 esse
3390 5166 3551 5223 quam

1959 5247 2275 5313 exercitari;
2302 5246 2429 5303 illud
2466 5246 2610 5303 enim
2642 5257 2863 5319 propter
2883 5260 2943 5303 se
2964 5247 3295 5319 eligendum,
3326 5247 3428 5302 ltoc
3454 5261 3553 5303 au-

1962 5350 2067 5397 tem
2098 5349 2320 5414 propter
2347 5340 2512 5396 aliud.
2538 5340 2605 5395 Et
2631 5339 2773 5413 quod
2806 5356 2900 5411 per
2920 5356 2999 5408 se,
3025 5354 3092 5396 eo
3114 5340 3258 5412 quod
3293 5358 3387 5413 per
3408 5338 3552 5398 acci‘

1960 5436 2116 5491 dens.
2143 5434 2211 5491 Ut
2230 5432 2433 5491 amicos
2452 5432 2629 5507 justos
2660 5450 2781 5491 esse
2804 5475 2820 5503 ,
2853 5449 2918 5491 eo
2946 5433 3088 5504 quod
3119 5434 3401 5503 inimicos;
3428 5434 3555 5493 illud

1962 5528 2104 5584 enim
2138 5544 2233 5599 per
2261 5541 2321 5584 se
2350 5528 2680 5599 eligendum,
2710 5527 2810 5582 hoc
2840 5537 3018 5584 autem
3047 5544 3143 5599 per
3171 5529 3425 5588 accidens
3455 5532 3557 5587 eli-

1962 5622 2157 5693 gimus.
2191 5620 2324 5676 Nam
2352 5619 2597 5676 inimicos
2628 5620 2798 5692 iustos
2826 5634 2947 5676 esse
2976 5620 3277 5677 secundum
3304 5623 3559 5681 accidens

1962 5714 2227 5784 eligimus,
2257 5723 2317 5768 ut
2341 5712 2469 5767 nihil
2498 5712 2650 5766 nobis
2676 5720 2925 5768 noceant.
2953 5711 3049 5766 Est
3068 5720 3250 5771 autem
3284 5712 3385 5769 hoc
3413 5713 3553 5771 idem

1961 5809 2011 5865 ei
2037 5809 2180 5881 quod
2218 5817 2345 5864 ante
2385 5809 2517 5874 hoc;
2550 5805 2734 5863 diﬂ‘ert
2761 5817 2941 5863 autem
2970 5806 3154 5878 modo,
3188 5822 3313 5867 nam
3355 5810 3567 5866 amicos

1962 5900 2180 5976 quidem
2223 5898 2399 5972 iustos
2446 5916 2566 5959 esse
2598 5910 2817 5972 propter
2847 5918 2907 5960 se
2946 5902 3229 5974 eligimus,
3260 5912 3314 5960 et
3349 5903 3391 5959 si
3425 5900 3561 5959 nihil
