4064 6336
498 291 607 352 955

1730 285 1840 341 AN.
1881 281 2091 339 MANL.
2132 280 2286 338 δεῖν.
2326 278 2581 345 ΒΟΕἸῚῘ.

498 404 657 463 nobis
674 403 867 462 debeat
894 403 1030 472 fore,
1059 404 1314 478 quamvis
1343 402 1483 476 apud
1508 378 1675 458 Indos
1690 403 1820 468 sint,
1842 403 2088 456 inimicos
2113 398 2169 458 Α
2193 398 2355 467 mala,
2389 399 2476 455 cui
2505 411 2843 475 consequens
2872 394 3054 455 minus
3081 398 3307 463 malum,
3337 382 3443 454 hoc
3469 396 3783 469 eligibilius.

503 507 681 556 autem
732 506 955 571 propter
996 498 1256 567 alterum,
1286 506 1344 552 ut
1374 496 1508 552 nihil
1556 496 1707 551 nobis
1739 502 1988 550 noceant.
2024 492 2089 549 Et

504 592 648 662 quod
675 606 834 647 causa
857 590 982 646 boni
1007 607 1104 662 per
1128 608 1209 659 se,
1244 605 1312 647 eo
1337 589 1479 662 quod
1515 605 1607 660 per
1634 588 1881 644 accidens
1902 600 2086 643 causa.

504 682 966 754 Quemadmodum
996 684 1189 745 virtus,
1218 682 1461 748 fortuna;
1493 698 1610 736 nam
1641 681 1731 735 illa
1753 678 1971 751 quidem
1996 692 2090 747 per

501 790 581 843 se,
603 774 717 831 haec
742 786 925 832 autem
953 791 1049 847 per
1071 775 1322 832 accidens
1352 784 1437 830 est
1461 790 1621 830 causa
1653 774 1939 836 bonorum,
1965 781 2021 826 et
2042 770 2091 826 si

502 866 629 938 quid
655 867 801 923 aliud
832 868 1160 938 hujusmodi.
1194 864 1662 925 Similiterautem
1696 875 1751 922 et
1781 866 1835 920 in
1876 873 2091 920 contra-

504 958 606 1015 rio.
638 960 769 1015 Nam
799 960 939 1032 quod
971 977 1067 1032 per
1092 978 1149 1018 se
1172 972 1432 1018 estcausa
1460 962 1609 1028 mali,
1637 960 1909 1031 fugibilius
1931 967 2094 1015 esteo

505 1052 647 1123 quod
676 1068 772 1124 per
794 1053 1066 1121 accidens,
1084 1063 1143 1110 ut
1162 1056 1349 1111 vitium
1368 1070 1527 1127 quam
1550 1053 1761 1109 fortuna
1780 1096 1793 1121 ,
1822 1067 1945 1107 nam
1965 1049 2094 1106 illud

503 1146 717 1215 quidem
752 1162 845 1216 per
865 1163 926 1203 se
957 1148 1153 1203 malum
1176 1190 1190 1215 ,
1226 1147 1435 1203 fortuna
1464 1156 1641 1203 autem
1686 1161 1783 1216 per
1814 1143 2089 1200 accidens.

506 1237 569 1293 Et
602 1239 742 1310 quod
793 1240 1116 1310 simpliciter
1145 1240 1344 1296 bonum
1369 1284 1382 1305 ,
1415 1256 1480 1297 eo
1523 1238 1664 1310 quod
1695 1239 1851 1293 alicui
1878 1235 2093 1308 eligibi-

509 1331 612 1387 lius
645 1351 657 1385 :
692 1338 751 1387 ut
770 1345 961 1387 sanum
996 1331 1133 1399 fieri,
1163 1348 1321 1403 quam
1371 1332 1553 1387 incidi.
1587 1330 1715 1385 Nam
1751 1330 1853 1385 hoc
1879 1329 2095 1400 quidem

507 1422 823 1496 simpliciter
867 1426 1066 1501 bonum
1093 1466 1109 1492 ,
1142 1425 1272 1481 illud
1311 1435 1487 1481 autem
1537 1426 1696 1481 alicui
1742 1424 2095 1495 indigentium

506 1520 783 1577 incisione.
823 1519 889 1577 Et
916 1520 1059 1591 quod
1107 1530 1297 1576 natura
1330 1530 1433 1589 est,
1466 1536 1532 1577 eo
1566 1521 1707 1592 quod
1739 1535 1845 1576 non
1873 1528 2097 1581 natura:

507 1624 567 1670 ut
605 1615 812 1686 justitia
838 1615 983 1687 justo
1011 1656 1024 1679 ,
1070 1615 1202 1670 illud
1231 1616 1376 1670 enim
1415 1624 1635 1682 natura,
1670 1614 1771 1669 hoc
1799 1623 1976 1669 autem
2006 1627 2097 1667 ac-

508 1708 840 1778 quisitivum.
870 1707 934 1762 Et
965 1706 1107 1777 quod
1152 1707 1364 1763 meliori
1410 1718 1463 1763 et
1512 1706 1901 1763 honorabiliori
1937 1707 2100 1770 inest,

2192 492 2325 548 Nam
2354 507 2479 549 cum
2506 503 2731 565 utraque
2766 493 2875 549 sint
2911 493 3180 564 eligenda,
3212 492 3347 549 nihil
3377 492 3633 564 prohibet
3670 508 3790 551 mo-

2194 587 2384 642 lestum
2434 587 2635 657 aliquid
2686 587 2860 657 sequi,
2903 587 3187 656 dupliciter
3226 597 3404 643 autem
3452 586 3521 642 ab
3549 601 3619 643 eo
3644 585 3790 657 quod

2193 658 2868 747 sequitur'consideratio,
2912 694 3036 734 nam
3081 688 3136 735 et
3192 679 3361 749 prius,
3414 689 3471 735 et
3518 679 3790 749 posterius

2195 773 2457 844 sequitur,
2482 780 2541 827 ut
2568 746 2942 828 addiscentem
2967 746 3219 843 ignorare
3244 771 3416 841 prius,
3441 746 3588 829 scire
3606 781 3788 828 autem
3814 746 3824 807 ί

2195 866 2487 935 posterius,
2538 866 2730 922 melius
2774 877 2951 924 autem
2994 874 3053 922 ut
3092 852 3404 936 plurimum,
3433 867 3577 936 quod
3610 877 3791 938 poste-

2198 957 2329 1025 rius,
2359 957 2678 1014 sumendum
2706 957 2868 1027 igitur
2894 972 3082 1013 eorum
3120 972 3241 1028 qua
3269 968 3570 1028 sequuntur
3612 960 3790 1032 quod-

2198 1062 2409 1121 cunque
2450 1051 2611 1107 luerit
2652 1051 2804 1107 utile.
2854 1051 3119 1120 Amplius,
3151 1050 3303 1121 plura
3332 1052 3473 1107 bona
3518 1050 3791 1122 pauciori2

2199 1143 2321 1210 bus,
2351 1144 2435 1200 vel
2458 1143 2795 1223 simpliciter,
2826 1144 2911 1201 vel
2935 1146 3150 1214 quando
3176 1144 3346 1200 altera
3372 1145 3557 1199 alteris
3583 1145 3789 1212 insunt,

2200 1245 2259 1291 ut
2281 1238 2528 1307 pauciora
2559 1238 2614 1293 in
2643 1237 2905 1308 pluribus.
2939 1225 3223 1307 Instantis,
3253 1239 3299 1294 si
3330 1239 3529 1295 alicubi
3557 1240 3788 1297 alterum

2200 1329 2424 1386 alterius
2452 1332 2624 1403 gratia
2655 1347 2672 1389 :
2703 1333 2836 1388 nihil
2864 1333 3007 1389 enim
3034 1333 3354 1405 eligibiliora
3381 1343 3609 1407 utraque
3628 1350 3791 1405 quam

2204 1440 2390 1493 unum,
2422 1434 2483 1479 ut
2518 1440 2707 1481 sanum
2756 1425 2894 1492 ﬁeri,
2921 1435 2978 1483 et
3002 1429 3231 1497 sanitas,
3256 1444 3415 1498 quam
3461 1431 3686 1495 sanitas,
3725 1444 3819 1485 eo.

2202 1519 2343 1589 quod
2373 1535 2563 1575 sanum
2590 1520 2710 1576 fieri
2742 1528 2960 1590 propter
2988 1522 3273 1578 sanitatem
3302 1522 3659 1594 eligimus.Et
3685 1538 3819 1580 non:

2203 1611 2365 1678 bona,
2400 1612 2554 1667 bonis
2580 1612 2716 1667 nihil
2748 1612 2997 1682 prohibet
3040 1614 3359 1683 eligibiliora
3388 1629 3533 1684 esse,
3576 1624 3636 1670 ut
3675 1614 3792 1671 feli-

2205 1704 2442 1771 citatem,
2474 1715 2529 1760 et
2554 1706 2697 1761 aliud
2725 1706 2923 1777 aliquid
2950 1707 3092 1777 quod
3124 1722 3229 1762 non
3256 1717 3341 1763 est
3366 1706 3590 1777 bonum,
3627 1709 3789 1777 justi—

510 1801 818 1871 cligibilius,
852 1808 910 1855 ut
933 1799 1041 1855 Deo
1072 1815 1234 1871 quam
1276 1798 1514 1867 homini,
1549 1800 1742 1855 anima:
1784 1815 1943 1870 quam
1981 1814 2103 1855 cor-

2213 1795 2278 1850 tia
2317 1806 2371 1851 et
2406 1795 2742 1853 fortitudine.
2792 1798 2857 1852 Et
2903 1797 3093 1854 eadem
3137 1814 3259 1855 cum
3310 1800 3582 1871 voluptate
3624 1800 3795 1871 magis

513 1892 650 1962 pori.
684 1891 749 1947 Et
774 1890 917 1963 quod
945 1891 1187 1947 melioris
1212 1892 1514 1965 pr0prium,
1550 1893 1743 1948 melius
1771 1908 1928 1962 quam
1953 1891 2098 1961 quod

514 1983 709 2054 pejoris
742 2001 757 2039 :
791 1995 847 2037 ut
877 1983 1017 2054 quod
1043 1982 1156 2049 Dei,
1189 1999 1350 2055 quam
1378 1983 1523 2055 quod
1554 1983 1813 2048 hominis,
1857 1999 1979 2039 nam
2014 1998 2098 2038 se-

513 2075 743 2131 cundum
776 2075 1082 2132 communia
1113 2076 1389 2148 utrisque,
1415 2077 1548 2132 nihil
1588 2076 1842 2132 differunt
1868 2079 1936 2133 ab
1964 2079 2100 2134 invi-

512 2184 651 2235 cem,
680 2168 908 2240 propriis
930 2178 1107 2225 autem
1132 2167 1360 2225 alterum
1381 2170 1539 2226 alteri
1567 2168 1884 2227 differentiis
1913 2186 2103 2242 super-

512 2270 731 2325 eminet.
777 2268 844 2325 Et
888 2268 1031 2340 quod
1069 2268 1125 2325 in
1164 2270 1509 2337 melioribus,
1545 2271 1631 2327 vel
1680 2269 1946 2341 prioribus
1972 2311 1987 2336 ,
2018 2266 2101 2321 vel

516 2362 1011 2441 honorabilioribus
1036 2407 1051 2433 ,
1102 2372 1187 2419 est
1229 2365 1424 2420 melius
1456 2381 1470 2419 :
1505 2372 1564 2419 ut
1590 2363 1791 2419 sanitas
1829 2361 2022 2416 robore
2049 2368 2103 2414 et

514 2453 930 2522 pulchritudine,
966 2472 1086 2512 nam
1121 2457 1211 2513 illa
1237 2458 1456 2529 quidem
1486 2458 1538 2513 in
1568 2456 1807 2513 humidis
1836 2462 1892 2511 et
1919 2452 2099 2519 siccis,

512 2557 565 2603 et
593 2550 676 2621 (ut
712 2550 1031 2621 simpliciter
1054 2550 1287 2621 dicatur)
1325 2567 1390 2607 ex
1416 2552 1611 2623 quibus
1649 2549 1794 2621 prius
1845 2547 2103 2603 constitu-

512 2651 623 2697 tum
651 2651 733 2699 est
750 2646 968 2699 animal.
1002 2645 1126 2702 Haec
1154 2660 1284 2701 vero
1314 2646 1367 2699 in
1398 2643 1817 2715 posterioribus,
1866 2657 1988 2698 nam
2020 2656 2103 2696 ro-

510 2735 611 2793 bur
660 2737 714 2794 in
765 2739 942 2795 nervis
971 2750 1025 2795 et
1064 2739 1308 2807 ossibus,
1356 2737 1700 2809 pulchritudo
1727 2749 1904 2793 autem
1938 2751 2106 2793 mem-

509 2831 733 2888 brorum
785 2832 1030 2904 quaadam
1087 2832 1551 2888 commensuratio
1600 2831 1809 2886 videtur
1856 2844 1996 2885 esse.
2042 2830 2109 2884 Et

514 2922 630 2978 finis
680 2923 747 2979 iis
776 2941 897 2996 quas
943 2935 1069 2981 sunt
1096 2926 1162 2979 ad
1190 2924 1350 2980 ﬁnem
1387 2906 1683 2994 eligibilior
1710 2923 1921 2979 videtur
1964 2937 2102 2978 esse.

517 3017 583 3072 Et
627 3016 856 3072 duorum
887 3059 901 3083 ,
947 3018 1086 3087 quod
1120 3018 1471 3089 propinquius
1500 3029 1587 3075 est
1634 3018 1746 3072 lini.
1781 3007 1851 3072 Et
1886 3016 2108 3072 omnino

513 3110 652 3179 quod
679 3110 745 3166 ad
783 3112 907 3166 vitae
937 3113 1095 3167 luem
1126 3098 1467 3183 e'xpetihilius
1498 3128 1658 3185 quam
1685 3112 1828 3183 quod
1866 3111 1931 3166 ad
1961 3111 2105 3168 aliud

2207 1904 2366 1958 quam
2436 1890 2551 1945 sine
2610 1891 2917 1962 voluptate,
2969 1901 3026 1947 et
3069 1892 3255 1947 eadem
3319 1908 3440 1949 cum
3501 1892 3794 1949 indolentia

2204 1996 2364 2051 quam
2390 1998 2512 2038 cum
2544 1983 2778 2040 tristitia.
2806 1984 2873 2038 Et
2894 1984 3311 2055 unumquodque
3330 1985 3383 2040 in
3411 2000 3520 2057 quo
3552 1995 3796 2055 tempore

2205 2077 2375 2147 magis
2411 2078 2571 2145 valet,
2601 2077 2654 2131 in
2690 2080 2789 2133 hoc
2817 2077 2979 2134 etiarn
3005 2078 3311 2150 eligibilius.
3337 2078 3406 2133 Ut
3445 2079 3685 2134 carentia
3710 2078 3823 2143 tri-_

2204 2170 2364 2224 stitia:
2393 2171 2445 2225 in
2492 2179 2769 2227 senectute
2803 2171 2974 2243 magis
3002 2186 3160 2241 quam
3192 2171 3246 2225 in
3273 2170 3580 2240 juventute,
3623 2169 3795 2240 magis

2204 2264 2347 2318 enim
2380 2268 2430 2319 in
2459 2274 2735 2321 senectute
2762 2265 2922 2321 valet.
2976 2264 3281 2321 Secundum
3324 2262 3437 2320 haec
3479 2273 3684 2328 autem,
3734 2271 3791 2317 et

2207 2358 2488 2427 prudentia
2511 2358 2563 2414 in
2587 2368 2865 2416 senectute
2888 2358 3198 2429 eligihilior,
3219 2371 3379 2413 nemo
3401 2356 3544 2411 enim
3565 2355 3799 2426 juvenes

2205 2451 2355 2522 eligit
2374 2453 2558 2520 duces,
2587 2467 2653 2508 eo
2675 2453 2816 2523 quod
2846 2462 2951 2507 non
2981 2461 3193 2508 constat
3214 2465 3309 2507 eos
3338 2450 3633 2520 prudentes
3655 2463 3795 2505 esse.

2208 2545 2488 2602 Fortitudo
2514 2555 2692 2602 autem
2733 2562 2765 2602 e
2790 2548 3083 2613 contrario,
3117 2548 3170 2601 in
3197 2545 3480 2616 juventute
3509 2545 3654 2600 enim
3688 2558 3801 2598 ma-

2206 2636 2289 2707 gis
2331 2639 2634 2694 necessaria
2677 2637 2969 2694 secundum
3022 2636 3390 2692 fortitudinem
3421 2635 3699 2706 operatio;
3731 2636 3802 2690 si-

2208 2732 2403 2786 militer
2425 2742 2599 2787 autem
2629 2741 2682 2787 et
2713 2733 2764 2787 in
2794 2732 3169 2801 temperantia,
3205 2732 3372 2799 magis
3402 2730 3546 2785 enim
3573 2728 3802 2799 juvenes

2208 2844 2367 2897 quam
2397 2840 2559 2882 senes
2585 2826 3035 2895 concupiscentiis
3066 2824 3442 2880 molestantur.
3478 2823 3544 2877 Et
3572 2822 3717 2893 quod
3741 2825 3794 2877 in

2210 2920 2358 2975 omni
2390 2931 2655 2990 tempore,
2687 2921 2769 2975 vel
2800 2920 2853 2974 in
2888 2919 3128 2987 pluribus
3156 2918 3361 2974 utilius.
3398 2917 3465 2972 Ut
3489 2917 3721 2987 justitia,
3750 2924 3805 2972 et

2214 3017 2590 3088 temperantia,
2621 3014 2959 3082 fortitudine,
3003 3029 3123 3070 nam
3155 3012 3260 3069 illae
3285 3027 3524 3083 semper,
3550 3010 3668 3067 haec
3711 3026 3803 3066 au-

2218 3098 2324 3165 tem
2353 3108 2638 3180 aliquando
2662 3108 2825 3164 utilis.
2855 3108 2919 3163 Et
2938 3108 3077 3179 quod
3101 3124 3222 3164 cum
3248 3104 3803 3172 ornnes'haberemug
3830 3150 3831 3155 η

516 3200 710 3269 aliquid
734 3242 747 3267 ,
775 3211 834 3256 ut
857 3201 1003 3271 quod
1030 3204 1095 3257 ad
1128 3181 1435 3258 felicitatem
1466 3181 1749 3260 contendit
1775 3218 1932 3275 quam
1964 3204 2111 3275 quod
2134 3181 2183 3246 ο
2216 3201 2346 3256 nihil
2393 3202 2563 3256 altero
2614 3199 3003 3272 indigeremus,
3029 3214 3191 3271 quam
3223 3199 3366 3270 quod
3408 3214 3531 3254 cum
3576 3198 3805 3254 habere-

514 3291 579 3347 ad
608 3292 943 3362 prudentiam
964 3334 979 3361 ,
1015 3310 1137 3349 nam
1175 3294 1317 3366 quod
1359 3295 1427 3351 ad
1456 3294 1775 3352 felicitatem
1805 3296 2106 3363 contendit,

514 3384 822 3455 eligibilius.
864 3385 931 3443 Et
969 3387 1230 3458 possibile
1282 3388 1622 3460 impossibili.
1670 3390 1945 3459 Amplius,
1988 3404 2110 3444 cum

515 3477 619 3535 duo
643 3478 750 3534 sint
771 3479 1015 3535 elfectiva
1046 3480 1203 3551 cujus
1232 3482 1354 3537 finis
1383 3485 1594 3551 melior,
1619 3495 1672 3538 et
1696 3482 1870 3553 ipsum
1897 3482 2107 3538 melius.

515 3574 646 3628 Cum
694 3582 874 3630 autem
904 3575 976 3629 sit
1004 3572 1337 3646 etfectivum,
1364 3586 1419 3631 et
1465 3576 1591 3631 finis
1631 3594 1696 3631 ex
1730 3578 2106 3647 proportione,

515 3666 727 3734 quando
743 3665 879 3735 pluri
912 3677 1133 3737 superat
1157 3667 1277 3724 finis
1307 3667 1488 3733 linem,
1524 3685 1681 3739 quam
1715 3669 1807 3726 ille
1838 3669 2111 3740 proprium

515 3755 859 3812 effectivum:
890 3767 947 3812 ut
971 3757 1196 3814 felicitas
1228 3761 1366 3830 pluri
1398 3773 1616 3831 superat
1646 3762 1929 3817 sanitatem
1952 3776 2112 3832 quam

519 3851 721 3905 sanitas
767 3850 1019 3916 salubre;
1055 3867 1222 3921 quare
1269 3853 1577 3909 effectivum
1618 3854 1893 3909 felicitatis
1923 3855 2115 3909 melius

520 3943 774 4008 sanitate,
812 3958 931 3997 nam
973 3956 1231 4015 quantum
1263 3946 1489 4002 felicitas
1534 3955 1755 4017 superat
1784 3948 2069 4003 sanitatem
2098 3986 2112 4011 ,

520 4044 723 4093 tantum
765 4046 820 4093 et
850 4037 1154 4093 elfectivum
1190 4040 1456 4095 felicitatis
1487 4041 1702 4097 salubre
1735 4024 1987 4112 superat;
2026 4055 2114 4095 sa-

520 4131 660 4186 nitas
683 4139 861 4186 autem
891 4120 1108 4189 salubre
1134 4133 1312 4189 minus
1340 4135 1653 4204 superabat,
1693 4150 1858 4205 quare
1882 4135 2001 4204 plus
2026 4149 2117 4188 su-

522 4234 673 4297 perat
720 4226 1023 4284 elfectiium
1084 4227 1359 4284 felicitatis
1422 4230 1637 4285 salubre
1699 4244 1857 4300 quam
1915 4228 2118 4284 sanitas

524 4319 766 4400 salubre;
792 4302 1119 4393 quapropter
1160 4320 1465 4377 elfectivum
1508 4321 1781 4378 felicitatis
1807 4321 1997 4377 melius
2029 4336 2117 4376 sa-

525 4413 690 4469 nitate
717 4430 732 4480 ;
762 4417 1102 4472 manifestum
1135 4416 1293 4487 igitur
1323 4416 1462 4486 quod
1493 4416 1785 4485 eligihilius
1815 4415 2119 4472 elfectivum

525 4506 791 4563 fclicitatis
816 4524 974 4579 quam
1010 4509 1233 4575 sanitas,
1258 4524 1380 4562 nam
1404 4508 1544 4562 idem
1575 4509 1693 4578 plus
1720 4517 1958 4579 superat.
1993 4511 2123 4563 Am-

2215 3310 2371 3364 mus,
2402 3294 2767 3365 indigeremus
2798 3294 3027 3367 reliquo.
3064 3294 3135 3351 Ut
3176 3294 3228 3347 in
3260 3292 3484 3363 justitia,
3514 3301 3571 3347 et
3603 3292 3808 3347 fortitu-

2214 3393 2361 3459 dine,
2386 3408 2509 3447 nam
2533 3391 2580 3447 si
2605 3406 2797 3447 omnes
2817 3399 3000 3447 essent
3019 3389 3172 3460 justi,
3201 3388 3333 3443 nihil
3361 3386 3507 3442 utilis
3530 3384 3805 3449 fortitudo;

2212 3487 2258 3543 si
2288 3502 2417 3542 vero
2446 3501 2633 3541 omnes
2661 3491 2845 3541 essent
2880 3484 3069 3549 fortes,
3103 3482 3246 3536 utilis
3276 3480 3508 3552 justitia.
3564 3478 3809 3546 Amplius

2214 3597 2278 3637 ex
2323 3579 2755 3651 corruptionihus
2797 3587 2850 3632 et
2891 3576 3307 3647 adiectionibus,
3354 3585 3405 3631 et
3448 3572 3809 3645 generationi-

2216 3675 2338 3741 bus,
2369 3688 2422 3730 et
2449 3674 2865 3745 sumptionibns,
2914 3684 2965 3727 et
3007 3672 3312 3726 contrariis.
3371 3670 3612 3739 Quorum
3669 3673 3808 3724 cnim

2216 3770 2590 3840 corruptiones
2622 3767 2773 3837 mala:
2792 3808 2806 3833 ,
2841 3766 2956 3836 ipsa
2984 3764 3329 3834 eligibiliora,
3353 3763 3601 3818 similiter
3630 3771 3807 3816 autem

2218 3873 2273 3918 et
2300 3863 2352 3917 in
2382 3862 2799 3932 abjectionibus,
2829 3868 2880 3914 et
2911 3859 2965 3913 in
2988 3858 3295 3923 contrariis,
3327 3870 3449 3910 nam
3482 3857 3527 3909 si
3552 3853 3810 3924 abjemio,

2219 3956 2304 4011 vel
2347 3955 2675 4010 contrarium
2709 3952 2983 4025 fngibilins
3028 3960 3134 4012 est.
3176 3950 3349 4021 ipsum
3397 3948 3720 4018 eligibilius;
3762 3947 3811 4002 in

2220 4049 2655 4121 generationibus
2704 4056 2883 4104 autem
2928 4056 2983 4105 et
3027 4046 3426 4117 sumptionihns
3453 4041 3810 4100 econtrario.

2221 4145 2459 4212 Quorum
2488 4145 2631 4199 enim
2663 4143 3017 4211 sumptiones,
3049 4150 3106 4195 et
3141 4139 3524 4210 generationes
3566 4146 3625 4191 et
3663 4137 3814 4206 eligi-

2224 4237 2470 4301 biliores,
2527 4246 2582 4291 et
2628 4237 2738 4306 ipsa
2782 4248 2995 4306 quoque
3038 4232 3381 4303 eligihiliora.
3447 4229 3599 4284 Alius
3637 4237 3813 4284 autem

2225 4330 2375 4386 locus
2403 4338 2506 4385 est.
2535 4328 2686 4395 Quod
2719 4326 3067 4399 propinquius
3110 4326 3271 4390 bono,
3304 4322 3498 4382 melius
3531 4331 3697 4393 atque
3721 4321 3835 4376 elit

2226 4421 2460 4493 gibilius.
2516 4422 2580 4476 Et
2610 4420 2749 4490 quod
2779 4420 3009 4475 similius
3037 4429 3120 4476 eat
3149 4418 3310 4484 bono,
3334 4427 3390 4472 ut
3414 4416 3624 4487 justitia
3652 4417 3814 4484 justo.

2230 4514 2296 4567 Et
2326 4513 2467 4583 quod
2510 4513 2717 4568 meliori
2744 4527 2929 4567 eorum
2966 4522 3048 4568 est
3068 4509 3328 4576 similius,
3357 4506 3814 4579 quemadmodum

523 4599 687 4672 plius,
718 4575 908 4658 melius
936 4614 1020 4660 est
1050 4604 1191 4675 quod
1226 4614 1445 4677 propter
1470 4620 1529 4660 se
1570 4575 1630 4661 et
1658 4575 2030 4660 honorabilius
2060 4615 2113 4660 et
2149 4575 2204 4638 D
2229 4575 2448 4681 Ajacem
2479 4609 2671 4681 Ulyssc
2698 4608 2881 4666 dicunt
2905 4608 3067 4675 aliqui
3107 4575 3389 4663 meliorem
3413 4618 3558 4668 esse,
3588 4616 3657 4659 eo
3680 4600 3819 4673 quod

524 4689 844 4749 laudabilius
873 4711 885 4748 :
910 4708 967 4750 ut
1005 4696 1237 4753 amicitia
1284 4697 1493 4752 divitiis
1534 4705 1589 4752 et
1624 4697 1834 4769 justitia
1885 4700 2115 4753 sanitate

526 4794 580 4839 et
608 4785 821 4857 robore,
847 4803 969 4844 nam
997 4788 1086 4843 illa
1108 4790 1324 4860 quidem
1354 4798 1574 4861 pmpter
1603 4805 1663 4846 se
1694 4791 2114 4860 honorabilium,

528 4876 643 4933 haec
670 4893 796 4935 vero
825 4895 931 4935 non
959 4890 1175 4951 propter
1219 4896 1307 4945 se,
1338 4882 1431 4937 sed
1468 4890 1693 4953 propter
1737 4882 1902 4937 aliud.
1931 4882 2120 4940 Nullus

527 4975 667 5031 enim
698 4975 925 5031 honorat
948 4975 1162 5031 divitias
1193 4988 1409 5047 prepter
1432 4992 1514 5045 se,
1546 4976 1641 5032 sed
1668 4988 1888 5050 prepter
1914 4976 2065 5033 aliud
2095 4995 2109 5043 ;

528 5070 818 5129 amicitiam
841 5087 966 5128 vero
990 5082 1210 5144 propter
1240 5087 1327 5143 se,
1370 5078 1425 5128 et
1455 5074 1497 5129 si
1538 5072 1676 5130 nihil
1719 5074 1874 5130 nobis
1918 5074 2111 5132 debeat

528 5168 670 5223 aliud
699 5168 767 5223 ab
794 5182 859 5223 ea
892 5181 1033 5225 esse.

1155 5259 1381 5318 CAPUT
1424 5262 1488 5317 ll.

859 5358 961 5411 Alii
987 5374 1079 5427 pro
1105 5358 1290 5411 eisdem
1320 5357 1649 5429 problematis
1678 5360 1794 5413 loci.

602 5448 862 5521 Amplius,
888 5448 1100 5519 quando
1126 5448 1233 5504 duo
1254 5448 1427 5520 aliqua
1455 5450 1658 5505 fuerint
1688 5449 1843 5504 valde
1876 5447 2119 5503 sibimet-

533 5541 661 5612 ipsis
690 5540 915 5609 similia,
945 5549 999 5596 et
1035 5555 1141 5597 non
1178 5543 1481 5611 poterimus
1532 5541 1991 5612 praeeminentiam
2022 5542 2119 5595 ali-

532 5648 691 5704 quam
730 5634 1043 5704 conspicere
1079 5634 1297 5691 alterius
1341 5633 1411 5690 ad
1453 5635 1706 5702 alterum,
1740 5632 2029 5690 videndum
2058 5648 2126 5689 ex

534 5725 600 5779 iis
623 5741 742 5795 qua:
772 5737 1084 5797 sequuntur.
1129 5727 1260 5782 Nam
1306 5742 1427 5783 cum
1461 5742 1798 5795 consequens
1828 5736 1911 5783 est
1951 5729 2123 5799 majus

540 5813 762 5883 bonum,
804 5818 906 5874 hoe
942 5818 1258 5887 eligibilius;
1298 5820 1342 5877 si
1383 5829 1561 5875 autem
1603 5820 1710 5876 sint
1738 5823 2120 5894 consequentia

2223 4704 2448 4760 similior
2495 4713 2575 4760 est
2606 4701 2820 4758 Achilli.
2875 4700 3131 4756 lnstantia
3179 4699 3337 4770 hujus
3376 4706 3483 4762 est,
3528 4695 3672 4764 quod
3718 4708 3821 4750 non

2223 4814 2409 4854 verum
2436 4797 2526 4861 sit,
2558 4797 2688 4851 nihil
2720 4796 2863 4851 enim
2894 4794 3144 4863 prohibet
3172 4808 3275 4848 non
3307 4806 3411 4862 qua
3444 4790 3658 4845 ratione
3687 4788 3822 4857 opti-

2227 4907 2343 4949 inus
2382 4901 2463 4947 est
2498 4890 2758 4957 Achilles,
2788 4888 2973 4945 eadem
3021 4884 3339 4940 similiorem
3385 4896 3512 4939 esse
3557 4880 3820 4950 Ajacem:

2225 5001 2345 5041 cum
2387 4985 2487 5040 erit
2534 4984 2667 5040 alter
2698 4980 2912 5053 quidem
2954 4980 3149 5045 bonus,
3182 4991 3287 5032 non
3328 4974 3582 5029 similiter
3621 4982 3819 5027 autem.

2231 5079 2692 5137 Considerandum
2736 5085 2913 5132 autem
2959 5075 3004 5130 si
3050 5082 3104 5129 et
3148 5072 3202 5128 in
3234 5068 3709 5128 ridiculosioribtts
3752 5072 3821 5123 sit

2231 5173 2423 5238 simile,
2456 5181 2513 5226 ut
2542 5169 2695 5226 simia
2725 5169 2925 5224 homini
2963 5182 3122 5235 quam
3160 5180 3321 5237 equo,
3352 5179 3475 5220 cum
3505 5176 3615 5219 non
3644 5162 3717 5217 sit
3744 5160 3822 5216 si-

2232 5265 2403 5320 milis:
2425 5280 2527 5318 non
2557 5263 2699 5317 enim
2729 5271 2812 5317 est
2841 5261 2993 5317 simia
3023 5258 3232 5327 melior,
3263 5256 3492 5313 similior
3520 5265 3702 5312 tamen
3736 5260 3821 5309 est

2234 5361 2457 5417 homini.
2486 5359 2717 5414 Rursum
2757 5358 2811 5412 in
2840 5355 3051 5413 duobus
3082 5374 3093 5407 :
3131 5355 3175 5409 si
3207 5355 3309 5409 hoc
3337 5352 3558 5423 quidem
3589 5348 3821 5409 meliori.

2235 5452 2363 5506 illud
2415 5462 2591 5508 autem
2641 5452 2809 5521 pejori
2857 5458 2940 5506 est
2981 5448 3238 5516 similius,
3292 5445 3399 5502 erit
3438 5443 3638 5501 melius
3676 5440 3819 5516 quod

2236 5543 2443 5598 meliori
2475 5554 2558 5599 est
2587 5544 2833 5599 similius.
2872 5542 3039 5597 liabet
3068 5551 3245 5595 autem
3277 5549 3333 5595 et
3354 5538 3457 5595 hoc
3488 5536 3821 5599 instantiam,

2235 5638 2364 5693 nihil
2393 5638 2535 5693 enim
2561 5638 2808 5709 prohibet
2830 5636 2931 5691 hoc
2953 5635 3169 5704 quidem
3198 5634 3408 5690 meliori
3433 5648 3619 5705 parum
3650 5630 3822 5687 simile

2235 5748 2376 5797 esse,
2429 5731 2554 5787 illud
2586 5742 2762 5786 autent
2794 5729 2961 5802 pejori
2998 5728 3147 5784 valde
3174 5772 3189 5795 ,
3240 5738 3297 5783 ut
3343 5728 3389 5783 si
3432 5727 3566 5799 Ajas
3607 5725 3819 5797 quidem

2240 5822 2433 5881 Achilli
2484 5834 2689 5890 parum.
2721 5821 2941 5891 Ulysses
2980 5829 3157 5875 autem
3198 5819 3410 5876 Nestori
3441 5818 3633 5886 valde,
3679 5824 3736 5873 ut
3778 5814 3823 5871 si
