4022 6330
252 287 361 350 957

1174 287 1562 347 TOPlCORUM
1602 287 2049 354 ARISTOTELIS
2088 244 2659 357 INTERPRETATlO.

3411 296 3516 362 938

250 403 356 459 hoc
381 400 593 472 quidem
624 398 835 457 meliori
865 399 916 456 in
947 400 1242 471 pejoribus,
1274 402 1401 457 illud
1444 412 1621 459 autem
1654 404 1819 474 pejori
1849 415 1904 477 Α
1927 406 2026 462 hoc
2070 409 2283 479 quidem
2325 412 2511 484 tnajus‘
2544 412 2739 468 bonum
2781 422 2883 479 est,
2916 411 3045 469 illud
3090 424 3267 473 autem
3302 420 3506 490 minus,

250 497 307 551 in
347 495 674 559 melioribus,
707 504 767 549 ut
799 508 968 565 equus
1007 495 1179 562 asino,
1213 505 1266 550 et
1310 496 1461 550 simia
1499 496 1719 552 homini.
1770 499 1833 554 Et

248 587 392 653 quod
424 586 655 641 maxime
686 586 914 656 insigne,
947 602 1011 642 eo
1038 586 1179 657 quod
1209 587 1381 642 minus
1424 589 1547 643 tale.
1599 589 1664 644 Et
1690 590 1835 667 quod

247 678 540 744 difﬁcilius,
574 678 743 749 magis
770 684 913 733 enim
938 685 1347 753 amamuscum‘
1380 681 1654 747 habemus,
1685 681 1831 751 quod

248 790 353 824 non
385 782 470 826 est
498 772 654 826 facile
683 771 923 840 adipisci.
964 771 1028 826 Et
1050 773 1191 841 quod
1220 769 1387 841 magis
1429 772 1725 843 proprium,
1765 788 1832 829 eo

245 867 389 933 quod
413 864 771 920 communius.
807 866 872 920 Et
898 866 1038 936 quod
1064 870 1232 935 magis
1261 867 1673 935 incommunius,
1706 882 1828 921 nam

243 958 414 1026 magis
444 956 748 1025 eligendum
773 957 912 1027 quod
938 957 1080 1010 nulla
1108 957 1353 1012 molestia
1383 957 1641 1029 sequitur,
1667 972 1826 1028 quam

242 1047 390 1115 quod
412 1032 672 1117 sequitur.
700 1046 958 1117 Amplius,
984 1048 1029 1102 si
1056 1050 1156 1103 hoc
1186 1048 1275 1102 illo
1301 1049 1512 1116 melius,
1534 1059 1589 1105 et
1610 1051 1829 1105 omnino

245 1146 510 1206 Optimum
541 1153 726 1194 eorum
755 1156 883 1209 qua;
907 1139 961 1193 in
995 1140 1115 1207 hoc,
1163 1142 1355 1196 melius
1394 1157 1459 1197 eo
1488 1146 1627 1213 quod
1664 1143 1718 1197 in
1747 1142 1828 1198 al-

240 1220 366 1287 tero
405 1233 688 1303 optimum.
727 1233 797 1289 Ut
837 1234 882 1288 si
912 1234 1106 1290 melior
1139 1244 1221 1291 est
1256 1237 1417 1292 homo
1443 1252 1605 1307 quam
1634 1252 1826 1308 equus,

241 1334 302 1383 et
326 1330 556 1399 optimus
596 1330 777 1395 homo,
816 1329 1021 1399 optimo
1064 1346 1201 1400 equo
1244 1331 1457 1386 melior.
1504 1330 1568 1385 Et
1610 1331 1655 1385 si
1682 1332 1827 1402 Opti-

236 1436 389 1477 mum
419 1424 625 1492 optimo
670 1425 892 1489 melius,
925 1433 980 1479 et
1007 1424 1322 1496 simpliciter
1352 1425 1452 1482 hoc
1497 1426 1588 1481 illo
1610 1409 1822 1492 melius,

238 1525 302 1570 ut
340 1517 384 1571 si
416 1519 649 1587 optimus
675 1518 861 1587 homo,
893 1526 1095 1588 Optimo
1124 1535 1261 1591 equo
1291 1521 1501 1587 melior,
1532 1532 1585 1576 ct
1612 1508 1821 1588 simpli-4

233 1608 375 1664 citer
398 1608 581 1675 homo,
598 1610 912 1681 simpliciter
930 1627 1067 1682 equo
1092 1613 1296 1667 melior.
1326 1613 1591 1683 Amplius,
1614 1628 1676 1667 ea
1703 1627 1824 1682 qua:

232 1700 483 1757 volumus
520 1703 722 1759 amicos
763 1704 1103 1774 participare,
1156 1704 1469 1775 eligibiliora
1501 1719 1663 1774 quam
1702 1718 1820 1774 quae

1934 500 2102 571 magis
2137 502 2441 573 eligendum
2470 502 2678 575 majus,
2710 495 2873 561 aut‘si
2916 507 3120 578 majore
3149 510 3321 582 majus
3350 513 3515 572 fuerit

1933 591 2183 647 alterum.
2230 593 2337 650 Sed
2366 603 2422 651 et
2448 596 2493 651 si
2522 598 2627 651 duo
2656 598 2899 668 quaedam
2931 614 3035 655 uno
3064 600 3242 672 aliquo
3271 604 3376 659 sint
3406 606 3510 662 elio

1932 685 2203 757 gibiliora,
2246 688 2386 758 quod
2434 689 2588 770 longe
2614 684 2920 761 ’eligibilius
2960 707 3026 747 eo
3056 694 3196 763 quod
3228 688 3404 752 minus
3428 707 3512 755 est

1931 778 2258 849 eligendum,
2285 780 2590 849 eligibilius.
2622 782 2865 854 Amplius
2893 783 3047 853 cujus
3073 794 3156 839 est
3180 788 3513 855 superabun-

1931 867 2109 924 dantia
2150 872 2450 941 eligibilior,
2479 881 2533 927 et
2576 875 2749 944 ipsum
2793 875 3100 946 eligibilius.
3144 876 3213 933 Ut
3246 879 3507 950 amicitia,

1931 960 2192 1029 pecuniis,
2235 975 2359 1018 nam
2403 962 2687 1033 eligibilior
2724 965 3223 1035 superabundantia'
3256 970 3511 1027 amicitiai

1931 1067 2089 1122 quam
2121 1053 2485 1122 pecuniarum.
2531 1056 2595 1111 Et
2638 1056 2691 1112 id
2740 1058 2891 1127 cujus
2920 1059 3089 1133 magis
3115 1060 3275 1132 eliget
3301 1064 3421 1134 quis
3448 1074 3511 1120 ut

1930 1143 2046 1215 ipse
2091 1146 2192 1201 sibi
2232 1162 2391 1203 causa
2432 1149 2523 1215 sit,
2566 1164 2725 1219 quam
2767 1152 2921 1222 cujus
2963 1153 3119 1211 alter.
3176 1154 3248 1212 Ut
3304 1138 3508 1215 amicos

1929 1238 2190 1307 pecuniis.
2217 1240 2480 1310 Amplius,
2504 1257 2566 1298 ex
2592 1244 2923 1312 appositione
2943 1246 2988 1301 si
3008 1246 3179 1301 eidem
3203 1250 3508 1318 appositum

1930 1328 2127 1400 aliquid
2147 1374 2163 1401 ,
2194 1333 2341 1403 quod
2374 1342 2542 1388 totum
2576 1320 2863 1406 eligibil'ius
2894 1336 3036 1391 facit.
3093 1322 3299 1394 Cave‘re
3325 1349 3508 1394 autem

1928 1433 2137 1491 oportet
2183 1425 2473 1483 extendere
2515 1427 2581 1480 ad
2624 1441 2693 1482 ea
2748 1430 2799 1482 in
2845 1428 3037 1497 quibus
3081 1431 3251 1485 altero
3289 1431 3505 1501 quidem

1926 1513 2295 1581 apposit‘orum
2322 1515 2487 1570 utitur
2511 1531 2815 1585 commune,
2847 1519 2929 1573 vel
2955 1518 3059 1572 alio
3082 1520 3321 1588 quolibet
3345 1518 3508 1578 modo

1926 1606 2325 1675 cooperativum
2352 1618 2470 1673 est;
2501 1610 2707 1681 reliquo
2745 1620 2921 1667 autem
2958 1627 3063 1666 non
3112 1614 3299 1680 utitur,
3333 1629 3507 1684 neque

1926 1697 2325 1766 cooperativum
2354 1708 2458 1765 est,
2492 1714 2547 1754 ut
2572 1715 2722 1755 serra
2767 1711 2821 1773 et
2843 1702 2979 1758 falce
3004 1717 3125 1758 cum
3156 1713 3270 1758 arte
3301 1704 3503 1771 fabrili,

233 1806 371 1846 non.
424 1792 493 1847 Et
532 1810 652 1865 qua:
681 1796 746 1850 ad
778 1796 1008 1851 amicum
1039 1812 1200 1867 agere
1229 1798 1493 1853 malumus
1518 1814 1676 1869 quam
1697 1812 1819 1869 qua:
1846 1796 1897 1859 Β
1925 1802 2046 1843 nam
2089 1788 2372 1861 eligibilior
2399 1806 2544 1848 serra
2594 1786 2929 1861 consociata,
2961 1796 3277 1866 simpliciter
3323 1811 3505 1853 autem

234 1882 304 1937 ad
331 1884 651 1953 quemlibet,
697 1886 787 1941 illa
815 1886 1152 1957 eligibiliora.
1187 1885 1257 1943 Ut
1291 1889 1434 1958 juste
1459 1905 1618 1960 agere
1643 1898 1699 1944 et
1725 1889 1820 1945 be-

234 1975 511 2044 nefacere,
538 1979 705 2050 magis
733 1995 890 2049 quam
920 1981 1107 2047 videri,
1137 1997 1258 2036 nam
1287 1982 1475 2037 amicis
1505 1981 1819 2038 benefacere

230 2069 484 2126 volumus
505 2073 673 2141 magis
693 2087 850 2140 quam
873 2073 1065 2139 videri,
1082 2075 1405 2145 quibuslibet
1425 2086 1604 2131 autem
1634 2091 1665 2129 e
1684 2090 1817 2131 con-

229 2172 418 2216 verso.
461 2160 526 2216 Et
552 2176 669 2231 qua:
695 2171 819 2218 sunt
846 2177 910 2219 ex
940 2163 1336 2219 circumstantia
1366 2165 1680 2221 necessariis
1703 2181 1817 2222 me-

224 2248 388 2317 liora,
415 2252 704 2323 aliquando
729 2264 909 2333 autem
961 2264 1015 2310 et
1043 2246 1385 2324 eligibiliora.
1437 2258 1622 2313 Melius
1669 2258 1814 2313 enim

223 2358 389 2414 quam
418 2345 618 2411 vivere,
646 2346 781 2403 bene
811 2348 1015 2415 vivere,
1049 2348 1185 2404 bene
1215 2359 1392 2404 autem
1426 2351 1607 2405 vivere
1634 2360 1716 2405 est
1744 2365 1814 2405 ex

220 2438 648 2507 circumstantia,
676 2438 847 2509 ipsum
873 2448 1050 2493 autem
1081 2440 1259 2494 vivere
1291 2443 1675 2496 necessarium.
1702 2438 1816 2495 Ali-

220 2528 443 2598 quando
486 2540 665 2586 autem
708 2528 931 2583 meliora
980 2544 1085 2584 non
1120 2530 1280 2585 etiam
1330 2530 1671 2602 eligibiliora,
1704 2546 1813 2587 non

220 2619 373 2675 enim
400 2620 445 2674 si
468 2620 710 2687 meliora,
746 2621 1054 2675 necessario
1083 2622 1222 2692 quod
1248 2622 1566 2691 eligiblliora
1593 2641 1606 2676 :
1640 2624 1813 2694 philo-

215 2709 445 2779 sophari
469 2710 733 2781 siquidem
759 2710 954 2767 melius
974 2716 1133 2782 quam
1159 2711 1378 2776 lucrari,
1396 2713 1491 2769 sed
1514 2729 1621 2768 non
1642 2716 1809 2786 magis

215 2797 532 2867 eligendum
574 2801 830 2872 indigenti
905 2802 1244 2858 necessariis.
1298 2802 1380 2857 Ex
1410 2803 1809 2860 circumstantia

212 2901 403 2947 autem
448 2902 533 2949 est
576 2894 828 2963 quando,
881 2894 1236 2950 existentibus
1293 2894 1651 2962 necessariis,
1702 2896 1808 2953 alia

210 2983 472 3055 quadam
502 2984 827 3054 adjiciuntur
855 2984 1137 3043 bonorum.
1171 2986 1308 3042 Fere
1352 2997 1532 3043 autem
1581 2988 1809 3045 fortasse

210 3074 508 3144 eligibilius
528 3077 672 3145 quod
702 3078 1060 3133 necessarium
1088 3092 1192 3145 est,
1236 3080 1425 3136 melius
1454 3094 1632 3137 autem
1662 3084 1806 3153 quod

1924 1895 2031 1935 non
2053 1880 2361 1951 eligibilior.
2405 1884 2637 1940 Rursum
2660 1886 2705 1940 si
2732 1885 2926 1941 minori
2952 1889 3253 1957 appositum
3277 1887 3502 1957 aliquid,

1922 1973 2064 2042 quod
2095 1980 2261 2028 totum
2294 1973 2465 2044 majus
2495 1976 2637 2032 facit.
2683 1975 2944 2033 Similiter
2968 1985 3146 2033 autem
3176 1990 3229 2035 et
3257 1994 3324 2034 ex
3352 1981 3505 2053 abla-

1921 2064 2065 2119 tione
2105 2081 2118 2117 :
2157 2080 2263 2135 quo
2309 2080 2451 2120 enim
2489 2066 2669 2122 ablato
2697 2068 2765 2123 ab
2806 2068 2996 2125 eodem
3041 2070 3183 2140 quod
3216 2079 3382 2125 restat
3419 2080 3505 2128 est

1921 2154 2137 2223 minus,
2189 2156 2320 2211 illud
2376 2157 2548 2227 majus
2591 2159 2694 2214 erit
2740 2160 2882 2229 quod
2939 2162 3171 2216 ablatum
3231 2163 3502 2234 reliquum

1919 2250 2095 2305 minus
2122 2248 2269 2307 facit.
2304 2250 2444 2305 Etsi
2478 2251 2578 2308 hoc
2607 2253 2820 2324 quidem
2853 2265 3070 2324 propter
3111 2270 3191 2324 se,
3226 2258 3356 2312 illud
3407 2272 3503 2313 au-

1920 2347 2027 2393 tem
2059 2348 2274 2409 propter
2301 2341 2524 2412 gloriam
2552 2343 2876 2412 eligendum.
2936 2344 3002 2401 Ut
3031 2349 3232 2401 sanitas
3262 2346 3503 2417 pulchri~

1917 2431 2131 2497 tudine,
2182 2432 2439 2490 terminus
2481 2444 2656 2490 autem
2702 2436 2820 2507 ejus
2859 2438 3000 2508 quod
3030 2447 3113 2494 est
3140 2427 3208 2494 ad
3246 2440 3497 2509 gloriam,

1914 2523 2060 2593 quod
2101 2524 2249 2579 nullo
2294 2526 2531 2593 conscio,
2565 2542 2669 2582 non
2702 2528 2942 2584 studeret
2988 2529 3183 2586 inesse.
3215 2531 3283 2585 Et
3314 2529 3365 2586 ‘si
3397 2532 3499 2589 boc

1916 2608 2130 2685 quidem
2181 2627 2399 2687 propter
2440 2634 2503 2675 se
2540 2628 2596 2675 et
2644 2631 2864 2690 pr0pler
2903 2620 3127 2690 gloriam
3169 2625 3495 2695 eligendum,

1913 2704 2045 2762 illud
2081 2718 2260 2764 autem
2307 2724 2526 2779 propter
2565 2712 2792 2767 alterum
2843 2722 3065 2769 tantum.
3118 2714 3185 2770 Et
3236 2717 3496 2772 utrumvis

1912 2799 2083 2868 magis
2115 2809 2330 2871 propter
2357 2815 2415 2857 se
2440 2801 2837 2871 honorandum,
2871 2804 2972 2859 hoc
3000 2813 3055 2860 et
3083 2806 3278 2861 melius
3310 2815 3367 2861 et
3392 2806 3498 2863 eli-

1910 2888 2143 2959 gibilius.
2188 2891 2569 2949 llonorabilius
2598 2895 2781 2965 utique
2838 2894 3000 2951 fuerit
3054 2898 3349 2952 secundum
3409 2912 3493 2965 se,

1911 2983 2054 3053 quod
2101 2983 2236 3039 nihil
2280 2987 2422 3041 aliud
2472 2987 2666 3043 debeat
2706 3002 2849 3053 esse,
2900 2998 3122 3059 propter
3151 3006 3210 3045 se
3250 2991 3494 3061 eligimus

1912 3076 2105 3147 magis.
2129 3077 2392 3148 Amplius,
2414 3078 2760 3134 dividendum
2786 3083 2997 3151 quoties
3018 3082 3158 3152 quod
3187 3083 3494 3153 eligendum

210 3178 283 3220 ex
313 3163 734 3223 circumstantia.
782 3169 847 3224 Et
871 3172 1010 3241 quod
1040 3186 1144 3226 non
1175 3181 1258 3226 est
1284 3173 1353 3228 ab
1384 3173 1490 3229 alio
1516 3176 1803 3247 exquirere
1831 3177 1878 3244 ρ
1905 3159 1994 3222 est
2018 3167 2232 3235 dicitur,
2264 3176 2320 3223 et
2346 3183 2571 3240 quarum
2599 3171 2792 3241 gratia.
2826 3180 2883 3227 ut
2923 3173 3089 3239 utilis,
3132 3174 3215 3229 vel
3256 3173 3493 3240 honesti,

207 3261 549 3330 quam‘quod
576 3271 659 3316 est
685 3268 743 3318 et
782 3262 851 3318 ab
876 3263 1002 3319 alio.
1061 3263 1227 3332 Quale
1252 3269 1480 3323 sustinet
1504 3269 1705 3337 iustitia
1734 3272 1802 3328 ad

206 3342 619 3409 fortitudinem.
648 3352 723 3427 Et
748 3355 795 3410 si
826 3358 925 3411 hoc
954 3356 1170 3427 quidem
1199 3359 1317 3414 sine
1349 3360 1442 3415 illo
1473 3362 1801 3431 eligendum,

205 3442 346 3499 illud
374 3453 553 3501 autem
580 3444 697 3501 sine
725 3445 827 3501 hoc
857 3462 982 3502 non.
1018 3448 1085 3503 Ut
1116 3459 1351 3517 potestas
1380 3452 1499 3507 sine
1523 3453 1804 3527 prudentia

204 3552 323 3595 non
343 3538 611 3608 eligenda,
638 3538 921 3608 prudentia
945 3542 1072 3595 vero
1104 3542 1219 3598 sine
1242 3553 1509 3611 potestate
1535 3545 1799 3615 eligenda.

203 3631 288 3687 Et
317 3630 566 3696 duorum,
597 3630 643 3685 si
673 3632 897 3685 alterum
934 3645 1217 3701 negamus,
1250 3642 1307 3687 ut
1333 3636 1593 3702 reliquum
1623 3636 1804 3691 videa-

203 3731 304 3779 tur
329 3722 484 3778 nobis
514 3723 712 3786 inesse.
734 3721 867 3777 illud
889 3723 1178 3792 eligibilius
1205 3725 1348 3793 quod
1374 3726 1621 3779 volumus
1640 3725 1796 3781 nobis

202 3813 384 3871 videri
427 3814 626 3869 inesse.
663 3812 732 3869 Ut
758 3814 995 3869 laborem
1025 3816 1245 3886 diligere
1290 3831 1388 3872 nos
1429 3833 1709 3889 negamus,
1743 3827 1800 3875 ut

204 3907 474 3980 ingeniosi
495 3922 615 3963 esse
643 3906 941 3963 videamur.
969 3909 1237 3978 Amplius,
1260 3924 1355 3979 pro
1377 3911 1529 3981 cujus
1553 3912 1795 3968 absentia

205 4002 387 4058 minus
430 4002 740 4072 increpandi
781 4011 907 4057 sunt
949 4005 1171 4059 moleste
1211 4004 1465 4071 ferentes,
1496 4007 1597 4063 hoc
1624 4010 1794 4080 magis

204 4093 638 4166 eligendumrEt
662 4108 759 4163 pro
785 4092 939 4164 cujus
959 4094 1196 4169 absentia
1220 4113 1324 4151 non
1357 4098 1583 4156 moleste
1613 4099 1794 4158 feren-

205 4195 318 4243 tem
346 4185 513 4256 magis
538 4184 942 4256 increpandum,
976 4185 1026 4238 id
1061 4185 1377 4255 eligibilius.

822 4295 1049 4353 CAPUT
1090 4295 1179 4351 ΙΙΙ.

492 4391 596 4446 Alii
623 4390 887 4446 meliorum
915 4392 1369 4469 eligilu'liorumque
1396 4394 1515 4450 loci.

278 4482 559 4552 Amplius,
624 4496 813 4538 eorum
858 4498 979 4552 qua:
1025 4491 1150 4538 sunt
1205 4482 1307 4538 sub
1351 4483 1537 4540 eadem
1583 4486 1784 4565 specie,

1907 3258 1992 3315 vel
2023 3258 2375 3316 delectabilis.
2416 3261 2545 3316 Nam
2578 3262 2722 3332 quod
2752 3264 2819 3317 ad
2865 3264 3048 3319 omnia
3093 3266 3176 3320 vel
3221 3265 3289 3320 ad
3340 3266 3493 3335 plura

1905 3361 1988 3407 est
2017 3352 2170 3417 utile,
2199 3352 2487 3423 eligibilius
2513 3352 2676 3409 fuerit
2701 3369 2767 3411 eo
2792 3358 2932 3426 quod
2961 3371 3067 3412 non
3098 3357 3196 3411 sic.
3228 3357 3284 3412 Si
3312 3370 3493 3415 autem

1905 3444 2092 3498 eadem
2128 3444 2367 3514 utrisque
2398 3446 2602 3513 insunt,
2635 3446 2739 3501 utri
2762 3449 2929 3515 magis
2959 3448 3124 3503 insint
3147 3450 3494 3505 consideran-

1906 3534 2057 3590 dum;
2108 3536 2176 3591 Ut
2220 3544 2395 3591 utruut
2436 3538 2755 3593 delectabile
2799 3553 2867 3592 an
2906 3538 3211 3609 honestum,
3255 3555 3321 3594 an
3363 3542 3490 3597 utile

1905 3629 2093 3697 magis.
2145 3627 2378 3683 Rursum
2425 3629 2569 3705 quod
2631 3638 2850 3699 propter
2900 3630 3122 3698 melius,
3180 3632 3488 3703 eligibilius.

1905 3718 1974 3777 Ut
2003 3722 2142 3790 quod
2172 3730 2394 3791 propter
2422 3722 2679 3776 virtutent
2707 3736 2866 3791 quam
2913 3723 3055 3793 quod
3086 3736 3302 3793 propter
3340 3724 3491 3780 dele-

1901 3812 2509 3871 ctationem.‘Simiitter
2535 3825 2712 3870 autem
2738 3823 2793 3870 et
2818 3814 2869 3869 in
2899 3815 3180 3886 fugiendis.
3209 3813 3340 3870 Nam
3371 3832 3487 3872 ma-

1897 3906 1981 3975 gis
2021 3914 2106 3960 est
2147 3906 2451 3976 fugiendum
2494 3906 2635 3978 quod
2675 3907 2844 3979 magis
2879 3906 3101 3977 impedit
3136 3910 3393 3976 virtutes,
3426 3917 3487 3965 ut

1896 3997 2156 4068 :egritudo
2185 3998 2529 4067 turpitudine,
2564 4015 2685 4055 nam
2714 4009 2767 4056 et
2790 4001 3079 4071 voluptatis
3106 4009 3160 4055 et
3184 4002 3300 4070 ejus
3340 4000 3485 4071 quod

1895 4101 1979 4144 est
2007 4090 2307 4146 studiosum
2336 4105 2479 4157 esse,
2524 4090 2896 4161 prohibentior
2926 4101 3008 4148 est
3037 4077 3319 4163 aegritudo.
3352 4096 3485 4148 Διη-

1896 4183 2057 4253 plius,
2082 4197 2149 4237 ex
2179 4184 2527 4239 similitudine
2558 4184 2845 4239 monstrari
2870 4194 3046 4255 potest
3071 4185 3381 4255 fugiendum
3424 4194 3482 4241 et

1893 4274 2199 4344 eligendum
2230 4276 2371 4345 quod
2404 4277 2732 4346 propositum
2764 4286 2867 4333 est.
2921 4277 3051 4333 Nam
3077 4279 3254 4335 minus
3279 4280 3482 4351 eligens

1892 4365 2019 4420 dum
2051 4365 2379 4436 bujusmudi,
2410 4369 2548 4437 quod
2579 4382 2731 4439 teque
2759 4378 2814 4424 et
2844 4368 3066 4440 eligeret
3091 4370 3286 4442 aliquis
3314 4382 3367 4427 et
3394 4371 3477 4426 fu.

1892 4467 2067 4530 geret,
2092 4460 2262 4516 altero
2290 4459 2436 4530 quod
2468 4461 2768 4531 eligendum
2787 4471 2869 4519 est
2894 4471 3131 4529 tantum;
3158 4464 3227 4519 ad
3252 4478 3313 4519 se
3340 4464 3477 4519 invi-

203 4580 344 4657 quod
369 4547 827 4647 liabetvpropriam
858 4547 1132 4643 virtutem,
1164 4592 1232 4633 eo
1272 4579 1414 4650 quod
1466 4595 1571 4637 non
1600 4547 1782 4651 liabet,
1809 4547 1865 4610 D
1891 4566 2011 4657 ce?“
2033 4553 2231 4657 λίθιίίωί
2279 4555 2712 4621 ⁰⁰¹¹¹¹³³¹³ίί⁰¹¹θ³
2762 4555 3239 4627 (quemadmOdum
3268 4556 3473 4614 dictum

202 4673 444 4742 utrisque
486 4682 662 4725 autem
704 4670 1056 4735 habentibus,
1089 4670 1234 4742 quod
1266 4672 1432 4743 magis
1465 4673 1644 4741 habet,
1686 4677 1785 4732 eli-

201 4765 433 4840 gitlilius.
468 4764 732 4832 Amplius,
765 4764 809 4816 si
842 4762 943 4818 boc
980 4762 1368 4832 quidem‘facit
1410 4767 1606 4821 bonum
1650 4766 1784 4823 illud

201 4860 290 4914 cui
320 4860 492 4923 adest,
526 4856 656 4912 illud
686 4866 869 4912 autem
899 4871 1003 4911 non
1050 4855 1198 4926 facit,
1231 4860 1372 4929 quod
1411 4858 1537 4915 facit
1574 4860 1785 4931 eligibi—

202 4951 325 5005 lius.
376 4949 838 5023 Quemadmodum
874 4957 937 5003 et
981 4946 1208 5004 calidius
1237 4950 1376 5020 quod
1417 4952 1678 5019 calefacit,
1715 4968 1783 5009 eo

199 5042 341 5112 quod
373 5056 500 5095 non.
542 5041 598 5097 Si
628 5050 807 5095 autem
840 5049 1123 5111 utrumque
1152 5038 1305 5109 facit,
1338 5042 1478 5109 quod
1510 5042 1679 5112 magis
1710 5042 1785 5097 fa-

199 5134 295 5198 cit,
329 5132 586 5202 autquod
619 5132 833 5198 melius,
867 5141 922 5186 et
950 5131 1296 5201 principalius
1323 5130 1449 5186 facit
1473 5132 1694 5201 bonum,
1727 5144 1785 5191 ut

197 5226 241 5278 si
275 5226 377 5279 huc
403 5224 616 5292 quidem
647 5224 908 5290 animam,
929 5223 1257 5280 illud'autem
1292 5240 1505 5296 corpus.
1540 5230 1784 5300 Amplius

198 5330 376 5371 autem
425 5331 454 5370 a
486 5316 720 5382 rasihus,
753 5327 807 5371 et
831 5316 1039 5381 usibus,
1072 5326 1126 5371 ct
1153 5318 1471 5385 actionibus,
1516 5330 1570 5375 et
1600 5324 1779 5391 operi-

198 5413 319 5477 hus,
362 5422 416 5467 et
458 5413 575 5468 lirec
606 5413 675 5468 ab
703 5413 830 5467 illis.
868 5410 1174 5481 Sequuntur
1201 5412 1343 5467 enim
1374 5427 1495 5469 sese
1524 5413 1776 5484 invicem,

198 5516 255 5561 ut
291 5508 333 5561 si
357 5507 495 5578 quod
517 5508 658 5576 juste
680 5517 762 5563 est
790 5506 1077 5577 eligibilius
1102 5521 1259 5577 quam
1294 5509 1435 5577 quod
1468 5509 1693 5579 fortiter,
1725 5520 1779 5567 et

192 5596 396 5667 justitia
429 5599 734 5655 fortitudine
762 5598 1067 5668 eligibilior,
1096 5607 1150 5652 et
1179 5599 1222 5653 si
1244 5598 1448 5667 justitia
1476 5616 1633 5669 quam
1666 5601 1775 5656 fur-

200 5692 371 5745 titulo
400 5692 707 5761 eligibiliur,
739 5701 791 5746 et
827 5692 968 5761 quod
996 5690 1138 5757 juste
1177 5695 1506 5764 quam_qnod
1545 5693 1774 5749 fu-titer.

196 5783 457 5842 Similiter
489 5800 667 5842 autem
694 5800 744 5865 et
768 5787 818 5840 iu
842 5784 985 5839 aliis.
1010 5784 1273 5855 Amplius,
1304 5786 1351 5843 si
1379 5788 1556 5859 aliquo
1583 5789 1776 5869 eodem

478 5902 751 5965 Panos.
782 5899 1011 5964 LXIV.

1891 4648 1999 4717 est)
2029 4647 2349 4704 faciendum.

2500 4758 2725 4818 CAPUT
2763 4760 2852 4819 IV.

1927 4849 2005 4907 De
2026 4851 2271 4922 eligendis
2292 4861 2337 4905 et
2360 4851 2615 4923 fugiendis
2637 4854 2939 4908 documenta
2957 4895 2973 4921 ,
2999 4855 3099 4909 loci
3119 4871 3432 4912 communes.

1962 4945 2107 5000 Idem
2154 4954 2330 4999 autem
2378 4945 2481 4999 loci
2538 4946 2726 5013 utiles,
2772 4957 2828 5001 et
2872 4946 2939 5001 ad
2992 4947 3467 5003 demonstrandum

1887 5039 2119 5108 quodvis
2150 5036 2452 5107 eligendum
2484 5047 2538 5093 et
2578 5037 2907 5109 fugiendum.
2952 5038 3082 5095 Nam
3130 5039 3341 5094 auferre
3380 5053 3470 5094 so-

1887 5131 1998 5186 lum
2040 5145 2157 5185 eam
2201 5142 2413 5200 oportet
2440 5130 2583 5201 (quae
2620 5131 2687 5186 ad
2727 5132 2954 5189 alterum
2985 5131 3091 5203 est)
3119 5132 3469 5199 praeminen-

1890 5225 2047 5289 tiam;
2080 5224 2124 5279 si
2152 5223 2297 5279 enim
2326 5224 2466 5294 quod
2496 5223 2896 5292 bonorabilius,
2938 5224 3257 5295 eligibilius,
3288 5233 3343 5279 et
3370 5222 3468 5278 bo-

1882 5306 2128 5373 ‘uorabile
2148 5318 2474 5387 eligendum,
2513 5329 2568 5373 et
2588 5318 2633 5374 si
2654 5318 2796 5388 quod
2829 5317 3046 5384 utilius,
3074 5315 3390 5387 eligibilius,
3411 5321 3468 5370 et

1890 5410 2017 5464 utile
2040 5409 2366 5479 eligendum,
2397 5410 2646 5465 similiter
2674 5407 2852 5465 autem
2886 5417 2942 5463 et
2982 5410 3035 5463 in
3066 5407 3187 5462 aliis
3212 5412 3465 5477 quaecun-

1888 5518 1992 5572 quc
2025 5500 2327 5572 hnjusmodi
2355 5501 2553 5557 habent
2580 5501 3057 5583 comparationem.
3098 5498 3157 5554 In
3194 5499 3464 5569 aliquibus

1846 5609 2060 5651 .au'em
2109 5594 2286 5649 statim
2334 5595 2629 5650 secundum
2676 5610 2794 5649 eam
2842 5608 2962 5663 quae
3005 5592 3072 5648 ad
3118 5592 3346 5647 alterum
3378 5600 3463 5648 est

1886 5689 2371 5757 comparationem,
2411 5698 2465 5742 et
2512 5686 2653 5756 quod
2695 5684 2998 5753 eligendum
3049 5695 3344 5753 utrumque
3377 5683 3461 5743 vel

1886 5781 2109 5837 alterum
2134 5781 2380 5838 dicimus.
2411 5778 2479 5836 Ut
2517 5777 2730 5851 quando
2757 5777 2862 5833 hoc
2904 5777 3121 5849 quidem
3151 5787 3339 5833 natura
3366 5777 3458 5835 bo-

2833 5894 2914 5957 80
