4064 6336
279 343 382 404 9"

1181 349 1570 409 l'OPlCORUM
1611 345 2065 414 ARISTOTELIS
2101 359 2687 424 lNTERPRETATIO.

3475 368 3582 438 942
3633 443 3636 446 .

290 461 544 520 virtutum
557 459 829 532 scientia),
847 463 1270 535 quadrUpliciter
1288 477 1373 523 est
1393 469 1722 527 interimere.
1751 473 1882 530 Nam
1908 477 1964 538 Α
1991 459 2115 528 tiam
2146 474 2199 528 in
2227 475 2404 546 aliquo
2432 495 2540 535 non
2570 482 2668 536 sic.
2701 482 2974 553 Amplius,
3007 499 3061 541 in
3090 485 3288 556 quibus
3328 492 3588 561 possibile
3647 546 3650 550 .

260 569 274 590 σ·
295 563 500 608 istenso
529 553 672 622 quod
713 555 888 609 omnis
917 555 1086 610 virtus
1111 558 1330 615 scientia
1351 601 1367 626 ,
1395 561 1481 617 vel
1523 562 1666 632 quod
1697 564 1874 635 nulla,

277 648 365 701 vel
410 646 554 717 quod
599 658 657 704 et
691 647 794 702 alia
837 649 1012 718 aliqua
1045 661 1104 706 ut
1128 652 1371 722 justitia,
1405 658 1487 712 vel
1515 658 1656 726 quod
1686 659 1878 714 eadem

275 740 596 811 prudentia,
639 755 747 798 non
779 743 999 799 scientia
1021 783 1037 812 ,
1070 745 1450 814 interemptum
1495 751 1598 806 erit
1629 754 1876 823 pr0posi-

277 846 415 890 tum.
447 834 586 890 Utile
609 843 789 889 autem
814 844 871 891 et
897 836 1160 906 inspicere
1189 839 1240 892 in
1267 839 1653 909 singularibus,
1675 844 1726 898 in
1751 847 1873 916 qui-

269 927 375 980 bus
399 929 577 982 inesse
597 917 796 998 aliquid
823 929 902 984 vel
927 929 1272 995 non,dictum
1297 940 1400 997 est,
1417 937 1872 1004 quemadmodum

271 1016 326 1068 in
356 1018 747 1072 univerSalibus
777 1007 1230 1088 problematibus.
1251 1025 1499 1095 Amplius
1527 1038 1705 1084 autem
1733 1041 1787 1085 et
1817 1030 1871 1085 in

269 1107 564 1181 geperibus
591 1107 982 1181 inspiciendum
1001 1151 1014 1178 ,
1043 1112 1302 1170 dividenti
1333 1118 1630 1176 secundum
1658 1121 1872 1191 species

267 1212 444 1268 usque
470 1199 537 1254 ad
581 1201 888 1270 individua,
915 1195 1055 1260 sicut
1089 1207 1236 1276 prius
1271 1208 1476 1265 dictum
1509 1221 1612 1268 est.
1657 1211 1790 1268 Nam
1823 1214 1871 1271 si

263 1291 419 1346 omni
450 1303 706 1361 appareat
737 1295 948 1362 inesse,
984 1299 1100 1354 sive
1143 1302 1276 1355 nulli
1321 1303 1486 1358 multa
1543 1306 1869 1374 proferenti,

263 1385 644 1454 postulandum
673 1391 1052 1448 uiversaliter
1069 1395 1315 1450 conﬁteri
1333 1438 1348 1463 ,
1375 1405 1469 1453 aut
1496 1399 1637 1455 ferre
1662 1401 1868 1456 instan-

1989 575 2072 620 est
2097 577 2189 620 aut
2233 570 2441 636 specie,
2490 580 2584 625 aut
2631 587 2857 628 numero
2904 575 3268 634 determinare
3291 582 3582 656 accidens,

1989 656 2375 728 inspiciendum
2399 663 2451 718 si
2469 666 2671 721 nullum
2697 668 2888 724 horum
2917 671 3074 728 itieSt.
3107 673 3173 728 Ut
3205 676 3343 744 quod
3373 687 3588 748 tempus

1986 765 2092 805 non
2125 765 2391 820 movetur,
2421 772 2518 812 nec
2547 769 2630 815 est
2661 775 2864 831 motus,
2891 771 3275 822 annumeranti
3306 780 3438 838 quot
3461 780 3587 828 sunt

1984 845 2194 913 species
2226 859 2437 914 motus;
2471 867 2594 907 nam
2637 855 2682 909 si
2727 857 2874 912 nulla
2911 874 3096 916 earum
3137 861 3278 918 inest
3320 866 3582 932 tempori,

1987 939 2330 995 manifestum
2371 947 2620 1013 quoniam
2669 965 2775 1005 non
2825 963 3091 1022 movetur,
3125 971 3224 1012 nec
3267 967 3350 1012 est
3381 975 3581 1017 motus.

1983 1031 2247 1090 Similiter
2273 1047 2449 1092 autem
2482 1051 2532 1096 et
2565 1043 2704 1111 qniid
2733 1049 2909 1101 anima
2941 1065 3044 1103 non
3074 1061 3157 1106 est
3185 1067 3472 1122 numerus,
3503 1056 3586 1132 di-

1983 1125 2183 1182 videnti
2216 1133 2466 1195 quoniam
2499 1139 2675 1190 omnis
2704 1155 2959 1196 nmnerus
3003 1154 3096 1199 aut
3131 1148 3302 1215 impar
3331 1160 3421 1202 aut
3453 1165 3580 1220 ρης

1983 1233 2107 1274 nam
2152 1221 2195 1275 si
2223 1223 2400 1278 anima
2449 1241 2622 1297 neque
2667 1229 2842 1299 impar
2871 1248 3043 1303 neque
3071 1251 3186 1304 par,
3234 1239 3579 1296 manifrstum

1981 1314 2124 1384 quod
2157 1321 2262 1371 non
2292 1328 2376 1372 est
2406 1336 2696 1394 numerus,
2738 1327 2803 1379 ad
2834 1328 3087 1386 accidens
3130 1330 3290 1402 igitur
3319 1347 3414 1404 per
3457 1337 3580 1391 talia

1980 1417 2035 1460 et
2064 1409 2166 1463 hoc
2200 1413 2359 1466 modo
2386 1418 2892 1483 argumentandum.

454 1554 462 1557 i
655 1610 657 1612 ’
797 1601 800 1604 “
1406 1640 1754 1724 LIBER
1815 1642 2424 1753 QUARTUS.

1761 1787 2090 1803 _———-

785 1853 1018 1912 CAPUT
1056 1855 1344 1916 PRIMUM.

263 1941 348 1998 De
393 1960 496 2016 quo
543 1946 925 2006 discutiendum
948 1956 1460 2082 ,dztcgoblematum
1509 1963 1712 2032 generis
1765 1967 1868 2022 loci

335 2111 468 2169 Post
493 2113 614 2172 haec
638 2123 822 2172 autem
847 2117 916 2174 de
947 2117 1011 2174 iis
1039 2135 1163 2191 qua;
1188 2123 1255 2178 ad
1277 2137 1533 2197 genuset
1561 2131 1862 2200 proprium,

261 2202 695 2276 inspiciendum;
721 2221 848 2266 sunt
875 2218 1054 2268 autem
1083 2215 1201 2272 haec
1225 2218 1498 2278 elementa
1522 2238 1711 2280 eorum
1743 2243 1864 2298 quae

255 2307 392 2356 Sunt
415 2298 485 2356 ad
523 2302 807 2371 terminos,
833 2314 888 2360 et
917 2304 1004 2363 bis
1053 2307 1184 2379 ipsis
1228 2327 1356 2369 raro
1399 2320 1866 2396 eonsiderationes

263 2389 404 2448 nunt
431 2391 850 2464 disputantibus.
905 2399 962 2457 Si
991 2416 1124 2473 ergo
1155 2415 1387 2474 ponatur
1427 2426 1598 2481 genus
1638 2393 1865 2486 alicujus

263 2485 640 2558 existentium,
671 2492 905 2561 primum
929 2497 1148 2567 quidem
1177 2501 1569 2572 inspiciendum
1593 2507 1660 2563 ad
1683 2485 1866 2566 omnia

261 2591 388 2646 qua:
429 2592 658 2652 cognata
701 2595 832 2642 sunt
859 2589 914 2644 ei
957 2591 1103 2659 quod
1150 2593 1367 2664 dicitur,
1399 2599 1447 2654 si
1495 2599 1563 2655 de
1601 2601 1707 2656 alio
1756 2618 1865 2660 non

261 2669 609 2738 pradicatur.
641 2680 1096 2746 quemadmodum
1141 2695 1225 2742 est
1266 2689 1320 2744 in
1367 2693 1668 2750 accidente.
1717 2695 1790 2753 Ut
1817 2701 1865 2754 si

265 2762 559 2831 voluptatis
610 2765 808 2828 bonum
850 2786 1085 2841 ponatur
1111 2789 1306 2848 genus,
1334 2781 1382 2836 si
1411 2783 1588 2855 aliqua
1617 2787 1864 2860 voluptas

261 2869 374 2911 non
423 2857 649 2916 bonum.
697 2863 829 2918 Nam
859 2865 906 2920 si
937 2866 1041 2924 hoc
1084 2872 1428 2930 manifestum
1478 2886 1563 2934 est
1607 2857 1865 2950 quoniam

261 2964 372 3006 non
399 2965 570 3021 genus
612 2954 808 3012 bonum
839 2960 1150 3031 voluptatis,
1178 2981 1300 3021 nam
1327 2981 1496 3038 genus
1518 2971 1586 3027 de
1611 2974 1863 3030 omnibus

255 3056 385 3112 quae
419 3054 544 3100 sunt
585 3046 688 3102 sub
723 3049 841 3118 ipso
878 3054 1160 3121 speciebus
1200 3059 1550 3128 pradicatur;
1591 3064 1787 3122 deinde
1815 3069 1862 3122 si

257 3147 373 3190 non
399 3136 452 3192 in
476 3151 546 3193 eo
569 3141 714 3210 quod
731 3143 858 3212 quid
889 3154 972 3200 est
995 3149 1338 3219 pra-dicatur,
1360 3154 1454 3210 sed
1482 3165 1540 3210 ut
1569 3157 1820 3214 accidens
1842 3203 1859 3231 ,

257 3233 719 3301 quemadmodum
749 3239 953 3304 album,
985 3243 1054 3298 de
1098 3246 1254 3316 nive,
1285 3248 1352 3304 de
1400 3250 1600 3320 anima,
1625 3269 1652 3307 a
1681 3255 1860 3326 seipso
1887 3243 1938 3310 C

259 3324 522 3396 agitatum
550 3345 562 3381 :
589 3343 764 3400 neque
785 3334 931 3388 enim
965 3336 1055 3390 nix
1081 3337 1311 3408 idipsum
1345 3343 1490 3413 quod
1517 3355 1620 3416 est,
1653 3324 1858 3417 album,

261 3430 596 3490 quapropter
615 3437 721 3478 non
753 3433 836 3480 est
857 3441 1026 3497 genus
1054 3431 1233 3486 album
1268 3435 1405 3488 nivis
1431 3454 1444 3499 ;
1479 3451 1652 3508 neque
1683 3440 1860 3496 anima
1894 3471 1905 3485 -

259 3510 492 3583 idipsum
519 3518 661 3588 quod
701 3528 810 3588 est,
843 3521 1098 3592 agitatum
1119 3565 1133 3591 ,
1163 3539 1286 3581 nam
1334 3531 1528 3585 accidit
1556 3532 1604 3586 ei
1635 3537 1861 3602 moveri,

257 3609 716 3676 quemadmodum
771 3625 824 3668 et
864 3616 1082 3672 animali
1131 3605 1446 3687 frequenter
1487 3633 1540 3677 et
1587 3624 1866 3681 ambulare

260 3709 319 3757 et
343 3703 624 3759 ambulans
661 3709 1117 3780 csse.”Amplius,
1155 3712 1408 3782 agitatum
1439 3731 1542 3770 non
1579 3718 1705 3786 quid
1757 3729 1858 3787 est,

257 3795 356 3848 sed
387 3795 516 3865 quid
560 3797 762 3855 iaciens
817 3803 898 3856 vel
931 3803 1136 3870 patiens
1166 3805 1470 3876 significare
1509 3809 1756 3880 videtur;
1789 3813 1864 3868 si-

259 3886 462 3943 militer
503 3900 684 3947 autem
707 3901 765 3947 et
790 3895 994 3963 album,
1029 3913 1133 3952 non
1168 3899 1310 3955 enim
1353 3901 1482 3972 quid
1512 3913 1596 3959 est
1624 3906 1736 3976 nix,
1763 3906 1860 3963 sed

255 3981 418 4052 quale
459 3984 590 4054 quid
619 3996 704 4042 est
745 3986 978 4055 indicat;
1012 4005 1178 4061 quare
1209 4004 1458 4051 neutrum
1490 3995 1682 4054 borum
1713 4001 1766 4055 in
1791 4017 1860 4056 eo

257 4075 402 4146 quod
425 4077 552 4148 quid
580 4068 662 4134 est
690 4082 1032 4150 praedicatur.
1067 4085 1294 4143 Maxime
1319 4100 1497 4146 autem
1525 4093 1577 4147 in
1607 4095 1859 4152 acciden-

257 4170 330 4226 tis
383 4171 695 4229 detinitione
745 4175 1228 4247 inspiciendum,si
1277 4193 1492 4254 aptatur
1531 4187 1597 4242 ad
1651 4189 1852 4245 dictmn

255 4279 451 4335 genus,
482 4277 540 4323 ut
569 4267 635 4324 ad
665 4285 786 4340 quae
831 4287 973 4328 nunc
1017 4273 1158 4330 dicta
1207 4287 1378 4335 sunt:
1411 4282 1674 4353 contingit
1706 4283 1856 4338 enim

255 4359 534 4430 quidpiam
581 4377 799 4419 movere
842 4366 1100 4436 seipsnm,
1136 4377 1193 4425 et
1235 4386 1366 4439 non,
1400 4361 1649 4429 similiter
1677 4385 1856 4431 autem

256 4462 315 4509 et
340 4455 522 4509 album
553 4449 697 4522 esse,
719 4464 774 4513 et
798 4475 938 4524 non;
965 4475 1131 4532 quare
1161 4473 1410 4519 neutrum
1439 4467 1628 4520 hoi‘um
1662 4483 1854 4536 genus,

257 4548 355 4602 sed
387 4547 658 4616 accidens,
704 4565 772 4606 eo
802 4553 941 4622 quod
974 4555 1226 4611 accidens
1252 4557 1502 4630 dicimus,
1533 4563 1676 4632 quod
1720 4577 1853 4617 con-
1885 4597 1943 4658 Β

243 4639 420 4710 'tingit
463 4640 605 4696 idem
659 4641 839 4700 inesse
888 4643 1068 4718 alicui,
1102 4659 1154 4703 et
1201 4665 1326 4704 non.
1363 4651 1628 4724 Amplius,
1658 4654 1704 4709 si
1747 4671 1854 4710 non

253 4735 314 4794 in
365 4737 554 4794 eadem
584 4737 850 4798 divisione
893 4753 975 4798 est
1022 4759 1211 4814 genus,
1243 4757 1293 4802 et
1337 4751 1567 4820 species,
1595 4751 1692 4806 sed
1738 4750 1856 4807 haec

256 4829 477 4902 quidem
522 4834 844 4902 substantia,
873 4835 1000 4891 illud
1033 4847 1210 4893 autem
1253 4841 1430 4911 quale.
1458 4854 1549 4896 aut
1593 4841 1696 4900 hoc
1737 4847 1856 4916 qui-

256 4923 382 4979 dem
407 4923 476 4979 ad
505 4923 726 4995 aliquid,
761 4926 894 4983 illud
939 4940 1119 4986 autem
1163 4933 1340 5003 quale.
1389 4933 1458 4990 Ut
1515 4937 1602 4992 nix
1636 4937 1852 5008 quidem

255 5025 312 5072 et
343 5029 546 5088 cygnus
577 5017 894 5084 substantia,
922 5019 1100 5075 album
1140 5035 1318 5078 autem
1372 5040 1477 5079 non
1525 5027 1849 5097 substantia,

256 5109 353 5162 sed
382 5107 576 5178 quale;
610 5123 776 5178 quare
823 5125 928 5166 non
955 5124 1038 5168 est
1083 5129 1252 5185 genus
1281 5117 1462 5171 album
1495 5118 1652 5187 nivis,
1681 5136 1856 5191 neque

254 5201 436 5272 cygni.
473 5200 704 5258 Rursum
737 5202 1014 5276 disciplina
1041 5206 1255 5278 quidem
1287 5207 1353 5264 ad
1401 5211 1621 5282 aliquid,
1654 5213 1856 5270 bonum

253 5300 472 5362 autem,
517 5304 572 5351 et
613 5296 897 5367 pulchrum
953 5295 1360 5370 quale;'quare
1403 5318 1510 5357 non
1559 5315 1642 5359 est
1684 5322 1858 5380 genus

253 5383 564 5457 pulchrum,
595 5389 680 5442 vel
713 5383 910 5444 bonum
943 5385 1258 5462 disciplinae,
1291 5411 1411 5449 nam
1439 5411 1636 5467 genera
1665 5413 1853 5456 eorum

255 5495 380 5550 quae
422 5491 547 5536 sunt
574 5481 640 5536 ad
669 5483 894 5555 aliquid,
917 5493 972 5539 et
1005 5485 1116 5554 ipsa
1141 5487 1207 5541 ad
1231 5487 1428 5557 aliquid
1463 5498 1674 5560 oportet
1703 5507 1852 5561 esse,

255 5584 317 5629 ut
347 5577 399 5630 in
431 5575 630 5647 duplici
663 5578 898 5634 :ctcnim
949 5580 1228 5648 multiplex
1273 5591 1355 5636 est
1388 5599 1556 5653 genus
1602 5582 1849 5656 duplicis,

195 5647 206 5664 ’
254 5677 310 5723 et
344 5669 517 5738 ipsum
567 5686 751 5728 eorum
779 5689 897 5746 qua:
923 5679 1049 5730 sunt
1087 5647 1151 5728 ad
1181 5647 1508 5748 aliquidveSt.
1541 5677 1610 5734 Ut
1638 5647 1856 5735 univer;

257 5763 450 5819 saliter
493 5775 671 5822 autem
715 5766 954 5836 dicatur,
988 5769 1040 5826 in
1089 5773 1274 5826 eadem
1321 5770 1588 5829 divisione
1637 5779 1855 5840 Oportet

257 5868 431 5930 genus
454 5871 576 5921 esse
598 5864 821 5936 speciei,
857 5879 981 5923 nam
1012 5868 1057 5923 si
1090 5869 1296 5937 species
1325 5867 1646 5938 substantia,
1674 5875 1730 5927 et
1757 5881 1852 5942 σοι

1897 1871 1948 1936 Β
1976 1885 2099 1940 nus,
2131 1883 2182 1930 et
2209 1876 2255 1931 si
2287 1876 2446 1947 quale
2477 1847 2984 1953 quidpiam-species
3010 1896 3112 1956 est,
3137 1903 3191 1946 et
3218 1907 3383 1964 genus
3410 1900 3566 1970 quale

1974 1969 2273 2040 qu'dpiam,
2307 1981 2367 2024 ut
2405 1972 2449 2026 si
2478 1972 2657 2028 album
2702 1977 2858 2046 quale
2907 1978 3182 2051 quidpiam
3210 1995 3265 2040 et
3291 1989 3460 2048 color.
3491 1991 3578 2052 St-

1974 2062 2175 2118 militer
2211 2073 2392 2118 autem
2420 2074 2474 2120 et
2517 2065 2570 2122 in
2618 2068 2761 2130 aliis.
2793 2069 3026 2128 Rursum
3057 2077 3100 2130 si
3128 2093 3350 2138 necesse
3389 2083 3573 2158 fuerit,

1974 2154 2059 2208 vel
2107 2155 2150 2208 si
2202 2157 2491 2228 contigerit
2533 2175 2705 2230 genus
2754 2167 3101 2236 participare,
3145 2172 3288 2242 quod
3337 2154 3612 2246 positum.

1971 2258 2056 2303 est
2086 2249 2138 2322 in
2169 2265 2390 2321 genere.
2435 2241 2724 2311 Terminus
2757 2267 2934 2314 autem
2965 2262 3082 2334 ejus
3121 2267 3265 2336 quod
3296 2280 3378 2325 est
3402 2275 3573 2341 parti-

1971 2345 2174 2412 cipare,
2205 2352 2290 2399 est
2335 2347 2612 2416 suscipere
2661 2352 2960 2424 participati
3009 2358 3304 2430 rationem;
3346 2365 3576 2424 manife-

1973 2444 2114 2490 stum
2173 2437 2334 2507 igitur
2382 2442 2636 2510 quoniam
2703 2446 2914 2516 species
2971 2451 3188 2520 quidem
3251 2458 3579 2530 participant
3655 2519 3668 2526 ,

1971 2544 2194 2602 genera,
2217 2547 2415 2602 genera
2435 2545 2616 2590 autem
2643 2541 2852 2606 species
2878 2556 3007 2610 non,
3029 2561 3150 2600 nam
3175 2550 3384 2616 species
3411 2553 3576 2609 susci-

1971 2623 2050 2694 pit
2077 2625 2294 2697 generis
2322 2629 2611 2698 rationem,
2636 2647 2808 2704 genus
2835 2642 3016 2700 autem
3045 2641 3244 2710 speciei
3274 2659 3408 2712 non;
3439 2659 3576 2702 con-

1973 2716 2324 2773 siderandum
2349 2720 2512 2790 igitur
2535 2725 2579 2780 si
2611 2726 2918 2798 participat,
2937 2729 3022 2785 vel
3049 2733 3311 2805 contingit
3333 2738 3576 2810 assigna-

1973 2815 2085 2863 tum
2126 2825 2299 2882 genus
2330 2815 2652 2886 participare
2697 2824 2960 2892 speciem,
2989 2833 3048 2880 ut
3077 2827 3121 2881 si
3146 2829 3267 2900 quis
3295 2833 3434 2888 entis
3489 2837 3577 2893 vel

1978 2901 2138 2958 unius
2204 2918 2374 2973 genus
2415 2908 2691 2981 quidpiam
2741 2914 3127 2988 assignaverit;
3173 2923 3382 2980 accidet
3427 2929 3576 2984 enim

1969 3009 2140 3064 genus
2195 2999 2515 3070 participare
2555 3006 2818 3076 speciem,
2866 3024 2990 3068 nam
3037 3013 3106 3069 de
3154 3019 3407 3074 omnibus
3453 3039 3576 3095 quas

1971 3097 2101 3140 sunt
2145 3103 2244 3144 ens
2294 3099 2351 3147 et
2397 3108 2561 3150 unum
2613 3099 2998 3170 praedicantur,
3026 3120 3194 3174 quare
3222 3119 3276 3165 et
3305 3113 3445 3168 ratio
3473 3130 3575 3172 eo-

1969 3195 2111 3236 rum.
2161 3185 2438 3256 Amplius,
2469 3190 2515 3244 si
2543 3189 2613 3246 de
2642 3192 2819 3262 aliquo
2869 3197 3144 3268 assignate
3192 3205 3403 3273 species
3446 3223 3574 3269 vera

1969 3282 2077 3343 est,
2097 3291 2268 3346 genus
2295 3292 2478 3337 autem
2519 3299 2649 3340 non.
2684 3284 2753 3342 Ut
2775 3287 2821 3342 si
2853 3302 2974 3360 ens,
3008 3302 3101 3348 aut
3143 3296 3354 3366 scibile,
3384 3284 3572 3372 opina-

1967 3366 2094 3424 bilis
2121 3385 2292 3438 genus
2319 3388 2566 3462 ponatur.
2599 3393 2722 3434 nam
2750 3381 2818 3437 de
2845 3397 2952 3440 non
2979 3397 3104 3443 ente
3131 3389 3402 3460 opinabile
3422 3366 3573 3466 prm-

1971 3460 2239 3519 dicabitur
2265 3484 2277 3518 :
2305 3457 2473 3522 multa
2501 3471 2644 3526 enim
2673 3489 2780 3530 non
2807 3479 2950 3534 entia
2999 3457 3290 3562 opinabilis
3335 3457 3482 3562 sunt,
3513 3507 3571 3553 at

1971 3555 2115 3622 quod
2160 3571 2253 3611 ens
2288 3560 2372 3615 vel
2411 3561 2602 3618 scibile
2647 3580 2754 3622 non
2785 3571 3110 3656 prmpicatur
3141 3555 3227 3633 Ide
3267 3566 3373 3636 nén
3417 3555 3569 3653 ente,

1973 3647 2347 3716 manifestum;
2372 3667 2539 3722 quare
2564 3671 2671 3712 non
2697 3668 2778 3712 est
2806 3647 2977 3732 genus
3003 3679 3124 3736 ens,
3149 3684 3324 3742 neque
3352 3674 3566 3743 scibile,

1972 3735 2288 3808 opinabilis,
2325 3758 2462 3798 nam
2516 3746 2584 3801 de
2620 3749 2816 3819 quibus
2863 3756 3074 3824 species
3118 3735 3461 3835 praedicatur,
3507 3735 3568 3826 et

1965 3845 2140 3900 genus
2183 3843 2397 3903 oportet
2429 3837 2731 3906 praedicari.
2767 3843 3002 3906 Rursum
3031 3851 3075 3904 si
3110 3833 3308 3910 nullam
3351 3833 3566 3928 specie-

1970 3937 2088 3978 rum
2139 3927 2402 3998 contingit
2433 3931 2758 4002 participare
2808 3940 2948 4009 quod
2993 3944 3226 4012 positum
3269 3958 3353 4005 est
3381 3927 3435 4006 in
3477 3967 3566 4024 αθ·

1968 4031 2119 4072 nere.
2169 4017 2302 4076 Nam
2332 4022 2664 4094 impossibile
2703 4038 2785 4086 est
2826 4034 3152 4106 participare
3194 4056 3386 4112 genus,
3417 4017 3566 4117 qubd

1967 4110 2168 4168 nullam
2200 4115 2497 4184 specierum
2533 4121 2848 4192 participat,
2889 4127 2996 4184 nisi
3041 4110 3220 4203 aliqua
3264 4110 3566 4201 secundum

1969 4204 2198 4272 primam
2245 4205 2564 4264 divisionem
2596 4215 2900 4283 specierum
2930 4221 3022 4286 sit,
3052 4221 3160 4278 illa:
3186 4235 3364 4285 autem
3391 4247 3568 4302 genus

1939 4296 2142 4372 (solum
2184 4299 2538 4370 participant;
2569 4305 2614 4360 si
2666 4307 2826 4386 igitur
2850 4321 3027 4368 motus
3063 4330 3234 4386 genus
3275 4296 3566 4395 voluptatis

1965 4397 2216 4457 ponatur,
2251 4394 2702 4454 coiisiderandum
2746 4401 2793 4456 si
2833 4419 3008 4474 neque
3053 4415 3351 4483 corruptio,
3387 4433 3564 4490 neque

1967 4480 2214 4540 alteratio
2265 4486 2527 4558 voluptas,
2562 4506 2735 4562 neque
2787 4495 2927 4552 ullus
2975 4480 3305 4573 reliquorum
3335 4480 3564 4581 (quias-

1965 4574 2165 4642 signari
2213 4577 2410 4648 solent)
2437 4591 2709 4652 motuum;
2745 4589 3086 4652 manifestum
3117 4601 3260 4656 enim
3308 4607 3564 4674 quoniam

1963 4667 2167 4724 nullam
2197 4672 2496 4740 specierum
2542 4679 2904 4751 participabit,
2951 4702 3118 4757 quare
3147 4667 3339 4764 neque
3363 4715 3559 4770 genus,

1963 4773 2030 4814 eo
2057 4761 2199 4830 quod
2248 4769 2612 4826 necessarium
2659 4784 2746 4828 est
2775 4777 2917 4846 quod
2947 4796 3118 4850 genus
3159 4761 3464 4859 participat,
3505 4761 3563 4850 ei

1963 4852 2264 4920 specierum
2291 4855 2522 4927 aliquam
2549 4863 2904 4935 participare;
2941 4887 3112 4940 quare
3138 4852 3243 4932 non
3286 4852 3388 4935 erit
3431 4897 3560 4952 spe--

1964 4943 2097 5009 cies,
2129 4955 2328 5014 motus,
2375 4949 2641 5020 voluptas,
2693 4971 2868 5026 neque
2911 4961 3333 5038 individuorum,
3387 4990 3561 5046 neque

1963 5051 2149 5092 eorum
2195 5040 2484 5112 quidquam
2513 5061 2634 5115 qum
2676 5051 2778 5106 sub
2818 5058 3006 5124 specie
3035 5071 3212 5116 motus
3240 5077 3399 5130 sunt;
3433 5040 3556 5126 nam

1963 5137 2018 5182 et
2045 5130 2315 5188 individua
2343 5138 2664 5208 participant
2689 5145 2931 5212 speciem
2957 5158 3010 5204 et
3029 5167 3219 5220 genus,
3252 5164 3310 5209 nt
3337 5160 3552 5228 quidam

1965 5219 2148 5286 homo,
2181 5231 2235 5277 et
2259 5223 2531 5284 hominem
2565 5232 2846 5302 participat
2873 5246 2928 5292 et
2959 5219 3176 5298 animal.
3211 5219 3476 5316 Ampiius,
3509 5219 3558 5308 si

1963 5312 2031 5368 de
2075 5314 2317 5384 pluribus
2363 5317 2576 5376 dicitur'
2604 5340 2762 5393 quam
2815 5342 3022 5398 genus,
3065 5335 3206 5402 quod
3255 5312 3328 5393 ini
3355 5312 3564 5410 genere.

1963 5406 2197 5479 positum
2237 5421 2339 5468 est.
2373 5412 2439 5470 Ut
2464 5416 2731 5485 opinabile
2783 5437 2942 5491 quam
2971 5439 3087 5491 ens,
3121 5443 3241 5484 nam
3269 5441 3325 5488 et
3351 5406 3469 5500 ens,
3500 5446 3557 5494 et
3627 5451 3632 5454 '

1961 5515 2066 5554 non
2093 5516 2210 5568 ens,
2237 5505 2527 5573 Opinabile,
2559 5525 2730 5580 quare
2773 5528 2876 5568 non
2918 5515 3023 5570 erit
3049 5520 3320 5586 opinabile
3345 5529 3554 5596 species

1959 5593 2129 5658 entis;
2162 5594 2230 5651 de
2258 5597 2500 5666 pluribus
2527 5603 2670 5658 enizn
2700 5619 2916 5676 semper
2939 5623 3110 5679 genus
3153 5632 3312 5686 quam
3340 5593 3554 5690 species

1961 5689 2304 5758 praedicatur.
2339 5695 2564 5763 Rursus,
2597 5700 2641 5753 si
2683 5701 2751 5756 de
2797 5706 3093 5772 aequalibus
3134 5727 3303 5782 genus
3341 5689 3398 5772 et
3426 5735 3553 5791 spe-

1959 5782 2072 5837 cies
2099 5783 2369 5843 dicuntur.
2399 5788 2466 5844 Ut
2491 5788 2535 5843 si
2561 5805 2746 5848 eorum
2770 5809 2890 5864 qua:
2914 5802 3096 5858 omnia
3125 5782 3552 5882 consequuntur,

1959 5871 2062 5931 hoc
2111 5877 2325 5944 quidem
2371 5880 2614 5950 species,
2664 5882 2799 5943 illud
2846 5897 3026 5948 autem
3078 5909 3246 5966 genus
3295 5871 3548 5971 ponatur;
