4064 6336
464 283 469 294 ’
538 324 640 382 eis

1775 311 1886 369 AN.
1929 305 2136 368 MANL.
2177 307 2326 367 επεν.
2370 306 2590 366 ΒΟΕΊἹΙ

3702 314 3807 370 9“

538 434 988 512 quemadmodum
1035 445 1130 487 ens
1173 439 1226 484 et
1284 442 1482 488 unum,
1527 442 1686 481 omne
1735 426 1876 480 enim
1926 439 2024 479 ens
2069 431 2124 478 et
2153 423 2272 484 Asi
2309 423 2666 490 prardicantur
2695 423 2762 478 de
2791 425 3002 492 specie,
3040 423 3090 478 in
3123 438 3188 480 eo
3218 425 3358 495 quod
3395 426 3521 496 quid
3561 438 3642 483 est
3673 445 3809 499 pra:-

539 551 723 598 unum,
757 546 922 603 quare
967 537 1210 581 neutrum
1257 524 1496 579 neutrius
1537 538 1736 592 genus,
1766 537 1830 576 eo
1875 521 2013 590 quod
2054 518 2121 574 de

537 627 828 698 aqualibus
869 622 1132 676 dicuntur.
1197 617 1456 672 Similiter
1494 626 1671 668 autem
1709 623 1763 668 et
1803 614 1845 666 si
1893 613 2120 682 primum

541 731 594 775 et
622 716 933 788 principium
967 712 1030 766 ad
1061 726 1121 766 se
1150 709 1372 764 invicem
1419 715 1705 776 ponantur,
1738 719 1857 758 nam
1891 713 1944 757 et
1976 703 2120 771 prin-

537 811 733 879 cipium
781 808 1032 876 primum,
1071 817 1126 858 et
1168 802 1394 872 primum
1446 797 1785 868 principium,
1817 809 1981 865 quare
2029 801 2121 848 aut

536 911 759 970 utraque
802 913 919 968 quae
963 897 1105 951 dicta
1150 905 1274 949 sunt
1322 894 1461 948 idem
1519 902 1672 956 sunt,
1725 901 1815 944 aut
1871 897 2118 942 neutrum

536 994 778 1050 neutrius
821 1006 1006 1061 genus.
1072 989 1403 1044 Elementum
1460 993 1636 1038 autem
1688 991 1773 1038 est
1827 981 1893 1034 ad
1942 978 2120 1034 omnia

537 1086 862 1156 hujusmodi,
897 1082 1036 1154 quod
1065 1081 1132 1136 de
1164 1080 1401 1151 pluribus
1429 1093 1597 1147 genus
1625 1091 1780 1146 quam
1810 1074 2016 1144 species
2069 1081 2123 1125 et

539 1177 836 1235 differentia
867 1175 1094 1238 dicitur;
1138 1171 1206 1227 de
1238 1170 1577 1239 paucioribus
1608 1167 1747 1221 enim
1780 1165 1938 1220 etiam
1969 1163 2124 1218 diffe-

536 1271 708 1329 rentia
759 1270 953 1324 dii-itur
1001 1281 1157 1337 quam
1201 1279 1392 1334 genus.
1444 1261 1738 1316 Videndum
1785 1266 1958 1312 autent
1990 1265 2046 1311 et
2076 1255 2121 1310 si

535 1363 764 1432 alicujus
792 1362 843 1416 in
876 1359 1234 1415 differentium
1281 1355 1460 1424 specie
1504 1367 1609 1407 non
1660 1352 1729 1406 sit
1770 1364 1938 1420 genus
1977 1345 2117 1418 quod

535 1456 737 1511 dictum
765 1461 848 1507 est
886 1465 1077 1521 genus,
1115 1448 1203 1504 vel
1235 1464 1338 1502 non
1370 1446 1624 1500 videatur.
1662 1442 2001 1499 Construenti
2031 1454 2123 1493 au-

535 1556 645 1604 tem
676 1548 718 1602 si
749 1556 831 1601 est
872 1542 1118 1612 alicujus,
1153 1541 1292 1594 idem
1337 1538 1483 1594 enim
1534 1537 1773 1591 omnium
1815 1531 2124 1587 indifferen-

537 1616 669 1696 tium
714 1641 893 1710 specie
920 1650 1086 1707 genus
1117 1652 1130 1701 ;
1163 1633 1205 1688 si
1237 1631 1395 1703 igitur
1424 1629 1582 1686 unius
1629 1636 1974 1692 monstretur,
2007 1638 2122 1678 ma-

536 1732 788 1787 nifestum
834 1728 1086 1800 quoniam
1137 1725 1395 1786 omnium,
1430 1734 1485 1779 et
1528 1722 1573 1777 si
1610 1721 1766 1775 unius
1796 1735 1921 1784 non,
1954 1715 2126 1771 mani-

536 1825 734 1881 festum
792 1798 1046 1893 quoniam
1104 1818 1352 1873 nullius:
1398 1827 1455 1870 ut
1507 1816 1551 1869 si
1604 1813 1724 1882 quis
1772 1814 1822 1866 in
1866 1808 2126 1866 secabiles
2157 1798 2205 1858 B

535 1933 743 1990 ponens
773 1916 960 1977 lineas.
989 1911 1312 1969 indivisibile
1360 1925 1528 1979 genus
1563 1923 1748 1963 earum
1796 1906 1940 1960 dicat
1979 1917 2121 1967 esse,

535 2027 659 2067 nam
705 2010 967 2064 linearum
1011 2006 1318 2061 habentium
1359 2003 1678 2058 divisionem
1718 2015 1822 2054 non
1868 2009 1949 2052 est
1985 1995 2125 2066 quod

534 2101 736 2157 dictum
783 2110 868 2157 est
910 2114 1103 2171 genus,
1129 2113 1249 2153 cum
1281 2095 1388 2150 sint
1435 2093 1802 2148 indifferentes
1831 2087 2124 2145 secundum

534 2194 802 2264 speciem,
855 2191 1218 2246 indiiferentes
1279 2187 1421 2241 enim
1482 2185 1584 2239 sibi
1645 2181 1873 2237 invicem
1937 2194 2126 2235 secun-

535 2284 660 2341 dum
687 2283 943 2357 speciem,
975 2290 1137 2338 recta:
1165 2277 1320 2334 linea:
1350 2290 1558 2331 omnes.

1161 2379 1389 2436 CAPUT
1429 2377 1490 2432 11.

1057 2464 1132 2516 De
1158 2476 1339 2534 genere
1365 2459 1465 2513 foci
1495 2456 1607 2510 alii.

607 2555 1070 2616 Considerandum
1103 2565 1280 2608 autem
1308 2559 1363 2606 et
1405 2550 1446 2605 si
1500 2547 1642 2619 quod
1674 2545 1815 2601 aliud
1844 2557 2013 2616 genus
2042 2552 2127 2599 est

539 2655 827 2723 assignata:
854 2648 1074 2719 speciei,
1106 2644 1248 2717 quod
1298 2658 1472 2714 neque
1516 2640 1754 2696 continet
1800 2639 2125 2708 assignatum

535 2759 724 2815 genus,
757 2756 929 2812 neque
955 2741 1056 2795 sub
1101 2737 1194 2792 illo
1237 2743 1340 2792 est.
1392 2732 1460 2790 Ut
1489 2733 1531 2788 si
1562 2731 1681 2803 quis
1706 2730 1930 2802 iustitia:
1956 2730 2130 2783 scien-

535 2837 665 2893 tiam
696 2843 857 2906 ponat
884 2847 1074 2904 genus,
1103 2840 1185 2886 est
1209 2829 1352 2884 enim
1379 2826 1548 2880 virtus
1578 2838 1768 2893 genus,
1799 2831 1853 2878 et
1881 2829 2126 2875 neutrum

535 2943 791 3001 generum
821 2927 1084 2995 reliquum
1116 2921 1374 2984 continet,
1405 2932 1570 2988 quare
1602 2931 1708 2970 non
1737 2925 1854 2969 erat
1906 2921 2128 2969 scientia

536 3040 704 3096 genus
753 3020 988 3092 iustitiae.
1036 3016 1255 3070 Videtur
1299 3013 1467 3076 enim,
1502 3009 1718 3079 quando
1765 3009 1974 3076 species
2026 3021 2128 3061 una

538 3117 642 3173 sub
671 3116 878 3170 duobus
921 3109 1208 3181 generibus
1237 3115 1338 3168 est,
1374 3105 1604 3159 alterum
1633 3101 1701 3155 ab
1743 3100 1914 3154 altero
1959 3099 2131 3152 conti-

2228 514 2582 581 dicabuntur;
2616 532 2782 587 quare
2811 527 2865 573 et
2895 517 3223 588 assignatum
3263 535 3430 589 genus
3467 522 3519 574 in
3561 537 3627 576 eo
3668 526 3806 591 quod

2225 613 2348 681 quid
2378 623 2456 665 est
2487 612 2896 682 praedicabitur;
2936 615 3076 683 quod
3114 624 3290 668 autem
3329 631 3435 668 uno
3467 616 3516 669 in
3560 633 3628 671 eo
3667 618 3808 684 quod

2230 702 2360 772 quid
2390 713 2471 757 est
2501 704 2827 773 prmdicato,
2860 707 3036 759 omnia
3064 710 3224 760 etiam
3269 708 3473 777 reliqua
3515 709 3592 777 (si
3623 709 3810 775 praedi-

2224 797 2436 867 cantur)
2471 799 2522 851 in
2554 813 2619 853 eo
2651 798 2791 868 quod
2824 799 2947 869 quid
2977 811 3061 855 est
3092 800 3549 869 prmdicabuntur,
3599 817 3694 870 per
3732 805 3811 856 in-

2229 887 2531 945 ductionem
2571 891 2913 947 sumendum.
2953 891 3009 946 Si
3048 901 3225 946 autem
3268 894 3590 960 simpliciter
3629 895 3805 948 inesse

2229 979 2505 1051 dubitelur
2533 985 2859 1053 assignatum
2897 998 3103 1055 genus,
3148 999 3254 1040 non
3295 985 3491 1039 sufficit
3515 988 3815 1040 ostendere

2229 1073 2444 1143 aliquod
2477 1076 2811 1144 superiorum
2840 1092 3095 1146 generum
3124 1078 3175 1132 in
3208 1092 3273 1133 eo
3301 1078 3442 1148 quod
3473 1078 3599 1148 quid
3630 1089 3728 1154 est.
3748 1079 3816 1134 de

2229 1168 2410 1235 specie
2438 1169 2755 1236 praedicari,
2789 1177 2846 1223 ut
2875 1170 2919 1223 si
2950 1170 3326 1224 ambulationis
3355 1185 3524 1240 genus
3552 1173 3813 1239 quispiam

2208 1259 2528 1330 assignavit
2581 1259 2834 1314 lationem
2865 1300 2881 1327 ,
2939 1276 3047 1315 non
3095 1261 3293 1316 sufﬁcit
3339 1264 3625 1318 ostendere
3674 1265 3813 1326 aliud

2229 1362 2410 1408 motus
2458 1363 2542 1408 est
2587 1354 2917 1419 ambulatio,
2961 1356 3027 1410 ad
3066 1357 3457 1412 ostendendum
3503 1358 3645 1426 quod
3691 1359 3816 1412 latio

2229 1456 2310 1500 est
2352 1461 2419 1501 eo
2462 1446 2602 1516 quod
2641 1457 2696 1502 et
2732 1448 2820 1502 alii
2864 1459 3043 1503 motus
3085 1460 3245 1514 sunt,
3287 1451 3381 1505 sed
3423 1453 3816 1508 ostendendum

2227 1535 2607 1606 quodnullum
2648 1539 2930 1608 participat
2971 1539 3262 1595 ambulatio
3300 1556 3488 1597 eorum
3535 1559 3654 1610 qnze
3697 1554 3815 1598 sunt

2230 1629 2524 1682 secundum
2558 1630 2806 1684 eamdem
2837 1630 3156 1684 divisionem
3179 1671 3192 1695 ,
3223 1633 3323 1686 nisi
3368 1633 3660 1697 lationem;
3696 1649 3815 1690 nam

2231 1736 2455 1778 necesse
2505 1735 2586 1779 est
2631 1727 2771 1794 quod
2823 1742 2994 1796 genus
3047 1727 3368 1797 participat,
3413 1739 3468 1784 et
3516 1731 3815 1797 specierum

2233 1814 2463 1885 aliquam
2493 1816 2812 1886 participare
2849 1819 3141 1874 secundum
3183 1821 3408 1888 primam
3453 1821 3816 1890 divisionem;

2231 1911 2275 1964 si
2327 1911 2467 1964 enim
2511 1910 2802 1967 ambulatio
2854 1927 3025 1983 neque
3063 1915 3552 1984 augmentationem
3580 1959 3596 1981 ,
3646 1933 3819 1987 neque

2231 2003 2644 2058 diminutionem
2671 2046 2686 2070 ,
2719 2019 2895 2074 neque
2928 2007 3060 2061 alios
3094 2016 3270 2063 motus
3301 2011 3618 2080 participet,
3651 2014 3820 2082 mani-

2233 2093 2428 2148 festum
2475 2096 2727 2164 quoniam
2782 2097 3033 2154 lationem
3086 2102 3460 2171 participabit;
3508 2120 3674 2170 quare
3719 2107 3820 2161 erit

2232 2200 2402 2256 genus
2433 2185 2559 2239 latio
2599 2187 2999 2242 ambulationis.
3042 2190 3312 2257 Rursum,
3359 2191 3426 2247 de
3466 2194 3660 2263 quibus
3701 2210 3820 2266 spe-

2232 2279 2346 2333 cies
2374 2295 2492 2348 qure
2522 2279 2693 2348 posita
2725 2291 2805 2336 est
2835 2289 2891 2335 ut
2918 2297 3086 2351 genus
3113 2284 3450 2353 prindicatur,
3480 2287 3820 2343 consideran-

2232 2369 2360 2425 dum
2391 2370 2435 2424 si
2464 2380 2519 2425 et
2547 2371 2878 2441 assignatum
2921 2388 3090 2440 genus
3135 2375 3186 2428 iu
3217 2391 3281 2430 eo
3310 2377 3453 2444 quod
3484 2378 3610 2446 quid
3643 2389 3728 2432 est
3756 2380 3820 2434 de

2232 2461 2364 2530 ipsis
2393 2464 2594 2518 eisdrm
2637 2464 2963 2533 praedicatur
2991 2468 3058 2521 de
3087 2467 3280 2536 quibus
3309 2479 3364 2522 et
3389 2471 3630 2538 species;
3664 2474 3815 2526 simi-

2233 2553 2542 2611 literautem
2572 2565 2625 2612 et
2645 2559 2688 2612 si
2719 2560 2898 2613 omnia
2931 2575 3049 2629 qua:
3078 2577 3234 2629 supra
3263 2575 3429 2630 genus
3453 2573 3598 2638 sunt,
3633 2581 3755 2618 nam
3778 2566 3822 2620 si

2234 2647 2429 2702 alicubi
2461 2649 2701 2704 dissonat
2723 2693 2737 2714 ,
2764 2653 3106 2708 manifestum
3135 2657 3385 2721 quoniam
3414 2671 3515 2711 non
3545 2667 3626 2713 est
3651 2674 3823 2728 genus

2235 2739 2375 2807 quod
2407 2740 2732 2802 assignatum
2761 2751 2877 2808 est;
2909 2743 2952 2798 si
2981 2744 3124 2798 enim
3157 2756 3298 2800 esset
3324 2761 3492 2814 genus
3513 2787 3528 2813 ,
3561 2749 3740 2802 omnia
3770 2757 3823 2804 et

2234 2832 2510 2900 superiora
2543 2833 2683 2888 illius
2705 2875 2720 2900 ,
2748 2845 2802 2889 et
2832 2837 3004 2904 ipsum
3029 2882 3043 2907 ,
3076 2838 3126 2892 in
3156 2853 3220 2892 eo
3248 2839 3388 2909 quod
3418 2841 3543 2910 quid
3577 2850 3657 2896 est
3691 2857 3823 2908 prte-

2234 2923 2544 2978 dicarentur
2572 2925 2639 2978 de
2695 2925 2762 2980 iis
2807 2927 2874 2982 de
2903 2930 3098 2996 quibus
3140 2941 3193 2985 et
3228 2932 3438 2996 Species
3481 2933 3532 2986 in
3576 2949 3642 2988 eo
3686 2935 3823 3004 quod

2235 3015 2360 3084 quid
2401 3027 2481 3070 est
2525 3017 2867 3084 prirdicatur.
2917 3021 3222 3077 Destruenti
3263 3024 3422 3093 igitur
3463 3024 3592 3080 utile
3629 3028 3673 3079 si
3720 3044 3822 3082 non

2239 3108 2559 3176 praedicetur
2588 3125 2756 3180 genus
2785 3111 2836 3165 in
2868 3126 2933 3165 eo
2963 3114 3106 3182 quod
3145 3115 3271 3184 quid
3315 3127 3400 3170 est
3435 3116 3504 3171 de
3543 3118 3738 3186 quibus
3773 3127 3825 3174 et

540 3207 680 3265 neri.
713 3204 883 3260 liabet
911 3214 1088 3256 autem
1117 3196 1508 3252 dubitationem
1553 3196 1604 3246 in
1635 3191 1954 3263 quibusdam
1986 3188 2128 3259 quod
2161 3208 2206 3272 ρ
2239 3201 2449 3268 species
2491 3202 2848 3271 pmdicamr;
2892 3209 3150 3262 ammenti
3194 3219 3372 3264 aule
3416 3213 3460 3265 si
3499 3212 3826 3279 pradicet“:

541 3293 851 3367 bujusmodi
903 3301 1020 3357 est,
1071 3304 1194 3343 nam
1250 3286 1464 3340 videtur
1525 3281 1844 3353 quibusdam
1911 3280 2136 3348 prudcn-

544 3391 618 3446 tia
657 3397 711 3444 et
750 3388 920 3442 virtus
966 3392 1019 3438 et
1061 3380 1284 3437 scientia
1333 3393 1477 3441 esse,
1505 3387 1561 3432 et
1605 3385 1852 3431 neutrqu
1903 3389 2068 3444 genus
2108 3388 2138 3427 a

544 3492 739 3542 neutro
788 3476 1096 3541 contineri;
1148 3491 1252 3529 non
1312 3481 1490 3526 tamen
1540 3470 1606 3523 ab
1656 3468 1902 3522 omnibus
1946 3480 2141 3521 conce-

544 3576 688 3634 ditur
727 3570 1060 3646 prudentiam
1100 3566 1376 3626 scientiam
1417 3578 1558 3619 esse.
1609 3561 1665 3616 Si
1701 3559 1860 3630 igitur
1889 3557 2007 3628 quis
2046 3556 2140 3611 ad-

545 3674 722 3727 mittat
769 3666 909 3738 quod
959 3665 1159 3720 dictum
1210 3673 1292 3716 est
1333 3674 1518 3715 verum
1565 3673 1708 3724 esse,
1750 3665 1985 3710 attamen
2014 3653 2142 3710 Sub-

551 3762 794 3823 alterna,
857 3758 940 3812 vel
986 3756 1085 3810 sub
1142 3753 1335 3808 eodem
1376 3753 1535 3806 ambo
1577 3749 1692 3804 fieri
1733 3764 1853 3817 qua:
1896 3745 2140 3817 ejusdem

551 3862 678 3909 sunt
706 3862 939 3922 genera,
975 3844 1337 3900 necessarium
1369 3842 1638 3896 videbitur
1683 3853 1837 3906 esse,
1877 3836 2138 3908 quemad-

552 3944 771 4002 modum
803 3949 858 3995 et
887 3940 940 3995 in
974 3943 1167 3992 virtute
1197 3946 1250 3989 et
1293 3936 1343 3988 in
1390 3933 1613 3988 scientia
1657 3930 1888 3984 accidit:
1915 3940 2140 3999 utraque

555 4036 698 4093 enim
726 4033 824 4088 sub
850 4030 1039 4086 eodem
1071 4041 1269 4098 genere
1299 4034 1458 4090 sunt,
1486 4039 1607 4077 nam
1641 4031 1926 4091 utrumque
1953 4034 2137 4074 eorum

557 4128 772 4186 habitus
801 4123 873 4179 'et
902 4118 1188 4190 diSpositio
1235 4125 1342 4172 est.
1392 4112 1852 4169 Considerandum
1897 4112 2053 4181 igitur
2094 4111 2140 4165 si

559 4229 805 4279 neutrum
837 4224 920 4271 85'.
950 4215 1001 4267 in
1033 4213 1301 4280 assignato
1319 4222 1536 4277 genere.
1561 4206 1616 4261 Si
1650 4208 1790 4260 enim
1810 4219 1980 4273 neque
2009 4201 2140 4257 sub-

561 4314 766 4369 alterna
797 4317 918 4363 sunt
946 4317 1142 4375 genera
1165 4345 1180 4372 ,
1214 4317 1384 4370 neque
1423 4297 1747 4355 sub'eodem
1788 4298 1944 4353 ambo
1966 4338 1980 4362 ,
2034 4313 2139 4352 non

559 4405 661 4461 erit
691 4400 830 4471 quod
862 4397 1189 4466 assignatum
1221 4404 1301 4448 est
1333 4407 1520 4461 genus.
1557 4390 2017 4446 Considerandum
2049 4405 2140 4443 an-

560 4504 670 4550 tem
701 4503 757 4548 et
781 4505 952 4562 genus
981 4488 1231 4556 assignati
1259 4485 1471 4554 generis
1494 4525 1508 4550 ,
1539 4493 1593 4538 et
1624 4485 1703 4537 sic
1731 4498 1945 4551 semper
1976 4497 2141 4550 supe-

560 4548 673 4642 rius
699 4548 894 4651 genus,
930 4577 976 4631 si
1006 4548 1182 4632 omnia
1213 4574 1576 4644 praedicantur
1601 4574 1666 4627 de
1693 4575 1904 4641 Specie,
1935 4583 1987 4627 et
2013 4573 2057 4626 si
2090 4573 2141 4628 in
2170 4548 2226 4610 D

562 4691 630 4732 eo
658 4673 797 4745 quod
829 4669 953 4741 quid
983 4677 1065 4722 est
1107 4666 1484 4736 prtedicanwr.
1529 4664 1659 4718 Nam
1703 4681 1862 4719 omne
1901 4666 2145 4732 superius

562 4782 729 4839 genus
761 4761 1034 4835 praedicari
1067 4767 1279 4828 oportet
1307 4758 1373 4812 de
1413 4758 1592 4826 specie
1632 4757 1687 4811 in
1727 4773 1792 4812 eo
1831 4757 1974 4827 quod
2018 4757 2144 4827 quid

561 4873 682 4925 est;
714 4859 758 4913 si
790 4871 916 4925 ergo
944 4851 1138 4907 alicubi
1181 4851 1456 4917 dissonet,
1501 4851 1841 4905 manifestum
1887 4853 2141 4920 quoniam

563 4970 670 5009 non
703 4962 785 5007 est
813 4963 982 5020 genus
1011 4927 1150 5016 quod
1181 4945 1506 5014 assignatum
1536 4953 1638 4998 est.
1672 4943 1904 4998 Rursum
1925 4986 1938 5010 ,
1971 4947 2015 5000 si
2056 4961 2144 5015 ge-

563 5061 663 5100 nus
688 5042 970 5114 participat
995 5036 1227 5107 Speciem
1251 5081 1264 5105 ,
1297 5036 1380 5091 vel
1410 5035 1582 5105 ipsum
1607 5078 1620 5103 ,
1669 5037 1752 5092 vel
1790 5037 2005 5108 aliquod
2050 5054 2141 5092 su-

527 5138 834 5206 .periorum
865 5145 1146 5202 generum.
1189 5127 1321 5182 Nam
1363 5129 1568 5182 nullum
1606 5129 1937 5197 superiorum
1978 5132 2142 5200 partio

560 5230 705 5298 cipat
747 5226 887 5298 quod
935 5223 1155 5290 inferius
1202 5230 1303 5277 est.
1346 5222 1648 5304 Destruenti
1692 5223 1854 5293 igitur
1893 5227 2146 5296 quemad-

564 5323 781 5378 modum
834 5320 1034 5376 dictum
1081 5328 1164 5372 est
1217 5315 1508 5381 utendum,
1563 5321 1820 5372 astruenti
1865 5327 2047 5376 autem
2100 5321 2146 5378 si

561 5417 882 5471 confiteatur
922 5412 1138 5483 quidem
1183 5411 1360 5464 inesse
1400 5410 1595 5479 speciei
1639 5413 1782 5481 quod
1821 5414 2020 5470 dictum
2062 5427 2147 5472 est

562 5521 768 5576 genus,
812 5512 866 5558 at
906 5513 964 5557 ut
1007 5516 1176 5572 genus
1217 5501 1354 5555 inest
1393 5499 1688 5567 dubitetur,
1731 5503 1927 5560 sufficit
1967 5516 2147 5562 osten-

565 5606 696 5660 dere
735 5601 933 5672 aliquid
978 5600 1311 5670 superiorum
1353 5613 1604 5668 generum
1645 5599 1698 5656 in
1739 5616 1804 5657 eo
1842 5605 1981 5673 quod
2024 5605 2149 5673 quid

566 5695 747 5750 estde
775 5693 956 5761 specie
985 5691 1286 5760 praedicari.
1322 5689 1441 5746 Uno
1473 5692 1616 5747 enim
1657 5693 1707 5747 in
1740 5709 1805 5749 eo
1841 5693 1980 5764 quod
2021 5697 2147 5766 quid

563 5793 648 5839 est
674 5782 964 5855 praedicam
1018 5782 1196 5839 omnia
1225 5790 1280 5841 et
1308 5784 1586 5855 superiora
1617 5783 1788 5848 illius.
1817 5795 1872 5844 et
1895 5787 2149 5846 inferiora

2245 3294 2300 3347 in
2329 3309 2394 3348 eo
2437 3295 2578 3364 quod
2626 3296 2752 3364 quid
2803 3306 2886 3351 est
2920 3299 3086 3364 utile,
3133 3301 3339 3356 accidet
3381 3303 3522 3356 enim
3563 3319 3736 3371 genus
3776 3313 3827 3360 et

2244 3385 2479 3453 speciem
2526 3387 2593 3440 de
2635 3388 2823 3442 eodem
2858 3390 2908 3443 in
2939 3405 3004 3446 eo
3042 3393 3182 3462 quod
3224 3394 3346 3462 quid
3389 3406 3468 3449 εει
3508 3396 3824 3464 prmdicari,

2242 3490 2409 3545 quare
2435 3487 2489 3532 et
2521 3477 2662 3534 idem
2692 3481 2792 3534 sub
2817 3480 3024 3538 duobus
3053 3486 3342 3553 generibus
3372 3488 3431 3541 fit
3451 3528 3466 3550 .
3497 3502 3720 3543 necesse
3749 3499 3830 3546 est

2244 3566 2405 3633 igitur
2443 3570 2754 3628 subalterna
2792 3587 2990 3642 genera
3031 3591 3173 3632 esse.
3214 3577 3268 3633 Si
3311 3579 3472 3648 igitur
3513 3580 3830 3636 05tendatur

2248 3661 2392 3730 quod
2423 3663 2669 3718 volumus
2701 3680 2869 3733 genus
2898 3677 3142 3724 astruere
3172 3685 3274 3723 non
3319 3684 3440 3726 esse
3476 3671 3577 3725 sub
3614 3674 3829 3741 Specie,

2248 3753 2591 3808 manifestum
2637 3756 2888 3824 quoniam
2942 3759 3150 3828 species
3194 3761 3293 3814 sub
3343 3761 3444 3816 hoc
3482 3763 3619 3826 erit,
3667 3779 3834 3831 quare

2247 3852 2525 3899 ostensum
2579 3847 2686 3900 erit
2731 3849 2985 3917 qu0niam
3035 3865 3202 3918 genus
3250 3850 3374 3908 hoc.
3419 3851 3835 3910 Consideranda

2247 3944 2426 3990 autem
2457 3945 2510 3990 et
2535 3939 2773 3992 rationes
2804 3955 3059 4007 generum
3083 3981 3098 4004 .
3143 3942 3187 3996 si
3217 3952 3466 4011 aptantur
3495 3944 3560 3997 ad
3595 3945 3836 4013 assigna-

2248 4035 2354 4081 tam
2387 4029 2655 4096 speciem,
2689 4041 2740 4085 et
2777 4031 2843 4085 ad
2883 4034 3250 4103 participantia
3292 4035 3551 4101 speciem.
3596 4036 3834 4093 Necesse

2251 4131 2337 4176 est
2365 4124 2506 4177 enim
2555 4137 2810 4192 generum
2855 4127 3088 4182 rationes
3130 4129 3408 4198 praedic-ri
3451 4130 3518 4183 de
3555 4131 3743 4198 specie
3782 4141 3835 4185 et

2248 4214 2314 4268 de
2355 4215 2418 4272 iis
2454 4232 2574 4286 qua:
2606 4220 2925 4288 participant
2954 4222 3226 4290 Speciem;
3278 4226 3321 4278 si
3365 4224 3525 4293 igitur
3563 4226 3618 4280 in
3659 4227 3836 4291 aliquo

2248 4308 2525 4375 dissonet,
2573 4311 2866 4367 dilucidum
2910 4317 3159 4383 quoniam
3205 4331 3311 4368 non
3354 4326 3437 4368 est
3475 4331 3646 4384 genus
3691 4317 3832 4386 (ιιιικι

2250 4404 2574 4473 assignatum
2620 4415 2722 4459 est.
2778 4406 3015 4472 Rursus,
3066 4407 3111 4462 si
3161 4406 3522 4462 differentiam
3565 4419 3623 4462 ut
3665 4424 3835 4478 genus

2249 4498 2573 4568 assignavit,
2608 4508 2664 4552 ut
2702 4501 2744 4552 si
2788 4500 3092 4554 immortale
3129 4504 3298 4570 genus
3343 4502 3475 4567 Dei,
3517 4494 3835 4554 nam'diti‘e-

2250 4589 2420 4641 rentia
2448 4597 2529 4642 est
2571 4590 2817 4643 animalis
2859 4590 3195 4656 immortale,
3238 4606 3304 4647 eo
3341 4593 3482 4661 quod
3521 4592 3834 4647 animalium

2249 4681 2351 4734 alia
2406 4681 2684 4745 mortalia,
2737 4680 2840 4735 alia
2886 4681 3225 4758 immortalia.
3285 4682 3620 4737 Manifestum
3676 4683 3837 4751 igitur

2249 4772 2500 4841 quoniam
2529 4783 2778 4838 peccant,
2807 4772 3002 4828 nullius
3029 4773 3171 4828 enim
3203 4773 3503 4827 differentia
3533 4784 3616 4827 eSt
3644 4789 3835 4843 genus.

2251 4864 2404 4929 Quod
2445 4875 2622 4918 autem
2666 4865 2766 4920 hoc
2806 4881 2992 4921 verum
3018 4911 3032 4934 ,
3072 4865 3453 4935 manifestum,
3501 4867 3646 4920 nulla
3692 4869 3834 4921 enim

2252 4959 2551 5013 differentia
2579 4959 2844 5029 significat
2866 4963 2992 5030 quid
3018 4970 3102 5017 est
3122 5005 3137 5030 ,
3166 4961 3259 5016 sed
3288 4962 3456 5032 magis
3483 4961 3642 5030 quale
3671 4960 3798 5028 quid
3821 5001 3837 5025 ,

2252 5061 2309 5104 ut
2331 5052 2608 5118 gressibile
2630 5063 2682 5107 et
2717 5053 2884 5124 bipes.
2906 5051 2968 5107 Et
2997 5055 3041 5109 si
3068 5054 3419 5109 diﬂ'erentiam
3445 5055 3494 5108 in
3518 5070 3718 5123 genere
3746 5069 3836 5120 po-

2253 5142 2361 5196 suit
2393 5152 2640 5212 tanquam
2671 5147 2904 5214 speciem
2930 5186 2944 5209 ,
2976 5155 3032 5199 ut
3081 5145 3340 5214 imparem
3397 5146 3615 5215 quidem
3651 5159 3837 5198 nume-

2251 5250 2368 5290 rum
2403 5235 2738 5306 (differentia
2767 5236 2909 5290 enim
2941 5239 3147 5292 numeri
3182 5238 3375 5304 impar.
3405 5246 3591 5292 etnon
3628 5235 3836 5303 species

2252 5327 2366 5397 est)
2394 5370 2408 5393 ,
2453 5343 2625 5397 neque
2667 5328 2882 5384 videtur
2931 5330 3252 5399 participare
3301 5329 3602 5406 differentia
3645 5344 3831 5398 genus.

2253 5421 2384 5478 Nam
2415 5437 2575 5478 omne
2613 5422 2754 5492 quod
2797 5424 3082 5493 participat
3109 5439 3312 5493 genus,
3348 5423 3430 5476 vel
3463 5424 3707 5493 species,
3754 5418 3836 5475 vel

2254 5513 2587 5570 individuum
2611 5524 2727 5570 est:
2754 5515 3054 5570 differentia
3082 5527 3258 5570 autem
3287 5529 3460 5584 neque
3485 5514 3836 5576 individuum,

2256 5623 2429 5679 neque
2456 5608 2698 5678 species;
2739 5608 3081 5663 manifestum
3114 5608 3270 5678 igitur
3300 5607 3551 5677 quoniam
3583 5621 3688 5660 non
3721 5620 3839 5671 par-

2258 5702 2443 5773 ticipat
2469 5716 2636 5771 genus
2666 5699 2962 5756 differentia
2985 5740 3002 5766 ,
3031 5716 3198 5770 quare
3227 5715 3403 5770 neque
3434 5700 3603 5765 impar
3630 5695 3834 5764 species

2260 5793 2394 5863 erit,
2423 5793 2516 5850 sed
2546 5791 2848 5850 differentia
2870 5834 2888 5866 ,
2919 5793 3169 5866 quoniam
3200 5806 3307 5850 non
3337 5788 3621 5863 participat
3646 5798 3832 5862 genus.
