4022 6330
209 356 312 413 945

1103 359 1485 418 [ΟΡΙΟΟΒΗΜ
1524 361 1972 421 ARISTOTELIS
2009 365 2576 426 l’NTERPRETATlO.

3361 368 3460 422 946

211 472 479 542 Amplius,
499 474 545 529 si
575 489 744 546 genus
771 475 821 529 in
852 464 1038 544 specie
1061 480 1258 546 posuit,
1289 486 1350 532 ut
1377 479 1778 546 contiguitatem
1810 464 1996 544 Anon
2025 493 2108 538 est
2129 525 2143 547 ,
2175 486 2514 540 manifestum
2557 485 2807 558 quoniam
2852 500 2958 540 non
2996 485 3098 540 erit
3135 498 3300 555 genus
3347 498 3461 539 om-

211 565 614 638 ldipsuutquod
644 579 726 624 est
762 563 1202 637 continuilatem‘,
1245 566 1664 629 aut'mixturam
1706 574 1789 629 id-

212 662 386 729 ipsum
415 664 554 734 quod
586 673 667 720 est
699 659 1214 734 temperamentum,
1247 677 1338 722 aut
1382 669 1471 738 (ut
1512 669 1662 721 Plato
1694 670 1789 724 de-

212 745 421 823 ﬁnivit)
470 754 726 811 lationem
789 756 1083 811 secundum
1140 759 1312 813 locum
1394 760 1787 815 mulationem:

212 857 321 898 non
353 845 496 900 enim
537 850 898 903 necessarium
935 851 1336 920 contiguitatem
1379 853 1790 910 continuitatem

213 951 364 1003 esse,
423 939 516 994 sed
547 955 578 994 e
606 956 869 997 converso
904 944 1304 999 continuitatem
1349 948 1785 1017 contiguitatem;
1820 943 1822 945 ’

215 1044 319 1084 non
366 1031 507 1084 enim
553 1043 710 1087 omne
746 1035 1054 1105 contiguum
1096 1040 1461 1103 continuatur,
1511 1038 1608 1093 sed
1647 1040 1789 1109 quod

214 1121 556 1176 continuatur
601 1124 908 1194 contiguum
954 1137 1054 1183 est.
1103 1131 1362 1187 Similiter
1395 1143 1573 1188 autem
1625 1143 1679 1189 et
1736 1135 1790 1190 in

216 1212 371 1278 aliis,
403 1228 523 1267 nam
563 1229 733 1284 neque
778 1219 1006 1273 mixtura
1052 1225 1228 1278 omnis
1268 1233 1789 1293 temperamentum,

218 1320 342 1360 nam
390 1309 656 1363 siccorum
709 1312 939 1366 mixtura
990 1330 1092 1368 non
1142 1326 1222 1370 est
1261 1324 1744 1385 temperamentum
1775 1359 1792 1385 ,

217 1415 394 1469 neque
421 1403 717 1459 secundum
749 1407 924 1462 locum
958 1411 1181 1464 mutatio
1211 1414 1388 1467 omnis
1408 1454 1423 1478 ,
1464 1415 1591 1469 latio
1612 1457 1626 1480 ,
1668 1430 1791 1469 nam

218 1497 515 1553 ambulatio
546 1516 650 1554 non
683 1502 891 1557 videtur
931 1505 1057 1560 latio
1095 1520 1235 1560 esse.
1279 1506 1421 1562 Peue
1454 1509 1594 1563 enim
1637 1509 1688 1562 in
1730 1509 1796 1564 iis

217 1603 341 1655 qua:
374 1591 727 1646 involuntarie
758 1591 933 1648 locum
965 1609 1026 1649 ex
1069 1595 1187 1650 loco
1227 1607 1564 1663 permutant,
1603 1597 1797 1652 dicitur

216 1680 386 1747 latio,
431 1683 880 1750 quemadmodum
930 1687 1235 1742 inanimatis
1274 1690 1499 1754 accidit;
1544 1691 1798 1750 manifes-

217 1779 330 1826 tum
361 1784 536 1828 autem
567 1777 816 1844 quoniam
849 1786 904 1832 et
942 1777 1008 1833 de
1057 1779 1302 1848 pluribus
1350 1781 1559 1848 species
1601 1782 1796 1835 dicitur

222 1877 382 1932 quam
413 1880 582 1932 genus
614 1866 666 1918 in
695 1868 1008 1936 assignatis,
1041 1883 1160 1922 cum
1191 1879 1435 1938 oporteat
1464 1887 1494 1926 e
1530 1873 1800 1925 contrario

217 1953 357 2010 lieri.
388 1955 646 2021 Rursum,
687 1958 729 2011 si
771 1959 1127 2014 dill‘erentiam
1171 1962 1223 2015 in
1266 1963 1448 2031 specie
1487 1965 1703 2032 posuit,
1744 1973 1802 2019 ut

218 2045 527 2102 immortale
557 2048 786 2119 idipsum
814 2052 956 2120 quod
986 2063 1068 2106 est
1123 2053 1289 2108 Deum
1309 2094 1324 2117 ,
1359 2068 1480 2108 nam
1511 2055 1706 2109 accidit
1735 2055 1801 2110 de

214 2140 512 2207 aequalibus
563 2152 653 2195 aut
695 2142 935 2211 pluribus
990 2159 1146 2214 quam
1190 2147 1422 2214 Speciem
1463 2147 1604 2211 dici;
1648 2148 1800 2202 dili'e-

217 2234 396 2288 tentia
435 2233 577 2288 enim
622 2248 836 2305 semper
881 2235 947 2290 de
986 2237 1281 2305 mqualibus
1320 2246 1414 2292 aut
1456 2239 1522 2293 de
1565 2239 1802 2308 pluribus

212 2340 377 2395 quam
408 2327 619 2394 species
647 2327 862 2382 dicitur.
895 2329 1168 2397 Amplius,
1198 2329 1244 2384 si
1277 2330 1326 2384 in
1369 2329 1667 2385 dill'erentia
1705 2346 1798 2400 ge-

212 2431 319 2471 nus
351 2415 558 2488 posuit,
588 2428 645 2473 ut
676 2418 910 2474 colorem
944 2419 1173 2489 idipsum
1203 2422 1342 2489 quod
1385 2403 1468 2476 est
1505 2437 1804 2494 congrega-

213 2509 420 2576 tivum,
463 2519 554 2564 aut
597 2527 876 2566 numerum
921 2513 1061 2581 quod
1107 2514 1305 2582 impar;
1349 2525 1401 2570 et
1445 2515 1490 2570 si
1535 2530 1704 2585 genus
1745 2524 1804 2569 ut

213 2599 576 2656 dill'erentiam
606 2603 742 2657 dixit
768 2621 780 2656 :
814 2604 1068 2672 possibile
1092 2614 1174 2660 est
1204 2606 1346 2660 enim
1380 2608 1608 2676 aliquem
1642 2608 1800 2662 talem

214 2691 495 2760 suscipere
521 2695 839 2763 positionem
858 2735 873 2760 ,
903 2704 962 2750 ut
990 2698 1360 2765 temperantiae
1391 2698 1677 2753 mixturam
1705 2698 1805 2754 dil-

214 2783 543 2855 lerentiam,
589 2796 681 2840 aut
726 2787 947 2842 lationis
989 2788 1280 2843 secundum
1328 2789 1506 2843 locum
1551 2790 1804 2844 mutatio-

215 2891 369 2931 nem.
425 2877 818 2946 Inspiciendum
868 2887 1047 2933 autem
1087 2878 1263 2933 omnia
1306 2895 1428 2950 quae
1458 2890 1585 2934 sunt
1624 2881 1808 2950 hujus-

214 2966 369 3022 modi
414 2981 512 3036 per
561 2967 749 3022 eadem
771 3007 788 3033 ,
818 2969 1213 3023 communicant
1238 2971 1383 3025 enim
1427 2969 1563 3038 loci,
1594 2972 1661 3026 de
1690 2972 1808 3042 pluo

215 3060 374 3116 ribus
406 3061 550 3115 enim
581 3075 752 3131 genus
779 3075 938 3128 quam
966 3060 1318 3117 differentiam
1347 3071 1560 3132 oportet
1587 3065 1692 3119 diei
1713 3106 1726 3128 ,
1752 3072 1807 3121 et

221 3166 336 3207 non
379 3151 697 3221 participare
737 3151 1108 3208 dill'erentiam.
1155 3154 1242 3208 Sic
1281 3163 1457 3208 autem
1501 3157 1800 3226 assignato,

221 3252 478 3297 neutrum
528 3256 714 3296 eorum
747 3259 866 3313 quae
901 3244 1040 3298 dicta
1073 3254 1197 3299 sunt
1251 3246 1506 3314 possibile
1545 3260 1625 3302 est
1665 3249 1805 3304 acci-

219 3349 353 3389 tere
375 3377 390 3401 ,
423 3350 542 3388 nam
575 3343 629 3390 et
656 3335 723 3390 de
753 3337 1094 3405 paucioribus
1122 3339 1351 3405 dicetur,
1379 3348 1434 3392 et
1465 3342 1805 3410 participabit

215 3442 397 3499 genus
443 3425 821 3482 diﬂerentiam.
882 3428 1146 3492 Rursum,
1203 3432 1247 3484 si
1298 3431 1447 3484 nulla
1501 3431 1804 3488 dill‘erentia

218 3520 438 3590 generis
481 3523 796 3588 praedicatur
837 3520 905 3576 de
944 3523 1211 3592 assignata
1253 3524 1468 3592 specie,
1499 3538 1598 3578 nec
1635 3538 1806 3594 genus

219 3611 626 3686 prtedicabitur,
655 3621 713 3666 ut
737 3612 805 3667 de
832 3614 1007 3666 anima
1027 3653 1044 3679 ,
1077 3629 1249 3682 neque
1282 3615 1454 3680 impar
1505 3630 1679 3684 neque
1709 3629 1806 3683 par

220 3706 572 3778 prmdicatur,
601 3718 766 3772 quare
797 3719 894 3758 nec
939 3721 1211 3759 numerus.
1257 3704 1531 3773 Amplius,
1579 3707 1623 3759 si
1662 3708 1806 3772 prius

219 3806 309 3853 est
341 3803 531 3849 natura
560 3795 807 3863 species,
839 3804 894 3850 ct
921 3795 1078 3850 simul
1119 3797 1375 3850 interimit
1414 3811 1605 3867 genus.
1649 3796 1810 3852 Vide-

223 3897 316 3943 tur
355 3887 496 3942 enim
541 3887 888 3941 contrarium.
934 3888 1214 3956 Amplius,
1261 3888 1307 3943 si
1347 3889 1604 3958 contingit
1641 3889 1806 3944 relin-

221 3992 392 4048 quere
420 3977 682 4032 dictorum
708 3992 875 4048 genus
911 3978 994 4032 vel
1038 3977 1390 4033 dili'erentiam
1439 3978 1536 4049 (ut
1573 3980 1806 4035 animam

221 4071 464 4135 moveri,
487 4070 823 4140 opinionem,
850 4087 1035 4124 verum
1067 4081 1121 4125 et
1148 4070 1394 4140 falsum),
1429 4082 1673 4126 neutrum
1702 4073 1810 4127 erit

223 4162 491 4218 dictorum
521 4177 688 4232 genus
719 4161 800 4216 vel
841 4161 1160 4217 diﬂ‘erentia.
1198 4163 1420 4216 Videtur
1459 4163 1599 4218 enim
1642 4179 1811 4233 genus

234 4262 295 4310 et
322 4253 622 4310 dilTerentia
650 4257 801 4326 sequi
829 4255 1061 4324 quandiu
1094 4256 1251 4308 luerit
1280 4255 1503 4323 species.

839 4355 1065 4410 CAPUT
1119 4356 1206 4411 Ill.

725 4435 802 4489 De
837 4449 1018 4506 genere
1059 4436 1156 4489 loci
1193 4434 1305 4490 alii.

306 4524 697 4594 Inspieiendum
731 4536 907 4581 autem
941 4534 996 4580 et
1024 4527 1067 4580 si
1098 4527 1237 4596 quod
1271 4527 1323 4580 in
1354 4541 1550 4594 genere
1579 4526 1809 4597 positum

230 4623 316 4671 est
382 4616 664 4684 participat
713 4616 911 4686 aliquid
960 4617 1286 4671 contrarium
1343 4617 1558 4686 generi,
1627 4627 1718 4671 aut
1763 4616 1810 4670 si

231 4705 495 4776 contingit
549 4707 887 4774 participare.
939 4707 1070 4760 Nam
1127 4707 1268 4762 idem
1327 4708 1596 4762 contraria
1648 4709 1810 4763 simul

231 4803 606 4874 participahit,
639 4817 702 4856 eo
730 4802 869 4872 quod
901 4802 1073 4871 ipsum
1105 4817 1271 4873 genus
1302 4803 1513 4869 quidem
1541 4819 1810 4872 nunquam

231 4895 510 4964 relinquit,
541 4896 819 4964 participat
863 4903 1038 4950 autem
1074 4903 1130 4950 et
1159 4896 1522 4961 contrarium,
1555 4905 1646 4949 aut
1675 4911 1809 4950 con-

234 4974 384 5056 tingit
417 4985 760 5056 participare.
790 4987 1032 5056 Amplius
1053 5026 1067 5051 ,
1098 4987 1140 5040 si
1163 4986 1431 5056 quidpiam
1460 4989 1816 5042 communicat

232 5080 440 5146 species
460 5120 475 5143 ,
509 5079 648 5148 quod
681 5079 1013 5148 impossibile
1042 5087 1126 5133 est
1153 5079 1370 5132 omnino
1401 5080 1574 5134 inesse
1604 5080 1667 5133 iis
1694 5095 1814 5148 quae

231 5181 356 5226 sunt
383 5171 482 5226 sub
506 5187 720 5240 genere,
765 5181 824 5226 ut
851 5172 895 5226 si
924 5172 1099 5226 anima
1127 5171 1483 5225 communicat
1507 5213 1524 5237 ,
1567 5187 1816 5227 numero-

238 5277 356 5316 rum
406 5271 581 5317 autem
629 5264 828 5317 nullum
876 5262 1128 5332 possibile
1170 5271 1252 5316 est
1295 5263 1511 5326 vivere,
1566 5279 1670 5317 non
1715 5265 1817 5318 erit

217 5355 449 5424 species
481 5355 685 5410 numeri
718 5355 915 5409 anima.
962 5354 1418 5410 Considerandum
1459 5363 1637 5408 autem
1677 5367 1731 5410 et
1770 5355 1817 5411 si

217 5447 510 5516 aequivoca
561 5448 631 5501 sit
683 5449 894 5516 species
942 5446 1125 5517 generi
1179 5446 1458 5502 elementis
1501 5447 1699 5514 utenti,
1754 5448 1818 5503 iis

239 5551 358 5606 qua:
393 5539 535 5592 dicta
567 5548 692 5593 sunt
723 5539 788 5594 ad
822 5539 1181 5608 tequivocum.
1211 5538 1505 5593 Univocum
1542 5540 1683 5594 enim
1723 5555 1818 5610 ge-

238 5642 372 5694 nus,
407 5639 459 5682 et
491 5630 720 5698 species.
754 5629 1016 5698 Quoniam
1066 5629 1447 5699 inSpiciendnm
1478 5640 1655 5684 autem
1701 5644 1817 5683 om-

238 5722 319 5775 nis
362 5724 592 5792 generis
646 5724 826 5794 plures
877 5725 1120 5794 species,
1181 5724 1568 5794 inspiciendum
1621 5725 1664 5778 si
1713 5739 1818 5780 non

217 5812 506 5886 contingit
533 5815 752 5874 alteram
784 5817 1016 5884 speciem
1049 5830 1170 5875 esse
1194 5815 1323 5874 dicti
1354 5817 1587 5889 generis.
1619 5829 1740 5874 nam
1771 5817 1814 5874 si

1892 577 2021 632 nino
2043 620 2058 645 ,
2091 577 2230 644 quod
2260 578 2458 632 dictum
2490 589 2590 634 est.
2627 578 3080 635 Considerandum
3120 579 3278 632 etiam
3305 589 3389 632 est
3417 577 3461 631 si

1891 669 2034 740 quod
2065 669 2380 724 translatitie
2411 671 2608 724 dictum
2652 681 2770 736 cst,
2818 680 2877 724 ut
2920 685 3086 740 genus
3134 669 3462 738 aSsignavit:

1895 771 1952 815 ut
1996 762 2402 830 temperantiam
2449 758 2891 827 consentantiam;
2937 777 3057 816 natu
3101 777 3257 816 omne
3301 776 3467 831 genus

1895 854 2111 924 pr0prie
2140 853 2207 907 de
2237 854 2520 922 speciebus
2566 855 2906 922 praedicatur,
2953 852 3296 910 consonantia
3341 868 3468 907 vero

1895 947 1965 1002 de
1996 947 2344 1017 temperantia
2377 963 2480 1000 non
2513 950 2759 1015 proprie,
2789 948 2880 1002 sed
2914 946 3226 1001 translatitie
3248 987 3263 1012 ,
3296 945 3470 1000 omnis

1899 1038 2038 1093 enim
2072 1039 2423 1092 consonantia
2457 1037 2508 1092 in
2539 1039 2706 1092 sonis.
2740 1039 2979 1107 Amplius
3002 1079 3015 1102 ,
3058 1039 3101 1090 si
3147 1037 3212 1090 sit
3253 1047 3468 1092 contra-

1897 1132 2036 1185 rium
2084 1133 2278 1198 speciei
2332 1131 2563 1199 aliquid,
2615 1130 3080 1186 considerandum.
3141 1131 3236 1186 Est
3289 1141 3468 1184 autem

1898 1224 2255 1293 multipliciter
2297 1225 2675 1279 consideratio.
2710 1225 2942 1279 Primum
2973 1225 3187 1293 quidem
3219 1225 3262 1278 si
3296 1226 3346 1277 in
3377 1238 3470 1278 eo-

1899 1316 2022 1371 dem
2054 1331 2252 1386 genere
2282 1319 2608 1371 cmtrarium
2653 1318 2881 1386 speciei,
2925 1331 3043 1370 cum
3088 1331 3192 1369 non
3234 1315 3303 1369 sit
3341 1330 3473 1368 con-

1899 1411 2120 1466 trarium
2170 1410 2384 1478 generi;
2431 1418 2645 1478 oportet
2687 1411 2828 1463 enim
2875 1407 3138 1462 comraria
3182 1408 3234 1462 in
3283 1407 3472 1462 eodem

1900 1516 2097 1573 genere
2138 1516 2292 1566 esse,
2339 1503 2383 1556 si
2433 1501 2563 1556 nihil
2610 1502 2680 1557 sit
2723 1503 3050 1555 contrarium
3096 1499 3298 1568 generi.
3339 1498 3473 1554 Cum

1900 1607 2078 1650 antem
2128 1607 2210 1650 est
2264 1597 2592 1650 contrarium
2653 1597 2876 1668 generi,
2933 1593 3374 1649 considerandum
3425 1591 3474 1648 si

1901 1690 2230 1744 contrarium
2266 1689 2318 1742 in
2347 1689 2640 1743 contrario.
2682 1689 2914 1743 Necesse
2953 1698 3037 1743 est
3074 1689 3215 1741 enim
3258 1694 3473 1740 contra-

1901 1782 2037 1835 rium
2070 1783 2122 1834 iu
2152 1783 2424 1835 contrario
2450 1795 2593 1844 esse,
2621 1781 2663 1834 si
2694 1781 2762 1835 sit
2792 1779 3115 1834 contrarium
3147 1775 3356 1846 quidem
3378 1789 3474 1843 ge-

1828 1849 1876 1910 Β
1905 1873 2019 1928 neri
2050 1890 2064 1938 ;
2097 1871 2434 1926 manifestum
2465 1882 2642 1926 autem
2689 1865 3211 1939 est‘nnnmquodque
3250 1879 3434 1920 eorum
3455 1903 3472 1928 ,

1902 1980 1999 2036 per
2029 1965 2411 2019 inductionem.
2445 1964 2646 2018 Rursus
2677 1965 2720 2018 si
2753 1964 2972 2018 omnino
3001 1963 3054 2015 in
3095 1962 3240 2016 nullo
3280 1973 3477 2030 genere

1905 2059 2048 2130 quod
2081 2059 2281 2128 speciei
2315 2068 2398 2112 est
2427 2058 2791 2121 contrarium,
2822 2056 2915 2110 sed
2957 2057 3126 2124 ipsum
3169 2068 3370 2123 genus:
3422 2057 3481 2106 ut

1905 2151 2143 2215 bonum;
2177 2166 2300 2205 nam
2334 2150 2433 2219 ipsi
2463 2151 2567 2204 hoc
2607 2165 2710 2204 noo
2755 2151 2808 2203 in
2847 2163 3077 2218 genere,
3125 2160 3222 2200 nec
3262 2153 3480 2198 contra-

1904 2247 2040 2300 rium
2073 2224 2232 2314 lmjus
2259 2245 2309 2298 in
2340 2259 2536 2315 genere
2563 2244 2697 2310 erit,
2743 2242 2836 2298 sed
2864 2243 3034 2311 ipsum
3074 2254 3263 2311 genus,
3295 2251 3482 2307 quem.

1909 2335 2194 2389 admodum
2244 2335 2295 2387 in
2339 2334 2478 2388 bono
2507 2344 2561 2387 et
2597 2335 2737 2388 malo
2779 2332 2974 2387 accidit
3005 2351 3020 2388 :
3055 2339 3302 2385 neutrum
3342 2326 3481 2382 enim

1909 2424 2098 2478 horum
2132 2424 2182 2477 in
2203 2438 2419 2493 genere,
2451 2423 2544 2476 sed
2578 2432 2860 2490 utrumque
2890 2436 3077 2476 eorum
3109 2434 3298 2491 genus.
3326 2418 3483 2472 Dein-

1909 2518 1978 2572 de
2022 2515 2467 2571 considerandum
2510 2516 2555 2569 si
2597 2516 2922 2569 contrarium
2965 2523 3048 2568 est
3085 2512 3242 2566 alicui
3290 2520 3344 2564 et
3392 2525 3485 2580 ge-

1907 2624 2008 2661 nus
2036 2616 2089 2660 et
2115 2605 2342 2674 species,
2364 2615 2415 2658 et
2442 2605 2629 2658 horum
2653 2603 2868 2672 quidem
2893 2613 2976 2657 est
3001 2601 3198 2670 aliquid
3227 2598 3482 2664 medium,

1908 2696 2123 2751 illorum
2153 2705 2330 2748 autem
2365 2710 2490 2748 non.
2519 2694 2649 2748 Nam
2684 2694 2728 2748 si
2759 2708 3011 2762 generum
3037 2701 3118 2746 est
3143 2690 3342 2760 aliquid
3374 2704 3484 2744 ωας

1907 2788 2054 2842 dium
2075 2825 2089 2850 ,
2122 2797 2176 2841 et
2207 2786 2503 2855 specierum
2529 2802 2543 2843 :
2580 2795 2636 2840 et
2665 2786 2708 2840 si
2739 2785 3040 2854 specierum
3063 2824 3078 2849 ,
3111 2793 3164 2838 et
3191 2797 3445 2852 generum
3465 2820 3482 2847 ,

1911 2891 1969 2935 ut
1997 2883 2046 2934 in
2080 2882 2272 2934 virtute
2301 2888 2355 2933 et
2381 2879 2543 2943 vitio,
2579 2887 2632 2934 et
2657 2878 2861 2948 justitia
2907 2886 2960 2932 et
3001 2876 3289 2946 iniustitia,
3334 2884 3482 2928 utro-

1917 2989 2144 3043 rumque
2174 2972 2316 3028 enim
2348 2979 2432 3026 est
2458 2971 2656 3040 aliquid
2689 2970 2946 3025 medium.
2993 2970 3248 3023 Instantia
3289 2965 3483 3037 hujus,

1909 3066 2161 3136 quoniam
2205 3064 2446 3118 sanitatis
2485 3073 2538 3118 et
2559 3063 2886 3132 :egritudinis
2931 3061 3064 3116 nihil
3105 3071 3186 3116 est
3213 3059 3481 3125 medium,

1909 3157 2034 3210 mali
2063 3164 2239 3216 autem
2265 3163 2318 3208 ct
2348 3154 2471 3208 boni
2499 3153 2708 3220 aliquod
2739 3152 2992 3207 medium.
3021 3151 3261 3221 Amplius
3281 3192 3295 3215 ,
3323 3153 3368 3206 si
3401 3159 3486 3206 est

1907 3249 2120 3319 quidem
2177 3245 2376 3315 aliquid
2437 3246 2676 3314 utrisque
2703 3245 2958 3312 medium,
3005 3253 3060 3300 et
3104 3245 3382 3316 speciebus
3428 3253 3486 3300 et

1909 3341 2195 3413 generibus
2215 3381 2228 3402 ,
2263 3354 2366 3392 non
2398 3338 2644 3392 similiter
2674 3348 2850 3391 autem
2873 3380 2888 3403 ,
2919 3337 3014 3393 sed
3043 3338 3230 3392 horum
3269 3337 3485 3407 quidem

1909 3431 2204 3488 secundum
2235 3430 2606 3501 negationem,
2652 3430 2862 3484 illorum
2902 3443 3031 3484 vero
3072 3439 3130 3482 ut
3165 3430 3482 3498 subjectum.

1911 3523 2197 3576 Probabile
2227 3523 2369 3574 enim
2397 3521 2647 3575 similiter
2689 3532 2741 3575 et
2783 3523 2836 3575 in
2878 3520 3142 3590 utrisque,
3190 3530 3245 3575 ut
3287 3523 3338 3575 in
3372 3521 3482 3575 vir-

1910 3621 2020 3666 tute
2050 3622 2103 3666 et
2132 3613 2185 3666 in
2210 3613 2373 3676 vitio,
2403 3612 2607 3680 justitia
2637 3623 2691 3665 et
2721 3612 2975 3682 injustitia
2998 3652 3012 3675 ,
3060 3613 3301 3681 utrisque
3339 3616 3482 3668 enim

1912 3703 2200 3759 secundum
2251 3705 2590 3773 negationem
2641 3703 2894 3758 medium.
2946 3703 3222 3772 Amplius,
3269 3703 3501 3773 quando-

1915 3810 2020 3850 non
2051 3804 2132 3849 est
2163 3794 2492 3848 contrarium
2525 3794 2744 3862 generi,
2775 3792 3218 3848 considerandum
3251 3807 3356 3848 non
3401 3808 3486 3849 so-

1917 3887 2026 3941 lum
2056 3885 2100 3939 si
2131 3883 2459 3940 contrarium
2491 3886 2542 3940 in
2573 3884 2761 3940 eodem
2784 3884 3113 3955 genere,sed
3142 3893 3198 3940 et
3226 3885 3484 3941 medium.

1915 3977 1972 4033 lu
2004 3993 2109 4048 quo
2134 3980 2274 4032 enim
2306 3987 2573 4044 extrema,
2604 3986 2660 4032 et
2703 3978 2937 4032 medium
2958 4018 2974 4044 ,
3008 3985 3066 4031 ut
3095 3978 3145 4031 in
3177 3977 3301 4032 albo
3329 3987 3380 4032 et
3407 3979 3487 4034 ni-

1915 4083 2045 4138 gro,
2103 4083 2225 4121 nam
2254 4069 2403 4121 color
2431 4082 2601 4137 genus
2642 4078 2696 4123 et
2731 4067 2920 4122 horum
2959 4077 3014 4122 et
3056 4067 3354 4122 mediorum
3397 4082 3488 4123 co-

1917 4157 2090 4212 lorum
2122 4157 2381 4211 omnium.
2409 4159 2663 4212 lnstantia
2684 4197 2698 4222 ,
2730 4157 2981 4228 quoniam
3007 4157 3247 4213 delectus
3275 4157 3490 4226 quidem

1918 4259 1970 4302 et
1999 4249 2488 4317 superabundantia
2532 4249 2582 4303 in
2615 4250 2803 4304 eodem
2833 4265 3030 4321 genere
3060 4250 3150 4322 (in
3181 4251 3320 4304 malo
3347 4253 3492 4308 enim

1919 4337 2133 4411 ambo),
2181 4341 2453 4395 mediocre
2497 4349 2675 4394 autem
2712 4355 2832 4396 cum
2877 4343 2947 4397 sit
2986 4342 3221 4398 medium
3268 4343 3490 4412 horum,

1921 4447 2026 4485 non
2062 4431 2113 4483 in
2147 4432 2306 4497 malo,
2341 4432 2434 4487 sed
2464 4432 2514 4485 in
2543 4432 2683 4486 bono
2713 4442 2814 4487 est.
2841 4433 3300 4491 Considerandum
3331 4439 3492 4494 etiam

1917 4522 1962 4576 si
1991 4538 2160 4590 genus
2191 4521 2404 4591 quidem
2435 4522 2765 4578 contrarium
2797 4534 2880 4579 est
2921 4525 3075 4578 alicui
3095 4565 3111 4587 ,
3163 4527 3369 4595 species
3397 4541 3491 4580 au-

1920 4624 2025 4667 tem
2055 4612 2208 4666 nulli.
2251 4613 2383 4666 Nam
2425 4613 2468 4666 si
2514 4628 2682 4681 genus
2719 4622 2805 4668 est
2843 4614 3170 4670 contrarium
3213 4617 3405 4681 alicui,
3437 4626 3494 4672 et

1916 4703 2150 4773 species,
2187 4703 2640 4774 quemadmodum
2673 4705 2842 4760 virtus
2870 4715 2925 4761 et
2950 4708 3136 4762 vitium
3157 4747 3173 4775 ,
3206 4719 3258 4763 et
3283 4708 3494 4780 justiti:

1919 4809 1967 4850 et
2000 4795 2256 4866 injustitia
2280 4838 2294 4861 ,
2335 4797 2584 4851 similiter
2623 4806 2797 4853 autem
2823 4808 2875 4853 et
2903 4801 2958 4854 in
2981 4801 3100 4855 aliis
3135 4800 3494 4856 consideranti

1917 4889 2256 4944 manifestum
2299 4888 2508 4944 videtur
2548 4905 2689 4947 esse.
2739 4891 3033 4959 lustantia,
3076 4895 3128 4948 in
3171 4895 3400 4950 sanitate
3441 4903 3495 4951 et

1919 4981 2265 5049 aegritudine,
2295 4981 2611 5050 simpliciter
2637 4985 2776 5038 enim
2807 4987 3006 5040 sanitas
3035 4987 3334 5057 :Pgritudini
3356 5001 3495 5042 con-

1920 5075 2114 5142 traria;
2146 5078 2318 5145 aliqua
2351 5087 2528 5132 autem
2556 5080 2834 5148 (egritudo,
2865 5097 2986 5134 cum
3013 5081 3079 5134 sit
3109 5082 3314 5150 species
3340 5083 3496 5150 a'gri-

1919 5168 2137 5233 tudinis,
2164 5169 2290 5222 nulli
2319 5173 2640 5224 contrarium
2660 5212 2676 5238 ,
2706 5180 2762 5225 ut
2789 5171 2952 5227 febris
2976 5187 3029 5227 et
3055 5174 3413 5241 Ophthalmia,
3441 5185 3496 5230 et

1919 5261 2335 5331 unumquodque
2375 5263 2623 5317 aliorum.
2658 5263 2985 5319 lnterimenti
3018 5265 3178 5333 igitur
3211 5273 3283 5319 tot
3316 5267 3491 5321 modis

1920 5353 2343 5424 inspiciendum:
2376 5355 2421 5410 si
2455 5356 2598 5411 enim
2639 5372 2747 5412 non
2791 5357 2956 5412 insint
2996 5372 3116 5426 quae
3157 5357 3295 5412 dicta
3335 5370 3492 5428 sunt,

1923 5445 2258 5500 manifestum
2290 5458 2467 5502 autem
2496 5464 2600 5503 non
2635 5465 2755 5505 esse
2781 5465 2946 5517 genus
2988 5449 3129 5517 quod
3171 5452 3495 5520 assignatum

1925 5547 2029 5592 est.
2063 5537 2406 5594 Construenti
2439 5556 2568 5596 vero
2602 5541 2900 5610 tripliciter,
2932 5541 3159 5609 primum
3202 5542 3413 5612 quidem
3449 5543 3496 5601 si

1923 5632 2249 5686 contrarium
2281 5634 2482 5702 speciei
2515 5635 2584 5688 sit
2628 5635 2678 5687 in
2711 5634 2851 5688 dicto
2879 5649 3104 5702 genere,
3139 5649 3256 5689 cum
3290 5651 3393 5690 non
3425 5635 3494 5694 sit

1921 5722 2245 5776 contrarium
2280 5725 2485 5792 generi.
2513 5723 2644 5778 Nam
2674 5723 2718 5776 si
2751 5723 3072 5776 contrarium
3105 5723 3156 5778 in
3199 5724 3333 5790 hoc,
3378 5739 3490 5778 ma-

1927 5814 2180 5872 nifestum
2211 5816 2461 5889 quoniam
2494 5825 2546 5872 et
2574 5816 2713 5888 quod
2749 5817 3070 5889 pr0positdm
3099 5827 3198 5875 est.
3231 5819 3472 5893 Amplius
