4064 6336
516 269 616 327 95,7
1751 268 1863 327 AN.
1905 270 2114 329 MANL.
2153 272 2308 333 ξεν.
2348 272 2574 331 ΒΟΕΤΙΙ
3478 276 3489 283 ’
3707 298 3802 355 9η

517 385 564 439 si
599 383 844 484 medium
867 386 917 439 in
946 385 1092 439 dicto
1119 398 1316 484 genere
1337 425 1350 450 ,
1385 396 1508 439 nam
1539 383 1730 484 inquo
1757 386 1993 484 medium
2014 433 2027 457 ,
2057 398 2113 443 et
2140 386 2566 461 Agrammatica
2610 401 2786 450 autem
2822 412 2949 454 non.
2992 401 3074 459 An
3119 419 3220 460 nec
3259 411 3403 478 quod
3436 415 3583 484 prlus
3610 383 3802 483 dictum

515 492 779 537 extrema.
813 481 1044 536 Rursum
1087 480 1133 534 si
1178 481 1247 536 sit
1286 489 1340 535 et
1380 482 1708 536 contrarium
1754 481 1971 552 quidem
2018 499 2109 555 ge-

512 575 656 640 neri,
685 573 1131 630 considerandum
1162 582 1267 640 est,
1286 581 1341 628 et
1370 572 1414 628 si
1446 574 1776 629 contrarium
1809 574 1861 629 in
1888 585 2104 631 contra-

511 667 619 722 rio.
648 665 781 721 Nam
811 666 857 722 si
887 667 995 732 sit,
1029 666 1368 722 manifestum
1396 666 1538 737 quod
1580 675 1637 724 et
1677 668 2007 738 propositum
2050 668 2105 723 in

508 759 807 829 proposito.

1127 849 1357 908 CAPUT
1395 851 1486 908 IV.

1031 943 1109 999 De
1136 960 1320 1016 genere
1347 946 1446 1000 loci
1468 945 1580 1001 alii.

579 1037 813 1094 Rursum
852 1038 907 1093 in
949 1037 1165 1093 casibus
1200 1046 1254 1093 et
1295 1037 1616 1108 conjugatis,
1656 1037 1702 1094 si
1741 1038 1989 1097 similiter
2015 1056 2102 1098 se-

505 1144 764 1203 quuntur,
808 1143 862 1190 et
900 1134 1231 1189 interimenti
1262 1142 1318 1190 et
1347 1135 1704 1192 construenti.
1746 1134 1918 1192 Simul
1956 1139 2100 1194 enim

500 1230 597 1284 uni
627 1237 681 1284 et
711 1229 962 1284 omnibus
1009 1229 1193 1284 insunt
1221 1230 1307 1284 vel
1337 1245 1445 1284 non
1482 1230 1687 1299 insunt,
1722 1239 1782 1288 ut
1817 1234 1862 1288 si
1894 1232 2101 1303 justitia

501 1321 726 1378 scientia
757 1322 1027 1393 quaedam,
1059 1333 1111 1378 et
1150 1323 1294 1392 justo
1324 1325 1580 1395 scienter,
1606 1336 1659 1383 et
1684 1329 1858 1396 justus
1887 1330 2097 1397 sciens;

499 1414 546 1471 si
590 1422 768 1472 autem
800 1414 995 1470 borum
1034 1416 1233 1485 aliquid
1273 1432 1378 1471 non
1427 1417 1587 1484 inest,
1632 1434 1731 1476 nec
1770 1420 2098 1491 reliquorqu

502 1506 692 1562 ullum.
730 1507 961 1563 Rursum
1006 1508 1058 1562 in
1097 1508 1162 1563 iis
1189 1523 1307 1577 quae
1336 1509 1584 1564 similiter
1608 1525 1669 1566 se
1696 1511 1896 1566 habent
1923 1514 1988 1568 ad
2019 1514 2101 1568 in-

396 1600 399 1601 ⁷
497 1603 696 1666 vicem,
740 1610 797 1655 ut
842 1601 1162 1657 delectabile
1192 1602 1440 1656 similiter
1469 1617 1527 1657 se
1562 1603 1628 1657 ad
1660 1604 2014 1674 voluptatem,
2042 1615 2100 1663 et

495 1696 631 1751 utile
650 1695 715 1750 ad
740 1695 959 1763 bonum,
986 1705 1273 1764 utrumque
1300 1696 1442 1750 enim
1466 1695 1746 1767 utriusque
1766 1697 2092 1755 eﬂ'eCtivum.

2224 489 2309 588 est
2331 497 2519 537 verum
2545 484 2845 588 videbitur?
2872 506 2992 547 nam
3023 494 3194 552 virtus
3222 498 3395 569 ipsum
3417 509 3558 575 quod
3587 511 3799 588 bonum,

2218 581 2273 626 et
2313 588 2487 644 ipsum
2522 578 2664 647 quod
2708 578 3015 655 honestum,
3054 596 3108 644 et
3146 592 3314 649 virtus
3347 600 3564 667 quidem
3604 608 3668 662 ad
3704 578 3799 667 ali:

2214 669 2368 769 quid,
2401 670 2601 769 bonum
2635 690 2762 731 vero
2798 687 2852 733 et
2880 678 3168 740 honestum
3207 703 3312 745 non
3354 691 3422 747 ad
3458 696 3679 769 aliquid,
3710 706 3798 762 sed

2215 763 2416 861 qualia.
2451 762 2685 822 Rursum
2727 769 2774 824 si
2811 784 2919 826 non
2960 774 3026 829 ad
3074 776 3217 835 idem
3257 780 3453 841 dicitur
3493 762 3719 861 species,
3746 808 3797 853 et

2216 854 2508 952 secundum
2548 871 2627 924 se,
2651 866 2711 952 et
2738 868 3035 921 secundum
3072 883 3263 939 genus.
3300 874 3368 933 Ut
3396 878 3442 933 si
3471 854 3793 952 duplum'di-

2212 946 2363 1045 midii
2403 946 2598 1045 dicitur
2633 950 2880 1022 duplum,
2910 964 2964 1010 et
3006 959 3307 1030 multiplum
3344 946 3561 1027 dimidii
3592 988 3797 1045 oportet

2211 1039 2315 1144 dici
2339 1042 2430 1144 ;”si
2462 1053 2638 1100 autem
2672 1061 2797 1114 non,
2837 1064 2945 1105 non
2975 1053 3075 1111 erit
3101 1058 3405 1130 multiplum
3434 1081 3604 1136 genus
3629 1039 3792 1144 dupli.

2210 1133 2548 1236 Amplius,.si
2582 1153 2687 1194 non
2716 1140 2782 1236 ad
2822 1141 2964 1199 idem
2990 1155 3044 1201 et
3071 1151 3363 1211 secundum
3387 1133 3557 1227 genus
3583 1133 3793 1236 dicitur,

2209 1233 2266 1279 et
2296 1226 2590 1284 secundum
2629 1233 2809 1288 omnia
2852 1249 3071 1305 genera.
3109 1241 3243 1297 Nam
3274 1246 3318 1300 si
3346 1226 3568 1318 duplum
3596 1226 3793 1314 dimidii

2206 1320 2510 1391 multiplum
2541 1333 2644 1389 est,
2678 1335 2732 1382 et
2761 1327 3038 1388 abundans
3080 1334 3286 1395 dimidii
3323 1341 3550 1411 dicetur,
3584 1358 3639 1404 et
3671 1353 3795 1406 sim-

2205 1414 2417 1484 pliciter
2448 1419 2743 1475 secundum
2774 1427 2956 1481 omnia
2997 1430 3277 1499 superiora
3313 1449 3508 1504 genera
3546 1443 3612 1497 ad
3640 1443 3793 1501 dimi-

2205 1510 2350 1565 dium
2379 1510 2607 1568 dicetur.
2639 1512 2917 1585 Instantis,
2942 1521 3081 1590 quod
3114 1538 3220 1579 non
3249 1541 3470 1586 necesse
3495 1542 3582 1588 est
3608 1549 3792 1593 aecum

2202 1601 2330 1656 dum
2379 1616 2469 1689 se,
2522 1595 2577 1659 et
2621 1608 2914 1665 secundum
2965 1626 3135 1682 genus
3183 1617 3251 1671 ad
3301 1618 3443 1676 idem
3485 1623 3622 1691 dici;
3673 1644 3790 1686 natu

2201 1696 2423 1752 scientia
2464 1698 2667 1755 scibilis
2703 1700 2922 1770 dicitur,
2959 1704 3174 1762 habitus
3211 1719 3389 1783 autem
3423 1721 3479 1769 et
3516 1715 3791 1787 dispositio

496 1787 554 1845 Si
603 1788 764 1858 igitur
805 1790 1051 1858 voluptas
1096 1787 1350 1859 quiddam
1399 1788 1623 1854 bonum,
1672 1798 1725 1844 et
1778 1788 2093 1848 delectabile
2121 1784 2173 1848 B
2200 1803 2306 1844 non
2336 1789 2563 1857 scibilis,
2593 1790 2689 1849 sed
2717 1794 2933 1851 animae.
2977 1795 3206 1854 llursum
3246 1801 3292 1857 si
3327 1805 3578 1862 simﬂiler
3602 1784 3793 1869 dicitur

496 1881 750 1950 quiddam
803 1882 934 1938 utile
962 1884 1102 1948 erit;
1141 1880 1481 1937 manifestum
1510 1882 1652 1936 enim
1685 1882 1934 1951 quoniam
1968 1884 2091 1941 boui

495 1973 598 2029 erit
627 1974 953 2042 eﬂ'ectivum,
985 1990 1052 2030 eo
1088 1974 1229 2044 quod
1270 1974 1518 2044 voluptas
1565 1974 1787 2031 bonum.
1834 1975 2093 2033 Similiter

493 2076 675 2124 autem
713 2077 766 2122 et
803 2068 853 2122 in
898 2067 1340 2139 generationibus
1390 2074 1445 2121 et
1475 2066 1930 2136 corruptionibus,
1962 2080 2018 2124 ut
2044 2070 2091 2124 si

494 2159 762 2215 aedificare
792 2169 873 2215 est
897 2161 1133 2230 operari,
1159 2159 1463 2215 aedificasse
1490 2170 1766 2229 operatum
1794 2176 1935 2228 esse,
1962 2171 2019 2218 et
2045 2163 2090 2218 si

495 2253 704 2310 discere
740 2262 823 2309 est
862 2254 1158 2321 reminisci,
1191 2262 1244 2309 et
1278 2252 1532 2308 didicisse
1577 2253 1915 2309 recordatum
1946 2271 2087 2323 esse,

494 2354 551 2402 et
569 2345 614 2401 si
635 2346 856 2402 dissolvi
893 2355 976 2403 est
1007 2345 1300 2415 corrumpi,
1333 2353 1387 2400 et
1415 2345 1733 2401 dissolutum
1763 2362 1884 2403 esse
1907 2363 2092 2403 corru-

491 2449 646 2513 ptum
693 2455 836 2506 esse,
878 2449 934 2496 et
980 2441 1262 2495 dissolutio
1301 2442 1575 2509 corruptio
1621 2440 1886 2510 quaedam.
1932 2440 1997 2496 Et
2036 2444 2090 2497 in

492 2536 819 2607 generativis
850 2550 978 2590 vero
1010 2543 1062 2591 et
1099 2535 1151 2589 in
1181 2534 1526 2604 corruptivis,
1554 2533 1804 2590 similiter
1828 2535 1960 2590 etin
1990 2552 2091 2604 po-

493 2628 677 2685 tentiis
718 2635 775 2683 et
816 2628 1039 2694 usibus,
1091 2634 1146 2682 et
1190 2627 1410 2681 omnino
1461 2626 1755 2681 secundum
1798 2627 2091 2697 quamlibet

410 2776 419 2781 -
493 2723 897 2779 similitudinem
947 2730 1003 2779 et
1058 2722 1384 2777 interimenti
1427 2728 1483 2777 et
1545 2724 1879 2778 construenti
1926 2723 2090 2791 inspi-

494 2816 768 2883 ciendum,
810 2817 1262 2887 quemadmodum
1314 2816 1368 2871 in
1417 2816 1767 2885 generatione
1808 2826 1861 2872 et
1906 2833 2091 2873 corru-

494 2912 682 2980 ptione
715 2909 967 2964 diximus.
1004 2908 1134 2962 Nam
1184 2909 1227 2962 si
1272 2910 1636 2972 corruptivum
1684 2908 2086 2975 dissolutivum,

495 3011 551 3055 et
594 3001 867 3069 corrumpi
918 3000 1156 3064 dissolvi,
1196 3008 1250 3053 et
1291 3000 1334 3053 si
1370 3000 1735 3067 generativum
1776 3012 1858 3055 est
1887 3001 2092 3056 effecti-

496 3105 644 3156 vum,
684 3102 736 3145 cl
779 3092 1020 3160 generari
1056 3092 1191 3155 tieri,
1226 3100 1279 3144 et
1316 3090 1594 3160 generatio
1624 3092 1806 3156 factio,
1840 3093 2091 3151 similiter

2200 1897 2390 1952 genus,
2424 1891 2479 1939 et
2505 1885 2718 1955 species
2751 1889 3052 1947 secundum
3082 1906 3262 1949 casus.
3298 1894 3361 1951 Ut
3406 1899 3451 1953 si
3492 1900 3673 1967 alicui,
3702 1915 3793 1962 aut

2196 1976 2427 2046 alicujus
2478 1987 2570 2033 aut
2615 1979 2854 2049 quolibet
2898 1983 3059 2038 modo
3104 1985 3262 2041 aliter
3298 1987 3495 2045 dicitur
3530 2010 3545 2045 ι
3581 2008 3703 2050 nam
3731 2008 3793 2053 ut

2195 2072 2404 2139 species
2454 2080 2510 2127 et
2536 2087 2726 2143 genus,
2757 2075 2905 2130 velut
2934 2075 2989 2131 in
3017 2076 3183 2148 duplo
3228 2092 3282 2137 et
3310 2080 3362 2135 iu
3400 2087 3787 2157 superioribus,

2198 2163 2444 2233 alicujus,
2474 2165 2618 2218 enim
2647 2174 2701 2221 et
2727 2165 2950 2237 duplum
2979 2178 3033 2224 et
3060 2170 3392 2240 multiplum;
3425 2174 3670 2233 similiter
3696 2195 3789 2237 au-

2196 2263 2304 2309 tem
2330 2265 2384 2312 et
2414 2256 2466 2311 in
2496 2256 2746 2324 scientia,
2784 2258 3012 2329 alicujus
3048 2261 3193 2316 enim
3229 2273 3284 2319 et
3322 2266 3441 2322 haec
3487 2278 3544 2323 et
3571 2284 3787 2340 genera,

2196 2357 2255 2403 ut
2293 2350 2573 2417 dispositio
2601 2360 2656 2407 et
2686 2352 2918 2409 habitus.
2965 2353 3224 2415 instantia
3266 2370 3466 2429 autem,
3506 2364 3647 2432 quod
3691 2368 3788 2421 aii-

2194 2443 2404 2512 quoties
2431 2458 2537 2499 non
2568 2445 2667 2512 sic,
2702 2460 2825 2502 nam
2865 2447 3141 2517 diﬂerens,
3174 2461 3227 2506 et
3250 2457 3579 2512 contrarium
3608 2460 3787 2527 alicui,

2194 2534 2466 2591 diversum
2489 2547 2667 2594 autem
2689 2553 2811 2595 cum
2839 2541 2909 2595 sit
2931 2557 3100 2611 genus
3124 2544 3337 2611 borum,
3364 2563 3469 2603 non
3491 2550 3672 2618 alicui,
3695 2555 3790 2611 sed

2194 2628 2263 2685 ab
2288 2629 2487 2698 aliquo,
2520 2631 2791 2687 diversum
2833 2635 2978 2691 enim
3008 2636 3205 2695 dicitur
3229 2640 3297 2694 ab
3323 2642 3521 2713 aliquo.
3559 2643 3790 2703 Rursum

2194 2724 2239 2778 si
2272 2724 2522 2780 similiter
2549 2725 2615 2781 ad
2649 2726 2850 2797 aliquid
2889 2730 3181 2786 secundum
3208 2747 3366 2790 casus
3394 2735 3691 2802 dicm-non
3716 2740 3790 2794 si-

2195 2817 2396 2872 militer
2440 2826 2844 2874 convertuntur.
2892 2820 3350 2888 Quemadmodum
3413 2826 3468 2880 in
3522 2828 3690 2898 duplo
3736 2839 3791 2887 et

2196 2909 2468 2979 niultiplo,
2514 2919 2798 2982 utrumque
2841 2913 2982 2967 enim
3034 2911 3221 2968 borum
3271 2915 3511 2986 alicujus,
3552 2927 3609 2973 et
3648 2918 3791 2975 idem

2195 3000 2355 3055 (tiam
2387 3002 2678 3055 secundum
2708 3002 3116 3058 conversionem
3142 3002 3355 3071 dicitur,
3389 3005 3615 3076 alicujus
3647 3020 3790 3065 eruta

2194 3101 2252 3148 et
2316 3092 2594 3148 dimidium
2643 3100 2699 3148 et
2736 3092 3165 3163 submultiplum.
3219 3094 3477 3151 Similiter
3512 3106 3694 3157 autem
3736 3106 3792 3157 et

497 3194 550 3239 et
577 3185 629 3238 in
663 3186 918 3254 potentiis
944 3192 996 3238 et
1024 3184 1230 3252 usibus,
1260 3193 1314 3238 et
1339 3186 1624 3239 omuinosi
1651 3189 1881 3255 potentia
1910 3188 2091 3258 dispo—
2119 3181 2164 3246 C
2198 3187 2248 3239 in
2271 3186 2549 3254 disciplina
2588 3195 2639 3241 et
2667 3184 2939 3256 opinione,
2965 3202 3085 3241 nam
3110 3196 3163 3242 et
3189 3188 3271 3243 ba:
3297 3189 3545 3258 alicujus,
3574 3200 3630 3246 et
3664 3207 3782 3246 cui»

496 3274 641 3345 sitio,
679 3283 734 3331 ct
778 3290 936 3344 posse
962 3276 1191 3344 disponi,
1221 3284 1274 3331 et
1310 3278 1353 3330 si
1395 3277 1620 3346 alicujus
1647 3293 1775 3333 usus
1808 3284 1890 3334 est
1916 3289 2085 3347 actus,

495 3378 553 3425 et
587 3371 660 3424 uti
692 3385 871 3437 agere,
903 3379 959 3426 et
989 3385 1139 3424 usum
1188 3385 1307 3426 esse
1346 3372 1540 3441 egisse.
1582 3371 1638 3427 Si
1669 3381 1846 3425 autem
1878 3372 1943 3427 sit
1979 3375 2088 3442 pri-

494 3465 640 3518 vatio
676 3464 727 3518 id
769 3463 911 3532 quod
954 3463 1243 3534 Opponitur
1285 3465 1509 3535 speciei,
1550 3465 1758 3521 duobus
1799 3467 1974 3522 modis
2007 3478 2091 3523 est

492 3558 828 3613 interimere.
860 3556 1098 3613 Primum
1137 3560 1352 3629 quidem
1386 3561 1429 3615 si
1467 3561 1737 3630 assignato
1772 3576 1969 3630 genere
2007 3571 2090 3617 est

493 3654 816 3720 oppositum.
860 3654 967 3707 Aut
998 3654 1140 3708 enim
1172 3654 1489 3721 simpliciter
1516 3655 1567 3708 in
1601 3655 1748 3709 nullo
1776 3670 1973 3725 genere
2002 3669 2090 3710 eo-

492 3744 614 3798 dem
643 3744 890 3813 privatio,
923 3754 1011 3797 aut
1044 3760 1149 3798 non
1174 3745 1228 3799 in
1254 3746 1466 3811 ultimo,
1492 3753 1551 3799 ut
1576 3747 1619 3799 si
1644 3746 1790 3800 visus
1823 3748 1875 3800 in
1902 3747 2087 3801 ultimo

492 3850 691 3905 genere
722 3845 826 3903 est,
858 3851 1066 3902 sensus,
1094 3839 1305 3893 caecitas
1334 3854 1438 3893 non
1468 3838 1567 3893 erit
1594 3853 1807 3894 sensus.
1839 3840 2087 3896 Secundo

493 3937 694 3995 autem,
721 3931 765 3983 si
792 3938 844 3983 et
872 3929 1058 3998 generi
1080 3942 1127 3985 et
1160 3932 1355 3999 syecici
1385 3931 1674 3999 opponitur
1704 3934 1951 3999 privatio,
1980 3948 2085 3987 non

491 4029 575 4075 est
603 4033 779 4076 autem
808 4023 1113 4092 Oppositum
1148 4022 1201 4076 in
1235 4023 1505 4093 opposito,
1540 4040 1636 4078 nec
1665 4022 1805 4093 quod
1843 4024 2084 4091 assigna-

498 4132 607 4169 tum
641 4126 721 4171 est
773 4117 825 4170 in
858 4117 1128 4185 assignato
1162 4116 1284 4171 erit.
1321 4115 1648 4170 luterimeuti
1688 4116 1867 4184 igitur,
1901 4133 2087 4187 quem-

491 4210 781 4265 admodum
821 4210 1021 4265 dictum
1065 4217 1166 4275 est,
1211 4210 1488 4265 utendum.
1523 4210 1864 4266 Construenti
1905 4220 2081 4265 autem

491 4321 597 4360 uno
623 4304 803 4371 modo,
836 4319 958 4359 nam
991 4304 1033 4357 si
1062 4307 1363 4374 oppositum
1405 4305 1457 4359 iu
1495 4306 1765 4375 opposito,
1798 4314 1852 4360 et
1893 4321 2088 4375 propo-

488 4398 651 4452 situm
695 4398 747 4452 in
784 4396 1057 4467 promsito
1092 4399 1214 4462 erit,
1254 4407 1312 4451 ut
1350 4398 1393 4450 si
1436 4400 1650 4452 czrcitas
1699 4398 2085 4453 insensibilitas

489 4488 759 4558 quadam,
803 4498 857 4542 et
894 4487 1039 4542 visus
1086 4501 1297 4543 sensus.
1344 4489 1572 4543 Rursum
1620 4489 1673 4542 in
1714 4490 2084 4559 negationilius

2195 3280 2443 3344 vertitur,
2466 3278 2715 3334 similiter
2736 3288 2792 3333 et
2816 3280 3211 3349 disciplinatutn
3244 3292 3297 3335 et
3324 3282 3596 3351 opinabile
3623 3284 3783 3339 aiicu-

2190 3371 2307 3441 jus;
2331 3372 2375 3425 si
2406 3370 2570 3441 igitur
2598 3372 2648 3425 in
2678 3370 2856 3439 aliquo
2878 3386 2984 3425 non
3013 3371 3257 3427 similiter
3286 3374 3641 3441 convertitur,
3674 3388 3791 3428 ma-

2194 3462 2446 3518 nifestum
2497 3469 2579 3517 est
2618 3478 2723 3517 non
2764 3477 2885 3517 esse
2920 3477 3091 3533 genus
3120 3461 3346 3517 alterum
3376 3463 3618 3519 alterius.
3650 3464 3790 3519 Rur-

2193 3571 2309 3610 sum
2332 3597 2346 3620 ,
2386 3556 2430 3609 si
2478 3542 2601 3609 non
2631 3554 2699 3608 ad
2744 3557 2965 3623 aequalia
3009 3560 3249 3626 species,
3279 3569 3332 3612 et
3369 3572 3540 3627 genus
3565 3558 3787 3614 dicitur.

2192 3647 2447 3704 Similiter
2477 3646 2643 3710 enim,
2675 3654 2730 3701 et
2767 3646 3042 3716 arqualiter
3086 3658 3373 3719 utrumque
3408 3648 3620 3707 videtur
3659 3650 3790 3715 dici,

2193 3740 2646 3812 quemadmodum
2696 3739 2749 3792 itt
2795 3739 2937 3792 dono
2982 3748 3037 3794 et
3082 3738 3318 3803 datione,
3347 3754 3470 3795 nam
3501 3749 3557 3795 et
3587 3741 3792 3796 donqu

2193 3831 2418 3901 alicujus
2448 3830 2607 3883 alicui
2639 3830 2855 3896 dicitur,
2885 3839 2938 3885 et
2964 3830 3110 3885 datio
3139 3832 3361 3900 alicujus
3386 3841 3441 3887 et
3468 3832 3629 3888 alicui
3658 3833 3795 3888 dici-

2195 3934 2317 3990 tur;
2348 3932 2431 3978 est
2469 3933 2645 3977 autem
2686 3923 2833 3978 datio
2871 3938 3040 3992 genus
3070 3923 3213 3989 doni,
3248 3939 3370 3981 nam
3410 3925 3612 3981 donum
3645 3928 3796 3981 datio

2193 4028 2272 4071 est
2314 4015 2659 4071 irreddibilis.
2707 4016 2760 4070 In
2800 4016 3063 4086 aliquibus
3111 4026 3293 4074 autem
3339 4034 3444 4073 non
3485 4020 3689 4077 accidit
3726 4021 3796 4077 ad

2192 4113 2416 4183 aequalia
2455 4112 2585 4180 dici,
2633 4128 2755 4165 nam
2804 4111 3022 4180 duplum
3074 4111 3298 4180 alicujus
3336 4112 3577 4182 duplum,
3621 4116 3789 4171 abun:

2193 4209 2327 4263 (laus
2355 4220 2530 4261 autem
2562 4216 2612 4262 et
2640 4209 2816 4271 majus
2846 4207 3071 4272 alicujus
3116 4215 3171 4262 et
3210 4208 3409 4276 aliqtto,
3450 4222 3612 4264 omne
3644 4211 3797 4264 enim

2191 4299 2492 4364 abundans,
2516 4308 2568 4352 et
2596 4298 2767 4366 majus
2793 4298 2969 4367 aliquo
2998 4298 3252 4364 abundat,
3282 4309 3333 4352 et
3364 4299 3588 4365 alicujus
3618 4300 3795 4355 abun-

2168 4393 2302 4469 dat,
2336 4408 2499 4462 quare
2539 4408 2642 4445 non
2674 4400 2797 4445 sunt
2828 4400 3019 4459 genera
3051 4406 3167 4459 qum
3194 4390 3329 4444 dicta
3361 4399 3485 4445 sunt
3515 4391 3687 4460 dupli,
3726 4407 3797 4445 eo
3868 4443 3883 4455 ,

2191 4484 2329 4555 quod
2364 4499 2467 4537 non
2497 4484 2560 4536 ad
2604 4483 2824 4551 mqualia
2858 4483 3109 4537 dicuntur
3136 4484 3355 4552 speciei,
3387 4493 3478 4537 aut
3521 4500 3629 4537 tum
3665 4488 3794 4539 un;-

487 4578 937 4634 consideraudum
986 4595 1016 4635 e
1062 4594 1344 4644 converso,
1378 4580 1830 4650 quemadmodum
1862 4582 1913 4635 in
1946 4582 2084 4636 acci-
2109 4576 2165 4638 D
2191 4577 2470 4631 verSﬁlilef
2499 4590 2708 4640 verum.
2737 4574 2801 4629 ad
2835 4574 3059 4643 aequalia
3100 4574 3336 4641 ευϐοίεηι
3376 4584 3433 4629 ει
3460 4588 3631 4645 genus
3658 4575 3793 4631 dici.

486 4674 648 4729 dente
678 4673 973 4737 dicebatur,
1011 4680 1065 4725 ut
1091 4672 1133 4725 si
1168 4672 1487 4727 delectabile
1516 4673 1657 4743 quod
1691 4672 1912 4739 bonum,
1937 4672 2077 4741 quod

484 4781 594 4841 non
630 4766 827 4821 bonum
855 4779 962 4820 non
988 4764 1324 4820 delectabile.
1351 4765 1479 4820 Nam
1508 4765 1681 4821 sinon
1708 4767 1776 4819 ita
1808 4780 1867 4819 se
1897 4765 2075 4835 liabet,

484 4858 587 4913 erit
618 4868 825 4923 contra,
860 4873 965 4911 non
1007 4858 1205 4911 bonum
1256 4857 1592 4913 delectabile.
1637 4856 1705 4912 At
1752 4858 2079 4925 impossibile

484 4963 588 5018 est,
619 4954 662 5007 si
694 4955 892 5009 b0l|llln
929 4968 1097 5023 genus
1128 4961 1212 5006 est
1252 4952 1601 5021 delectabilis,
1630 4966 1751 5007 esse
1788 4952 2075 5023 quidquam

484 5059 589 5118 non
634 5043 833 5099 bonum
878 5042 1213 5099 delectabile.
1265 5043 1395 5097 Nam
1444 5045 1509 5098 de
1550 5044 1743 5112 quibus
1776 5058 1940 5112 genus
1970 5049 2112 5106 non.

485 5136 829 5205 praedicatur,
855 5151 953 5190 nec
980 5137 1283 5205 specierum
1312 5136 1436 5189 ulla.
1473 5135 1534 5189 Et
1563 5135 1891 5191 construenti
1918 5137 2077 5191 etiam

482 5229 730 5284 similiter
762 5228 1175 5298 inSpicicndum.
1211 5229 1339 5281 Nam
1369 5227 1412 5282 si
1442 5244 1543 5282 non
1581 5228 1801 5294 bonum,
1845 5244 1950 5283 non
1986 5230 2082 5285 de-

482 5317 752 5382 lectabile,
806 5318 1125 5374 delectabile
1178 5317 1401 5383 bonum,
1450 5334 1615 5389 quare
1665 5334 1833 5389 genus
1880 5321 2077 5376 bonum

481 5411 835 5469 delectabilis.
884 5410 943 5467 Si
989 5419 1168 5467 autem
1208 5410 1277 5465 sit
1308 5410 1374 5465 ad
1405 5410 1602 5480 aliquid
1638 5414 1864 5481 Species,
1899 5416 2077 5469 consi-

479 5510 776 5568 derandum
807 5511 853 5566 si
880 5520 933 5567 et
961 5525 1128 5581 genus
1157 5509 1223 5563 ad
1247 5508 1465 5580 aliquid.
1510 5509 1640 5563 Nam
1684 5511 1728 5563 si
1774 5511 1978 5579 species
2006 5509 2072 5564 ad

482 5592 705 5674 aliquid,
731 5615 784 5659 et
813 5620 1008 5673 genus,
1051 5613 1109 5658 ut
1139 5607 1189 5657 in
1219 5602 1415 5673 duplici
1453 5611 1507 5657 et
1536 5602 1834 5672 multiplici,
1867 5612 2074 5657 utrum-

481 5709 588 5764 que
616 5695 758 5749 enim
790 5695 865 5749 ad
890 5695 1109 5764 aliquid.
1144 5695 1201 5751 Si
1229 5706 1405 5750 autem
1430 5709 1596 5764 genus
1620 5693 1685 5747 ad
1716 5694 1938 5763 aliquid,
1967 5710 2073 5749 non

482 5789 792 5867 necessario
841 5795 898 5843 et
945 5790 1170 5861 species.
1218 5789 1349 5845 Nam
1401 5788 1681 5859 disciplina
1733 5788 1799 5843 ad
1842 5788 2073 5854 aliquid,

2193 4668 2694 4723 Videndum'autem
2728 4676 2781 4722 et
2809 4668 2854 4721 si
2883 4665 3113 4736 oppositi
3143 4676 3223 4721 est
3253 4668 3559 4736 oppositum
3590 4683 3793 4737 genus.

2186 4761 2255 4819 Ut
2278 4763 2321 4816 si
2345 4761 2494 4831 dupli
2518 4761 2841 4829 multiplum,
2870 4772 2921 4817 et
2945 4760 3148 4816 dimidii
3172 4760 3603 4832 submultiplum,
3625 4777 3795 4829 opor-

2186 4864 2261 4909 tet
2301 4853 2444 4908 enim
2491 4853 2797 4923 oppositum
2848 4854 3079 4922 oppositi
3125 4867 3293 4922 genus
3338 4868 3476 4908 esse.
3527 4854 3580 4908 8i
3626 4854 3795 4921 igitur

2187 4955 2349 5016 ponat
2397 4948 2590 5017 aliquis
2636 4946 2912 5002 scientiam
2964 4947 3189 5016 idipsutn
3218 4945 3377 5014 quod
3419 4955 3501 4999 est
3540 4960 3791 5011 sensum,

2187 5039 2453 5111 Oportebit
2484 5050 2536 5094 et
2565 5039 2750 5093 sciliile
2796 5037 2845 5092 id
2895 5037 3036 5104 quod
3077 5044 3161 5091 est
3209 5035 3464 5092 sensibile
3501 5049 3657 5099 esse;
3692 5037 3790 5091 sed

2186 5149 2289 5187 non
2331 5142 2434 5199 est,
2470 5132 2745 5191 nnuenitn
2791 5146 2952 5185 omne
2989 5130 3177 5184 scibile
3222 5129 3498 5196 sensibile,
3535 5144 3664 5183 nam
3700 5130 3790 5182 in-

2187 5226 2537 5297 tclligibilitnu
2590 5224 2834 5291 quaedam
2875 5224 3103 5279 scibilia.
3134 5222 3313 5288 Quare
3352 5237 3458 5276 non
3497 5229 3584 5276 est
3610 5226 3789 5290 genus

2183 5318 2435 5372 sensibile
2480 5317 2701 5382 seibilis,
2744 5316 2787 5371 si
2833 5324 3009 5369 autem
3061 5314 3162 5369 hoc
3200 5329 3327 5376 non.
3373 5329 3547 5384 neque
3586 5327 3789 5367 sensus

2182 5392 2445 5466 scientiae.
2480 5410 2746 5478 Quoniam
2784 5418 2962 5465 autem
3005 5423 3187 5464 eorum
3220 5422 3339 5476 qua:
3366 5406 3431 5461 ad
3463 5406 3665 5475 aliquid
3695 5406 3786 5457 iti-

2183 5513 2397 5569 cunlur,
2439 5504 2541 5558 alia
2590 5503 2801 5573 quidem
2849 5517 2921 5557 ex
2964 5503 3280 5557 necessitate
3322 5501 3377 5555 in
3406 5500 3488 5555 eis
3514 5508 3605 5552 aut
3635 5498 3783 5552 circa

2184 5613 2244 5653 ea
2270 5607 2397 5653 sunt
2426 5597 2489 5651 ad
2524 5612 2645 5667 quae
2671 5596 2922 5652 dicuntur
2952 5596 3034 5667 (ut
3063 5596 3361 5665 diSpositio,
3389 5604 3439 5648 et
3472 5592 3705 5656 habitus,
3723 5598 3785 5644 et

2182 5691 2636 5747 commensnratio
2669 5708 2681 5744 :
2715 5691 2766 5745 in
2793 5690 2900 5746 alio
2930 5691 3074 5745 enim
3097 5690 3243 5745 nullo
3265 5687 3519 5759 possibile
3548 5696 3633 5741 est
3656 5699 3782 5740 esse

2184 5798 2305 5854 quae
2334 5783 2474 5839 dicta
2506 5793 2652 5848 sunt,
2683 5796 2839 5848 quam
2881 5784 2934 5840 in
2978 5785 3064 5841 eis
3094 5782 3159 5838 ad
3188 5796 3309 5849 qua:
3335 5779 3640 5851 dicuntur),
3673 5776 3781 5840 alia
