4064 6336
246 333 356 391 ῡις)

1142 321 1537 409 TOPlCORlJM
1573 321 2022 413 ARISTOTELIS
2060 326 2641 389 ιΝτειιΡιιΕτΑτιο.

3436 342 3540 400 950

247 460 431 507 autent
462 461 567 504 non
850 449 934 500 est
957 442 1172 516 quidem
1203 444 1255 499 in
1282 446 1362 500 eis
1391 458 1511 499 esse
1538 443 1604 499 ad
1630 410 1747 515 quae
1771 443 1852 501 di-
1876 444 1932 509 Α
1955 446 2387 515 concupiscibili,
2431 464 2554 506 nam
2596 450 2650 506 in
2700 448 2802 506 hoc
2846 456 2902 506 et
2933 451 3204 525 voluptas,
3232 454 3314 514 ira
3360 466 3539 514 autem

248 551 470 606 cuntur,
507 538 770 607 contingit
810 544 988 591 autem
1028 535 1501 608 (quemadmodum
1536 537 1725 592 soihile
1762 545 1847 593 est

254 636 317 690 in
355 633 556 698 anima,
603 629 734 685 nihil
780 628 923 684 enim
963 629 1209 695 prohibet
1236 628 1316 683 sui
1346 628 1621 685 scientiam
1649 628 1849 685 habere

250 730 513 793 animam,
545 741 653 781 non
694 724 1056 779 necessarium
1083 731 1285 788 autem,
1317 723 1570 794 possibile
1597 732 1681 779 est
1700 723 1846 781 enim

251 821 394 877 etin
437 821 543 876 alio
585 833 705 874 esse
744 817 882 872 hanc
911 817 1207 888 eamdem),
1235 818 1337 872 alia
1373 833 1502 874 vero
1534 819 1850 889 simpliciter

248 930 361 973 non
392 914 653 982 contingit
678 914 731 967 in
760 914 841 968 eis
867 926 987 968 esse
1013 912 1080 967 ad
1109 928 1228 981 qua:
1252 912 1500 969 dicuntur
1528 914 1610 984 (ut
1634 921 1850 969 contra—

249 990 394 1065 rium
435 1008 487 1064 in
517 1006 815 1074 contrario,
850 1018 1024 1078 neque
1071 1006 1351 1062 scientiam
1397 1007 1592 1072 scibili,
1634 1007 1737 1062 nisi
1780 1008 1853 1063 sit

248 1102 444 1158 scibile
472 1101 670 1166 anima,
699 1101 782 1156 vel
813 1098 1032 1172 bourn),
1076 1100 1422 1157 considerare
1452 1101 1610 1171 igitur
1637 1108 1852 1170 oportet

248 1195 299 1251 si
328 1196 445 1267 quis
472 1196 524 1251 in
554 1210 752 1266 genere
782 1202 938 1265 ponat
972 1194 1113 1267 quod
1143 1194 1249 1250 tale
1272 1202 1373 1259 est,
1407 1195 1459 1249 in
1503 1209 1609 1250 non
1634 1194 1747 1250 tali.
1782 1194 1850 1251 Ut

247 1290 299 1345 si
322 1290 635 1344 memoriam
667 1288 1079 1344 immansionem
1111 1289 1354 1344 scientia:
1382 1289 1546 1354 dicat,
1576 1304 1701 1344 nam
1733 1302 1852 1344 om-

248 1384 338 1438 nis
361 1382 647 1438 immansio
669 1382 723 1436 in
753 1390 952 1446 mente,
977 1391 1033 1437 et
1058 1383 1202 1436 circa
1234 1381 1383 1447 illud,
1408 1397 1576 1452 quare
1596 1391 1648 1436 et
1673 1382 1848 1436 scien-

248 1474 342 1529 tiae
374 1472 659 1528 immanslo
681 1473 734 1526 in
766 1472 1009 1527 scientia.
1041 1471 1295 1528 Memoria
1323 1472 1481 1543 igitur
1511 1471 1562 1526 in
1600 1471 1846 1539 scientia,

247 1578 318 1621 eo
346 1564 488 1635 quod
524 1564 811 1619 immansio
837 1564 1077 1620 scientiae
1104 1573 1206 1620 est.
1240 1564 1353 1619 Hoc
1387 1573 1700 1619 autemnon
1720 1579 1850 1620 eon-

245 1658 427 1728 tingit,
457 1658 723 1713 memoria
746 1658 890 1714 enim
916 1659 1092 1713 omnis
1117 1659 1171 1713 in
1198 1658 1399 1738 anima.
1433 1659 1527 1714 Est
1553 1667 1733 1714 autem
1757 1657 1849 1729 qui

245 1749 428 1805 dictus
464 1757 548 1804 est
599 1750 749 1805 locus
793 1757 850 1804 et
888 1749 1138 1806 accidens
1172 1749 1505 1809 communis:
1543 1750 1676 1805 nihil
1704 1753 1847 1806 enim

1954 538 2009 593 in
2046 538 2302 593 irascibili
2332 557 2346 605 ;
2382 555 2549 609 quare
2592 557 2697 597 non
2721 552 2845 597 sunt
2875 557 3068 613 genera
3100 560 3219 617 quae
3269 548 3543 618 assignate

1953 640 2098 694 sunt,
2130 644 2197 685 eo
2251 630 2391 700 quod
2449 645 2554 686 non
2596 632 2647 686 in
2679 632 2869 687 eodem
2920 649 3043 690 cum
3085 636 3365 705 speciebus
3420 648 3543 695 nata

1952 735 2078 782 sunt
2109 726 2248 783 fieri.
2279 726 2545 782 Similiter
2588 736 2768 783 autem
2799 738 2854 784 et
2898 729 2942 782 si
2974 729 3208 785 amicitia
3260 731 3313 787 in
3344 712 3557 788 conca-ﬁ

1953 818 2207 890 piscibili,
2240 832 2349 879 non
2376 822 2478 874 erit
2500 819 2747 875 voluntas
2768 821 3036 890 quaedam,
3070 823 3246 879 omnis
3276 824 3420 879 enim
3450 804 3559 879 vo-t

1954 912 2134 967 luntas
2156 913 2209 967 in
2236 910 2508 967 rationali.
2544 911 2700 967 Utilis
2738 921 2916 968 autem
2950 914 3034 968 hic
3063 913 3213 970 locus
3234 925 3288 970 et
3309 908 3376 971 ad
3405 900 3559 972 θεοὶ-ἐ

1954 1006 2108 1071 dens,
2136 1014 2192 1063 ει
2221 1005 2271 1060 id
2319 1005 2404 1060 cui
2434 1004 2652 1072 accidit,
2686 1006 2738 1061 in
2770 1005 2959 1061 eodem
2991 1008 3135 1062 enim
3182 1008 3433 1065 accidens
3484 990 3583 1064 et"

1953 1099 2037 1154 cui
2065 1096 2290 1163 accidit;
2322 1111 2490 1166 quare
2543 1096 2644 1152 nisi
2691 1097 2743 1152 in
2784 1097 2973 1155 eodem
3005 1099 3272 1169 videatur,
3315 1080 3579 1156 manife?

1953 1203 2094 1249 stum
2117 1190 2368 1262 quoniam
2396 1205 2502 1249 non
2528 1189 2740 1247 accidit.
2764 1188 2996 1247 Rursum
3027 1192 3073 1247 si
3098 1190 3393 1246 secundum
3418 1191 3547 1262 quid

1953 1286 2162 1355 species
2194 1285 2398 1347 dictum
2447 1298 2615 1353 genus
2646 1283 2953 1354 participat,
3012 1299 3119 1339 non
3149 1286 3294 1340 enim
3336 1285 3561 1367 videtur

1955 1379 2247 1435 secundum
2273 1378 2399 1449 quid
2429 1378 2737 1447 participari
2761 1393 2950 1448 genus.
2976 1378 3106 1434 Nam
3129 1394 3236 1435 non
3275 1388 3359 1435 est
3381 1383 3549 1437 homo

1953 1472 2245 1527 secundum
2266 1471 2390 1542 quid
2413 1471 2634 1538 animal,
2672 1485 2846 1542 neque
2874 1472 3221 1541 grammatica
3250 1474 3547 1531 secundum

1953 1566 2079 1636 quid
2117 1566 2421 1635 disciplina.
2457 1566 2716 1621 Similiter
2749 1574 2929 1620 autem
2958 1574 3014 1621 et
3041 1564 3095 1620 in
3124 1565 3550 1624 aliis.-Couside-

1954 1657 2183 1713 randum
2207 1658 2364 1727 igitur
2383 1659 2495 1712 siin
2519 1658 2786 1727 aliquibus
2808 1660 3105 1713 secundum
3124 1658 3248 1727 quid
3269 1649 3550 1730 participa~

1955 1761 2042 1807 tur
2057 1766 2246 1822 genus,
2271 1758 2331 1806 ut
2350 1751 2395 1806 si
2420 1752 2620 1806 animal
2639 1750 2779 1821 quod
2803 1751 3058 1806 sensibile
3086 1752 3167 1806 vel
3193 1751 3399 1807 visibile
3418 1752 3550 1807 dici-

244 1840 436 1907 refert,
466 1843 740 1897 memoria!
767 1855 935 1911 genus
965 1842 1373 1898 immansiouem
1405 1842 1605 1909 dicere,
1635 1852 1726 1898 aut
1754 1858 1843 1898 ae-
1872 1844 1922 1907 Β
1948 1854 2063 1912 tur;
2085 1861 2204 1907 nam
2224 1845 2520 1900 secundum
2543 1845 2671 1916 quid
2690 1845 2947 1900 sensibile
2972 1846 3059 1900 vel
3081 1845 3294 1900 visibile
3320 1844 3546 1914 animal,

242 1932 429 1989 cidere
454 1933 637 1990 dicere
672 1932 747 1988 illi
780 1933 883 1989 hoc
915 1951 927 1987 :
962 1948 1084 1988 nam
1128 1935 1173 1988 si
1215 1935 1406 2004 quovis
1439 1936 1599 1989 modo
1625 1944 1708 1990 est
1737 1951 1849 1995 me.

243 2026 416 2081 moria
470 2025 757 2081 immansio
800 2025 1062 2101 scientia,
1093 2024 1282 2099 eadem
1329 2025 1598 2096 optabitur
1636 2025 1705 2083 de
1735 2027 1850 2097 ipsa

245 2115 409 2174 ratio.

883 2226 1112 2284 CAPUT
1154 2226 1217 2283 ν.

733 2316 810 2373 De
838 2333 894 2372 re
917 2320 1093 2373 eadem
1120 2319 1220 2373 loci
1248 2319 1359 2375 alii.

318 2431 550 2489 Rursum
598 2433 644 2489 si
701 2433 940 2490 habitum
973 2436 1026 2491 iu
1059 2446 1180 2491 actu
1213 2436 1409 2508 posuit,
1444 2443 1537 2490 aut
1568 2442 1746 2491 actum
1794 2437 1849 2493 in

246 2523 460 2597 habitu,
491 2539 595 2579 non
629 2534 710 2580 est
761 2540 933 2597 genus
964 2520 1105 2599 quod
1152 2528 1257 2582 tale
1284 2536 1384 2581 est.
1417 2526 1488 2583 Ut
1530 2527 1574 2582 si
1604 2541 1845 2595 sensum,

246 2623 457 2671 motum
489 2631 585 2687 per
611 2631 830 2686 corpus,
865 2632 985 2671 nam
1019 2631 1211 2673 sensus
1266 2617 1503 2682 habitus,
1538 2630 1715 2673 motus
1746 2633 1845 2673 att-

246 2715 357 2762 tem
386 2717 559 2762 actus.
589 2706 853 2763 Similiter
889 2717 1068 2763 autem
1097 2715 1153 2763 et
1183 2707 1226 2762 si
1257 2709 1568 2763 memoriam
1606 2710 1847 2766 habitum

246 2797 681 2854 continentlvum
714 2797 988 2870 opinionis
1008 2797 1225 2867 dixerit,
1252 2815 1373 2853 nam
1408 2800 1553 2854 nulla
1587 2805 1846 2859 memoria

246 2883 490 2953 habitus.
522 2887 617 2945 sed
649 2890 819 2959 magis
844 2898 1016 2943 actus.
1050 2888 1284 2945 Peccant
1310 2900 1488 2947 autem
1522 2900 1577 2948 et
1615 2895 1704 2964 qui
1754 2893 1848 2949 ba-

248 2983 422 3037 lvi'um
448 2982 498 3041 in
522 2990 945 3053 consequentem
982 2983 1274 3053 potentiam
1303 2985 1591 3052 ordinant,
1619 2995 1676 3042 ut
1697 3001 1848 3041 man-

245 3076 613 3143 suetudinem,
646 3075 1034 3133 continentiam
1089 3078 1205 3146 irae,
1257 3088 1312 3133 et
1344 3079 1738 3148 fortitudinem,
1792 3092 1849 3139 et

243 3171 542 3242 justitiam,
578 3170 831 3229 timorum
864 3180 918 3228 et
968 3166 1685 3246 luerorum‘continentiam,
1722 3194 1844 3234 nam

247 3264 401 3327 'Ol'lia
456 3276 511 3322 et
558 3277 870 3327 mansuetus
932 3269 1339 3339 perturbatione
1389 3287 1588 3326 vacans
1620 3273 1841 3341 dicitur,

247 3364 536 3425 continens
567 3374 745 3421 autem
780 3365 868 3437 qui
901 3365 1270 3435 perturbatur,
1326 3367 1420 3427 sed
1465 3383 1569 3422 non
1602 3366 1843 3437 ducitur;

249 3455 486 3519 fortasse
514 3457 673 3529 igitur
700 3456 821 3513 talis
848 3457 1084 3528 potentia
1115 3458 1359 3526 sequitur
1384 3466 1690 3529 utrumque,
1721 3470 1778 3515 ιιι
1801 3459 1848 3515 si

248 3554 615 3625 perturbetur,
648 3569 757 3613 non
778 3554 1040 3619 ducatur;
1077 3567 1268 3609 verum
1302 3554 1582 3609 continere
1609 3570 1712 3609 non
1746 3556 1849 3610 hoc

245 3653 351 3711 est,
402 3647 545 3701 hunc
575 3645 794 3716 quidem
830 3645 1048 3713 fortem,
1098 3644 1249 3700 illum
1282 3653 1459 3699 autem
1506 3655 1845 3699 mansuetum

245 3753 399 3806 esse,
452 3739 549 3795 sed
594 3740 816 3794 omnino
864 3737 1168 3806 perturbari
1202 3738 1270 3790 ab
1324 3737 1635 3808 ltnjusmodi
1690 3736 1845 3793 nihil.

248 3830 551 3900 Aliquoties
585 3841 764 3886 autem
813 3842 865 3885 et
896 3830 1037 3900 quod
1071 3832 1337 3902 sequitur,
1380 3831 1570 3897 quovis
1598 3830 1759 3884 modo
1792 3838 1849 3887 ut

247 3935 417 3990 genus
450 3930 655 3991 ponunt
683 3939 694 3976 :
727 3931 782 3977 ut
812 3922 1081 3983 tristitiam
1125 3921 1242 3988 irte,
1275 3929 1329 3975 et
1356 3921 1663 3990 Opinionem
1700 3921 1848 3989 lidri,

248 4023 477 4085 utraque
500 4018 640 4071 cnim
666 4015 916 4086 prtedicta
939 4024 1238 4085 sequuntur
1257 4014 1477 4086 quidem
1496 4014 1850 4086 quodammo-

246 4107 321 4161 do
348 4107 648 4177 assignatas
681 4109 912 4178 species.
949 4107 1205 4162 Neutrum
1240 4116 1416 4161 autem
1462 4122 1645 4161 eorum
1681 4122 1848 4178 genus

247 4206 335 4259 est
350 4217 363 4257 ι
381 4214 504 4255 nam
521 4199 610 4270 qui
627 4201 896 4265 irascitur,
913 4198 1284 4266 contristatur,
1309 4199 1489 4269 priore
1511 4198 1561 4252 in
1583 4212 1648 4253 eo
1673 4198 1849 4254 tristi-

250 4293 322 4355 tia
355 4291 512 4355 facta,
533 4308 637 4349 non
654 4292 798 4348 enim
824 4292 899 4349 ira
923 4291 1181 4359 tristitiae,
1207 4291 1301 4345 sed
1323 4290 1539 4346 tristitia
1571 4291 1667 4345 irze
1689 4306 1849 4347 causa

247 4393 328 4443 sit
353 4398 369 4449 ;
393 4399 561 4453 quare
594 4385 912 4455 simpliciter
936 4385 1012 4440 ira
1045 4399 1151 4439 non
1178 4392 1261 4440 est
1284 4384 1515 4441 tristitia.
1542 4384 1849 4441 Secundum

247 4485 428 4537 autem
465 4475 599 4542 haec,
625 4491 799 4548 neque
826 4476 960 4532 ﬁdes
990 4476 1175 4547 opinio
1200 4491 1214 4532 :
1239 4476 1503 4547 contingit
1528 4477 1671 4549 enim
1703 4492 1847 4531 eain-

247 4565 374 4625 dem
422 4568 730 4635 opinionem
762 4567 925 4623 etiam
976 4582 1084 4627 non
1129 4568 1437 4625 credentem
1475 4569 1705 4637 habere;
1739 4584 1845 4627 non

246 4659 569 4730 contingere
617 4669 798 4717 autem
832 4660 954 4728 hoc,
986 4661 1030 4717 si
1062 4662 1194 4717 fides
1220 4671 1366 4718 esset
1410 4664 1619 4734 species
1642 4664 1849 4734 opinio-

246 4751 357 4816 nis,
387 4766 494 4811 nou
525 4751 671 4809 enim
701 4753 965 4822 contingit
992 4754 1131 4808 idem
1163 4755 1397 4825 amplius
1423 4771 1775 4826 permanere,
1801 4755 1847 4811 si

245 4862 317 4903 ex
369 4846 550 4917 specie
597 4846 820 4903 omnino
852 4856 1210 4916 permutatum
1260 4849 1351 4919 sit,
1394 4849 1844 4918 quemadmodum

246 4953 350 4997 nec
378 4939 520 4999 idem
549 4940 748 4996 animal
772 4941 1092 5012 quandoque
1114 4941 1387 4998 hominem
1411 4957 1553 5011 esse,
1586 4951 1640 4998 et
1666 4959 1843 5013 quau-

247 5034 430 5104 doque
462 5048 590 5089 non.
630 5032 687 5089 Si
731 5034 850 5105 quis
894 5042 1073 5090 autem
1103 5033 1248 5090 dicat
1278 5049 1343 5089 ex
1380 5035 1702 5091 necessitate
1729 5035 1847 5107 opi-

242 5134 470 5181 nantem
503 5125 665 5181 etiam
698 5124 856 5181 iidem
892 5125 1114 5193 habere,
1149 5126 1216 5182 de
1259 5127 1551 5197 aequalibus
1581 5127 1764 5196 opinio
1791 5136 1846 5183 et

240 5218 379 5277 fides
408 5217 639 5285 dicetur,
661 5233 828 5290 quare
850 5233 1022 5289 neque
1049 5219 1128 5273 sic
1154 5218 1258 5273 erit
1286 5233 1475 5288 genus,
1504 5217 1573 5273 de
1600 5217 1846 5288 pluribus

238 5309 391 5363 (‘ttlm
443 5315 657 5378 oportet
685 5307 790 5363 dici
831 5323 1018 5379 genus.
1062 5307 1363 5365 Videndum
1397 5318 1575 5366 autem
1624 5318 1677 5366 et
1708 5310 1751 5364 si
1788 5312 1842 5367 in

239 5398 424 5466 aliquo
452 5412 640 5455 eorum
674 5407 795 5454 nata
826 5400 933 5457 sint
984 5410 1208 5470 utraque
1264 5400 1400 5457 fieri.
1434 5400 1489 5456 ln
1542 5417 1648 5472 quo
1696 5403 1840 5459 enim

240 5488 454 5557 species
488 5494 544 5543 et
589 5503 778 5559 genus,
836 5488 977 5546 utin
1007 5504 1113 5561 quo
1160 5488 1339 5544 album
1388 5498 1442 5547 et
1483 5492 1654 5560 color,
1699 5494 1841 5549 etin

241 5595 352 5651 quo
373 5581 723 5650 grammatica
754 5590 807 5636 et
834 5581 1139 5652 disciplina.
1173 5580 1228 5636 Si
1264 5581 1422 5652 igitur
1458 5583 1838 5640 verecundiam

230 5671 497 5747 (timorem
540 5672 699 5740 disit,
742 5683 833 5730 aut
877 5675 1007 5730 iram
1041 5675 1337 5744 tristitiam,
1386 5691 1491 5731 non
1546 5677 1739 5732 accidit
1786 5678 1840 5735 in

243 5760 440 5817 eodem
474 5764 709 5833 speciem
747 5774 801 5821 et
846 5778 1013 5836 genus
1036 5779 1179 5833 esse,
1214 5784 1334 5821 nam
1369 5770 1689 5824 verecundia
1722 5771 1841 5841 qui-

242 5848 372 5917 dem
417 5853 474 5909 in
502 5854 776 5925 rationali,
807 5854 972 5915 timor
1019 5856 1075 5913 in
1122 5855 1399 5930 irascibili,
1456 5869 1510 5915 at
1540 5858 1756 5918 tristitia
1785 5860 1837 5918 in

1874 3227 1925 3294 ο

1874 4614 1932 4681 D

1952 1937 2249 1992 secundum
2279 1951 2476 2006 corpus
2525 1937 2668 1992 enim
2698 1936 2957 1991 sensibile
3008 1945 3064 1990 et
3088 1935 3319 1998 visibile,
3357 1937 3567 2005 secun~j

1952 2030 2081 2086 dum
2112 2030 2345 2084 animam
2368 2039 2547 2083 autem
2576 2044 2683 2082 non
2710 2045 2722 2081 ε
2755 2043 2919 2097 quare
2949 2043 3053 2082 non
3077 2027 3181 2082 erit
3203 2042 3395 2097 genus,
3426 2032 3569 2121 cor-g

1952 2138 2055 2194 pus
2112 2121 2349 2188 visibiie,
2403 2130 2457 2177 et
2499 2121 2777 2187 sensibile,
2827 2121 3092 2176 animalis.
3129 2121 3321 2176 Latent
3368 2129 3551 2179 autem

1951 2188 2275 2283 quandoque
2303 2219 2359 2266 et
2387 2217 2556 2265 totum
2579 2211 2631 2265 in
2662 2221 2866 2278 partem
2913 2219 3207 2282 ponentes,
3240 2219 3299 2265 ut
3323 2188 3569 2278 animal,t

1952 2316 2152 2371 corpus
2200 2301 2531 2367 animatum;
2590 2300 2739 2356 nullo
2776 2300 2919 2356 enim
2967 2300 3126 2356 modo
3168 2314 3291 2372 pars
3321 2302 3389 2357 de
3433 2309 3549 2357 toto

1953 2393 2307 2462 praedicatur;
2331 2406 2495 2461 quare
2515 2406 2621 2447 non
2642 2394 2747 2448 erit
2765 2406 2937 2463 genus
2963 2407 3160 2464 corpus
3189 2392 3457 2459 animalis,
3480 2384 3572 2463 eo,

1951 2484 2093 2557 quod
2126 2500 2250 2556 pars
2277 2494 2379 2541 est.

2024 2624 2325 2682 Videndum
2359 2632 2536 2679 autem
2569 2623 2614 2679 si
2646 2623 2773 2694 quid
2815 2623 3294 2693 vituperandorum
3323 2631 3417 2680 cut
3466 2622 3551 2689 fug

1949 2719 2266 2789 giendorum
2313 2719 2367 2772 in
2410 2724 2675 2785 potestate
2713 2726 2801 2771 aut
2847 2725 3068 2788 potente
3116 2717 3314 2787 posuit,
3346 2725 3407 2771 ut
3454 2730 3549 2773 so-

1954 2816 2099 2885 pitist
2136 2829 2209 2882 ιιι,
2242 2813 2324 2867 vel
2349 2812 2817 2879 caiumniatorcm,
2855 2811 2938 2867 vel
2968 2808 3140 2865 furem
3169 2825 3291 2865 eum
3316 2811 3407 2881 qui
3433 2824 3551 2879 pose

1952 2908 2021 2963 sit
2064 2906 2239 2961 aliena
2293 2905 2523 2960 latenter
2571 2904 2891 2975 surripere:
2933 2918 3093 2959 nemo
3144 2903 3287 2959 enim
3346 2902 3545 2973 praedi-

1951 3009 2160 3055 ctorum
2194 2999 2245 3053 in
2277 3013 2342 3053 eo
2372 2998 2514 3069 quod
2550 2997 2740 3064 possit.
2774 2996 2977 3068 aliquid
3028 2996 3217 3052 horum
3252 2995 3373 3051 talis
3408 2995 3547 3051 dici-

1954 3096 2057 3144 tur.
2100 3090 2286 3145 Potest
2308 3088 2451 3142 enim
2484 3097 2538 3143 et
2566 3088 2730 3153 Deus,
2762 3096 2817 3143 et
2844 3070 3139 3153 studiosus,
3171 3102 3332 3158 prava
3353 3102 3544 3158 agere;

1955 3199 2058 3237 nou
2080 3191 2204 3238 sunt
2231 3190 2409 3237 autem
2442 3182 2771 3252 huiusmodi,
2806 3196 2930 3235 nam
2957 3193 3149 3236 omnes
3173 3181 3319 3250 pravi
3348 3193 3547 3235 secutt-v

1954 3274 2079 3328 dum
2103 3274 2422 3329 electionem
2450 3271 2721 3326 dicuntur.
2743 3269 3013 3340 Amplius,
3040 3283 3228 3325 omnes
3250 3279 3546 3340 potestates

1954 3387 2139 3425 eorum
2192 3377 2317 3424 sunt
2344 3384 2467 3441 qua:
2494 3378 2617 3423 sunt
2647 3367 2913 3438 eligenda,
2965 3382 3089 3423 nam
3126 3382 3415 3439 pravorum
3447 3381 3547 3438 po-

1953 3469 2176 3517 testates
2206 3460 2500 3525 eligendae,
2529 3475 2594 3514 co
2624 3458 2765 3529 quod
2800 3458 2966 3515 Deum
2997 3469 3051 3513 et
3100 3460 3402 3515 studiosum
3453 3459 3546 3514 ha-

1954 3549 2084 3605 bere
2125 3549 2355 3603 dicimus
2397 3561 2513 3602 eas.
2553 3546 2806 3603 Potentes
2835 3546 2980 3603 enim
3028 3547 3259 3603 dicimus
3298 3562 3394 3603 eos
3424 3562 3550 3606 esse

1953 3655 2114 3710 prava
2146 3654 2336 3710 agere,
2365 3654 2532 3709 quare
2579 3640 2776 3694 nullius
2822 3639 3195 3709 vituperabilis
3221 3643 3326 3696 erit
3365 3656 3541 3710 genus

1957 3742 2217 3802 potestas.
2277 3730 2334 3787 Si
2390 3739 2569 3785 autem
2627 3746 2765 3798 non,
2819 3731 3023 3787 accidet
3071 3732 3550 3801 vituperandorum

1953 3826 2210 3900 quiddam
2241 3825 2548 3897 eligendum
2574 3840 2715 3889 esse,
2750 3841 2871 3881 nam
2898 3824 3003 3881 erit
3032 3825 3277 3896 quaedam
3312 3837 3552 3894 potestas

1954 3921 2351 3993 vituperabilis.
2381 3921 2447 3976 Et
2484 3922 2529 3977 si
2554 3920 2678 3991 quid
2709 3934 2928 3991 propter
2957 3937 3017 3978 se
3041 3924 3435 3980 ltonorabilium
3462 3924 3552 3983 vel

1954 4017 2288 4087 eligibilium,
2328 4016 2380 4071 in
2413 4023 2698 4084 poteState.
2732 4016 2820 4072 vel
2876 4025 3115 4087 potente,
3166 4018 3250 4073 vel
3300 4018 3551 4075 effectivo

1954 4110 2152 4180 posuit.
2183 4108 2313 4164 Nam
2346 4109 2521 4163 omnis
2553 4118 2808 4178 potestas,
2838 4118 2889 4163 ει
2924 4123 3083 4163 omne
3116 4120 3304 4179 potens
3345 4119 3437 4165 aut
3461 4110 3545 4166 ef-

1955 4200 2228 4265 fectivum,
2258 4209 2478 4268 propter
2497 4198 2638 4253 aliud
2668 4199 3001 4268 eligendum;
3027 4209 3114 4254 aut
3139 4200 3182 4254 si
3205 4199 3334 4270 quid
3363 4215 3551 4262 eorum

1954 4307 2074 4362 quae
2097 4300 2221 4344 sunt
2248 4291 2300 4345 in
2332 4290 2540 4346 duobus
2566 4291 2855 4360 generibus
2885 4292 2967 4345 vel
2995 4291 3259 4360 pluribus,
3293 4294 3343 4347 in
3375 4294 3550 4350 altero

1956 4384 2150 4453 posuit.
2180 4381 2435 4449 Qumdam
2464 4380 2609 4435 enim
2635 4396 2741 4434 non
2769 4389 2854 4436 est
2875 4381 2927 4435 in
2958 4396 3064 4437 uno
3091 4396 3290 4453 genere
3328 4399 3550 4453 ponere,

1952 4483 2013 4528 ut
2054 4473 2449 4529 fraudulentum
2504 4479 2597 4526 aut
2649 4472 3132 4539 calumniatorem,
3183 4488 3358 4544 neque
3393 4476 3545 4531 enim

1953 4565 2236 4638 quieligit,
2269 4566 2535 4635 impotens
2564 4575 2765 4632 autem,
2800 4580 2975 4636 neque
3002 4566 3095 4637 qui
3123 4576 3325 4637 potest,
3356 4579 3411 4622 at
3438 4583 3550 4625 non

1954 4659 2181 4730 eligens,
2212 4658 2571 4714 calumniator
2598 4666 2691 4712 aut
2722 4658 3126 4727 fraudulentus,
3163 4659 3258 4716 sed
3289 4661 3380 4732 qui
3408 4673 3551 4718 utra~

1954 4766 2059 4824 que
2083 4753 2197 4806 haec
2227 4751 2423 4812 habet;
2454 4766 2622 4822 quare
2667 4767 2772 4808 non
2802 4736 3047 4823 ponenda
3080 4763 3209 4809 sunt
3239 4756 3290 4809 in
3322 4771 3430 4810 uno
3459 4771 3551 4826 ge.

1954 4860 2106 4912 uere,
2130 4845 2224 4901 sed
2253 4846 2305 4901 in
2331 4855 2563 4914 utroque
2579 4860 2771 4902 eorum
2800 4862 2921 4918 qua
2942 4847 3082 4903 dicta
3102 4857 3245 4904 sunt.
3280 4849 3551 4918 Amplius,

1951 4940 2235 5010 aliquoties
2268 4955 2300 4995 e
2330 4954 2626 5004 converso,
2655 4954 2826 5011 genus
2848 4940 3063 5011 quidem
3083 4951 3141 4997 ut
3167 4940 3551 5009 din‘erentiam,

1950 5031 2307 5089 differentiam
2334 5040 2515 5087 autem
2548 5040 2607 5087 ut
2646 5048 2813 5103 genus
2854 5034 3150 5103 assignant,
3182 5043 3241 5088 ut
3270 5041 3548 5102 stuporem

1951 5125 2503 5195 superabundantiam
2529 5123 2937 5190 admirationis,
2971 5132 3029 5181 et
3068 5125 3228 5179 Iidem
3260 5125 3552 5182 vehemctta

1949 5217 2076 5271 tiam
2113 5215 2383 5287 Opinionis
2409 5234 2422 5270 :
2452 5231 2574 5271 nam
2616 5232 2791 5287 neque
2826 5215 3338 5287 superabundantia,
3375 5232 3553 5284 neque

1947 5307 2303 5373 vehementia,
2321 5307 2617 5375 genus,sed
2632 5308 2933 5365 dilferentia
2949 5323 2963 5339 ·
2982 5308 3193 5364 videtur
3208 5309 3352 5364 enim
3365 5320 3553 5381 stupor

1945 5398 2226 5455 admiratio
2263 5414 2384 5457 esse
2417 5403 2889 5473 superabundans,
2928 5410 2983 5458 et
3016 5397 3148 5459 ﬁdes
3176 5404 3361 5474 Opinio
3387 5406 3552 5463 vehe-

1947 5506 2129 5559 mens;
2149 5507 2314 5562 quare
2334 5508 2503 5565 genus
2518 5493 2804 5550 admiratio
2824 5502 2880 5549 et
2902 5495 3081 5565 opinio
3093 5504 3195 5561 est,
3215 5500 3551 5555 superabun-

1946 5584 2316 5642 dantiaautem
2351 5596 2405 5644 et
2433 5588 2772 5645 vehementia
2810 5588 3133 5645 differentia.
3180 5594 3445 5662 Amplius,
3496 5592 3551 5653 si

1946 5678 2065 5746 quis
2109 5680 2654 5749 superabundantiam
2703 5690 2759 5736 et
2805 5682 3198 5739 vehementiam
3246 5695 3302 5740 ut
3346 5699 3561 5756 genera-

1946 5772 2203 5841 assignet,
2249 5772 2542 5827 lnauimata
2593 5774 2748 5828 iidem
2797 5773 2991 5830 facient
3021 5787 3074 5831 et
3129 5779 3537 5847 stnpefacieut:

1947 5877 2071 5918 nam
2128 5863 2386 5935 cujusque
2441 5864 2780 5923 vehementia
2830 5874 2887 5924 et
2933 5871 3423 5943 superabundantia
3470 5872 3550 5951 ιιιι
