4064 6336
525 314 620 371 951

1731 311 1841 366 ΑΝ.
1887 311 2096 368 ΜΑΜ..
2137 312 2290 370 ξεν.
2334 312 2556 394 BOET"

3705 321 3804 377 952

523 435 673 491 adest
699 432 945 503 cujusest
967 426 1452 501 superabundantia
1468 427 1966 484 etvehementia.Si
1984 444 2114 500 ergo
2142 430 2197 492 Α
2221 442 2317 484 ens
2357 436 2411 483 et
2455 443 2616 483 unum
2668 427 2736 485 de
2774 431 3023 488 omnibus
3065 431 3378 502 simpliciter
3417 434 3800 505 prmdicantur,

522 538 712 597 stupor
741 523 1228 595 superabundantia
1277 531 1360 576 est
1401 521 1791 588 admirationis,
1822 523 1994 577 aderit
2022 523 2114 577 ad-

523 619 820 685 mirationi,
851 632 1014 686 quare
1040 614 1327 669 admiratio
1355 615 1673 684 stupefaciet
1700 632 1715 680 ;
1741 614 1991 670 similiter
2022 631 2117 669 au-

524 722 630 768 tem
665 721 717 764 et
747 711 879 764 lides
908 709 1081 764 aderit
1112 707 1348 777 opinioni
1375 751 1388 773 ,
1444 707 1488 760 si
1532 707 1870 762 vehementia
1901 707 2115 777 quidem

522 804 792 874 Opinionis
814 810 915 866 est,
941 817 1104 873 quare
1131 801 1313 872 Opinio
1342 800 1499 854 tidem
1530 801 1706 855 faciet.
1738 800 2004 869 Amplius,
2028 815 2117 856 ac-
2149 819 2152 822 ί

521 896 666 952 cidet
713 895 790 948 sic
829 893 1121 963 assignanti
1167 892 1562 947 vehementiam
1614 891 1985 946 vehementem
2035 891 2118 945 di-

523 1003 678 1053 cere,
730 999 783 1039 et
834 985 1379 1055 superabundantiam
1430 983 1952 1055 superabundantem
1989 1003 2001 1038 :
2034 995 2118 1039 est

524 1084 669 1138 enim
701 1082 945 1151 qnzedam
999 1079 1131 1134 lides
1156 1079 1480 1142 vehemens;
1523 1078 1568 1132 si
1601 1092 1729 1148 ergo
1779 1077 1913 1132 ﬁdes
1954 1077 2118 1132 vehe-

522 1175 725 1230 mentia
756 1182 857 1237 est,
885 1172 1220 1226 vehementia
1251 1171 1352 1226 erit
1394 1170 1703 1224 vehemens.
1737 1169 1997 1226 Similiter
2023 1186 2119 1224 au-

522 1274 630 1321 tem
662 1274 716 1318 et
739 1273 924 1334 stupor
951 1265 1166 1334 quidem
1196 1273 1252 1319 et
1272 1264 1714 1333 superabundans
1738 1281 1751 1328 ;
1779 1263 1822 1317 si
1852 1279 1978 1334 ergo
2005 1274 2115 1318 stu-

521 1371 623 1428 por
653 1366 736 1410 est
779 1355 1294 1425 superalmndantia,
1326 1354 1813 1423 superabundantia
1864 1355 1972 1409 erit
2017 1368 2118 1409 su-

520 1447 920 1518 perabundans.
951 1446 1172 1500 Videtur
1199 1453 1377 1498 autem
1413 1453 1661 1500 neutrum
1696 1445 1908 1511 horum,
1932 1460 2120 1516 quem-

519 1541 813 1603 admodum
857 1554 956 1593 nec
1000 1538 1281 1606 disciplina
1324 1537 1744 1606 discipliuatum,
1792 1553 1890 1593 nec
1938 1548 2117 1594 motus

521 1647 751 1691 motum.
805 1632 1135 1702 QUondoque
1186 1642 1362 1686 autem
1414 1642 1654 1701 peccant,
1715 1644 1769 1688 et
1811 1634 2114 1703 passionem

519 1726 577 1781 in
609 1740 806 1796 genere
828 1725 943 1791 ejus
965 1724 1104 1793 quod
1138 1738 1352 1792 passum
1379 1733 1462 1778 est
1491 1736 1770 1794 ponentes,
1808 1736 1863 1780 ut
1890 1726 2111 1780 immor-

2221 531 2433 591 oportet
2474 533 2650 578 autem
2681 522 2748 579 de
2777 525 3120 594 paucioribus
3148 527 3386 596 speciem
3419 528 3714 598 prmdicari.
3746 531 3802 585 Si

2220 625 2397 670 autem
2438 617 2577 685 quod
2604 618 2782 673 omnia
2813 621 3076 690 sequitur,
3103 621 3457 678 dilferentiam
3496 623 3651 690 dixit,
3688 640 3804 695 per-

2221 711 2465 779 spicuum
2489 713 2742 780 quoniam
2768 713 2835 768 de
2861 715 3155 784 aequalibus
3178 716 3263 772 vel
3285 717 3352 774 de
3383 718 3622 788 pluribus
3652 721 3802 775 diﬂe-

2218 802 2392 856 rentia
2421 819 2579 872 quam
2616 820 2786 873 genus
2811 807 3042 862 dicetur.
3074 807 3207 864 Nam
3239 811 3282 865 si
3327 819 3383 865 et
3426 826 3599 880 genus
3629 813 3805 868 omnia

2218 896 2465 965 sequitur
2505 899 2572 952 de
2614 900 2933 970 aequalibus.
2967 901 3048 956 sin
3091 918 3221 958 vero
3249 919 3354 958 non
3387 906 3567 960 omnia
3616 921 3807 975 sequa-

2221 996 2307 1043 tur
2329 1004 2522 1059 genus,
2547 989 2614 1046 de
2638 992 2872 1060 pluribus
2895 994 3194 1050 differentia
3217 995 3428 1053 dicetur
3449 1013 3607 1068 quam
3631 999 3799 1067 ip~mn

2217 1097 2408 1153 genus.
2438 1085 2705 1154 Amplius,
2733 1087 2778 1141 si
2807 1088 2860 1141 in
2889 1087 3128 1156 subjecta
3153 1091 3332 1159 Specie
3362 1101 3466 1157 est,
3502 1095 3644 1161 quod
3676 1095 3806 1147 assi-

2216 1187 2436 1247 gnatum
2471 1193 2639 1250 genus
2670 1180 2887 1249 dicitur,
2916 1193 2972 1236 ut
3001 1183 3180 1238 album
3228 1185 3279 1238 in
3312 1185 3455 1249 nive,
3483 1203 3649 1254 quare
3698 1203 3805 1241 ma—

2219 1269 2466 1323 nifestum
2499 1271 2752 1340 quoniam
2795 1288 2898 1327 non
2928 1276 3034 1328 erit
3078 1290 3270 1344 genus,
3299 1275 3367 1331 de
3396 1277 3634 1346 subjecta
3664 1281 3803 1333 enim

2217 1361 2398 1430 specie
2443 1362 2616 1416 solum
2648 1379 2817 1431 genus
2846 1363 3060 1420 dicitur.
3107 1367 3573 1423 Considerandum
3626 1380 3802 1424 autem

2217 1451 2376 1507 etiam
2405 1462 2491 1508 est
2538 1454 2584 1508 si
2615 1469 2718 1508 non
2771 1456 3058 1512 univocum
3090 1458 3161 1512 sit
3200 1474 3370 1529 genus
3397 1461 3617 1532 speciei.
3674 1461 3801 1516 Nam

2218 1545 2287 1601 de
2335 1547 2585 1603 omnibus
2635 1550 2920 1617 speciebus
2969 1553 3194 1608 univoce
3244 1569 3413 1622 genus
3462 1555 3801 1625 praedicatur.

2217 1640 2481 1710 Amplius,
2515 1641 2728 1712 quando
2763 1645 3026 1699 existente
3053 1656 3109 1701 et
3141 1647 3336 1714 speciei
3380 1657 3434 1702 et
3472 1647 3650 1715 generi
3678 1663 3806 1701 con-

2218 1736 2404 1802 trario,
2435 1736 2478 1790 si
2509 1735 2650 1806 quod
2675 1737 2862 1792 melius
2889 1740 3282 1794 contrariorum
3312 1750 3415 1806 est,
3450 1740 3500 1794 in
3526 1741 3693 1810 pejori
3715 1754 3805 1812 ge-

522 1819 787 1872 talitatem
821 1820 982 1870 vitam
1030 1815 1411 1884 sempiternam
1461 1816 1705 1871 dicentes
1747 1831 1887 1884 esse,
1937 1819 2112 1887 passio
2146 1819 2192 1878 B
2218 1846 2346 1885 nere
2377 1830 2546 1899 ροηίι,

519 1912 665 1968 enim
709 1913 829 1964 vitae
876 1921 929 1964 et
984 1907 1234 1963 accidens
1282 1908 1656 1963 immortalitas
1707 1909 1915 1963 videtur
1957 1926 2111 1976 esse;

518 1997 664 2076 quod
722 2011 898 2057 autem
948 2016 1133 2056 verum
1183 2002 1254 2055 sit
1306 2001 1450 2072 quod
1499 2001 1724 2067 dicitur,
1775 2002 2110 2058 manifestum

518 2096 634 2166 ﬁet,
669 2097 713 2152 si
743 2097 860 2166 quis
893 2094 1140 2148 admittat
1160 2095 1398 2163 aliquem
1427 2110 1491 2149 ex
1517 2095 1726 2150 mortali
1761 2097 1873 2150 lieri
1898 2096 2116 2152 immor-

516 2189 701 2243 talem.
737 2186 924 2241 Nullus
971 2187 1112 2240 enim
1143 2185 1272 2240 dicit
1307 2187 1467 2240 aliam
1497 2189 1661 2241 vitam
1709 2203 1828 2242 eum
1873 2203 2110 2256 sumere,

514 2281 612 2337 sed
652 2279 900 2335 accidens
924 2279 1165 2349 aliquod,
1189 2280 1274 2334 vel
1311 2280 1613 2348 passionem
1655 2282 1780 2336 huic
1807 2281 1980 2336 eidem
2013 2284 2114 2338 ad-

516 2369 735 2436 venire;
765 2386 930 2441 quare
953 2387 1057 2425 non
1082 2386 1254 2440 genus
1282 2372 1392 2424 vita
1414 2372 1850 2427 immortalitatis.
1881 2373 2111 2430 Rursum

515 2467 564 2522 si
589 2466 893 2534 passionem
924 2465 1078 2535 cujus
1127 2474 1209 2519 est
1256 2465 1455 2535 passio,
1504 2465 1645 2520 illius
1672 2483 1842 2536 genus
1871 2468 2020 2536 dicit,
2058 2479 2114 2525 ut

515 2557 761 2631 spiritum
810 2570 990 2610 aerem
1041 2565 1266 2621 motum,
1315 2555 1484 2624 magis
1537 2557 1680 2610 enim
1727 2567 1904 2611 motus
1947 2560 2110 2624 aeris,

517 2653 764 2722 Spiritus,
807 2666 928 2704 nam
960 2665 1054 2706 aer
1083 2649 1222 2705 idem
1254 2661 1552 2720 permanet,
1588 2660 1641 2706 et
1669 2650 1885 2720 quando
1926 2667 2111 2708 move-

514 2752 623 2813 tur,
654 2755 706 2799 et
735 2743 948 2814 quando
978 2753 1117 2809 stat;
1143 2758 1310 2814 quare
1341 2758 1446 2798 non
1476 2752 1559 2798 est
1589 2744 1808 2798 omnino
1831 2760 1924 2800 aer
1952 2746 2110 2816 Spiri-

513 2844 606 2892 tus
636 2854 648 2889 :
677 2845 760 2890 est
789 2835 989 2892 etenim
1023 2851 1076 2891 et
1106 2851 1212 2890 non
1247 2845 1395 2889 moto
1423 2850 1548 2891 aere
1569 2837 1814 2904 spiritus,
1844 2838 2108 2907 siquidem

511 2928 656 2985 Idem
689 2944 781 2984 aer
810 2937 1110 2998 permanet,
1133 2929 1219 2998 qui
1242 2928 1459 2997 quidem
1489 2938 1605 2983 erat
1634 2929 1875 2997 spiritus.
1908 2929 2112 2986 Simili-

513 3028 598 3077 ter
627 3028 806 3075 autem
833 3028 887 3073 et
916 3019 969 3072 in
1018 3019 1137 3073 aliis
1181 3019 1504 3087 huiusmodi.
1531 3019 1588 3073 Si
1621 3020 1780 3086 igitur
1819 3031 1873 3076 et
1921 3023 1972 3075 in
2008 3023 2112 3078 hoc

512 3121 730 3182 Oportet
757 3110 1043 3166 admittere
1080 3111 1222 3182 quod
1270 3125 1362 3165 aer
1404 3123 1582 3167 motus
1621 3122 1703 3167 est
1731 3114 1971 3185 Spiritus,
2003 3131 2110 3171 non

2290 1922 2421 1976 Nam
2461 1923 2664 1978 accidet
2717 1923 2975 1996 reliquum
3018 1925 3072 1979 iu
3119 1925 3323 1994 reliquo
3372 1938 3513 1988 esse.
3546 1941 3612 1980 eo
3658 1928 3801 1996 quod

2217 2016 2482 2071 contraria
2506 2017 2558 2070 in
2581 2017 2863 2072 contrariis
2881 2017 3189 2087 generibus,
3213 2033 3376 2087 quare
3396 2017 3536 2088 quod
3568 2017 3804 2073 deterius

2217 2113 2329 2169 est,
2361 2105 2414 2161 in
2464 2109 2672 2163 meliori
2723 2109 2862 2174 erit;
2894 2118 2950 2163 at
2978 2109 3188 2163 videtur
3234 2109 3492 2172 melioris,
3535 2118 3592 2166 et
3637 2123 3805 2180 genus

2216 2199 2409 2254 melius
2451 2215 2596 2256 esSe.
2639 2201 2704 2256 Et
2749 2202 2794 2255 si
2843 2202 3036 2257 eodem
3085 2201 3336 2256 similiter
3367 2201 3431 2255 ad
3475 2210 3700 2271 utraque
3743 2217 3803 2258 se

2218 2288 2471 2356 habente,
2506 2290 2556 2344 in
2590 2291 2797 2361 pejore,
2829 2300 2886 2346 et
2914 2307 3019 2346 non
3050 2293 3100 2345 in
3135 2291 3359 2347 meliore
3388 2307 3588 2361 genere
3622 2293 3798 2362 ponit,

2217 2392 2275 2439 ut
2317 2383 2549 2438 animam
2585 2386 2754 2453 ipsum
2800 2385 2942 2456 quod
2990 2394 3074 2440 est
3103 2385 3478 2453 agitationem,
3521 2395 3612 2439 aut
3640 2388 3804 2456 agita-

2218 2485 2326 2530 tum
2355 2494 2366 2527 :
2402 2491 2522 2529 nam
2556 2476 2666 2542 pari
2699 2476 2859 2531 tnodo
2883 2475 3070 2531 eadem
3101 2476 3289 2530 stativa
3317 2486 3372 2531 et
3400 2475 3652 2544 agitativa
3684 2491 3803 2530 esse

2215 2567 2456 2634 videtur;
2489 2583 2652 2638 quare
2683 2570 2726 2623 si
2775 2569 2968 2624 melius
2998 2570 3180 2634 statio,
3214 2569 3265 2624 in
3311 2569 3413 2625 hoc
3455 2578 3670 2638 oportet
3711 2583 3804 2638 ge—

2216 2674 2344 2714 nere
2398 2674 2618 2728 poneze.
2674 2660 2938 2730 Amplius,
2990 2676 3056 2716 ex
3111 2661 3277 2730 magis
3334 2671 3386 2716 et
3446 2663 3647 2718 minus.
3698 2661 3802 2716 De-

2215 2751 2444 2807 struenti
2475 2751 2690 2820 quidem
2719 2753 2763 2807 si
2804 2767 2973 2823 genus
3004 2752 3228 2821 suscipit
3257 2754 3444 2821 magis,
3476 2753 3687 2820 species
3712 2767 3802 2804 au-

2217 2850 2324 2898 tem
2359 2858 2464 2896 non
2495 2842 2749 2911 suscipit,
2782 2857 2955 2910 neque
3001 2843 3136 2911 ipsa,
3179 2857 3350 2911 neque
3391 2841 3534 2912 quod
3579 2841 3648 2896 ab
3695 2842 3804 2910 ipsa

2215 2932 2432 2996 dicitur,
2467 2942 2523 2986 ut
2564 2932 2609 2987 si
2642 2933 2809 2986 virtus
2843 2932 3068 3000 suscipit
3101 2932 3288 3002 magis,
3318 2941 3371 2985 et
3396 2931 3603 3000 jostitia
3642 2943 3694 2985 et
3718 2931 3804 3001 ju-

2214 3032 2350 3088 stus,
2376 3023 2571 3077 dicitur
2602 3024 2743 3078 enim
2769 3022 2944 3092 justus
2972 3023 3140 3092 magis
3169 3023 3303 3076 alter
3336 3022 3525 3074 altero.
3555 3021 3610 3077 Si
3637 3022 3802 3092 igitur

2215 3117 2545 3186 assignatum
2592 3115 2808 3184 quidem
2857 3130 3026 3184 genus
3073 3116 3240 3184 magis
3286 3114 3546 3182 suscipit,
3593 3116 3799 3180 Species

514 3212 696 3260 tamen
727 3205 795 3260 de
826 3205 1075 3260 omnibus
1119 3205 1422 3274 hujusmodi
1464 3215 1550 3260 est
1592 3207 2004 3275 assignandum,
2043 3211 2110 3267 de
2137 3207 2184 3272 C
2216 3219 2394 3262 autem
2428 3225 2536 3263 non
2566 3207 2822 3277 suscipit,
2853 3222 3025 3276 neque
3054 3206 3189 3275 ipsa,
3222 3221 3392 3274 neque
3421 3205 3565 3276 quod
3596 3206 3666 3260 ab
3695 3207 3804 3274 ipsa

512 3299 710 3371 quibus
737 3313 842 3353 non
889 3299 1196 3354 verilicatur
1224 3314 1416 3367 genus,
1463 3301 1555 3354 sed
1590 3300 1656 3354 de
1704 3301 2109 3374 quibuscunque

512 3402 646 3446 vere
676 3390 1000 3461 praedicatur
1038 3392 1369 3460 assignatum
1404 3407 1592 3462 genus,
1630 3408 1751 3447 nam
1802 3395 1853 3448 in
1884 3397 2107 3465 quibuso

512 3481 638 3538 dam
669 3499 775 3537 non
808 3483 1017 3537 videtur
1041 3482 1329 3553 verilicari,
1380 3494 1436 3538 ut
1485 3485 1537 3538 in
1570 3484 1680 3538 luto
1728 3497 1779 3540 et
1810 3487 1950 3554 nive,
1985 3504 2106 3544 nam

509 3575 689 3632 nivem
721 3574 905 3629 dicunt
933 3587 1053 3630 esse
1088 3589 1280 3646 aquam
1323 3576 1680 3643 coagulatam,
1714 3577 1882 3631 lutum
1929 3589 2105 3634 autem

509 3673 710 3723 terram
759 3666 976 3722 humido
1015 3676 1364 3736 temperatam
1397 3685 1410 3722 :
1439 3679 1520 3723 est
1570 3678 1748 3723 autem
1800 3687 1972 3741 neque
2016 3673 2106 3729 nix

507 3773 668 3829 aqua,
699 3774 874 3828 neque
918 3760 1086 3815 lutum
1120 3770 1286 3827 terra,
1319 3777 1486 3832 quare
1513 3772 1762 3818 neutrqu
1809 3780 1895 3819 aSs
1917 3780 2108 3836 gnato-

507 3860 628 3904 rum
651 3865 904 3918 generum
933 3853 1036 3904 erit
1067 3867 1257 3920 genus.
1289 3855 1515 3923 Oportet
1541 3855 1684 3908 enim
1725 3871 1895 3925 genus
1925 3859 2108 3912 veriti-

508 3941 621 3995 cari
660 3955 872 4010 semper
899 3941 968 3997 de
1011 3943 1259 3997 omnibus
1298 3945 1599 4012 speciebus.
1633 3945 1891 4000 Similiter
1922 3958 2104 4002 autem

507 4053 685 4108 neque
711 4040 894 4094 vinum
924 4047 1008 4095 est
1027 4056 1163 4110 aqua
1203 4042 1497 4111 putrefacta
1541 4044 1702 4113 (sicut
1751 4045 2103 4112 Empedocles

509 4131 665 4187 dicit:
691 4133 743 4186 In
775 4133 917 4203 ligno
948 4134 1150 4204 putruit
1178 4134 1372 4203 unda),
1406 4150 1527 4188 nam
1551 4135 1866 4206 simpliciter
1892 4153 1996 4192 non
2020 4146 2103 4192 est

509 4239 667 4295 aqua.

1130 4315 1360 4372 CAPUT
1398 4316 1483 4369 Ἦ.

1029 4411 1106 4465 De
1134 4427 1314 4482 genere
1345 4411 1443 4466 loci
1469 4412 1580 4464 alii.

580 4509 848 4581 Amplius,
877 4509 922 4564 si
961 4509 1180 4564 omnino
1211 4507 1354 4577 quod
1391 4509 1719 4578 assignatum
1767 4517 1871 4572 est,
1901 4509 2097 4565 nullius

2214 3301 2431 3368 dicitur,
2461 3316 2566 3354 non
2604 3300 2706 3354 erit
2734 3299 2946 3366 quidem
2986 3299 3310 3368 assignatum
3344 3312 3535 3368 genus.
3569 3298 3803 3354 Rursum

2212 3392 2356 3462 quod
2401 3393 2569 3462 magis
2610 3391 2843 3455 videtur,
2890 3391 2976 3446 vel
3022 3390 3286 3454 similiter,
3336 3404 3441 3443 non
3484 3398 3568 3444 est
3615 3406 3806 3461 genus,

2211 3483 2557 3539 manifestum
2586 3485 2838 3554 quoniam
2869 3499 2969 3539 nec
3005 3483 3146 3554 quod
3179 3484 3504 3552 assignatum
3548 3492 3654 3538 est.
3688 3483 3807 3539 Uti-

2212 3578 2278 3631 lis
2341 3587 2521 3631 autem
2565 3578 2648 3631 hic
2697 3576 2844 3631 locus
2892 3577 2945 3630 in
2995 3576 3187 3630 talibus
3227 3575 3466 3629 maxime
3509 3574 3564 3628 in
3613 3573 3806 3644 quibus

2211 3669 2363 3741 plura
2397 3669 2643 3724 videntur
2683 3669 2749 3723 de
2779 3669 2957 3738 specie
2997 3668 3050 3722 in
3095 3683 3159 3721 eo
3199 3667 3339 3738 quod
3380 3668 3506 3737 quid
3540 3677 3627 3722 est
3676 3681 3809 3733 pne-

2209 3761 2422 3825 diCnla,
2466 3775 2586 3814 cum
2643 3774 2748 3814 non
2808 3759 3217 3815 determinatum
3265 3768 3347 3812 est
3391 3773 3569 3825 neque
3619 3772 3809 3828 prom-

2211 3863 2356 3922 ptum
2408 3853 2563 3907 nobis
2603 3860 2684 3906 est
2727 3852 2930 3916 dicere,
2980 3850 3246 3920 quodnam
3283 3864 3467 3904 eorum
3511 3863 3708 3918 genus,
3751 3856 3810 3902 ut

2207 3946 2276 4000 de
2327 3947 2434 4011 ira,
2483 3945 2730 4009 tristitia,
2772 3954 2826 4000 et
2875 3942 3054 4014 opinio
3096 3943 3598 4012 parvipendentite,
3643 3942 3698 3995 in
3743 3955 3811 3995 eo

2207 4041 2347 4112 quod
2380 4041 2503 4112 quid
2532 4052 2611 4094 est
2646 4039 2920 4108 praedicari
2953 4038 3199 4093 videntur
3226 4056 3238 4092 :
3276 4037 3630 4092 contristatur
3659 4035 3807 4091 enim

2206 4132 2396 4206 iratus,
2440 4139 2494 4186 et
2540 4132 2788 4201 opinatur
2837 4129 3167 4198 parvipendi.
3203 4130 3398 4184 Eadem
3437 4136 3619 4183 autem
3666 4144 3803 4182 con-

2204 4223 2460 4278 sideratio
2490 4231 2542 4276 et
2582 4223 2632 4276 in
2676 4221 2857 4290 specie
2900 4221 2967 4274 ad
3009 4221 3149 4275 aliud
3189 4221 3386 4291 aliquid
3434 4219 3804 4288 comparanti.

2203 4315 2336 4370 Nam
2383 4315 2428 4368 si
2479 4313 2619 4382 qttod
2665 4314 2833 4383 magis
2875 4322 2965 4367 aut
3007 4314 3252 4367 similiter
3304 4313 3518 4367 videtur
3576 4327 3701 4367 esse
3754 4313 3811 4368 iu

2202 4408 2474 4478 assignato
2520 4421 2750 4476 genere,
2799 4421 2906 4459 non
2957 4415 3039 4460 est
3099 4408 3150 4459 in
3201 4420 3396 4475 genere
3445 4406 3802 4460 manifestum

2203 4498 2346 4572 quod
2377 4513 2546 4567 neque
2578 4499 2844 4565 assignata
2873 4497 3092 4551 omnino
3119 4498 3325 4561 Species
3354 4496 3458 4550 erit
3486 4497 3538 4550 in
3568 4511 3803 4565 genere.

482 4616 592 4664 ιεει
631 4623 818 4675 genus.
867 4605 1204 4660 Manifestum
1255 4603 1399 4658 enim
1448 4604 1698 4672 quoniam
1751 4620 1925 4674 neque
1981 4605 2099 4675 ejus
2127 4583 2179 4644 Ι)
2207 4591 2536 4649 lnterimenti
2577 4590 2735 4660 igitur
2764 4587 3214 4659 quemadmodum
3249 4586 3453 4639 dictum
3487 4597 3602 4651 est,
3641 4597 3808 4639 uten-

506 4700 647 4770 quod
678 4699 874 4754 dictum
915 4708 1016 4751 est.
1045 4693 1502 4752 Considerandum
1533 4705 1709 4751 autem
1751 4713 1816 4752 ex
1844 4713 1910 4752 eo
1954 4699 2095 4768 quod

479 4792 636 4846 .nihil
667 4807 850 4846 eorum
894 4787 1073 4844 dill‘ert
1099 4791 1311 4857 specie,
1363 4803 1481 4858 quae
1513 4790 1832 4859 participant
1856 4793 2097 4861 assigna-

504 4893 616 4938 tum
647 4899 834 4952 genus.
865 4882 933 4938 Ut
976 4881 1105 4936 nihil
1139 4881 1255 4936 alba
1285 4875 1540 4936 dill‘erunt
1579 4883 1776 4951 specie,
1825 4881 1936 4950 ipsa
1967 4897 1995 4936 a
2036 4897 2094 4937 se

475 5021 480 5024 .
505 4979 758 5032 invicem.
784 4976 971 5030 Omnis
998 4985 1174 5030 autem
1204 4976 1418 5043 generis
1447 4984 1570 5028 sunt
1609 4977 1816 5043 species
1845 4974 2095 5029 dill‘eren-

508 5079 588 5122 tcs
607 5113 620 5135 ,
655 5083 820 5138 quare
851 5067 1050 5121 nullius
1074 5066 1176 5120 erit
1205 5067 1383 5119 alhum
1407 5058 1598 5135 genus.
1620 5066 1848 5120 Rursum
1882 5067 1924 5120 si
1952 5066 2094 5135 quod

507 5160 688 5213 omnia
721 5159 964 5227 sequitur
989 5170 1159 5226 genus
1217 5155 1298 5210 vel
1343 5154 1700 5210 dill‘erentiam
1751 5156 1902 5210 dixit.
1937 5157 2093 5212 Plura

505 5248 648 5302 enim
678 5257 801 5302 sunt
829 5263 949 5315 qure
989 5246 1166 5299 omnia
1211 5255 1528 5314 sequuntur,
1559 5255 1763 5311 utens,
1809 5256 1863 5300 et
1906 5263 2090 5313 unum,

505 5358 692 5396 eorum
725 5349 850 5395 sunt
886 5353 1006 5407 qua:
1035 5338 1213 5391 omnia
1255 5347 1581 5407 sequuntur;
1612 5337 1656 5392 Si
1689 5337 1848 5406 igitur
1878 5353 1974 5391 ens
1998 5353 2096 5408 ge-

504 5445 604 5482 nus
649 5430 1124 5498 assignaverimus,
1175 5428 1518 5483 manifestum
1561 5428 1814 5498 quoniam
1857 5429 2095 5483 omnium

465 5563 468 5567 -
502 5525 609 5580 erit
639 5539 828 5595 genus,
855 5540 921 5581 eo
949 5509 1092 5596 quod
1125 5524 1447 5595 praedicatur
1468 5525 1534 5578 de
1556 5522 1654 5578 eis.
1685 5524 1756 5576 De
1781 5524 1924 5578 nullo
1951 5523 2094 5578 enim

504 5631 678 5684 genus
709 5633 866 5685 quam
898 5617 966 5671 de
986 5617 1266 5687 speciebus
1291 5615 1634 5686 prmdicatur,
1667 5631 1831 5684 quare
1855 5624 1908 5669 et
1933 5630 2093 5669 unum

510 5708 715 5771 Species
743 5708 841 5762 erit
866 5708 1006 5763 entis
1034 5726 1049 5773 ;
1080 5709 1275 5765 accidit
1295 5724 1422 5779 ergo
1445 5708 1512 5762 de
1539 5707 1786 5762 omnibus
1808 5709 1876 5762 de
1905 5707 2096 5776 quibus

510 5810 681 5866 genus
730 5799 1072 5869 praedicatur,
1128 5813 1181 5858 et
1221 5802 1456 5873 speciem
1497 5801 1798 5873 przedicari,
1845 5815 1914 5858 eo
1957 5803 2096 5873 quod

2208 4685 2358 4738 dum.
2391 4683 2662 4736 Astruenti
2696 4694 2844 4744 vero,
2881 4679 2925 4734 Si
2954 4678 3163 4748 quidem
3195 4677 3412 4746 suscipit
3448 4678 3621 4746 magis
3655 4678 3806 4747 quod

2206 4777 2532 4844 assignatum
2579 4781 2662 4827 est
2704 4786 2894 4843 genus,
2927 4779 2978 4824 et
3020 4769 3249 4838 Species,
3291 4785 3392 4822 non
3431 4768 3577 4822 utilis
3623 4769 3806 4834 locus,

2205 4869 2334 4924 nihil
2380 4868 2520 4922 enim
2554 4866 2801 4938 prohibet
2841 4874 3186 4932 utrorumque
3228 4863 3635 4933 suscipientimn
3693 4879 3806 4918 non

2202 4975 2322 5018 esse
2368 4961 2593 5014 alterum
2634 4959 2853 5013 alterius
2895 4973 3084 5028 genus,
3116 4972 3235 5010 nam
3281 4957 3477 5009 bonum
3509 4967 3566 5011 et
3606 4958 3804 5011 allium

2203 5055 2423 5124 SUeClpll
2453 5053 2644 5124 magis,
2669 5062 2724 5106 et
2752 5060 2996 5104 ncutrutn
3030 5049 3274 5103 neutrius
3295 5064 3484 5118 genus.
3516 5047 3802 5104 Generum

2199 5158 2378 5204 autem
2425 5158 2477 5201 et
2523 5147 2816 5217 specierum
2847 5144 2908 5197 ad
2953 5157 3011 5197 se
3055 5143 3279 5196 invicem
3312 5143 3650 5210 comparatio
3697 5143 3804 5195 uti-

2200 5243 2288 5308 lis,
2320 5251 2378 5296 ut
2407 5241 2451 5295 si
2482 5238 2728 5295 similiter
2759 5238 2880 5299 hoc,
2909 5244 2963 5289 et
2994 5234 3094 5287 hoc
3123 5248 3326 5302 genus;
3365 5233 3409 5286 si
3438 5232 3671 5287 alterum
3702 5247 3804 5301 ge.

2200 5349 2323 5400 nus,
2347 5343 2399 5388 et
2437 5333 2685 5388 alterum.
2719 5329 2976 5385 Similiter
3020 5335 3194 5381 autent
3239 5325 3364 5381 etsi
3395 5326 3540 5396 quod
3575 5326 3764 5380 minus
3787 5372 3802 5392 ,

2199 5438 2253 5484 et
2295 5427 2435 5499 quod
2480 5426 2694 5496 magis:
2731 5433 2790 5476 ut
2835 5423 2878 5475 si
2921 5421 3284 5488 continentia),
3327 5420 3499 5488 magis
3549 5430 3803 5488 potestas

2199 5536 2356 5594 quam
2388 5519 2551 5572 virtus
2581 5532 2778 5587 genus;
2816 5517 2982 5570 virtus
3013 5526 3188 5568 autem
3215 5527 3405 5582 genus,
3436 5521 3490 5566 et
3523 5524 3796 5596 potestas.
3847 5525 3852 5596 ς

2201 5614 2401 5672 Eadem
2426 5621 2603 5666 autem
2626 5618 2679 5665 et
2701 5610 2767 5665 de
2779 5609 2956 5678 specie
2977 5605 3226 5661 convenit
3241 5603 3375 5668 dici;
3399 5619 3522 5658 nam
3543 5605 3798 5659 sisimili-

2202 5716 2282 5763 ter
2319 5708 2440 5771 hoc,
2466 5714 2520 5760 et
2549 5704 2650 5758 hoc
2682 5701 2936 5774 propositi
2964 5699 3192 5769 species,
3218 5699 3262 5753 Si
3288 5697 3519 5752 alterum
3550 5698 3792 5770 species,

2208 5810 2263 5857 et
2292 5799 2576 5871 reliquum,
2610 5805 2660 5852 et
2694 5794 2834 5866 quod
2869 5793 3044 5849 minus
3072 5790 3282 5847 videtur
3310 5790 3520 5864 species
3557 5797 3677 5857 est,
3725 5799 3790 5845 et
