4064 6336
307 349 410 404 955

1220 329 1607 390 TOPICORUM
1647 327 2091 386 ARISTOTELIS
2129 323 2698 383 INTERPRETATIO.

3471 324 3571 377 954

303 457 444 528 quod
495 452 683 527 magis.
728 451 1000 518 Amplius,
1052 446 1118 501 ad
1167 443 1616 511 construendum,
1669 440 1877 510 perSpi-
1911 439 2063 509 Atia
2107 439 2348 507 quaedam
2391 448 2492 504 est,
2527 447 2580 494 et
2622 439 2668 493 si
2713 435 3011 501 ambulans,
3042 450 3106 492 eo
3147 435 3289 505 quod
3337 436 3573 491 ambulat

302 547 552 605 ciendum
594 547 639 599 si
684 542 750 598 de
780 541 973 610 quibus
1013 539 1338 608 assignatum
1370 544 1453 590 est
1496 547 1688 603 genus,
1728 531 1780 586 in
1821 546 1885 586 eo

304 639 444 712 quod
475 635 599 707 quid
628 645 709 690 est
738 633 1082 705 przedicatur,
1109 645 1228 684 eum
1259 645 1362 682 non
1394 628 1463 681 sit
1491 641 1590 680 una
1624 626 1890 694 assignata

305 731 533 800 species,
561 726 652 780 sed
687 724 866 792 plures
895 733 948 777 ct
993 717 1327 776 differentes.
1371 718 1502 772 Nam
1547 715 1891 770 manifestum

307 827 557 893 quoniam
601 818 702 872 erit
748 831 931 886 genus.
976 814 1030 869 Si
1064 822 1238 867 autem
1284 812 1335 865 in
1386 811 1656 880 assignato
1687 808 1893 877 Species

309 922 421 974 est,
458 909 903 966 considerandum
934 916 986 961 et
1013 906 1056 960 si
1088 904 1153 959 de
1182 904 1304 958 aliis
1332 903 1610 968 speciebus
1645 915 1811 970 genus
1841 902 1892 954 in

309 1019 374 1060 eo
414 1001 553 1072 quod
601 999 726 1070 quid
775 1007 858 1053 est
905 995 1240 1065 priedicalur.
1287 992 1417 1047 Nam
1462 1007 1644 1047 rursus
1689 991 1897 1046 accidet

310 1097 379 1149 de
417 1092 656 1163 pluribus
697 1099 750 1145 et
796 1087 1168 1144 differentibus
1216 1085 1355 1140 idem
1405 1084 1701 1153 praedii-ari.
1745 1083 1892 1150 Quo-

313 1189 457 1243 niam
501 1193 677 1238 autem
730 1182 938 1236 videtur
981 1180 1032 1234 in
1077 1177 1388 1249 quibusdam
1420 1186 1474 1232 et
1513 1174 1812 1230 differentia
1844 1177 1895 1230 in

314 1296 382 1337 eo
411 1279 547 1349 quod
580 1276 706 1348 quid
749 1285 830 1331 est
871 1277 939 1330 de
979 1273 1257 1342 speciebus
1301 1271 1610 1341 praedicari,
1645 1286 1899 1341 separau-

313 1372 440 1427 dum
473 1379 554 1424 est
591 1383 760 1439 genus
793 1376 848 1422 ct
886 1366 1213 1431 difTerentia,
1250 1365 1416 1419 utenti
1463 1364 1529 1418 iis
1557 1379 1676 1434 qua:
1718 1365 1900 1419 diten-

317 1475 402 1519 tur
445 1464 747 1524 elementis,
794 1463 1023 1531 primum
1056 1460 1269 1530 quidem
1319 1461 1572 1529 quoniam
1619 1475 1787 1529 genus
1827 1459 1894 1515 de

313 1556 555 1626 pluribus
594 1553 788 1608 dicitur
826 1568 983 1621 quam
1026 1552 1358 1615 differentia,
1401 1551 1596 1606 deinde
1645 1553 1897 1621 quoaiam

315 1649 607 1702 secundum
639 1646 754 1713 ejus
795 1644 960 1721 (quod
996 1643 1118 1713 quid
1150 1643 1256 1711 est)
1305 1642 1746 1712 assignatiouem,
1791 1658 1902 1698 tua-

311 1739 394 1808 gis
435 1737 681 1792 convenit
719 1751 886 1804 genus
921 1750 1079 1802 quam
1125 1734 1477 1790 diﬁ‘ereutiam
1524 1735 1723 1790 dicere.
1768 1735 1897 1790 Nam

1995 542 2258 596 movetur,
2291 533 2580 588 ambuluio
2628 543 2803 588 motus
2837 532 3051 602 quidam
3087 541 3196 596 est,
3231 530 3571 587 consideran-

1993 627 2118 682 dum
2163 628 2214 680 iu
2258 643 2362 697 quo
2403 642 2600 698 genere
2640 628 2752 682 vult
2801 626 3074 694 quidpiam
3125 636 3438 681 construere
3485 641 3573 680 se-

1993 718 2225 790 cundum
2253 717 2454 774 dictum
2487 719 2724 773 modum.
2760 719 2825 772 Ut
2855 719 2898 772 si
2931 716 3206 773 scientiam
3238 716 3407 786 ipsum
3435 715 3574 787 quod

1995 819 2077 864 est
2107 808 2296 868 ﬁdem.
2324 809 2366 861 si
2400 807 2576 862 sciens
2606 818 2868 876 quatenus
2893 808 3021 873 scit,
3056 808 3196 871 ﬁJit',
3230 807 3572 861 manifestum

1997 899 2139 957 enim
2187 899 2438 970 quoniam
2484 900 2703 954 scientia
2755 900 2884 956 ﬁdes
2926 899 3168 969 quaedam
3215 900 3345 968 erit,
3387 899 3572 953 eodem

1999 1002 2178 1048 autem
2228 993 2385 1048 modo
2431 1002 2484 1048 et
2528 995 2580 1050 in
2625 975 2745 1048 aliis
2793 995 3113 1064 huiusmodi.
3149 994 3413 1062 Amplius,
3447 1008 3576 1062 quo-

1999 1090 2140 1145 niam
2170 1090 2311 1159 quod
2343 1091 2582 1160 sequitur
2620 1089 2819 1160 aliquid
2850 1105 3062 1160 semper
3087 1099 3143 1144 et
3174 1103 3277 1142 nou
3309 1087 3578 1141 converti-

1999 1190 2128 1248 tur,
2169 1181 2385 1236 dif'ﬁclle
2425 1191 2506 1236 est
2549 1195 2803 1250 separare
2841 1180 2982 1250 quod
3034 1195 3138 1234 non
3189 1180 3254 1233 sit
3299 1193 3488 1247 genus,
3533 1177 3579 1230 si

1999 1272 2102 1328 hoc
2129 1272 2340 1343 quidem
2372 1271 2497 1327 illud
2530 1273 2770 1342 sequitur
2797 1288 2977 1339 omne,
3006 1271 3135 1326 illud
3167 1286 3294 1326 vero
3324 1271 3424 1323 hoc
3471 1283 3575 1323 non

2001 1382 2177 1422 omne.
2210 1366 2280 1422 Ut
2313 1365 2749 1435 tranquillitatem
2787 1365 2960 1435 quies,
2993 1375 3048 1419 et
3079 1378 3354 1417 numerum
3395 1360 3580 1415 divisi-

2001 1457 2137 1524 bile,
2182 1474 2212 1513 e
2261 1473 2522 1512 converso
2571 1468 2748 1512 autem
2799 1472 2935 1520 non;
2993 1471 3114 1509 nam
3162 1453 3425 1507 divisihile
3477 1468 3580 1505 non

2001 1565 2182 1615 onme,
2226 1566 2502 1616 numerus,
2549 1565 2722 1620 neque
2768 1549 2920 1620 quies
2968 1548 3162 1611 munis,
3205 1544 3579 1613 tranquillitas,

2003 1643 2121 1713 ipso
2150 1643 2360 1713 quidem
2393 1653 2475 1697 est
2520 1643 2773 1698 utendum
2808 1653 2860 1696 ut
2900 1655 3096 1713 genere
3127 1639 3266 1709 quod
3318 1646 3400 1691 est
3441 1652 3583 1692 sem-

2005 1749 2097 1804 per
2125 1749 2481 1801 consequens,
2507 1750 2627 1787 cum
2663 1749 2768 1787 non
2801 1740 3148 1786 convertatur
3177 1730 3431 1790 alterum;
3459 1742 3580 1781 cum

312 1829 402 1899 qui
452 1828 648 1882 animal
693 1827 825 1883 dicit
876 1826 1183 1892 hominem,
1217 1830 1384 1898 magis
1424 1828 1622 1882 indicat
1656 1829 1781 1898 quid
1816 1840 1897 1884 est
1928 1815 1977 1876 Β
2004 1838 2179 1882 autem
2223 1826 2448 1881 alterum
2492 1842 2550 1882 se
2590 1827 2830 1882 extendit
2859 1841 2963 1880 non
3007 1825 3058 1879 in
3099 1823 3381 1888 ountibus,
3424 1821 3585 1877 obse—

313 1921 476 1978 homo
514 1935 673 1990 quam
718 1920 806 1987 qui
845 1918 1141 1990 gressihile.
1191 1919 1257 1973 Et
1304 1921 1553 1989 quoniam
1597 1919 1894 1976 differentia

308 2012 524 2084 quidem
560 2011 867 2080 qualitatem
905 2011 1118 2082 generis
1147 2026 1361 2080 semper
1389 2012 1680 2080 significat,
1726 2027 1893 2081 genus

309 2113 489 2158 autem
534 2102 867 2168 diﬁ'ereutiae,
903 2119 1007 2156 non
1040 2121 1052 2155 :
1086 2117 1210 2157 nam
1254 2102 1342 2172 qui
1400 2102 1528 2157 dicit
1581 2104 1891 2173 gressibile,

309 2196 566 2266 quiddam
612 2194 808 2248 animal
845 2194 1006 2259 dicit;
1045 2193 1135 2262 qui
1179 2208 1307 2247 vero
1346 2194 1540 2247 animal
1587 2194 1745 2264 dicit,
1791 2211 1895 2250 non

310 2287 438 2342 dicit
470 2288 626 2356 quale
671 2287 921 2357 quiddam
971 2283 1614 2358 gres~ibilezdiﬁereutia
1660 2287 1819 2355 igitur
1865 2304 1894 2341 a

311 2395 510 2450 genere
539 2380 616 2435 sic
644 2379 961 2448 separanda.
995 2380 1259 2446 Quoniam
1287 2389 1462 2432 autem
1491 2377 1701 2432 videtur
1735 2379 1901 2433 musi-

311 2481 466 2540 Ium,
497 2487 599 2543 qua
627 2476 889 2528 musicum
917 2479 1017 2536 est,
1043 2471 1220 2525 sciens
1243 2483 1382 2535 esse,
1415 2479 1467 2525 et
1493 2470 1694 2523 n'iusica
1722 2472 1900 2525 scien-

2004 1919 2299 1990 quendmn.
2345 1919 2598 1974 lnstantia
2632 1930 2810 1974 autem
2855 1918 3031 1988 hujus,
3059 1915 3308 1985 quoniam
3354 1929 3458 1969 non
3489 1927 3586 1966 ens

2003 2013 2245 2083 sequitur
2284 2027 2444 2066 omne
2492 2011 2634 2082 quod
2685 2009 2743 2065 ﬁt
2771 2011 2916 2082 (nam
2963 2009 3104 2080 quod
3146 2008 3205 2062 ﬁt
3245 2021 3352 2060 non
3394 2005 3506 2074 est)
3535 2013 3586 2060 et

2004 2122 2112 2161 non
2164 2104 2493 2160 convertitur
2545 2103 2673 2174 (non
2723 2104 2867 2159 enim
2917 2116 3076 2156 omne
3124 2097 3261 2169 quod
3316 2113 3421 2152 non
3471 2104 3584 2162 est,

2007 2198 2086 2269 ﬁt)
2115 2214 2129 2263 ;
2169 2208 2402 2252 attamen
2436 2212 2542 2252 non
2581 2205 2664 2252 est
2703 2211 2869 2268 genus
2900 2209 3005 2250 non
3052 2208 3147 2248 ens
3178 2192 3294 2261 ejus
3323 2189 3465 2261 quod
3498 2189 3586 2251 ﬁt,

2005 2289 2320 2360 simpliciter
2366 2289 2507 2344 enim
2567 2303 2671 2343 non
2712 2295 2836 2342 sunt
2893 2303 2997 2343 nou
3044 2285 3180 2341 entis
3228 2283 3455 2354 species.
3508 2281 3586 2335 De

2007 2397 2208 2452 genere
2270 2383 2430 2452 igitur
2483 2381 2932 2453 quemadmodum
2987 2380 3185 2435 dictum
3239 2385 3358 2443 est,
3411 2386 3586 2430 trans-

2002 2474 2258 2529 eundum.

1443 2671 1793 2754 LIBER
1869 2672 2441 2783 QUINTUS.

766 2897 1038 2955 CAPUT
1093 2901 1435 2959 PRIMUM.

855 2993 930 3047 De
959 2994 1124 3047 modis
1152 2996 1372 3065 proprii.

390 3085 574 3143 Utrum
629 3092 807 3140 autem
879 3087 1156 3154 proprium
1213 3101 1278 3140 au
1339 3102 1444 3142 non
1499 3089 1771 3158 proprium
1820 3096 1904 3142 est

315 3179 458 3252 quod
490 3177 690 3232 dictum
728 3186 842 3244 est,
877 3192 969 3244 per
1000 3177 1114 3231 haec
1145 3177 1615 3234 considerandum.
1651 3182 1904 3249 Assigna-

316 3277 405 3326 tur
431 3277 609 3323 autem
660 3268 934 3338 proprium
969 3282 1056 3321 aut
1105 3283 1198 3338 per
1245 3282 1302 3323 se
1334 3278 1386 3324 et
1425 3284 1659 3336 semper,
1703 3281 1796 3322 aut
1838 3269 1903 3323 ad

317 3361 464 3416 aliud
516 3369 607 3415 aut
645 3359 953 3428 aliquando.
1009 3359 1109 3414 Per
1149 3375 1211 3415 se
1263 3361 1510 3430 quidem,
1547 3373 1604 3414 ut
1651 3362 1903 3425 hominis,

317 3451 518 3513 animal
545 3462 879 3506 mansuetum
907 3457 1126 3517 natura;
1157 3451 1221 3503 ad
1242 3450 1384 3504 aliud
1405 3462 1605 3514 autem,
1631 3461 1688 3504 ut
1714 3451 1908 3505 anima:

318 3544 389 3600 ad
417 3559 630 3614 corpus,
662 3540 914 3614 quoniam
948 3543 1035 3597 illa
1068 3543 1285 3613 quidem
1317 3536 1583 3613 imperare
1616 3551 1770 3611 nata,
1807 3545 1908 3598 hoc

318 3649 501 3696 autem
542 3652 754 3708 parere;
805 3650 1016 3704 semper
1063 3647 1274 3704 autem,
1306 3645 1366 3690 ut
1410 3635 1502 3690 Del
1527 3675 1542 3698 ,
1572 3636 1774 3690 animal
1807 3638 1908 3690 im-

323 3728 580 3794 mortale;
613 3728 902 3799 aliquando
934 3743 1081 3790 vero,
1115 3736 1170 3782 ut
1199 3727 1425 3796 alicujus
1458 3728 1690 3782 hominis
1723 3729 1909 3783 ambu-

323 3822 440 3880 lare
475 3821 529 3875 in
575 3821 874 3891 gymnasio.
907 3805 1044 3875 sunt
1074 3829 1250 3873 autem
1286 3819 1516 3889 proprii,
1565 3819 1706 3888 quod
1739 3820 1802 3873 ad
1833 3821 1912 3873 al—

324 3924 500 3969 terum
553 3911 877 3981 assignatum
928 3920 1045 3976 est,
1099 3919 1192 3965 aut
1239 3909 1347 3964 duo
1402 3911 1766 3978 problemata,
1817 3920 1912 3966 aut

325 4014 574 4074 quatuor.
601 4002 732 4057 Nam
759 4003 804 4056 si
830 4001 895 4056 de
925 4001 1026 4056 hoc
1052 4001 1265 4071 quidem
1290 4002 1618 4071 assignatum
1640 4002 1911 4072 quidpiam

325 4095 516 4162 fuerit,
550 4095 617 4150 de
647 4094 740 4148 illo
780 4109 906 4148 vero
946 4108 1197 4164 negatum
1232 4094 1494 4163 idipsum,
1523 4094 1628 4148 duo
1656 4095 1914 4148 duntaxat

325 4188 656 4259 problemata
690 4187 844 4250 ﬁunt,
881 4186 1331 4255 quemadmodum
1373 4186 1601 4240 hominis
1626 4186 1692 4240 ad
1718 4202 1913 4256 equum

326 4282 601 4350 proprium
648 4286 730 4332 est
772 4277 911 4347 quod
959 4277 1107 4345 bipes
1151 4285 1254 4330 est.
1282 4276 1411 4330 Nam
1459 4286 1513 4331 et
1557 4276 1697 4346 quod
1751 4278 1914 4332 homo

323 4385 438 4427 non
478 4371 628 4440 bipes
677 4380 758 4425 est
807 4369 1268 4438 argumentabitur
1317 4370 1616 4439 quispiam,
1662 4379 1717 4425 et
1769 4371 1911 4442 quod

326 4476 495 4533 equus
537 4462 729 4532 bipes:
758 4463 1005 4530 utrinque
1045 4470 1221 4513 autem
1267 4468 1575 4514 removetur
1617 4463 1912 4530 praprium.

326 4555 386 4612 Si
415 4561 595 4609 autem
624 4553 692 4608 de
719 4563 945 4622 utroque
970 4561 1255 4622 utrumque
1286 4551 1610 4622 assignatum
1641 4551 1828 4616 fuerit,
1863 4560 1916 4606 et

328 4650 398 4705 de
427 4661 651 4719 utroque
685 4657 959 4717 negatum,
991 4656 1222 4717 quatuor
1267 4647 1595 4716 problemata
1639 4654 1826 4711 erunt,
1863 4655 1919 4698 ut

327 4740 563 4795 hominis
594 4740 865 4809 prOprium
903 4739 968 4792 ad
1015 4754 1242 4808 equum,
1273 4740 1413 4809 quod
1447 4741 1535 4793 ille
1581 4739 1796 4809 quidem
1833 4738 1916 4793 bi-

330 4846 447 4902 pes,
481 4831 568 4885 hic
605 4839 780 4884 autem
828 4830 1133 4899 quadrupes
1180 4838 1301 4886 est:
1336 4847 1459 4885 nam
1491 4839 1546 4886 et
1576 4831 1714 4900 quod
1755 4831 1919 4886 homo

295 4995 298 4998 _
332 4941 437 4982 non
478 4926 627 4994 bipes
667 4935 782 4988 est,
813 4932 865 4979 et
891 4923 1032 4992 quod
1079 4939 1200 4979 esse
1252 4925 1557 4993 quadrupes
1608 4934 1758 4979 natus
1801 4934 1914 4989 cst,

331 5019 691 5088 argumentari
719 5028 831 5082 est;
863 5027 915 5071 et
946 5017 1088 5088 quod
1131 5032 1300 5087 equus
1334 5019 1504 5087 bipes,
1538 5027 1591 5072 et
1633 5019 1776 5087 quod
1811 5035 1915 5073 non

331 5110 656 5180 quadrupes,
693 5107 946 5178 possibile
993 5119 1074 5163 est
1114 5110 1494 5177 argumentari.
1526 5110 1774 5176 Quolibet
1819 5111 1916 5180 igi-

335 5211 425 5256 tur
454 5202 614 5255 modo
645 5209 886 5262 ostenso,
919 5200 1243 5254 interimitur
1277 5199 1415 5269 quod
1449 5201 1775 5267 propositmn
1808 5214 1912 5255 εει.

333 5295 430 5349 Εει
457 5304 635 5348 autem
669 5308 762 5363 per
786 5296 851 5346 'se
879 5293 1092 5362 quidem
1124 5296 1394 5362 proprium
1415 5335 1430 5358 ,
1463 5291 1606 5361 quod
1641 5293 1704 5344 ad
1737 5293 1916 5346 omnia

330 5384 659 5453 assignatur,
691 5393 745 5438 et
773 5384 840 5438 ab
873 5385 1016 5438 outni
1051 5392 1263 5452 separat
1313 5382 1778 5453 (quemadmodum
1816 5383 1914 5436 ho-

331 5478 497 5534 minis
531 5479 728 5533 animal
779 5479 1002 5533 mortale
1051 5479 1347 5547 disciplina:
1395 5478 1810 5548 susceptivum);
1849 5478 1914 5532 ad

285 5621 290 5626 .
330 5571 476 5626 aliud
509 5581 719 5638 autem,
748 5571 888 5642 quod
932 5587 1036 5627 non
1070 5573 1135 5627 ab
1165 5572 1342 5638 omni,
1366 5572 1460 5627 sed
1489 5572 1556 5625 ab
1589 5572 1767 5644 aliquo
1795 5584 1910 5629 sta-

333 5671 450 5718 tuto
474 5663 799 5720 determinat
829 5666 910 5736 (ut
933 5665 1143 5720 virtutis
1167 5664 1232 5718 ad
1263 5664 1599 5734 disciplinam
1622 5707 1636 5733 ,
1669 5668 1915 5734 quoniam

329 5754 426 5810 illa
457 5756 670 5826 quidem
714 5755 766 5812 in
799 5756 1055 5828 pluribus,
1105 5757 1220 5811 lucc
1250 5757 1301 5811 in
1342 5757 1584 5812 rationali
1616 5758 1752 5823 solo,
1783 5768 1836 5812 et
1867 5759 1917 5814 in

332 5847 657 5909 habentibus
697 5851 1114 5909 rationem-nata
1145 5859 1228 5908 est
1271 5851 1444 5923 ﬁeri);
1478 5866 1689 5924 semper
1719 5860 1916 5921 autem,

2005 2902 2147 2974 quod
2197 2901 2493 2957 secundum
2541 2913 2700 2955 omne
2743 2908 2949 2970 tempus
2990 2899 3313 2966 veriﬁcatur,
3354 2907 3410 2954 et
3449 2914 3590 2955 nun-

2007 3010 2167 3065 quam
2193 2995 2516 3065 relinquitur
2543 2993 3016 3065 (quemadmodum
3045 2991 3292 3046 animalis
3319 3006 3383 3046 εκ
3413 2993 3590 3048 anima

2007 3099 2058 3142 et
2089 3101 2315 3155 corpore
2359 3089 2715 3154 compositum
2747 3085 2926 3154 esse);
2957 3084 3246 3154 aliquando
3272 3099 3420 3149 vero,
3449 3085 3588 3154 quod

2009 3179 2302 3234 secundum
2331 3179 2543 3250 aliquod
2578 3189 2785 3248 tempus
2813 3178 3137 3241 verificatur,
3169 3187 3224 3233 et
3264 3192 3370 3232 non
3401 3193 3464 3232 ex
3500 3193 3590 3232 ne-

2010 3273 2264 3328 cessitate
2310 3286 2525 3341 semper
2566 3272 2930 3340 consequitur,
2973 3279 3030 3325 ut
3067 3269 3293 3340 alicujus
3340 3269 3590 3335 hominis,

2010 3366 2285 3420 ambulare
2323 3365 2375 3419 in
2416 3365 2556 3419 f'oro.
2587 3364 2682 3418 Est
2728 3373 2906 3418 autem
2954 3363 3019 3416 ad
3062 3363 3285 3418 alterum
3320 3363 3592 3430 proprium

2009 3459 2304 3526 assignare,
2345 3455 2700 3509 differentiam
2753 3453 2954 3520 dicere,
2999 3461 3090 3507 aut
3132 3455 3183 3506 in
3233 3455 3479 3507 omnibus
3535 3464 3591 3506 et

2009 3561 2244 3615 semper,
2298 3556 2390 3599 aut
2418 3555 2475 3598 ιιι
2518 3546 2738 3599 multum
2779 3555 2830 3598 ει
2879 3546 2932 3598 in
2980 3543 3245 3612 plurimis.
3289 3542 3355 3596 Et
3388 3544 3439 3596 in
3470 3558 3588 3596 om-

2013 3638 2173 3694 nibus
2226 3637 2440 3706 quidem
2491 3646 2541 3690 et
2594 3650 2828 3703 semper,
2860 3634 3305 3704 quemadmodum
3364 3632 3594 3686 hominis

2013 3729 2291 3798 proprium
2319 3728 2385 3782 ad
2426 3743 2622 3797 equum
2648 3726 2897 3798 quoniam
2931 3726 3103 3798 bipes,
3135 3740 3254 3780 nam
3290 3724 3449 3779 homo
3479 3726 3594 3794 qui-

2012 3819 2134 3876 dem
2182 3829 2238 3875 et
2279 3821 2476 3884 omnis,
2518 3830 2571 3875 et
2620 3834 2834 3890 semper
2873 3829 2955 3874 est
2985 3819 3165 3889 bipes;
3213 3832 3384 3889 equus
3418 3829 3594 3872 autem

2014 3913 2192 3969 nullus
2223 3922 2304 3966 est
2341 3912 2515 3982 bipes,
2548 3922 2601 3967 et
2634 3928 2923 3983 nunquam.
2961 3913 3028 3968 Ut
3068 3912 3293 3966 multum
3335 3920 3509 3965 autem
3543 3921 3598 3967 et

2016 4003 2070 4058 in
2097 4003 2359 4073 plurimis,
2385 4003 2831 4074 quemadmodum
2861 4005 3133 4060 rationalis
3156 4006 3428 4074 proprium
3454 4004 3594 4074 priu-

2018 4094 2198 4163 cipare
2224 4093 2290 4148 ad
2321 4094 2760 4163 concupiscibile,
2790 4103 2843 4148 et
2876 4093 3164 4160 irascihile,
3197 4108 3264 4149 eo
3295 4093 3434 4164 quod
3469 4094 3594 4148 illud

2017 4186 2230 4258 quidem
2275 4189 2536 4255 imperat,
2597 4187 2710 4240 lucc
2756 4195 2931 4241 autem
2983 4195 3203 4256 parent;
3253 4201 3373 4240 nam
3426 4201 3599 4256 neque

2018 4279 2280 4334 rationale
2327 4292 2540 4347 semper
2584 4279 2842 4347 imperat,
2883 4278 2976 4332 sed
3017 4279 3335 4349 quandoque
3378 4279 3450 4334 illi
3503 4280 3600 4334 im-

2020 4381 2260 4442 peratur,
2311 4386 2484 4441 neque
2528 4371 2932 4440 concupiscibili
2988 4381 3043 4426 et
3096 4372 3346 4427 irascibiIi
3387 4388 3600 4440 semper

2019 4463 2331 4531 imperatur,
2364 4462 2458 4518 sed
2494 4462 2757 4532 imperant
2783 4463 3122 4534 quandoque,
3155 4479 3277 4518 cum
3311 4463 3468 4518 fuerit
3506 4465 3601 4518 ho-

2021 4555 2179 4608 minis
2221 4557 2395 4608 anima
2447 4555 2731 4625 ﬂagitiosa.
2767 4554 3109 4624 Propriorutu
3159 4568 3336 4611 autem
3374 4570 3439 4612 ea
3487 4572 3598 4611 nta-

1961 4649 1995 4703 l’
2026 4649 2172 4702 xime
2199 4649 2365 4717 logica
2396 4658 2550 4713 sunt,
2578 4664 2697 4718 qua:
2731 4664 2824 4718 per
2852 4664 2911 4704 se
2951 4659 3005 4703 et
3031 4663 3265 4721 semper,
3303 4661 3357 4706 et
3385 4668 3503 4722 qua:
3535 4654 3599 4706 ad

2023 4741 2186 4796 aliud.
2226 4741 2357 4796 Nam
2387 4741 2506 4811 ejus
2538 4742 2678 4812 quod
2711 4743 2777 4796 ad
2811 4742 2955 4798 aliud
2987 4753 3070 4798 est
3111 4747 3381 4814 pmprium
3402 4786 3416 4810 ,
3446 4746 3597 4814 plura

2023 4837 2359 4907 problemata
2397 4846 2554 4902 sunt,
2586 4836 3033 4905 quemadmodum
3074 4837 3308 4893 diximus
3337 4847 3391 4892 et
3430 4839 3597 4906 prius,

2024 4946 2145 4985 nam
2177 4940 2265 4984 aut
2305 4929 2434 4994 duo,
2463 4939 2554 4984 aut
2583 4938 2832 4999 quatuor,
2861 4945 2924 4984 ex
2960 4933 3279 4986 necessitate
3311 4931 3444 4983 ﬁunt
3479 4945 3600 4993 pro.

2022 5022 2272 5078 blemata.
2298 5021 2484 5077 Plures
2513 5031 2689 5076 autem
2721 5023 2991 5076 orationes
3023 5021 3151 5076 ﬁunt
3182 5021 3247 5075 ad
3289 5021 3422 5085 hare,
3455 5020 3596 5090 quod

2023 5123 2200 5168 autem
2251 5129 2345 5182 per
2388 5128 2446 5168 se
2486 5123 2569 5168 est
2606 5124 2657 5168 et
2696 5128 2940 5183 semper,
2989 5113 3053 5168 ad
3101 5114 3263 5168 multa
3312 5122 3394 5167 est
3437 5129 3595 5183 argu-

2022 5205 2277 5268 mentari,
2304 5216 2356 5260 et
2391 5205 2456 5259 ad
2492 5206 2638 5274 plura
2691 5216 2928 5277 tempora
2969 5207 3255 5260 observare
3285 5224 3297 5258 :
3331 5207 3470 5274 quod
3505 5222 3601 5276 per

2021 5316 2079 5357 se
2110 5302 2324 5371 quidem
2368 5302 2434 5356 ad
2472 5303 2636 5356 multa
2659 5344 2671 5366 ,
2705 5319 2826 5358 nam
2858 5303 2923 5356 ad
2964 5299 3381 5370 unumquodque
3411 5315 3597 5354 eorum

2011 5410 2138 5464 qua:
2178 5405 2336 5463 sunt,
2378 5403 2436 5448 ut
2491 5405 2614 5465 pote
2659 5396 2743 5450 cui
2785 5404 2994 5463 Oportet
3044 5394 3220 5447 ineSse
3282 5393 3555 5461 pr0prium
3581 5436 3596 5459 ,

2006 5503 2188 5560 quare
2214 5490 2256 5542 si
2292 5505 2397 5544 non
2444 5490 2512 5544 ab
2542 5489 2688 5545 omni
2717 5496 2963 5558 separat,
2997 5500 3101 5540 non
3142 5487 3246 5541 erit
3284 5487 3420 5540 bene
3458 5487 3595 5539 assi-

2021 5590 2236 5650 gnatum
2282 5581 2589 5650 proprium;
2640 5579 2780 5650 quod
2821 5589 2998 5632 autem
3053 5592 3284 5647 semper,
3330 5577 3396 5631 ad
3446 5576 3596 5647 pluta

2001 5680 2262 5742 .tempora
2299 5683 2378 5726 est
2411 5672 2720 5736 observare,
2754 5679 2809 5725 ει
2849 5669 2967 5723 sive
3014 5683 3118 5723 non
3151 5669 3320 5734 inest,
3351 5668 3464 5723 sive
3492 5683 3598 5723 non

2024 5763 2268 5829 infuerit,
2301 5763 2415 5820 sive
2447 5779 2552 5819 non
2597 5763 2788 5828 inerit,
2824 5776 2929 5816 non
2972 5761 3073 5818 erit
3119 5763 3415 5833 proprium.
3446 5760 3596 5830 Quod

2023 5870 2152 5913 vero
2177 5856 2482 5926 aliquando,
2511 5856 2576 5912 ad
2602 5853 2732 5913 Illud
2764 5853 2928 5928 (quod
2959 5869 3100 5913 nunc
3123 5855 3338 5925 dicitur)
3361 5862 3598 5928 tempus.
