4064 6336
468 292 561 388 935

1697 327 1807 384 AN.
1850 320 2061 383 MANL.
2103 310 2258 377 BEV.
2299 318 2523 380 ΒΟΕΤΙΙ

3656 325 3759 382 956

466 445 883 503 consideramus.
934 442 1049 500 Non
1106 443 1265 516 igitur
1309 451 1436 500 sunt
1478 443 1717 499 rationes
1764 440 1829 495 ad
1878 439 2052 509 ipsum
2083 435 2139 499 Α
2162 433 2411 490 conﬁciet
2436 434 2833 507 syllogismum,
2863 436 2932 494 de
2958 452 3026 493 eo
3065 437 3206 511 quod
3236 409 3605 509 multipliciter
3628 440 3764 496 dici-

463 543 660 610 plures.
693 540 944 610 Logicum
987 547 1163 592 autem
1209 545 1290 615 est
1332 536 1640 609 problema,
1686 533 1752 591 ad
1792 534 1934 606 quod
1965 549 2055 589 ra-

465 637 640 692 tiones
682 632 845 701 ﬁunt,
878 642 932 689 et
961 633 1167 690 crebrae
1198 631 1440 704 quidem,
1473 642 1526 686 et
1566 621 1741 687 bona}.
1785 629 1865 686 Ad
1907 628 2055 684 aliud

465 730 623 801 igitur
671 731 949 802 proprium
994 727 1227 796 dictum,
1259 744 1323 783 cx
1368 728 1431 783 iis
1471 741 1590 798 qua:
1626 734 1754 782 sunt
1800 725 1868 781 de
1909 724 2053 781 acci-

463 825 620 880 dente
661 820 792 878 locis
841 820 1270 891 inspiciendum,
1312 821 1357 876 si
1405 819 1528 875 huic
1568 818 1783 891 quidem
1820 817 2052 888 accidit,

462 916 537 972 illi
570 930 699 972 vero
728 929 856 970 non.
894 914 967 969 De
998 913 1062 969 iis
1091 924 1269 968 autem
1298 929 1417 986 qua:
1450 926 1687 983 semper,
1720 919 1774 968 et
1805 925 1925 983 qua:
1959 925 2056 982 per

462 1025 539 1077 se,
572 1025 667 1081 per
695 1008 809 1066 haec
833 1006 1305 1063 considerandum.

1091 1099 1319 1156 CAPUT
1358 1096 1424 1155 11.

1028 1192 1106 1249 De
1134 1191 1259 1248 locis
1289 1193 1509 1266 proprii.

532 1288 772 1347 Primum
799 1286 1014 1359 quidem
1042 1302 1108 1340 an
1141 1302 1244 1339 non
1271 1284 1408 1341 bene
1436 1285 1765 1355 assignatum
1810 1292 1892 1339 est
1930 1299 2059 1346 pro-

461 1382 659 1455 prium,
694 1396 759 1436 an
794 1380 949 1435 bene.
1002 1378 1131 1449 Ejus
1160 1386 1336 1432 autem
1364 1378 1503 1448 quod
1532 1386 1613 1433 est
1642 1393 1745 1432 non
1780 1377 1938 1444 bene,
1972 1383 2064 1431 aut

461 1474 622 1541 bene,
654 1483 737 1529 est
768 1487 929 1527 unum
962 1471 1204 1542 quidem,
1237 1471 1281 1526 si
1317 1486 1419 1525 non
1453 1486 1549 1540 per
1579 1471 1811 1533 notiora,
1854 1478 1945 1524 aut
1971 1484 2065 1536 per

461 1569 671 1624 notiora
711 1565 946 1637 positum
994 1573 1076 1619 est
1124 1562 1421 1635 proprium.
1480 1560 1784 1616 Destrncnti
1824 1560 2063 1632 quidem,

462 1660 504 1716 si
538 1674 642 1715 non
687 1672 782 1729 per
825 1655 1067 1721 notiora;
1113 1663 1167 1709 at
1202 1654 1561 1721 construenti,
1598 1653 1643 1707 si
1688 1668 1784 1722 per
1831 1653 2063 1707 notiora.

462 1750 593 1823 Ejus
634 1752 815 1805 autem
862 1744 1004 1820 quod
1053 1762 1157 1802 non
1193 1762 1289 1819 per
1318 1748 1526 1802 notiora
1567 1754 1670 1809 est,
1705 1746 1807 1801 hoc
1850 1746 2066 1816 quidem

2163 538 2267 585 tur.
2298 528 2640 586 Construentl
2669 538 2869 600 autem,
2893 533 2937 587 si
2983 547 3086 589 non
3117 534 3265 604 plura
3295 534 3561 604 signiﬁcat
3587 547 3769 604 neque

2162 623 2435 680 nominum
2483 626 2780 697 quidpiam,
2824 643 2998 697 neque
3046 636 3157 684 tota
3205 629 3399 685 oratio.
3448 629 3567 686 Erit
3612 634 3761 687 enim

2160 719 2455 775 secundum
2485 718 2586 774 hoc
2610 720 2746 774 bene
2769 720 3000 791 positum
3031 721 3327 792 proprium,
3353 730 3413 777 ut
3435 722 3558 793 quia
3580 737 3759 792 neque

2162 822 2358 880 corpus
2385 810 2533 881 plura
2557 811 2843 879 signiﬁcat,
2876 827 3050 882 neque
3080 813 3489 869 mobilissimum
3521 815 3574 869 in
3599 829 3687 881 se]
3706 832 3737 863 ρ

2163 904 2357 960 riorcm
2392 904 2588 970 locum,
2621 919 2794 976 neque
2824 914 2991 960 totum
3022 906 3164 976 quod
3188 920 3252 961 ex
3282 905 3367 960 his
3394 905 3759 975 compositum

2162 1007 2263 1065 est,
2286 1000 2389 1054 erit
2412 1000 2547 1053 bene
2584 999 2811 1067 positum
2853 997 3144 1053 secundum
3172 997 3271 1053 hoc
3310 997 3449 1069 ignis
3489 999 3765 1066 proprium

2162 1109 2360 1165 corpus
2401 1094 2808 1151 mobilissimum
2848 1094 2902 1149 in
2944 1095 3276 1163 superiorem
3321 1094 3523 1148 locum.
3560 1091 3767 1149 Deinde

2164 1186 2463 1243 destruenti
2484 1187 2699 1258 quidem
2744 1186 2789 1241 si
2821 1186 3187 1256 multipliciter
3221 1185 3419 1240 dicitur
3442 1184 3572 1240 illud
3605 1183 3765 1255 cujus

2167 1281 2439 1351 pr0prium
2470 1282 2792 1346 assignatur,
2838 1293 2942 1334 non
2974 1277 3360 1334 detertninatur
3388 1287 3568 1333 autem
3605 1283 3767 1346 cujus

2167 1389 2350 1428 eorum
2393 1380 2622 1442 ponatur
2651 1373 2949 1443 proprium.
2980 1372 3093 1427 Non
3119 1374 3260 1426 enim
3295 1373 3431 1428 bene
3481 1373 3587 1426 erit
3628 1372 3768 1427 assi-

2167 1478 2390 1538 gnatum
2426 1467 2722 1538 proprium,
2752 1468 2822 1522 ob
2853 1481 2986 1539 quas
3013 1474 3191 1523 autem
3223 1480 3416 1521 causas
3441 1481 3548 1521 non
3575 1465 3769 1520 imma-

2169 1560 2421 1617 niiestum
2453 1569 2534 1616 est
2571 1576 2629 1617 et
2668 1561 2733 1617 iis
2760 1577 2879 1631 ane
2902 1563 3046 1633 prius
3074 1561 3216 1616 dicta
3245 1568 3391 1625 sunt,
3423 1575 3546 1614 nam
3573 1560 3769 1615 eadem

2169 1657 2416 1711 accidere
2459 1654 2819 1710 necessarium
2862 1664 2979 1719 est;
3028 1661 3087 1708 ut
3132 1654 3254 1723 quia
3300 1653 3440 1707 scite
3470 1651 3574 1705 hoc
3611 1651 3769 1719 plura

2171 1750 2441 1820 signiﬁcat
2464 1748 2652 1819 (unum
2683 1747 2827 1801 enim
2860 1746 3138 1800 scientiam
3166 1745 3362 1799 habere
3390 1743 3511 1807 hoc,
3536 1741 3768 1797 alterum

462 1842 504 1900 si
529 1841 749 1899 omnino
783 1839 1015 1911 ignotius
1046 1837 1280 1909 positum
1312 1847 1393 1893 est
1446 1839 1718 1909 proprium
1749 1840 1890 1909 quod
1926 1838 2060 1892 assi-
2092 1832 2141 1901 Β
2168 1855 2344 1901 autem
2375 1845 2595 1900 sctentizt
2625 1845 2698 1898 uti
2723 1843 2844 1911 hoc,
2874 1842 3019 1900 aliud
3051 1858 3179 1899 vero
3213 1844 3487 1898 scientiam
3520 1856 3640 1897 esse
3670 1841 3770 1895 hu-

462 1938 669 2010 gnavit,
694 1937 784 1993 illo
812 1936 965 2009 cujus
996 1935 1275 2009 preprium
1306 1933 1459 1990 dixit.
1483 1933 1597 1989 Non
1625 1935 1770 1991 enim
1797 1934 1899 1989 erit
1923 1933 2061 1989 bene

463 2031 695 2102 positum
731 2029 1029 2105 proprium,
1072 2045 1194 2084 nam
1234 2039 1456 2101 propter
1499 2029 1739 2084 notitiam
1785 2029 2060 2100 proprium

463 2122 706 2180 iacimus.
762 2122 1009 2178 Discendi
1041 2121 1186 2178 enim
1215 2137 1398 2194 causa,
1428 2132 1482 2179 et
1515 2124 1808 2194 pr0prium,
1840 2131 1895 2179 et
1922 2123 2061 2178 deﬁ-

464 2214 700 2273 nitiones
742 2215 990 2272 iacimus.
1040 2215 1143 2272 Per
1186 2216 1396 2272 notiora
1442 2217 1608 2288 igitur
1650 2217 2058 2288 accipiendum:

465 2309 545 2366 sic
576 2309 719 2365 enim
752 2310 921 2380 magis
951 2307 1051 2365 erit
1093 2306 1425 2365 sufﬁcienter
1463 2324 1808 2381 cognoscere,
1840 2319 1899 2366 ut
1938 2310 2065 2382 puta

464 2399 552 2471 qui
587 2399 735 2470 ponit
785 2399 922 2471 ignis
971 2400 1247 2471 proprium
1299 2415 1419 2455 esse
1468 2401 1798 2487 simillimum]
1847 2402 2061 2472 animm,

465 2494 731 2566 ignotiore
753 2509 911 2565 quam
945 2494 1082 2566 ignis
1112 2495 1283 2549 utitur
1326 2493 1504 2549 anima
1557 2498 1750 2569 (magis
1780 2497 1924 2551 cnim
1956 2498 2067 2552 sci-

464 2600 585 2641 mus
614 2584 740 2655 quid
768 2594 849 2640 est
880 2586 1017 2655 ignis
1037 2600 1195 2656 quam
1225 2585 1350 2655 quid
1381 2588 1606 2655 anima),
1634 2602 1740 2642 non
1770 2589 1929 2659 igitur
1959 2590 2069 2644 erit

464 2674 605 2733 bene
650 2676 883 2745 positum
929 2677 1200 2746 proprium
1254 2678 1410 2746 ignis,
1458 2677 1794 2733 similiirnum
1846 2681 2066 2747 animae.

467 2769 625 2827 Aliud
670 2780 875 2838 autem,
924 2771 971 2826 si
1020 2787 1123 2827 non
1172 2772 1351 2827 notius
1399 2780 1482 2827 est
1536 2772 1638 2828 hoc
1685 2760 1811 2829 huic
1868 2774 2066 2830 inesse.

466 2862 691 2933 Oportet
717 2861 861 2921 enim
888 2877 994 2920 non
1029 2864 1205 2923 soium
1236 2864 1411 2920 notius
1439 2878 1559 2919 esse
1587 2879 1668 2931 re,
1701 2866 1796 2921 sed
1829 2866 1952 2921 huic
1982 2866 2069 2922 in-

466 2968 610 3021 esse.
637 2955 818 3012 notius
842 2970 963 3011 esse
987 2973 1002 3011 :
1030 2970 1152 3012 nam
1180 2957 1271 3027 qui
1299 2972 1405 3017 non
1432 2958 1533 3013 scit
1556 2957 1680 3014 huic
1706 2958 1864 3026 inest,
1895 2975 2071 3031 neque

468 3049 514 3106 si
541 3047 619 3105 illi
643 3049 741 3104 soli
772 3049 950 3106 notius
977 3050 1118 3106 ineat
1145 3050 1446 3119 cognoscit.
1476 3050 1657 3118 Quare
1686 3066 1809 3108 eum
1840 3054 2069 3124 quodvns

469 3137 662 3194 horum
706 3138 983 3205 occiderit,
1009 3138 1298 3199 obscurum
1323 3140 1380 3197 ﬁt
1404 3144 1704 3211 proprium,
1737 3157 1795 3198 ut
1824 3146 1945 3215 quia
1979 3145 2069 3215 qui

2161 1938 2271 2010 jus,
2316 1936 2458 1992 aliud
2501 1947 2679 1993 autem
2722 1938 2950 1993 scientia
2988 1937 3062 1993 uti
3105 1935 3321 2007 hujus),
3374 1952 3477 1992 non
3518 1936 3621 1990 erit
3650 1934 3771 2005 ejus

2166 2031 2305 2102 quod
2331 2038 2414 2086 est
2438 2033 2578 2087 scire
2605 2031 2727 2102 hoc,
2754 2030 2887 2087 bene
2912 2031 3238 2103 assignatum
3267 2030 3543 2102 proprium
3571 2029 3769 2101 ullum,

2169 2140 2272 2179 non
2320 2125 2675 2181 determinan
2748 2125 2902 2196 cujus
2969 2124 3158 2179 horum
3209 2124 3424 2196 ponitur
3467 2124 3770 2194 proprium.

2168 2215 2511 2274 Construenti
2558 2233 2706 2285 vero,
2756 2216 2800 2272 si
2847 2232 2951 2273 non
2997 2217 3193 2273 dicitur
3242 2216 3613 2287 multipliciter
3666 2218 3770 2273 hoc

2169 2308 2322 2378 cujus
2355 2308 2626 2380 proprium
2673 2307 2912 2381 ponitur,
2948 2308 3039 2364 sed
3080 2318 3165 2363 est
3209 2324 3371 2363 unum
3414 2317 3469 2363 et
3511 2308 3769 2377 simplex.

2172 2399 2290 2455 Erit
2331 2401 2475 2454 enim
2526 2399 2663 2455 bene
2702 2400 2934 2469 positum
2980 2396 3272 2455 secundum
3314 2399 3418 2455 hoc
3466 2400 3768 2471 proprium,

2172 2502 2228 2546 ut
2256 2492 2379 2563 quia
2408 2491 2571 2546 homo
2611 2492 2929 2562 simpliciter
2967 2492 3184 2560 dicitur,
3214 2493 3317 2548 erit
3352 2492 3493 2549 bene
3535 2495 3767 2561 positum

2171 2586 2463 2640 secundum
2494 2585 2594 2640 hoc
2622 2585 2852 2641 hominis
2880 2578 3175 2655 proprium,
3202 2586 3399 2641 animai
3425 2597 3768 2643 mansuetum

2172 2687 2379 2731 natura.
2430 2677 2630 2732 Deinde
2658 2678 2957 2734 destruenti
2987 2679 3225 2749 quidem,
3260 2680 3301 2733 si
3334 2679 3647 2749 frequenter
3684 2680 3769 2734 di-

2171 2781 2315 2825 ctum
2347 2782 2429 2827 est
2461 2770 2599 2825 idem
2635 2771 2687 2825 in
2720 2770 2937 2840 proprio
2969 2771 3135 2843 (sazpc
3165 2771 3305 2826 enim
3356 2771 3523 2827 latent
3562 2772 3664 2825 hoc
3693 2770 3768 2825 fa-

2171 2864 2374 2917 cientes
2400 2874 2453 2918 et
2480 2866 2530 2916 in
2562 2862 2812 2933 pr0priis,
2830 2863 3279 2933 quemadmodum
3313 2872 3367 2917 et
3394 2862 3447 2916 in
3476 2862 3767 2932 terminis),

2173 2971 2281 3009 non
2312 2954 2415 3009 erit
2442 2955 2578 3009 bene
2605 2956 2837 3024 positum
2879 2955 3021 3026 quod
3050 2953 3151 3010 hoc
3180 2955 3427 3020 sustinet,
3465 2956 3767 3025 proprium.

2171 3049 2472 3106 Conttttbat
2498 3049 2641 3107 enim
2660 3049 3000 3117 audientem,
3031 3051 3173 3121 quod
3208 3051 3517 3120 frequenter
3546 3051 3769 3117 dicitur,

2172 3143 2462 3199 obscurum
2503 3142 2665 3213 igitur
2703 3144 3069 3199 necessarium
3108 3152 3191 3200 est
3233 3142 3368 3209 ﬁeri,
3401 3154 3457 3199 et
3494 3152 3693 3214 preter
3716 3142 3770 3201 id

468 3228 620 3299 ponit
650 3228 787 3299 ignis
815 3231 1111 3301 proprium,
1146 3231 1199 3288 in
1230 3248 1337 3303 quo
1379 3236 1554 3304 primo
1599 3238 1774 3294 anima
1818 3247 1941 3295 nata
1986 3228 2143 3300 estC
2176 3240 2362 3309 nugari
2411 3237 2682 3294 ridentur.
2750 3238 2975 3295 Eveniet
3027 3248 3206 3293 autem
3259 3235 3572 3307 frequenter
3628 3237 3772 3294 idem

469 3332 613 3388 esse,
647 3318 912 3391 ignotiore
940 3321 1106 3401 utitur
1136 3339 1293 3394 quam
1333 3326 1403 3381 sit
1435 3328 1594 3398 ignis,
1625 3343 1692 3385 eo
1718 3331 1860 3400 quod
1910 3332 2064 3401 igno-

468 3411 573 3467 tins
600 3421 705 3479 est,
728 3413 857 3471 si'in
891 3413 993 3471 hoc
1018 3395 1109 3471 οσῖ
1137 3416 1337 3483 anima,
1369 3427 1426 3473 et
1448 3395 1497 3481 si
1526 3418 1578 3475 in
1611 3421 1714 3476 hoc
1736 3395 1916 3491 primo
1930 3395 2059 3491 'est;

467 3518 576 3561 non
619 3504 723 3563 erit
750 3505 931 3577 Itaque
959 3505 1098 3565 bene
1123 3509 1357 3580 positum
1379 3513 1653 3581 proprium
1685 3513 1844 3584 ignis,
1878 3515 1928 3571 in
1956 3533 2064 3587 quo

465 3595 640 3665 primo
676 3596 858 3655 anima
906 3606 1027 3655 nata
1071 3602 1335 3657 estesse.
1386 3602 1729 3660 Coustruenti
1773 3616 1974 3674 autem,
2017 3606 2063 3664 si

466 3703 561 3759 per
600 3690 811 3747 notiora
851 3693 1082 3760 positum
1113 3701 1197 3748 est
1236 3694 1532 3763 proprium,
1566 3705 1622 3752 et
1650 3698 1695 3751 si
1729 3698 1822 3767 per
1853 3700 2062 3756 notiora

464 3781 760 3839 secundum
790 3790 1077 3852 utrumque
1104 3784 1344 3840 modum.
1392 3786 1508 3843 Erit
1533 3788 1676 3844 enim
1710 3788 1846 3845 bene
1871 3804 2064 3846 secun-

466 3872 589 3929 dum
631 3873 733 3931 hoc
771 3874 1004 3943 positum
1050 3877 1358 3946 proprium,
1410 3894 1532 3935 nam
1573 3885 2059 3939 constructivorum

466 3967 707 4027 lucorum
730 3966 849 4039 ejus
876 3966 1019 4040 quod
1054 3968 1211 4034 bene,
1240 3970 1331 4025 alii
1386 3968 1601 4041 quidem
1634 3974 1930 4030 secundum
1960 3975 2062 4033 hoc

466 4059 664 4127 solum,
718 4062 809 4119 alii
864 4072 1047 4119 autem
1112 4062 1437 4134 simpliciter
1488 4068 1864 4124 monstrabunt
1918 4071 2062 4140 quod

466 4152 634 4221 bene,
670 4164 727 4217 ut
762 4156 884 4226 quia
918 4157 1011 4227 qui
1054 4156 1189 4212 dixit
1224 4156 1471 4214 animalis
1501 4161 1799 4229 proprium,
1843 4177 2060 4220 sensum

466 4246 686 4312 habere,
717 4263 815 4319 per
855 4252 1062 4306 notiora
1084 4292 1098 4317 ,
1149 4260 1205 4307 et
1242 4252 1421 4309 notius
1461 4254 1753 4326 assignavit
1784 4259 2060 4327 proprium

466 4340 757 4398 secundum
804 4351 1089 4414 utrumque
1139 4345 1392 4410 modum;
1446 4361 1614 4417 quare
1662 4349 1769 4403 erit
1796 4348 1935 4405 bene
1973 4364 2062 4406 as-

465 4434 731 4501 signatum
764 4435 1056 4495 secundum
1085 4434 1206 4505 hoe,
1228 4437 1481 4494 animalis
1507 4439 1807 4508 proprium,
1839 4455 2060 4498 sensum

2169 3331 2350 3387 dicere
2378 3331 2592 3387 duobus
2618 3331 2794 3387 modis
2826 3349 2840 3384 :
2876 3346 2983 3387 uno
3010 3330 3232 3401 quidem
3270 3329 3487 3400 quando
3532 3333 3773 3386 ιιοηιὶοι·

2169 3426 2307 3481 verit
2336 3426 2646 3497 frequenter
2672 3426 2834 3491 idem,
2867 3435 2926 3481 ut
2960 3424 3008 3480 si
3046 3427 3167 3496 quis
3208 3425 3485 3495 proprium
3534 3426 3773 3497 assignas

2169 3521 2339 3592 ignis;
2374 3534 2571 3592 corpus
2604 3519 2977 3576 tenuissimum
3015 3532 3328 3590 corporum,
3361 3519 3450 3574 hic
3481 3519 3627 3574 enim
3662 3519 3774 3573 ire-

2166 3623 2394 3684 quenter
2427 3614 2562 3670 dixit
2587 3628 2805 3685 corpus.
2870 3612 3121 3669 Secundo
3149 3620 3353 3677 autem,
3383 3611 3430 3666 si
3458 3613 3586 3682 quia
3615 3626 3769 3666 assu-

2166 3718 2279 3762 mat
2305 3709 2578 3762 orationes
2601 3719 2698 3777 pro
2725 3704 3055 3776 nominibus,
3085 3713 3141 3760 ut
3170 3706 3215 3759 si
3244 3703 3367 3774 quis
3392 3702 3584 3758 reddat
3613 3711 3775 3758 terra

2168 3802 2473 3871 proprium,
2520 3798 2875 3857 substantiam
2916 3814 3037 3870 quas
3076 3798 3309 3853 maxime
3348 3811 3639 3867 corporum
3679 3809 3772 3852 se.

2166 3895 2403 3950 cundum
2431 3904 2676 3949 naturam
2710 3893 2880 3950 fertur
2910 3895 2963 3948 in
3000 3891 3309 3948 inferiorem
3341 3880 3544 3958 locum,
3576 3889 3777 3946 deinde

2165 3999 2403 4047 assumat
2467 4004 2566 4060 pro
2625 3989 2980 4060 corporibus,
3049 3986 3352 4060 hujnsmodi
3414 3986 3775 4054 substantias,

2164 4100 2327 4141 unum
2354 4084 2497 4139 enim
2532 4093 2586 4141 et
2610 4084 2752 4141 idem
2779 4094 2860 4141 est
2880 4098 3094 4155 corpus,
3118 4092 3173 4139 et
3193 4081 3499 4153 hujusmodi
3522 4083 3778 4136 substan-

2163 4178 2267 4243 tia;
2299 4177 2404 4232 erit
2432 4189 2564 4247 ergo
2595 4175 2697 4232 hoc
2726 4175 2886 4231 modo
2929 4176 3225 4231 substantia
3264 4174 3579 4244 frequenter
3606 4172 3776 4241 dicta,

2162 4287 2332 4345 quare
2372 4281 2618 4328 neutrum
2658 4272 2764 4328 erit
2806 4271 2943 4328 bene
2992 4272 3223 4342 positum
3276 4270 3581 4341 proprium.
3625 4267 3774 4323 Con-

2164 4368 2391 4424 struenti
2418 4381 2571 4435 vero,
2606 4366 2650 4422 si
2678 4366 2823 4422 nullo
2855 4366 3026 4422 utitur
3064 4366 3374 4436 frequenter
3412 4361 3638 4416 nomine
3681 4372 3779 4416 eos

2162 4458 2308 4516 dem.
2345 4460 2462 4515 Erit
2487 4460 2630 4515 enim
2659 4459 2954 4516 secundum
2987 4458 3089 4514 hoc
3120 4458 3258 4515 bene
3284 4456 3617 4528 assignatum
3648 4467 3776 4525 pro-

464 4528 684 4626 !tabcre.
720 4528 921 4585 Deinde
940 4528 1238 4586 destruentt
1269 4532 1511 4602 quidem.
1535 4531 1579 4587 si
1602 4533 1743 4602 quod
1767 4534 2056 4626 nominum
2088 4618 2131 4626 Α
2164 4555 2371 4624 prium,
2414 4563 2469 4609 υι
2504 4554 2626 4625 quia
2656 4554 2749 4626 qui
2780 4553 2922 4609 di,"
2951 4534 3185 4609 ιιοηιίηίε
3222 4550 3534 4623 proprium,
3565 4546 3772 4604 ,ηίηηι

464 4638 599 4719 ηιιξυ·
629 4624 680 4719 in
721 4625 936 4695 Ιπυῐπίο
966 4636 1090 4719 "illi
1120 4626 1389 4719 assistmla
1416 4624 1806 4719 γηὶυΙιῘΡΙωίιέτ
1844 4628 2058 4697 diem".
2088 4618 2468 4719 Ddisciplina:
2522 4618 2922 4717 susce'ptivum,
2974 4661 3078 4700 non
3140 4618 3270 4699 usus
3320 4618 3401 4699 est
3457 4640 3777 4712 frequenter

463 4712 548 4769 vei
577 4714 737 4770 etiam
767 4724 877 4770 tota
906 4715 1080 4775 oratio
1111 4718 1260 4787 plura
1290 4718 1576 4789 signiﬁcat.
1634 4720 1747 4777 Non
1776 4722 1920 4777 enim
1961 4724 2065 4779 erit

463 4809 602 4869 bene
639 4809 871 4880 positum
910 4811 1206 4881 proprium,
1247 4819 1305 4866 ut
1345 4814 1596 4883 quoniam
1644 4813 1850 4869 sentire
1896 4816 2063 4872 multa

464 4902 765 4975 signiﬁcat,
815 4919 980 4960 unum
1029 4905 1246 4975 quidem
1298 4920 1518 4963 sensum
1573 4907 1774 4964 habere
1830 4908 2062 4967 alterum

463 5006 643 5052 autem
672 5012 892 5053 sensum
923 4998 1037 5063 uti;
1080 5013 1188 5053 non
1215 4998 1322 5054 erit
1347 5001 1592 5055 animalis
1622 5001 1901 5072 proprium
1929 5004 2065 5060 bene

468 5088 696 5159 positum
739 5090 884 5161 quod
930 5098 1115 5145 natum
1160 5099 1245 5146 est
1289 5092 1513 5149 sentire.
1572 5094 1910 5166 Quapropter
1952 5111 2061 5152 non

467 5183 721 5240 utendum
760 5194 864 5251 est,
898 5198 1072 5255 neque
1099 5186 1334 5253 nomine,
1367 5188 1509 5259 quod
1539 5189 1902 5260 multipliciter
1929 5190 2065 5247 diei-

467 5284 574 5342 tur,
604 5290 780 5347 neque
805 5278 1069 5343 oratione,
1095 5290 1219 5348 quis
1252 5278 1401 5349 plura
1441 5280 1735 5350 signiﬁcet,
1768 5283 1895 5353 quia
1922 5282 2063 5352 quod

467 5370 833 5440 multipliciter
856 5371 1073 5438 dicitur,
1103 5371 1391 5429 obscurum
1420 5373 1545 5430 facit
1567 5376 1710 5446 quod
1734 5376 1935 5432 dictum
1955 5387 2061 5447 est,

466 5463 747 5519 dubitante
783 5478 851 5518 eo
878 5464 969 5534 qui
999 5464 1162 5520 debet
1195 5468 1594 5538 argumentari,
1628 5468 1900 5537 qtitodnam
1929 5469 2062 5528 dicit

466 5573 654 5617 eorum
698 5573 822 5630 quae
863 5561 1235 5632 multipliciter
1284 5562 1558 5632 dicuntur,
1607 5579 1731 5622 nam
1781 5569 2059 5638 proprium

466 5655 710 5711 discendi
742 5657 913 5727 gratia
952 5659 1274 5731 assignatur.
1344 5660 1589 5730 A'mplius
1630 5668 1806 5716 autem
1847 5663 1910 5716 ad
1959 5661 2065 5720 hoc

469 5746 835 5802 necessarium
857 5755 942 5803 est
967 5749 1400 5819 redargutionem
1429 5750 1660 5821 aliquam
1690 5751 1804 5807 ﬁeri
1834 5768 1953 5808 cum
1985 5755 2065 5810 sie

472 5837 749 5906 assignant
782 5838 1058 5909 proprium
1079 5882 1092 5905 ,
1126 5843 1340 5913 quando
1378 5843 1432 5900 in
1463 5843 1763 5901 dissidente
1802 5845 2065 5929 quispiam

2169 4740 2359 4795 eodem
2402 4738 2649 4803 nomine,
2678 4739 2781 4794 erit
2810 4739 2996 4808 utique
3038 4735 3334 4792 secundum
3366 4733 3470 4789 hoc
3501 4733 3644 4789 bene
3683 4744 3778 4785 as-

2170 4831 2438 4899 signatum
2482 4829 2715 4885 hominis
2746 4831 3045 4900 proprium.
3080 4827 3287 4884 Deinde
3313 4824 3620 4883 deatruenti
3655 4824 3778 4894 qui-

2170 4923 2325 4988 dem,
2380 4921 2427 4977 si
2477 4922 2579 4977 tale
2620 4922 2821 4994 aliquid
2861 4922 3154 4992 assignavit
3198 4922 3251 4974 in
3290 4918 3506 4991 proprio
3552 4932 3778 4984 nomen,

2171 5014 2313 5086 quod
2362 5014 2614 5070 omnibus
2661 5015 2806 5069 insit.
2861 5012 3051 5068 Inutile
3094 5012 3242 5067 enim
3287 5014 3412 5076 erit,
3459 5010 3605 5080 quod
3667 5026 3780 5065 non

2170 5112 2384 5177 separat
2412 5107 2479 5161 ab
2519 5106 2728 5176 aliquo,
2771 5104 2912 5177 quod
2950 5113 3128 5159 autem
3171 5103 3224 5158 in
3270 5101 3505 5173 propriis
3549 5100 3777 5163 dicitur,

2168 5214 2419 5270 separare
2445 5206 2676 5268 oportet,
2705 5196 3151 5270 quemadmodum
3177 5203 3232 5251 et
3255 5210 3377 5275 quae
3405 5195 3460 5250 in
3494 5194 3779 5257 terminis;

2167 5307 2275 5347 non
2314 5292 2474 5363 igitur
2512 5291 2613 5347 erit
2655 5292 2790 5347 bene
2833 5289 3061 5360 positum
3100 5286 3407 5357 preprium,
3441 5294 3502 5340 ut
3530 5286 3654 5354 quin
3689 5285 3780 5350 qni

2171 5388 2347 5458 posuit
2381 5387 2624 5445 scientia)
2654 5385 2928 5455 proprium
2958 5382 3267 5455 Opinionem
3310 5378 3778 5435 indissuasibilcm

2171 5496 2201 5537 a
2226 5480 2458 5551 ratione,
2487 5495 2649 5535 unum
2679 5479 2940 5544 existens,
2963 5477 3053 5533 tali
3080 5476 3261 5547 aliquo
3286 5488 3417 5529 usus
3438 5482 3525 5529 est
3556 5472 3778 5544 proprio

2172 5573 2324 5645 (uno,
2363 5571 2605 5643 inquam)
2637 5571 2777 5641 quod
2806 5569 3056 5625 omnibus
3098 5568 3260 5633 inesr,
3293 5580 3399 5622 non
3448 5564 3554 5621 erit
3593 5562 3776 5631 utiqne

2168 5658 2309 5719 bene
2340 5664 2571 5735 positum
2596 5663 2837 5719 scicntia:
2868 5661 3168 5732 proprium.
3198 5657 3472 5714 Astruenti
3496 5667 3696 5719 autem,
3724 5653 3772 5710 si

2173 5755 2321 5811 nullo
2351 5771 2478 5811 usus
2507 5764 2590 5812 est
2615 5755 2908 5821 communi,
2937 5755 3030 5810 sed
3058 5752 3196 5823 quod
3227 5751 3296 5805 ab
3324 5750 3507 5821 aliquo
3536 5756 3769 5820 separat,

2174 5849 2278 5906 erit
2314 5849 2451 5904 bene
2485 5850 2720 5913 positum
2767 5847 3057 5904 secundum
3092 5847 3195 5900 hoc
3225 5844 3530 5917 proprium,
3564 5850 3620 5898 ut
3647 5842 3771 5915 quia
