4064 6336
282 354 384 415 957

1016 290 1027 295 ”
1125 368 1134 376 .
1186 312 1581 385 TOPICOBUM
1620 310 2084 378 ARISTOTELIS
2123 308 2708 370 INTERPRETATIO.

3482 311 3590 366 958

283 470 377 540 qui
402 464 544 521 dixit
586 456 836 515 animalis
880 452 1157 526 proprium
1204 448 1440 501 animam
1470 441 1691 505 habere,
1739 432 1889 540 nullo
1920 428 2211 536 Adicetnr
2240 444 2463 540 nomen,
2492 442 2661 500 quare
2706 441 2823 540 nun.
2853 428 2957 484 erit
2996 427 3137 484 bene
3184 430 3417 498 positum
3461 442 3590 498 pro-

283 530 414 617 usus
441 566 525 615 est
551 551 859 614 communi,
890 546 993 603 erit
1022 542 1317 600 secundum
1350 538 1451 592 hoc
1484 536 1618 590 bene
1650 530 1885 604 positum

284 650 562 726 proprium
576 642 843 708 animalis,
866 640 1101 695 animam
1129 635 1345 691 habere.
1370 627 1570 685 Deinde
1591 621 1888 682 destruenti
1914 660 1917 665 .

284 720 526 822 quidem,
556 745 602 798 si
630 740 781 812 plura
812 734 1027 808 propria
1057 731 1295 801 assignat
1342 724 1760 822 ejusdem,_nou
1791 720 1889 773 de-

284 815 581 900 terminans
612 831 754 906 quod
788 832 938 902 plura
972 827 1146 897 ponit.
1175 822 1290 877 Non
1326 819 1469 875 enim
1490 815 1594 902 erit
1625 815 1762 870 bene
1793 824 1891 882 po-

284 938 447 991 situtn
490 927 796 1001 proprium;
831 935 952 978 nam
982 912 1435 990 quemadmodum
1477 924 1577 965 nec
1616 909 1668 962 in
1704 906 1888 1001 termi-

286 1029 372 1083 nis
410 998 624 1093 oportet
674 1025 868 1088 prater
915 1026 1033 1068 eam
1081 1010 1224 1082 (qua:
1266 1004 1465 1061 indicat
1507 998 1887 1067 substantiam)

283 1092 586 1177 orationem
643 1110 937 1181 adiungere
984 1102 1259 1174 quidpiam
1304 1095 1633 1169 plusculum,
1681 1092 1759 1147 sic
1787 1104 1888 1145 nec

284 1212 343 1269 in
387 1206 618 1281 propriis
670 1206 867 1273 praater
905 1211 1024 1252 eam
1056 1197 1199 1267 (quae
1250 1191 1376 1246 facit
1425 1187 1697 1281 proprium
1745 1182 1887 1281 quod

286 1275 498 1358 dictum
541 1295 645 1365 est)
706 1291 1004 1347 nrationetu
1063 1285 1352 1356 quidquam
1408 1275 1883 1348 coasslgnsndum.

284 1394 480 1455 Inutile
509 1392 651 1446 enim
685 1388 746 1442 iit
781 1380 1069 1456 ejusmodi,
1099 1388 1156 1433 ut
1186 1378 1305 1448 quia
1336 1376 1424 1446 qui
1448 1372 1583 1427 dixit
1612 1371 1885 1441 proprium

286 1492 448 1563 ignis,
488 1483 861 1542 tenuissimum
903 1485 959 1533 et
1006 1471 1361 1537 levissimum,
1396 1469 1544 1539 plura
1593 1464 1887 1535 assignavit

285 1562 508 1655 promta
566 1579 880 1649 (utrumque
932 1568 1075 1624 enim
1124 1566 1191 1620 de
1220 1563 1337 1618 solo
1390 1562 1513 1633 igne
1569 1573 1752 1613 verum
1804 1564 1887 1610 est

287 1651 517 1745 dicere),
550 1686 653 1725 non
685 1667 785 1723 erit
816 1664 952 1719 bene
981 1661 1216 1732 positum
1259 1654 1528 1727 proprium
1574 1651 1733 1721 ignis,
1765 1663 1887 1704 cor-

286 1784 390 1842 pus
414 1741 825 1823 subtilissimum
880 1764 934 1811 et
964 1752 1318 1810 levissimum.
1375 1744 1650 1802 Astrnenti
1679 1757 1807 1799 vero
1836 1741 1885 1795 si

1995 523 2194 595 prium.
2229 523 2473 593 Amplius
2502 534 2683 580 autem
2711 523 2779 580 ad
2810 525 2960 591 haec,
2993 539 3164 595 neque
3189 525 3404 596 quando
3444 530 3594 597 quis-

1994 630 2155 686 quam
2191 616 2550 686 assignaverit
2576 617 2876 687 proprium,
2908 618 3012 673 erit
3041 618 3383 673 manifestum
3415 619 3458 672 si
3500 619 3591 673 in-

1994 715 2101 774 est,
2123 707 2391 779 siquidem
2422 709 2529 764 tale
2551 717 2655 778 est,
2687 719 2745 765 ut
2764 710 2906 781 quod
2935 711 3109 778 ipsum
3138 710 3442 780 relinquere
3468 725 3594 780 pos-

1993 800 2092 867 sit;
2110 816 2213 856 nou
2237 799 2398 871 igitur
2425 801 2523 855 erit
2557 803 2763 857 clarum
2794 815 2916 858 esse
2939 786 3247 873 proprium,
3272 809 3330 856 ut
3354 804 3478 872 quia
3500 802 3591 873 qui

1994 892 2176 961 posuit
2224 891 2472 947 animalis
2522 892 2796 963 proprium
2848 894 3053 949 moveri
3100 892 3460 963 quandoque,
3503 892 3592 948 vel

1993 999 2142 1046 stare
2173 992 2295 1057 tale,
2326 991 2683 1062 assignaverit
2708 993 2985 1062 proprium
3014 992 3155 1064 quod
3188 990 3246 1047 fit
3269 993 3593 1063 quandoque

1994 1099 2103 1141 non
2145 1085 2455 1156 proprium,
2492 1100 2829 1157 nequaquam
2872 1086 2974 1141 erit
3016 1087 3152 1165 bene
3195 1088 3427 1157 positum
3471 1104 3594 1156 pro-

1934 1178 1943 1189 '
1992 1178 2193 1248 prium.
2223 1177 2503 1234 Astruenti
2550 1193 2701 1243 vero,
2733 1178 2777 1232 si
2805 1179 2943 1249 quod
2982 1194 3046 1236 ex
3092 1181 3415 1236 necessitate
3450 1195 3593 1235 sem-

1995 1284 2095 1340 per
2125 1278 2230 1339 est,
2263 1271 2536 1340 proprium
2578 1270 2955 1342 assignaverit.
2988 1269 3102 1325 Erit
3142 1272 3283 1327 enim
3326 1271 3461 1325 bene
3499 1285 3593 1337 ρος

1993 1361 2154 1417 situm
2200 1362 2495 1417 secundum
2532 1363 2633 1417 hoc
2679 1364 2979 1432 proprium,
3029 1372 3087 1417 ut
3134 1364 3257 1434 quia
3290 1364 3380 1433 qui
3416 1366 3593 1433 posuit

1992 1454 2206 1509 virtutis
2239 1455 2513 1524 proprium
2561 1453 2702 1526 quod
2751 1453 3039 1510 habentem
3092 1454 3215 1512 facit
3262 1453 3586 1525 studios’um,

1991 1549 2132 1620 quod
2164 1564 2379 1616 semper
2405 1550 2669 1620 sequitur,
2701 1546 2976 1620 proprium
3001 1550 3328 1620 assignavit;
3358 1550 3460 1604 erit
3487 1550 3589 1604 nti-

1992 1658 2100 1712 que
2141 1643 2433 1697 secundum
2494 1642 2597 1698 hoc
2645 1642 2782 1697 bene
2831 1642 3163 1712 assignatum
3213 1642 3425 1697 virtutis
3466 1658 3589 1713 pro-

1994 1735 2191 1803 prium.
2226 1735 2424 1790 Deinde
2456 1734 2756 1790 destruenti
2784 1735 3024 1805 quidem,
3058 1736 3100 1790 si
3131 1735 3270 1806 quod
3303 1750 3443 1790 nunc
3476 1753 3590 1805 pro.

287 1813 396 1922 {mn
451 1862 601 1932 plura
634 1853 876 1926 ejusdem
908 1848 1125 1921 propria
1176 1842 1488 1914 assignavit,
1545 1837 1639 1893 sed
1692 1851 1876 1891 unum.
1915 1813 1965 1873 Β
1994 1830 2171 1899 prium
2201 1836 2283 1885 est
2321 1830 2621 1899 assignans,
2670 1842 2777 1883 non
2824 1827 3265 1883 determinaverit
3309 1829 3450 1898 quod
3481 1842 3587 1882 non

286 1959 406 2021 Erit
436 1931 580 2015 enim
614 1948 909 2008 secundum
937 1946 1039 1998 huc
1068 1943 1203 1996 bene
1233 1935 1461 2008 positum
1497 1931 1795 2004 proprium,
1824 1938 1884 1983 ιιι

285 2055 411 2126 quia
462 2048 554 2123 qui
602 2045 737 2101 dixit
785 2037 988 2097 humidi
1039 2033 1337 2106 proprium,
1395 2040 1591 2097 corpus
1635 2023 1776 2126 quod
1827 2023 1881 2076 iu

286 2117 505 2204 omnem
548 2140 770 2211 ﬁguram
796 2130 1039 2199 ducitur,
1073 2140 1238 2182 unum
1268 2121 1560 2205 assignavit
1585 2117 1881 2190 proprium,

286 2249 344 2297 et
375 2251 482 2293 non
532 2209 707 2304 plura,
740 2226 844 2283 erit
872 2220 1173 2278 secundum
1213 2216 1315 2271 hoc
1355 2215 1492 2269 bene
1526 2212 1758 2282 positum
1786 2209 1885 2261 hu-

286 2329 421 2390 midi
453 2301 750 2398 proprium.
786 2315 987 2373 Deinde
1013 2310 1308 2370 destruenti
1337 2307 1575 2378 quidem,
1606 2303 1649 2358 si
1693 2301 1883 2356 eodem

286 2436 422 2481 usus
449 2418 706 2487 estcuius
737 2411 1013 2485 proprium
1043 2405 1352 2477 assignavit,
1407 2410 1498 2455 attt
1547 2413 1734 2453 eurum
1765 2411 1886 2468 qua:

287 2522 421 2573 sunt
446 2510 593 2568 illius
635 2508 837 2577 aliquo.
870 2502 986 2557 Non
1016 2500 1159 2557 enim
1199 2495 1300 2553 erit
1334 2494 1469 2549 bene
1500 2492 1730 2562 positum
1766 2502 1887 2556 pro-

286 2607 492 2679 prium,
542 2616 667 2657 nam
721 2595 965 2653 discendi
1013 2591 1180 2664 gratia
1231 2588 1537 2657 assignatur
1582 2580 1884 2679 proprium,

288 2677 436 2755 idem
472 2703 651 2751 autem
683 2689 859 2748 eidem
901 2684 1152 2741 similiter
1182 2682 1420 2752 ignotum
1469 2686 1588 2744 est,
1623 2677 1672 2730 id
1706 2682 1885 2741 autem

288 2788 437 2861 quod
482 2784 681 2855 aliquid
728 2795 917 2838 eurum
950 2786 1033 2834 est
1060 2790 1182 2848 quae
1224 2780 1349 2828 sunt
1396 2771 1534 2840 ejus,
1580 2766 1884 2840 pOSterius;

288 2899 403 2941 non
436 2882 599 2952 igitur
641 2886 723 2933 est
755 2874 953 2937 notius,
983 2885 1151 2943 quare
1181 2884 1288 2923 non
1318 2866 1376 2921 iit
1402 2873 1457 2919 ut
1488 2879 1582 2936 per
1610 2863 1713 2917 hoc
1742 2860 1888 2933 quis-

152 3022 163 3029 .
248 3030 249 3033 η
290 2990 456 3045 quam
498 2978 667 3042 magis
712 2966 986 3039 quidpiam
1033 2963 1227 3028 discat,
1256 2970 1315 3017 ut
1340 2959 1460 3029 quia
1493 2958 1583 3030 qui
1613 2955 1747 3011 dixit
1774 2954 1889 3009 sni-

287 3068 457 3124 malis
478 3065 778 3139 prnpritnn,
800 3059 1154 3117 substantiam
1183 3055 1334 3126 cujus
1361 3052 1568 3125 species
1589 3060 1673 3106 est
1702 3048 1888 3115 homo,

290 3162 479 3230 aliquo
507 3171 636 3213 usus
677 3165 753 3212 est
806 3167 991 3209 eorum
1041 3164 1159 3221 qua;
1188 3156 1312 3203 sunt
1340 3143 1611 3211 animalis,
1646 3158 1752 3197 non
1783 3142 1888 3197 erit

1988 1922 2265 1991 propritnn
2295 1921 2557 1991 assignat.
2596 1919 2712 1976 Non
2737 1919 2880 1975 enim
2909 1922 3014 1975 erit
3036 1919 3173 1975 bene
3205 1919 3438 1990 positum
3470 1916 3613 1987 pro?

1990 2012 2192 2081 prium.
2235 2013 2469 2082 primum
2503 2012 2721 2082 quidem
2753 2013 2877 2081 quia
2906 2010 3047 2079 quod
3083 2021 3277 2082 prmter
3302 2021 3591 2065 consuetu-

1988 2103 2171 2159 dinem
2199 2103 2257 2157 iit
2281 2118 2464 2171 omne,
2496 2118 2712 2174 semper
2745 2102 3195 2160 determinatione
3244 2103 3468 2172 indiget,
3502 2116 3590 2157 so-

1989 2197 2104 2252 lent
2132 2206 2311 2252 autem
2343 2206 2399 2252 ut
2430 2198 2719 2267 plurimum
2749 2211 2960 2264 omnes,
2992 2195 3134 2267 quod
3166 2210 3382 2265 semper
3407 2194 3586 2264 sequi-

1928 2316 1939 2321 -
1990 2299 2078 2345 tur
2103 2292 2376 2361 preprium
2400 2291 2715 2361 assignare;
2747 2289 2986 2345 secundo
3014 2297 3215 2354 autem,
3241 2289 3364 2359 quia
3398 2288 3589 2350 imma-

1988 2382 2249 2437 niiestum
2276 2389 2360 2437 est
2384 2382 2510 2450 quia
2544 2395 2650 2437 non
2690 2379 3153 2444 determinaverit,
3195 2379 3242 2434 si
3269 2378 3410 2450 quod
3442 2392 3586 2440 nunc

1990 2484 2075 2532 est
2102 2476 2377 2546 proprium
2424 2474 2656 2530 voluerit
2679 2489 2900 2546 ponere.
2947 2472 3063 2530 Non
3105 2473 3264 2544 igitur
3293 2471 3469 2529 danda
3507 2481 3593 2528 est

1989 2569 2380 2639 objurgationis
2408 2567 2646 2634 occasio,
2682 2574 2733 2621 ιιι
2766 2567 2887 2637 quia
2914 2569 3001 2637 qui
3027 2567 3204 2637 posuit
3224 2563 3452 2635 alicujus
3480 2565 3584 2620 ho-

1991 2662 2157 2718 minis
2203 2662 2479 2732 proprium
2527 2659 2719 2717 sedere
2760 2674 2881 2715 cum
2931 2660 3115 2730 aliquo
3170 2658 3407 2723 homine,
3438 2656 3584 2727 quod

1991 2769 2136 2810 nunc
2171 2757 2446 2825 proprium
2477 2764 2559 2810 est
2590 2754 2795 2822 posuit,
2828 2766 2933 2808 non
2968 2753 3105 2806 bene
3137 2750 3413 2821 proprium
3454 2748 3584 2803 assi-

1990 2846 2195 2917 gnabit,
2229 2846 2276 2901 si
2307 2861 2414 2901 non
2446 2846 2817 2902 determinsns
2846 2842 3042 2899 dixerit
3081 2843 3223 2914 quod
3259 2856 3418 2897 nunc.
3446 2838 3589 2896 Con-

1991 2936 2222 2991 struenti
2254 2946 2456 3003 autem,
2479 2938 2523 2991 si
2550 2950 2692 2991 nune
2723 2936 2999 3006 proprium
3027 2935 3306 3005 assignans
3328 2932 3590 2988 determi-

1991 3037 2173 3091 nando
2202 3036 2417 3102 posuit,
2447 3035 2590 3105 quod
2637 3048 2780 3089 nunc
2831 3034 3110 3104 proprium
3160 3029 3419 3099 posuerit.
3471 3027 3595 3087 Erit

1995 3139 2138 3192 enim
2169 3136 2305 3192 bene
2336 3136 2568 3207 positum
2599 3132 2899 3191 secundum
2925 3135 3025 3189 hoc
3051 3131 3350 3204 proprium,
3376 3135 3439 3185 ut
3466 3128 3596 3199 quia

291 3202 439 3310 ben'e
455 3250 688 3323 positum
721 3237 1376 3317 |=roprittm.Constrttetttl
1406 3248 1609 3301 autem,
1634 3235 1677 3289 si
1711 3248 1888 3304 neque
1913 3202 1966 3269 θ
1996 3235 2088 3308 qui
2139 3236 2273 3291 dixit
2334 3234 2615 3306 cujusdam
2688 3234 2922 3290 hominis
2971 3233 3244 3303 proprium
3316 3229 3598 3285 ambulare

294 3344 512 3407 eodem,
542 3356 718 3412 neque
747 3352 933 3393 eorum
983 3350 1102 3405 qua:
1145 3338 1271 3387 sunt
1300 3330 1468 3400 ipsius
1496 3330 1677 3398 aliquo
1705 3327 1890 3382 utitur.

294 3436 418 3494 Erit
449 3436 592 3492 enim
620 3434 757 3488 bene
784 3427 1081 3505 secundum
1113 3424 1217 3480 hoc
1249 3426 1480 3494 positum
1512 3419 1809 3490 proprium,
1837 3424 1896 3472 ut

296 3530 421 3603 quia
451 3528 540 3601 qui
572 3526 749 3599 posuit
780 3520 1027 3578 animalis
1065 3517 1345 3589 prOprium
1379 3529 1449 3570 ex
1482 3514 1658 3567 anima
1690 3519 1744 3565 et
1770 3524 1896 3565 eor-

296 3641 434 3698 pore
464 3621 819 3692 compositum
848 3631 992 3681 esse,
1019 3627 1193 3681 neque
1214 3626 1400 3667 eorum
1426 3624 1547 3680 qum
1572 3614 1697 3662 sunt
1729 3607 1896 3676 ipsius

297 3720 484 3791 aliquo
508 3731 636 3773 usus
661 3724 745 3770 est
771 3730 784 3767 :
816 3711 921 3767 erit
961 3709 1145 3780 utique
1178 3708 1315 3761 bene
1345 3700 1642 3758 secundum
1678 3702 1778 3754 hoc
1810 3713 1897 3753 ss-

297 3816 572 3884 signatum
601 3807 848 3863 animalis
878 3802 1175 3874 proprium.
1205 3798 1408 3854 Eodem
1440 3804 1619 3851 autem
1653 3793 1815 3849 modo
1844 3800 1897 3848 et

301 3906 360 3962 in
386 3903 505 3960 aliis
534 3898 982 3965 considerandum
1014 3902 1099 3951 est
1124 3906 1368 3963 quamam
1416 3906 1524 3944 non
1551 3888 1750 3943 iaciunt
1808 3892 1899 3940 aut

301 3994 505 4052 faciunt
531 3993 731 4047 notius.
760 3986 1064 4044 Destruenti
1088 3984 1325 4056 quidem,
1351 3983 1393 4037 si
1426 3982 1604 4051 aliquo
1636 3993 1764 4033 usus
1792 3988 1894 4043 est,

303 4097 399 4144 aut
418 4086 688 4159 apposito,
736 4093 827 4139 aut
868 4082 1089 4136 omnino
1138 4078 1299 4135 simul
1352 4086 1563 4139 natura,
1598 4083 1689 4128 aut
1720 4078 1900 4141 poste-

302 4183 453 4240 riore
480 4181 683 4251 aliquo.
719 4180 831 4233 Non
866 4176 1007 4231 cuitu
1048 4174 1151 4229 erit
1177 4172 1313 4228 bene
1342 4172 1569 4239 positum
1598 4168 1899 4237 preprittm,

304 4289 432 4330 nam
465 4272 770 4343 oppositum
799 4268 957 4323 simul
986 4276 1196 4327 natura,
1228 4264 1369 4333 quod
1402 4270 1581 4315 autem
1612 4259 1772 4321 simul
1808 4273 1902 4310 na-

303 4377 451 4433 tura,
481 4376 532 4421 et
578 4362 868 4436 posterius,
919 4375 1023 4413 nou
1068 4357 1232 4413 eiiicit
1279 4355 1477 4418 netius,
1531 4358 1590 4406 ut
1636 4350 1761 4422 quia
1809 4349 1900 4416 qui

305 4460 447 4518 dixit
474 4459 602 4516 boni
636 4456 908 4527 proprium
950 4451 1090 4524 quod
1134 4450 1277 4504 maio
1320 4447 1553 4501 maxime
1583 4444 1892 4515 opponitur,

305 4554 560 4629 opposito
594 4556 679 4605 est
714 4562 841 4605 usus
866 4544 1016 4611 boni,
1048 4558 1152 4598 non
1180 4542 1282 4596 erit
1324 4536 1567 4609 profecto
1594 4535 1731 4591 bene
1762 4534 1899 4589 assi-

305 4654 530 4721 gnatum
575 4643 703 4700 boni
734 4641 1028 4713 proprium.
1062 4633 1410 4692 Coustrucnti
1439 4641 1642 4697 autem,
1670 4630 1716 4685 si
1751 4629 1901 4685 nullo

307 4755 444 4796 usus
468 4748 551 4795 est
590 4751 764 4807 neque
802 4734 1083 4804 opposito,
1129 4745 1304 4802 neque
1342 4730 1564 4783 omnino
1602 4724 1765 4782 simul
1805 4737 1901 4780 na-

306 4844 466 4899 tura,
502 4844 675 4901 neque
704 4825 1045 4897 posteriore.
1101 4824 1216 4879 Erit
1267 4822 1410 4877 enim
1456 4819 1749 4877 secundum
1801 4816 1902 4873 hoc

309 4928 455 4984 bene
478 4915 805 4994 assignatum
849 4921 1147 4990 proprium,
1178 4927 1234 4973 ut
1263 4917 1385 4987 quia
1418 4916 1507 4986 qui
1533 4917 1711 4985 posuit
1733 4912 1900 4969 disci-

311 5023 474 5093 plina!
498 5018 789 5090 proptium,
815 5015 1123 5084 Opinionem
1151 5012 1383 5066 maxime
1408 5008 1693 5064 facientem
1718 5008 1901 5072 iidem,

308 5113 465 5172 nullo
492 5124 622 5167 usus
656 5118 738 5164 est
765 5120 939 5177 neque
973 5104 1242 5177 opposito,
1277 5117 1450 5172 neque
1480 5104 1705 5157 omnino
1736 5099 1900 5155 simul

307 5217 525 5272 natura,
558 5215 732 5275 neque
763 5201 1083 5272 posteriore,
1132 5197 1233 5252 erit
1284 5194 1579 5251 secundum
1629 5194 1730 5248 hoc
1769 5194 1905 5248 bene

308 5306 546 5377 positum
616 5299 913 5368 disciplinae
980 5293 1275 5367 proprium.
1340 5292 1547 5346 Deinde
1602 5289 1904 5346 destruenti

307 5397 553 5470 quidem.
585 5393 631 5450 si
667 5409 772 5448 non
800 5390 941 5462 quod
971 5401 1185 5459 semper
1225 5385 1468 5455 sequitur
1501 5386 1775 5457 preprium
1814 5399 1905 5440 as-

310 5491 572 5562 signavit,
620 5484 716 5542 sed
740 5484 799 5541 id
828 5483 967 5559 quod
1018 5481 1074 5537 iit
1102 5480 1421 5552 quandoque
1469 5495 1575 5534 non
1608 5480 1901 5550 preprium.

311 5585 431 5643 Non
461 5582 606 5640 enim
640 5581 745 5636 erit
790 5578 927 5634 bene
971 5575 1372 5648 pronuntiatum
1419 5573 1732 5645 proprium,
1782 5589 1904 5630 nam

314 5692 497 5749 neque
540 5678 593 5732 in
622 5689 732 5747 quo
780 5671 1237 5743 deprehendimus
1265 5669 1446 5725 inesse
1476 5670 1675 5741 ipsum,
1709 5670 1776 5726 de
1806 5672 1906 5725 hoc

314 5760 373 5829 et
403 5785 600 5849 nomen
642 5786 707 5825 ex
753 5769 1078 5824 necessitate
1127 5766 1457 5835 veriiicatur,
1504 5780 1678 5837 neque
1722 5764 1775 5820 in
1801 5779 1907 5837 quo

319 5862 747 5941 deprehenditur
782 5876 889 5917 non
918 5861 1118 5927 inesse,
1145 5855 1211 5915 de
1237 5856 1340 5915 hoc
1362 5874 1429 5915 ex
1453 5859 1774 5917 necessitate
1798 5873 1905 5917 non

2000 3347 2143 3388 nttnc
2173 3329 2394 3397 alicubi,
2428 3329 2763 3399 distinguens
2797 3330 2976 3399 pnsnit
3005 3326 3131 3395 hoc,
3159 3324 3299 3381 bene
3328 3325 3433 3380 erit
3458 3322 3599 3396 posi-

1998 3431 2112 3478 tum
2136 3423 2429 3493 proprium.
2468 3421 2669 3476 Deinde
2698 3419 2997 3476 destruenti
3027 3418 3266 3491 quidem,
3292 3417 3337 3473 si
3370 3416 3480 3473 tale
3508 3430 3600 3471 as-

1999 3514 2235 3583 signavit
2278 3511 2576 3585 proprium,
2611 3510 2754 3581 quod
2788 3509 3130 3565 maniiestum
3182 3523 3285 3563 non
3333 3515 3416 3563 est
3444 3506 3600 3562 aliter

2000 3605 2181 3661 inesse
2205 3620 2364 3675 quam
2393 3619 2576 3659 sensu.
2610 3604 2725 3658 Non
2752 3604 2896 3658 enim
2923 3604 3024 3657 erit
3053 3603 3188 3657 bene
3216 3602 3447 3672 positum
3474 3615 3597 3673 pro-

2002 3698 2204 3768 prium,
2253 3711 2377 3751 nam
2408 3710 2569 3751 omne
2614 3693 2871 3752 sensibile
2923 3701 3075 3750 extra
3126 3706 3347 3748 sensum
3399 3691 3598 3746 factum

2002 3787 2423 3844 immanifestum
2475 3794 2579 3850 est,
2634 3787 2807 3842 latens
2850 3787 2994 3843 enim
3027 3785 3181 3842 estsi
3213 3784 3388 3839 adhuc
3434 3783 3597 3849 inest,

2003 3895 2070 3939 e0
2097 3880 2238 3952 quod
2267 3896 2428 3936 sensu
2458 3879 2631 3937 solum
2656 3880 3018 3951 cognoscitur.
3058 3879 3171 3935 Erit
3201 3886 3382 3933 autem
3410 3892 3595 3933 verum

2006 3973 2106 4029 hoc
2149 3975 2202 4028 in
2250 3974 2316 4029 iis
2371 3988 2490 4044 quae
2544 3987 2650 4028 non
2698 3988 2765 4028 ex
2817 3973 3137 4029 necessitate
3165 3986 3379 4041 semper
3408 3985 3599 4025 conse-

2005 4075 2261 4138 quuntur,
2297 4074 2353 4122 ut
2381 4067 2502 4138 quia
2544 4066 2633 4139 qui
2667 4065 2844 4137 posuit
2883 4066 3014 4121 solis
3045 4066 3361 4137 proprium,
3391 4070 3597 4118 astrum

2004 4161 2151 4232 quod
2175 4162 2346 4217 fertur
2369 4175 2534 4231 super
2565 4170 2760 4217 terram
2795 4160 3187 4216 lucidissimum
3205 4201 3219 4226 ,
3247 4158 3337 4215 tali
3364 4174 3495 4216 usus
3516 4165 3600 4214 est

2007 4261 2059 4316 in
2091 4263 2306 4331 proprio
2336 4264 2524 4333 (super
2552 4268 2775 4327 terram,
2823 4261 3061 4333 inquam,
3089 4260 3241 4330 ferri)
3264 4260 3405 4333 quod
3437 4276 3601 4318 sensu

2006 4361 2375 4433 cognoscitur,
2416 4376 2523 4415 non
2553 4362 2734 4433 utique
2774 4360 2878 4417 erit
2917 4361 3052 4418 bene
3098 4361 3231 4423 solis
3269 4362 3600 4432 assignatum

2006 4465 2316 4536 proprium;
2351 4463 2770 4520 immanilestum
2802 4464 2946 4520 enim
2978 4463 3081 4519 erit
3112 4477 3231 4521 cum
3261 4462 3469 4525 occidet
3493 4461 3599 4531 sol,

2007 4559 2054 4613 si
2076 4558 2250 4614 adhuc
2278 4557 2480 4615 feratur
2505 4573 2668 4629 super
2699 4566 2916 4623 terram,
2943 4571 3009 4613 eo
3038 4555 3180 4625 quod
3209 4569 3308 4611 nos
3348 4564 3475 4613 tunc
3504 4554 3602 4612 de-

2009 4651 2278 4707 seruimus
2316 4666 2555 4706 sensum.
2585 4649 2933 4705 Construenti
2964 4663 3113 4715 vero,
3153 4649 3196 4703 si
3231 4648 3334 4703 tale
3358 4647 3601 4718 assigna-

2010 4745 2086 4799 vit
2130 4743 2428 4815 prOprium,
2483 4742 2622 4813 quod
2655 4758 2760 4803 non
2792 4756 2955 4797 sensu
2999 4749 3081 4796 est
3113 4739 3474 4805 manifestum,
3507 4747 3598 4794 aut

2010 4850 2133 4891 cum
2163 4835 2233 4891 sit
2260 4832 2538 4901 sensibile,
2585 4849 2647 4888 ex
2683 4832 3002 4889 necessitate
3033 4830 3212 4887 inesse
3254 4830 3598 4887 manifestum

2010 4938 2114 4984 est.
2138 4927 2257 4982 Erit
2278 4930 2419 4982 enim
2443 4926 2737 4983 secundum
2764 4925 2865 4981 hoc
2886 4926 3022 4981 bene
3047 4925 3275 4995 positum
3300 4922 3596 4995 proprium,

2011 5030 2071 5077 ut
2096 5022 2216 5095 quia
2240 5021 2332 5092 qui
2359 5017 2852 5092 posuitsuperﬁciei
2876 5019 3171 5095 proprium.
3197 5014 3339 5087 quod
3368 5014 3600 5087 primum

2011 5117 2315 5171 coloratum
2346 5123 2426 5167 est
2447 5154 2461 5179 ,
2491 5112 2734 5168 sensibili
2764 5112 2977 5183 quidem
3011 5110 3192 5181 aliquo
3220 5122 3349 5171 usus
3375 5115 3456 5165 est
3485 5106 3602 5176 (co-

2014 5206 2243 5262 loratum
2267 5221 2409 5275 esse,
2436 5204 2698 5273 inquam).
2721 5206 2807 5260 tali
2838 5202 3053 5274 quidem
3084 5200 3225 5272 quod
3254 5197 3602 5261 maniiestum

2012 5310 2097 5357 est
2120 5301 2298 5357 inesse
2328 5315 2576 5370 semper:
2608 5301 2709 5356 erit
2738 5298 3035 5357 secundum
3063 5297 3164 5352 hoc
3199 5296 3336 5351 bene
3357 5295 3603 5366 assignas

2015 5405 2127 5451 tum
2150 5393 2452 5465 superﬁciei
2478 5395 2777 5465 proprium.
2809 5389 3011 5446 Deinde
3034 5388 3332 5444 destruenti
3360 5387 3599 5459 quidem,

2010 5487 2056 5543 si
2087 5485 2377 5543 terminum
2419 5494 2475 5541 ut
2513 5485 2789 5556 preprium
2830 5480 3144 5551 assignavit.
3177 5477 3293 5536 Non
3324 5479 3468 5535 enim
3500 5478 3604 5534 erit

2010 5578 2152 5635 bene
2178 5579 2410 5650 positum
2450 5577 2761 5650 proprium,
2806 5589 2929 5629 nam
2962 5588 3070 5630 non
3107 5581 3322 5644 oportet
3366 5571 3604 5629 iudicare

2011 5674 2151 5746 quod
2179 5674 2304 5747 quid
2337 5682 2423 5730 est
2446 5688 2566 5729 esse
2595 5672 2889 5744 pr0prium,
2915 5677 2972 5724 ut
3003 5667 3125 5739 quia
3150 5667 3241 5739 qui
3270 5666 3407 5722 dixit
3428 5664 3603 5721 homi-

2013 5769 2097 5826 nis
2124 5767 2400 5839 proprium
2446 5763 2645 5820 animal
2672 5760 2954 5834 gressibile
2997 5761 3170 5830 bipes,
3198 5758 3340 5832 quod
3366 5757 3492 5829 quid
3518 5766 3600 5816 est

2012 5877 2134 5920 esse
2152 5862 2459 5933 signiﬁcans
2480 5857 2772 5933 assignavit
2790 5855 3024 5914 hominis
3048 5855 3346 5931 proprium,
3365 5868 3473 5912 non
3494 5853 3603 5913 itii-
