4064 6336
465 262 562 319 959

1666 260 1777 318 AN.
1817 260 2024 317 MANL.
2066 258 2223 317 ξεν.
2263 257 2484 322 somn

3619 264 3723 322 κο
3778 300 3779 303 η

465 392 566 447 que
582 376 802 433 erithoc
821 376 1052 432 hominis
1068 377 1344 447 pr0prium
1373 376 1510 432 bene
1532 376 2037 446 assignatumJZon-
2066 375 2122 436 Α
2146 373 2195 430 si
2224 373 2293 431 de
2322 390 2428 446 quo
2480 389 2677 432 nomen
2723 385 2778 432 et
2822 375 2995 432 oratio
3048 376 3389 447 praedicatur.
3443 376 3562 434 Erit
3577 382 3723 437 enim

465 472 692 529 struenti
723 482 921 537 autem,
950 471 993 526 si
1037 470 1178 541 quod
1208 472 1507 527 conversim
1539 470 1755 541 quidem
1787 468 2043 540 praedica-

466 571 556 619 tur
582 564 867 631 assignavit
912 562 1209 632 proprium,
1260 575 1366 615 non
1414 568 1591 615 autem
1622 559 1763 629 quod
1807 557 1933 629 quid
1960 568 2071 613 est.

466 669 590 713 esse
633 654 893 709 indicans.
931 651 1047 705 Erit
1074 650 1215 705 enim
1261 651 1557 706 secundum
1594 650 1695 704 hoc
1740 650 1875 705 bene
1910 648 2073 703 assi-a

465 756 680 816 gnatum
712 745 1018 815 proprium,
1052 752 1107 798 ut
1148 742 1270 814 quia
1313 744 1402 813 qui
1441 744 1618 814 posuit
1648 743 1881 798 hominis
1922 744 2076 812 pro--

465 838 641 906 prium
670 835 868 891 animal
913 844 1248 890 mansuetum
1300 844 1486 890 natura
1509 874 1525 900 ,
1567 834 1709 905 quod
1741 832 2043 889 conversim

465 926 678 998 quidem
725 925 1065 995 prtedicatur,
1104 924 1392 995 assignavit
1439 926 1736 996 proprium,
1768 940 1874 979 nun
1903 923 2045 993 quod

465 1016 597 1090 quid
659 1026 742 1071 est
797 1016 1011 1086 quidem
1070 1006 1361 1081 indicans;
1413 1016 1514 1070 erit
1584 1015 1876 1070 secundum
1947 1013 2049 1069 hoc

470 1108 609 1164 bene
662 1108 987 1178 assignatum
1044 1109 1317 1179 proprium
1372 1094 1629 1164 hominis.
1688 1108 1890 1163 Deinde
1946 1106 2044 1163 de-

466 1202 694 1257 struenti
727 1202 963 1271 quidem,
987 1201 1032 1279 si
1061 1217 1165 1257 non
1196 1202 1466 1273 quidpiam
1490 1203 1542 1259 in
1566 1203 1691 1274 quid
1716 1213 1795 1258 est
1820 1218 2046 1273 ponens,

466 1294 754 1363 assignavit
783 1295 1078 1364 proprium.
1099 1295 1322 1364 Oportet
1350 1297 1491 1349 enim
1521 1294 1572 1349 in
1594 1295 1843 1363 pr0priis,
1864 1308 2050 1365 quem-

466 1383 755 1439 admodum
810 1384 862 1438 in
916 1384 1177 1451 terminis,
1242 1384 1468 1459 primum
1522 1384 1783 1455 assignari
1842 1398 2046 1454 genus,

471 1472 665 1531 deinde
712 1475 789 1530 sic
836 1474 946 1544 jam
998 1475 1196 1531 addere
1245 1476 1448 1546 reliqua
1486 1487 1539 1531 et
1566 1490 1839 1545 separare.
1872 1476 2049 1543 Quare

466 1565 609 1633 quod
646 1581 751 1619 non
784 1564 888 1620 hoc
915 1566 1074 1622 modo
1111 1568 1340 1636 positum
1374 1577 1456 1623 est
1485 1568 1779 1638 proprium,
1813 1582 1917 1622 non
1946 1568 2051 1623 erit

467 1654 605 1709 bene
658 1656 1009 1725 assignatum,
1060 1664 1119 1711 ut
1166 1658 1289 1726 quia
1337 1657 1427 1728 qui
1476 1657 1620 1712 dixit.
1652 1658 1901 1713 animalis
1928 1674 2050 1729 pro-

2146 467 2421 537 proprium
2480 466 2625 538 quod
2678 468 2915 538 positum
2972 476 3055 523 est
3114 483 3239 525 esse
3295 469 3569 540 proprium
3598 511 3614 536 ,
3668 480 3729 528 ιιι

2147 557 2270 628 quia
2317 558 2387 615 de
2443 574 2551 629 quo
2594 554 2826 615 animam
2887 559 3090 617 habere
3137 562 3445 618 verillcatur
3488 562 3723 631 animal,

2147 657 2204 702 et
2244 649 2311 703 de
2350 664 2456 720 quo
2501 646 2987 711 animalanimam
3041 651 3278 717 habere,
3338 651 3443 708 erit
3485 651 3721 709 animam

2149 738 2348 797 habere
2361 740 2604 813 animalis
2622 743 2916 813 proprium.
2943 742 3145 799 Deinde
3165 743 3461 799 destruenti
3481 744 3722 814 quidem,

2149 833 2196 889 si
2233 832 2535 903 subjectum
2568 835 2841 907 proprium
2869 836 3162 907 assignavit
3184 835 3302 907 ejus
3329 836 3471 907 quod
3517 836 3573 893 in
3603 838 3726 894 sub-

2074 984 2099 987 _
2146 927 2291 998 jecto
2317 942 2439 984 esse
2469 926 2682 984 dicitur.
2707 927 2823 985 Non
2853 929 2995 984 enim
3022 928 3128 985 erit
3168 930 3439 999 prOprium
3468 930 3612 1001 quod
3636 947 3728 1001 po-

2151 1022 2311 1077 situm
2362 1030 2446 1077 est
2491 1036 2613 1078 esse
2638 1024 2936 1093 proprium,
2988 1030 3047 1077 ut
3091 1023 3213 1092 quia
3260 1024 3571 1094 quiposuit
3601 1039 3728 1094 pro-

2151 1116 2326 1185 prium
2354 1114 2689 1170 subtilissimi
2720 1116 2982 1185 corporis,
3030 1114 3224 1186 ignem,
3261 1115 3558 1185 subjectum
3587 1118 3726 1172 assi-

2152 1207 2342 1277 gnavit
2366 1208 2641 1277 praedicati
2680 1208 2975 1278 proprium,
3018 1222 3124 1263 non
3167 1207 3271 1262 erit
3312 1207 3449 1277 ignis
3486 1209 3729 1278 corporis

2154 1299 2492 1356 subtilissimi
2520 1301 2815 1371 proprium.
2858 1300 3085 1371 Propter
3124 1300 3225 1355 hoc
3260 1309 3437 1357 autem
3480 1315 3586 1356 non
3630 1303 3734 1357 erit

2153 1390 2476 1462 subjectum,
2525 1395 2642 1461 ejus
2688 1392 2829 1462 quod
2876 1391 2934 1448 in
2980 1391 3221 1462 subjecto
3241 1406 3362 1448 esse
3382 1391 3577 1446 dicitur
3609 1408 3734 1461 pro-

2152 1485 2350 1556 prium,
2403 1498 2470 1539 eo
2498 1485 2642 1554 quod
2664 1484 2804 1539 idem
2856 1494 3001 1540 esset
3026 1484 3259 1554 plurium
3287 1493 3343 1539 et
3368 1482 3732 1540 dill'erentium

2156 1575 2337 1645 specie
2361 1576 2657 1647 proprium,
2682 1590 2804 1630 nam
2834 1576 3008 1632 eidem
3038 1576 3189 1647 plura
3234 1575 3477 1648 quaedam
3530 1575 3733 1633 discre-

2156 1669 2338 1739 pantia
2379 1670 2561 1737 specie
2604 1670 2807 1736 insunt,
2852 1669 2921 1725 de
2962 1669 3080 1724 solo
3125 1669 3267 1724 dicta
3293 1710 3308 1736 ,
3355 1686 3580 1740 quorum
3630 1671 3734 1726 erit

467 1746 644 1816 prium
672 1747 902 1802 animam
936 1749 1169 1817 habere,
1204 1766 1309 1805 non
1342 1752 1522 1821 posuit
1541 1751 1829 1823 quidquam
1854 1752 1906 1807 in
1940 1770 2045 1823 quo
2076 1771 2125 1833 Β
2156 1758 2395 1818 omnium
2429 1762 2705 1835 proprium
2734 1760 2877 1831 quod
2902 1760 3201 1833 subjectum
3226 1770 3330 1826 est,
3354 1762 3400 1816 si
3426 1763 3547 1831 quis
3590 1759 3733 1817 hunc

467 1841 633 1896 autin
656 1843 782 1913 quid
803 1845 1239 1911 estanimal,non
1265 1846 1369 1902 erit
1390 1849 1526 1903 bene
1550 1848 1777 1917 positum
1800 1850 2049 1905 animalis
2088 1924 2089 1927 η

469 1939 767 2008 proprium.
790 1939 1133 1998 Construenti
1164 1958 1313 2009 vero,
1333 1944 1379 1999 si
1405 1945 1523 2015 quis
1541 1945 1810 2016 quidpiam
1830 1946 1970 2016 quod
1996 1947 2049 2001 in

468 2030 591 2102 quid
622 2043 700 2088 est
732 2049 935 2103 ponens
964 2036 1082 2105 ejus
1108 2037 1261 2107 cujus
1298 2040 1572 2108 pr0prium
1614 2040 1925 2109 assignavit,
1953 2056 2046 2096 re-
2090 2084 2095 2089 .

469 2120 613 2193 liqua
634 2125 897 2197 adjungit.
944 2128 1060 2183 Erit
1100 2131 1242 2185 enim
1270 2132 1563 2186 secundum
1608 2131 1709 2187 hoc
1753 2133 1889 2188 bene
1916 2134 2049 2190 assi-

468 2224 686 2287 gnatum
720 2219 1026 2290 proprium,
1059 2231 1115 2277 ut
1154 2226 1277 2294 quia
1310 2226 1398 2293 qui
1440 2225 1619 2294 posuit
1661 2225 1891 2281 hominis
1923 2241 2051 2297 pro-

470 2307 643 2376 prium
669 2310 864 2365 animal
896 2310 1191 2381 disciplina:
1214 2316 1580 2384 susceptibile,
1610 2317 1884 2387 quidpiam
1905 2318 2049 2383 quod

472 2396 528 2451 in
558 2398 686 2467 quid
717 2409 1046 2470 estponrns,
1077 2404 1370 2475 assignavit
1396 2408 1709 2476 proprium:
1736 2408 1837 2463 erit
1861 2424 2052 2465 secun-

469 2485 594 2541 dum
628 2487 730 2543 hoc
763 2488 900 2545 bene
950 2493 1182 2561 positum
1237 2498 1510 2565 proprium
1553 2497 1808 2553 hominis.
1862 2497 2050 2555 Utrum

472 2577 633 2649 igitur
657 2581 793 2637 bene
832 2598 899 2638 an
944 2601 1049 2641 non
1098 2586 1237 2645 bene
1282 2590 1586 2660 assignetur
1629 2594 1923 2663 pr0prium,
1959 2609 2056 2665 per
2092 2652 2095 2657 _

475 2671 592 2729 haec
616 2674 1031 2747 inspiciendum.

1088 2792 1313 2850 CAPUT
1349 2793 1436 2851 Ill.

978 2880 1058 2936 De
1086 2885 1298 2953 proprio
1326 2886 1424 2940 loci
1450 2886 1568 2941 alii.

552 2967 735 3024 Utrum
776 2985 905 3027 vero
936 2975 1209 3042 proprium
1262 2986 1346 3030 est
1394 2980 1613 3031 omnino
1663 2978 1805 3047 quod
1857 2972 2058 3035 dietum

2153 1856 2207 1911 in
2238 1855 2455 1927 modum
2478 1866 2638 1925 ponat
2670 1856 2962 1925 proprium.
2986 1853 3330 1911 Construenti
3359 1869 3506 1920 vero,
3524 1854 3568 1910 si
3589 1854 3730 1924 quod

2154 1948 2475 2018 insubjecm
2504 1957 2606 2010 est,
2654 1949 2955 2025 assignavit
2994 1949 3265 2020 proprium
3322 1949 3569 2018 subjecti.
3621 1950 3733 2005 Erit

2151 2040 2294 2095 enim
2323 2040 2595 2109 proprium
2626 2040 2770 2110 quod
2800 2041 3031 2119 positum
3054 2050 3264 2096 estnon
3285 2056 3406 2096 esse
3435 2044 3732 2112 proprium,

2154 2132 2417 2203 siquidem
2464 2132 2693 2188 de'solo
2736 2133 3058 2202 praedicatur
3096 2136 3177 2204 (ut
3210 2133 3413 2189 dictum
3462 2134 3569 2206 est)
3613 2150 3734 2205 pro-

2155 2226 2350 2296 prium,
2399 2235 2455 2281 ut
2504 2227 2629 2297 quia
2675 2228 2765 2298 qui
2818 2228 2969 2297 dixit
3008 2239 3169 2285 terra:
3219 2230 3491 2299 praprium
3542 2246 3734 2301 corpus

2154 2319 2526 2390 gravissimum
2561 2322 2760 2390 specie,
2810 2322 3043 2393 subjecti
3088 2322 3383 2394 assignavit
3436 2325 3733 2395 proprium,

2156 2411 2299 2482 quod
2330 2413 2395 2466 de
2424 2412 2535 2467 sola
2576 2412 2775 2468 dicitur
2805 2428 2885 2481 re,
2907 2425 2963 2469 et
2991 2423 3050 2468 ut
3089 2415 3361 2485 praprium
3394 2417 3735 2487 praedicatur,

2157 2502 2263 2557 erit
2289 2512 2446 2558 terra:
2471 2503 2744 2573 proprium
2774 2515 2919 2560 reete
2941 2505 3192 2574 positum.
3223 2506 3424 2562 Deinde
3444 2508 3737 2562 destruenti

2158 2593 2395 2669 quidem,
2427 2598 2471 2648 si
2494 2595 2785 2649 secundum
2811 2596 3270 2666 participationem
3295 2598 3589 2666 assignavit
3617 2612 3738 2670 pro-

2160 2689 2361 2759 prium.
2394 2688 2510 2742 Non
2546 2686 2687 2767 enim
2728 2692 2830 2743 erit
2874 2690 3173 2758 proprium,
3216 2688 3359 2759 quod
3401 2689 3630 2759 positum
3659 2695 3740 2744 est

2094 2840 2097 2843 λ
2160 2795 2282 2838 esse
2313 2783 2607 2851 proprium,
2637 2797 2758 2836 nam
2792 2782 2931 2853 quod
2962 2782 3253 2837 secundum
3284 2782 3739 2853 participationem

2162 2874 2323 2939 inest,
2367 2874 2434 2928 ad
2464 2875 2604 2944 quod
2650 2874 2774 2944 quid
2824 2885 2907 2929 est
2936 2889 3057 2930 esse
3096 2875 3382 2940 eunducit;
3413 2875 3515 2929 erit
3564 2884 3738 2928 autem

2164 2967 2470 3037 hujusmodi
2492 2966 2792 3023 differentia
2824 2967 3069 3038 quadam
3091 2966 3161 3022 de
3183 2968 3357 3037 aliqua
3373 2966 3553 3035 Specie
3574 2966 3737 3031 dicta,

474 3067 577 3125 est,
608 3074 674 3114 an
705 3076 811 3115 non
857 3062 1153 3132 pr0prium,
1179 3080 1245 3120 ex
1285 3065 1370 3121 his
1411 3067 1881 3123 considerandum.
1925 3069 2057 3124 Nam

2164 3067 2227 3113 ut
2262 3060 2385 3128 quia
2409 3060 2497 3129 qui
2526 3059 2663 3112 dixit
2690 3058 2924 3112 hominis
2954 3058 3229 3127 proprium
3260 3055 3541 3126 gressibile
3572 3057 3740 3125 bipes,

476 3152 796 3221 simpliciter
835 3164 1211 3211 construentes
1244 3161 1517 3227 proprium
1549 3159 1690 3228 quod
1732 3161 1869 3216 bene
1914 3162 2059 3231 posi-
2088 3151 2135 3214 C
2169 3150 2464 3204 secundum
2481 3141 2947 3237 participationem
2978 3148 3269 3217 assignavit
3313 3146 3610 3216 pmprium,
3641 3160 3742 3200 non

478 3251 594 3299 tum
623 3254 726 3312 est,
762 3246 862 3301 loci
914 3248 1073 3303 iidem
1105 3259 1261 3305 erunt
1303 3250 1369 3305 iis
1398 3253 1487 3321 qui
1536 3252 1811 3322 prtiprium
1841 3256 2062 3311 omnino
2094 3322 2097 3327 Ι
2165 3254 2269 3301 erit
2295 3245 2480 3313 utique
2508 3242 2780 3313 proprium
2813 3242 3044 3297 hominis
3082 3241 3364 3313 gressibile
3406 3240 3580 3309 bipes.
3607 3238 3745 3295 Cou~

479 3335 721 3402 faciunt;
759 3339 809 3393 in
842 3338 948 3394 illis
980 3341 1137 3411 igitur
1184 3342 1452 3398 dicentur.
1507 3344 1743 3400 Primum
1795 3362 1924 3417 ergo
1970 3348 2097 3415 de-_

478 3429 706 3484 struenti
733 3429 948 3501 quidem
977 3422 1370 3503 inspiciendum
1401 3436 1467 3490 ad
1501 3441 1923 3511 unumquodque
1969 3456 2065 3495 e0-

452 3536 600 3579 ‘rum
633 3524 787 3595 cujus
817 3526 1093 3596 proprium
1142 3529 1452 3599 assignavit.
1513 3529 1580 3588 Ut
1619 3533 1664 3587 si
1720 3534 1848 3589 nulli
1904 3535 2062 3604 ineSI,

484 3625 579 3672 aut
614 3617 659 3673 si
692 3634 797 3674 non
829 3621 896 3675 de
926 3619 1027 3677 hoc
1052 3621 1265 3691 quidem
1291 3625 1630 3694 veriticatur,
1659 3637 1747 3680 aut
1774 3627 1821 3682 si
1849 3643 1953 3682 non
1981 3637 2066 3684 est

479 3710 755 3781 proprium
785 3712 1042 3783 cujusque
1062 3728 1246 3769 eorum
1270 3716 1563 3771 secundum
1595 3717 1724 3785 illud
1756 3719 1913 3787 cujus
1940 3735 2061 3788 pro-
2093 3774 2096 3783 ,

481 3802 657 3871 prium
686 3803 997 3871 assignavit.
1022 3803 1140 3860 Non
1162 3810 1304 3861 enim
1337 3809 1440 3863 erit
1469 3810 1765 3879 proprium,
1794 3811 1935 3879 quod
1971 3827 2065 3881 po-

482 3891 643 3946 situm
674 3901 759 3946 est
788 3907 909 3948 esse
940 3896 1208 3965 proprium
1228 3936 1246 3964 ,
1287 3908 1345 3952 ιιι
1391 3900 1515 3970 quia
1544 3899 1613 3955 de
1641 3912 1913 3970 geometra
1958 3918 2064 3958 non

484 3982 792 4039 verilicatur
816 3985 1243 4058 indeceptibilem
1277 4005 1399 4046 esse
1427 3992 1495 4046 ab
1520 3993 1765 4048 oratione
1797 3995 1940 4064 (nam
1974 3996 2070 4050 de-
2096 4056 2099 4063 ,

485 4076 680 4147 cipitur
727 4093 997 4150 geometer
1050 4098 1171 4139 cum
1224 4085 1702 4156 pseudngraphiam
1757 4087 1925 4157 facit),
1962 4104 2067 4145 non

487 4170 590 4226 erit
620 4168 722 4226 hoc
752 4172 981 4255 scientis‘
1008 4176 1302 4245 proprium,
1347 4192 1453 4231 non
1485 4177 1662 4247 decipi
1690 4177 1758 4233 ab
1798 4179 2064 4234 oratione.

424 4270 435 4281 '
485 4260 828 4319 Construenti
857 4274 1034 4321 autem
1075 4267 1121 4322 si
1161 4271 1229 4324 de
1258 4268 1407 4324 omni
1438 4271 1763 4337 verilicatur,
1797 4280 1851 4325 et
1878 4287 1981 4343 qua
2002 4271 2070 4329 de
2098 4346 2101 4347 ν

489 4353 594 4410 hoc
622 4356 946 4412 verilicatur.
982 4358 1098 4414 Erit
1122 4361 1263 4415 enim
1296 4363 1568 4431 praprium
1590 4404 1603 4428 ,
1654 4362 1795 4433 quod
1841 4362 2068 4433 positum

488 4457 723 4529 estesse
752 4451 1047 4522 pr0prium,
1079 4461 1139 4507 ut
1166 4453 1288 4522 quia
1315 4453 1512 4508 animal
1548 4454 1847 4524 disciplina:
1887 4462 2097 4510 susce-‘

2163 3337 2397 3413 struenti
2437 3346 2639 3413 autem,
2677 3337 2722 3391 si
2771 3351 2877 3390 non
2942 3335 3238 3391 secundum
3281 3332 3744 3404 participationem

2165 3432 2461 3504 assignavit
2493 3436 2789 3501 proprium,
2829 3445 2929 3485 nec
2973 3429 3114 3500 quod
3137 3429 3281 3503 quid
3314 3439 3401 3483 est
3438 3441 3561 3482 esse
3613 3425 3747 3481 indi-

2165 3539 2315 3590 cans,
2358 3523 2658 3579 conversim
2698 3522 2983 3593 prmdicata
3033 3538 3112 3577 re.
3150 3521 3263 3576 Erit
3302 3522 3443 3575 enim
3475 3522 3749 3590 proprium

2165 3617 2309 3689 quod
2339 3618 2570 3688 positum
2600 3626 2685 3671 est
2711 3630 2833 3671 esse
2864 3614 3161 3685 proprium,
3210 3622 3269 3668 ut
3308 3613 3427 3683 quia
3458 3611 3552 3683 qui
3579 3612 3750 3682 posuit

2168 3713 2419 3768 animalis
2460 3713 2731 3782 proprium
2762 3710 2904 3782 quod
2952 3719 3135 3765 natum
3181 3717 3264 3764 est
3309 3709 3533 3773 sentire,
3576 3720 3752 3775 neque

2168 3804 2466 3859 secundum
2496 3804 2963 3873 participationem
2992 3799 3613 3877 assignavit‘pmprium,
3659 3812 3754 3853 ne-

2170 3908 2275 3964 que
2296 3894 2439 3963 quod
2479 3895 2606 3963 quid
2648 3908 2769 3947 esse
2813 3891 3077 3957 indicans,
3122 3889 3425 3946 conversim
3471 3904 3531 3944 re
3570 3888 3755 3957 praedi-

2169 4001 2311 4053 cata,
2339 3988 2443 4044 erit
2484 3986 2666 4056 utique
2710 3987 2852 4057 quod
2893 3986 3094 4041 sentire
3143 3993 3325 4038 natum
3354 3993 3459 4050 est,
3499 3981 3756 4035 animalis

2172 4082 2465 4153 proprium.
2505 4078 2705 4134 Deinde
2729 4061 3025 4134 destruenti
3068 4062 3311 4147 quidem,
3346 4074 3519 4129 sinon
3546 4073 3757 4129 contin-

2170 4174 2245 4241 git
2274 4171 2431 4226 simul
2487 4170 2664 4226 inesse
2722 4169 3019 4239 praprium,
3050 4167 3144 4222 sed
3200 4167 3284 4222 vel
3330 4165 3621 4235 posterius,
3669 4162 3755 4217 vel

2174 4266 2486 4337 priusquam
2511 4265 2742 4333 idipsum
2774 4278 2987 4339 nomen.
3022 4260 3139 4315 Non
3168 4259 3313 4315 enim
3340 4260 3443 4314 erit
3480 4258 3754 4328 proprium

2171 4360 2315 4432 quod
2349 4361 2579 4429 positum
2611 4368 2693 4413 est
2739 4372 2858 4413 esse
2887 4356 3182 4426 proprium,
3212 4361 3301 4407 aut
3338 4366 3636 4421 nunquam,
3663 4356 3758 4404 aut

2174 4468 2279 4508 non
2312 4466 2545 4521 semper,
2575 4461 2629 4504 ιιι
2664 4450 2913 4520 quoniam
2958 4447 3215 4517 contingit
3241 4445 3395 4499 alicui
3420 4444 3570 4513 prius
3614 4441 3755 4507 fore,

496 4542 700 4611 ptivum
732 4541 800 4597 de
828 4544 971 4597 omni
1023 4543 1239 4600 homine
1283 4547 1609 4613 verilicatur,
1654 4556 1707 4601 et
1751 4563 1851 4616 qua
1886 4547 2066 4616 homo,
2095 4527 2149 4589 D
2174 4555 2228 4601 et
2280 4546 2543 4615 po:terins
2574 4544 2846 4598 ambulare
2876 4556 2969 4611 per
2998 4540 3168 4595 forum
3197 4554 3353 4610 quam
3385 4538 3525 4607 quod
3570 4536 3755 4601 homo,

495 4636 598 4691 erit
625 4634 855 4690 hominis
898 4638 1170 4706 proprium
1215 4638 1416 4693 animal
1461 4638 1757 4708 disciplina:
1800 4632 2099 4709 suscepti?

494 4724 640 4784 vum.
665 4729 761 4785 Est
784 4738 961 4785 autem
994 4731 1143 4786 locus
1186 4732 1270 4787 hic
1298 4732 1592 4788 destruenti
1620 4732 1858 4803 quidem,
1888 4732 1932 4786 si
1964 4748 2069 4786 non
2094 4718 2127 4801 ’-

490 4819 560 4876 de
581 4836 686 4891 quo
717 4816 911 4877 nomen
944 4832 999 4877 et
1028 4824 1200 4879 oratio
1224 4824 1550 4890 verilicatur,
1582 4834 1638 4880 et
1666 4828 1708 4880 si
1739 4840 1843 4879 non
1879 4827 1944 4879 de
1968 4838 2073 4895 quo

491 4913 665 4967 oratio
696 4922 754 4967 et
796 4928 992 4970 nomen
1033 4916 1361 4971 verilicatur.
1394 4916 1739 4972 Construenti
1779 4930 1980 4983 autem,
2026 4908 2104 4972 si'

492 5004 561 5060 de
581 5002 687 5075 quo
714 5002 908 5062 nomen
936 5015 990 5061 et
1008 5008 1202 5073 oratio,
1232 5016 1287 5063 et
1314 5008 1358 5062 si
1388 5008 1454 5064 de
1475 5024 1583 5078 quo
1605 5009 1776 5064 oratio
1797 5019 1850 5064 et
1872 5024 2066 5063 nomen
2096 5002 2099 5005 ’

494 5099 837 5167 praedicatur.
888 5098 1091 5155 Deinde
1140 5101 1435 5157 destruenti
1465 5102 1709 5171 quidem,
1761 5103 1804 5157 si
1850 5118 1955 5157 non
2004 5103 2071 5158 de

492 5204 600 5259 quo
625 5190 800 5245 oratio
824 5199 879 5246 et
906 5196 1099 5248 nomen
1127 5193 1459 5261 verilicatur,
1510 5203 1564 5248 et
1606 5196 1649 5249 si
1699 5210 1803 5250 non
1853 5195 1921 5251 de
1964 5186 2101 5267 quo'

495 5297 690 5339 nomen
718 5292 774 5339 et
793 5285 964 5339 oratio
983 5284 1308 5341 verilieatur.
1332 5284 1447 5339 Non
1471 5286 1612 5340 enim
1649 5286 1750 5340 erit
1777 5287 2067 5357 proprium,
2098 5278 2103 5287 ’

495 5378 636 5450 quod
664 5381 894 5449 positum
916 5388 999 5435 est
1025 5394 1144 5435 esse
1167 5378 1466 5450 proprium,
1492 5388 1548 5432 ut
1578 5379 1698 5448 quia
1729 5380 1923 5434 animal
1957 5380 2075 5451 qni-

496 5466 619 5531 dem
660 5470 969 5543 disciplina:
1021 5473 1383 5543 susceplivuni
1440 5471 1746 5527 veriﬁcatur
1801 5472 1867 5527 de
1922 5460 2109 5537 Deo;'

498 5564 663 5622 homo
693 5577 869 5620 autem
903 5582 1006 5621 non
1049 5568 1392 5636 praedicatur,
1420 5581 1525 5621 non
1565 5566 1668 5622 crit
1697 5564 1929 5620 hominis
1958 5554 2105 5635 pro?

510 5660 715 5729 prium,
748 5665 943 5718 animal
984 5664 1279 5733 disciplinm
1310 5666 1689 5735 susceptivum.
1736 5661 2079 5718 Construenti

509 5759 709 5819 autem,
746 5755 790 5808 si
836 5754 906 5811 de
931 5770 1038 5816 quo
1075 5757 1253 5816 Oratio
1296 5768 1353 5815 et
1401 5772 1593 5816 nomen
1644 5755 1989 5829 praedicatur,
2028 5763 2082 5812 et

2176 4655 2282 4694 non
2312 4639 2418 4694 erit
2445 4638 2718 4693 ambulare
2750 4652 2847 4706 per
2869 4635 3041 4689 lorum
3069 4634 3300 4688 hominis
3334 4631 3633 4701 proprium,
3666 4638 3758 4683 aut

2175 4746 2442 4802 nunquam
2463 4739 2552 4784 aut
2580 4746 2686 4785 non
2703 4743 2933 4799 semper.
2955 4725 3296 4782 Construenti
3315 4734 3515 4790 autem,
3534 4723 3581 4776 si
3596 4721 3755 4777 simul

2175 4842 2239 4881 ex
2265 4823 2583 4881 necessitate
2636 4838 2847 4893 semper
2877 4823 3035 4885 inest,
3083 4834 3200 4874 eum
3247 4832 3418 4888 neque
3466 4815 3753 4877 terminus,

2177 4934 2351 4989 neque
2379 4917 2679 4973 dill'erentia
2719 4918 2805 4970 sit.
2840 4913 2955 4969 Erit
2976 4913 3117 4968 enim
3146 4910 3439 4982 proprium,
3480 4910 3625 4977 quod
3661 4923 3753 4976 po.

2175 5013 2337 5068 situm
2364 5019 2449 5067 est
2477 5010 2697 5064 for:itan
2729 5024 2832 5063 non
2862 5022 2981 5063 esse
3005 5006 3297 5076 proprium,
3331 5013 3389 5055 ut
3409 5002 3529 5070 quia
3559 4999 3755 5053 animal

2176 5090 2483 5181 disciplinae
2502 5104 2881 5172 susceptivum,
2910 5099 3070 5181 simul
3100 5115 3163 5153 ex
3193 5095 3511 5152 necessitate
3541 5108 3758 5161 semper

2176 5207 2284 5263 est,
2318 5205 2371 5251 et
2400 5195 2451 5250 id
2482 5194 2624 5266 quod
2653 5203 2736 5249 est
2764 5193 2941 5257 homo,
2975 5206 3095 5245 cum
3129 5201 3300 5257 neque
3332 5185 3633 5239 diliere..tia
3666 5183 3754 5243 sit,

2180 5305 2279 5345 nec
2310 5289 2569 5343 terminus
2598 5286 2700 5342 erit
2728 5284 2922 5339 animal
2944 5281 3237 5351 disciplina:
3265 5278 3624 5346 susceptivum
3659 5274 3755 5327 lio-

2182 5382 2340 5436 minis
2372 5380 2666 5451 proprium.
2711 5375 2914 5433 Deinde
2961 5371 3252 5429 destruenti
3295 5369 3535 5441 quidem,
3578 5368 3621 5422 si
3666 5379 3754 5419 eo-

2181 5464 2422 5530 rumdent
2468 5487 2571 5543 qua
2613 5471 2799 5528 eadem
2848 5477 2989 5532 sunt,
3031 5454 3258 5522 nonest
3283 5464 3421 5518 idem
3450 5458 3746 5532 proprium.

2182 5565 2297 5620 Non
2324 5565 2466 5620 enim
2498 5564 2599 5620 erit
2628 5562 2920 5634 proprium,
2949 5559 3087 5631 quod
3112 5556 3342 5630 positum
3364 5563 3445 5610 est
3470 5567 3593 5609 esse
3624 5566 3749 5621 pro-

2184 5660 2379 5732 prium,
2412 5667 2469 5713 ut
2497 5657 2616 5727 quia
2649 5670 2752 5711 non
2782 5640 2863 5708 est
2891 5651 3159 5723 proprium
3183 5644 3560 5718 prosequendi,
3591 5655 3750 5712 appa-

2184 5770 2305 5813 rere
2330 5750 2641 5813 nuibusdam
2682 5749 2905 5816 bonum,
2936 5759 3107 5823 neque
3134 5739 3361 5814 eligendi
3387 5739 3545 5795 luerit
3566 5734 3747 5809 utique
