4022 6330
481 265 592 324 963
1735 265 1847 322 AN.
1891 261 2074 321 MANL

2185 262 2293 321 EV.
2338 262 2561 327 BOETII
3304 290 3311 293 “
3694 283 3803 341 984

483 394 633 461 sunt,
662 382 818 457 cujus
838 383 1112 456 pr0prium
1147 383 1318 453 ponit,
1344 396 1466 438 nam
1505 376 1646 451 quod
1670 390 1754 435 est
1782 381 2079 438 secundum
2108 378 2162 443 Δ
2189 386 2475 442 universus
2500 400 2593 442 aer
2619 386 3005 469 respirabilis),
3024 407 3133 449 non
3156 393 3465 468 eritutique
3494 395 3639 455 aeris
3670 416 3799 472 pro-

481 481 1050 552 snperabundantiam,
1097 479 1190 534 uni
1224 477 1324 531 soli
1376 476 1564 542 inest,
1606 487 1667 531 ut
1698 476 1836 545 ignis
1867 476 2080 531 Ievissi-
2185 476 2364 545 prium
2405 480 2745 548 respirabile.
2805 485 3082 539 Astruenti
3138 494 3343 555 autem,
3401 489 3449 544 si
3483 492 3805 551 verilieatur

480 591 651 633 mum.
698 574 993 645 Aliquoties
1050 581 1229 626 autem
1279 578 1335 626 et
1383 570 1569 641 specie
1616 568 1824 626 addens
1872 577 2080 640 peccat.
2185 571 2256 626 de
2283 586 2604 643 unaquaque
2633 574 2889 631 similium
2933 580 3166 647 partium
3210 581 3352 651 quod
3382 593 3467 638 est
3516 588 3801 656 proprium

480 670 613 727 Nam
644 669 914 741 oportebit
941 681 1100 722 unam
1144 664 1385 736 speciem
1435 678 1559 720 esse
1606 679 1793 720 eorum
1841 680 1964 735 qua:
1992 663 2084 719 di-
2185 680 2373 722 earum
2418 668 2713 723 secundum
2749 679 2939 725 totum.
2990 671 3105 727 Erit
3133 674 3277 729 enim
3312 678 3614 747 proprium,
3649 660 3801 750 quod

478 774 695 830 cuntur,
728 762 941 836 quando
970 761 1152 832 specie
1182 758 1453 814 addiderit
1490 774 1505 813 :
1539 759 1642 816 hoc
1670 767 1854 815 autem
1882 757 1933 813 in
1958 758 2081 829 qui-
2188 760 2420 828 positum
2451 769 2536 816 est
2566 774 2671 816 non
2721 777 2843 819 esse
2875 766 3171 836 proprium,
3219 776 3277 823 ut
3324 770 3448 839 quis
3480 772 3797 829 verilicatur

478 858 701 913 busdam
744 873 849 912 non
874 854 1097 920 accidit,
1150 862 1210 908 ut
1237 868 1336 908 nec
1380 852 1434 907 in
1465 853 1626 925 igne,
1688 866 1795 908 non
1826 854 1969 909 enim
1999 860 2083 908 εει
2182 850 2254 907 de
2270 852 2415 907 omni
2446 860 2585 908 terra
2618 854 2873 912 deorsum
2900 858 3026 913 ferri
3057 861 3352 917 secundum
3385 872 3635 920 naturam
3668 881 3685 932 ;
3719 876 3800 923 est

479 968 583 1008 una
610 951 820 1022 species
866 949 1002 1022 ignis
1023 989 1038 1016 ,
1085 962 1207 1003 nam
1228 947 1508 1004 diversum
1538 955 1624 1002 est
1652 947 1818 1003 carbo
1851 957 1905 1003 et
1929 948 2083 1003 ﬂam-
2184 953 2365 999 autem
2397 955 2451 1000 et
2487 945 2588 1002 hoc
2634 949 2911 1019 preprium
2943 951 3174 1023 alicujus
3201 962 3360 1010 terra:
3387 959 3689 1014 secundum
3722 972 3802 1016 to-

480 1062 589 1110 ma,
644 1056 699 1100 et
746 1044 837 1099 lux
896 1041 1111 1113 specie,
1149 1055 1273 1096 cum
1307 1038 1730 1111 unumquodque
1774 1038 1965 1095 horum
2010 1039 2082 1093 sit
2185 1047 2330 1105 tum;
2364 1054 2487 1094 nam
2528 1043 2823 1097 secundum
2854 1054 3076 1111 terram.
3119 1056 3177 1102 et
3206 1046 3260 1103 id
3292 1050 3433 1119 quod
3475 1061 3561 1109 est
3592 1061 3800 1110 ιεηιεηι

478 1142 651 1216 ignis;
683 1148 903 1211 propter
925 1138 1026 1194 hoc
1053 1146 1233 1193 autem
1264 1151 1370 1191 non
1398 1143 1638 1205 oportet,
1660 1132 1876 1206 quando
1898 1132 2081 1205 specie
2183 1143 2331 1198 esse,
2369 1131 2474 1186 crit
2506 1140 2665 1188 terra!
2695 1135 2969 1203 βιόρτίυω
3013 1136 3266 1193 ἀθθηωη
3311 1140 3439 1197 rem
3491 1146 3802 1202 δθθυηδίιω

480 1236 722 1303 additur,
774 1234 1042 1289 diversam
1077 1246 1199 1287 esse
1230 1230 1468 1300 speciem
1500 1228 1620 1299 ejus
1670 1226 1813 1298 quod
1862 1226 2076 1293 dicitur,
2186 1236 2455 1278 naturam.
2502 1224 2710 1282 Deinde
2760 1241 2827 1283 ex
2872 1229 3135 1299 oppositis
3173 1234 3637 1291 considerandum
3680 1246 3794 1307 est,

478 1328 731 1401 quoniam
762 1325 845 1381 bis
866 1324 1082 1395 quidem
1129 1322 1336 1393 magis,
1372 1320 1479 1377 illis
1509 1329 1686 1376 autem
1710 1320 1889 1374 minus
1919 1318 2082 1373 inerit
2185 1320 2417 1389 primum
2476 1321 2693 1391 quidem
2736 1338 2807 1377 ex
2852 1327 3159 1391 contrariis,
3202 1329 3500 1389 destrucntl
3543 1332 3793 1403 quidem,

479 1421 621 1494 quod
648 1419 847 1475 dictum
871 1426 955 1473 εει
976 1416 1274 1489 proprium,
1300 1423 1357 1470 ut
1405 1413 1459 1469 in
1492 1414 1615 1484 igne
1645 1411 2074 1475 subtilissimum,

477 1511 728 1569 subtilior
759 1510 902 1564 enim
935 1518 1016 1563 est
1051 1506 1142 1561 lux
1183 1505 1419 1561 carbone
1462 1515 1516 1559 et
1553 1504 1792 1559 ﬂamma.
1834 1502 1945 1557 Hoc
1984 1516 2080 1555 au-
2185 1506 2252 1559 rii
2278 1507 2381 1560 erit
2401 1507 2734 1561 contrarium
2769 1509 3067 1579 proprium,
3100 1520 3159 1566 ut
3192 1512 3317 1583 quia
3348 1517 3687 1573 contrarium
3715 1530 3800 1575 est

477 1613 587 1662 tem
618 1619 725 1659 non
770 1606 987 1673 oportet
1038 1598 1153 1653 iieri
1183 1596 1398 1668 quando
1429 1611 1560 1663 non,
1599 1602 1654 1651 et
1679 1609 1878 1651 nomen
1908 1593 2078 1663 magis
2182 1596 2407 1666 justitiaa
2437 1599 2653 1669 quidem
2691 1600 2975 1673 injustitia,
3018 1606 3226 1671 Optimo
3254 1614 3435 1663 autem
3469 1611 3797 1678 pessimum,

478 1696 802 1769 prmdicatur
836 1692 903 1748 de
927 1706 1032 1763 quo
1054 1690 1226 1746 oratio
1251 1687 1779 1760 magistverilicatur.
1807 1687 1863 1743 Si
1895 1694 2077 1741 autem
2186 1705 2295 1744 non
2323 1699 2412 1746 est
2439 1701 2621 1749 autem
2660 1693 2887 1765 iustitia:
2916 1700 3193 1768 proprium
3223 1701 3510 1769 optimum.
3554 1719 3663 1760 non
3695 1707 3801 1761 erit

430 1774 433 1775 ν
479 1802 586 1845 non
609 1829 624 1856 ,
648 1800 754 1842 non
777 1784 880 1841 erit
901 1784 969 1840 de
997 1798 1104 1854 quo
1130 1782 1299 1837 oratio
1322 1780 1491 1850 magis
1516 1822 1530 1845 ,
1579 1788 1635 1835 et
1658 1793 1853 1835 nomen
1876 1776 2070 1847 magis.
2102 1776 2155 1839 Β
2181 1772 2459 1853 iniustitia;
2518 1787 2794 1857 proprium
2854 1790 3171 1858 pessimum.
3220 1790 3570 1851 construct,“
3612 1806 3799 1854 autem

478 1883 721 1955 Amplius
752 1887 928 1935 autem
977 1876 1042 1933 ad
1070 1875 1186 1932 haec
1229 1875 1370 1931 idem
1401 1888 1523 1930 esse
1570 1873 1766 1929 accidit
1795 1871 2107 1957 proprium‘
2189 1876 2233 1929 si
2278 1876 2538 1932 contrarii
2586 1882 2919 1935 contrarium
2972 1883 3247 1953 proprium
3297 1895 3400 1953 est,
3434 1898 3489 1943 et
3534 1890 3800 1944 contrarii

477 1977 595 2049 ejus
620 1974 759 2047 quod
790 1971 1127 2040 simpliciter,
1150 1978 1205 2026 et
1222 1969 1340 2039 ejus
1361 1967 1503 2038 quod
1531 1967 1762 2021 maxime
1793 1964 1841 2020 ivi
1867 1962 2074 2033 simpli-
2182 1971 2511 2023 contrarium
2561 1972 2836 2041 proprium
2894 1974 3016 2029 erit.
3052 1974 3121 2031 Ut
3148 1979 3272 2047 quia
3326 1981 3662 2037 contrarium
3709 1993 3796 2038 est

475 2069 609 2125 citer
634 2067 758 2134 tali,
819 2072 877 2121 ut
912 2066 964 2121 in
1012 2078 1130 2133 igne
1162 2078 1221 2118 se
1245 2061 1405 2116 habet
1447 2059 1857 2116 subtilissimum
1884 2100 1898 2124 ,
1948 2073 2073 2113 nam
2180 2059 2327 2114 bono
2354 2059 2573 2128 quidem
2603 2062 2823 2129 malum,
2859 2065 3111 2134 eligendo
3138 2076 3317 2124 autem
3341 2068 3679 2141 fugiendum,
3713 2083 3799 2129 est

475 2170 530 2217 et
558 2157 872 2229 simpliciter
911 2164 966 2211 et
1026 2154 1164 2225 ignis
1205 2161 1262 2208 et
1299 2152 1431 2207 lucis
1461 2152 1562 2207 erit
1591 2151 1692 2206 hoc
1734 2151 1907 2220 ipsum
1940 2164 2072 2220 pro-
2180 2160 2361 2207 autem
2391 2152 2514 2207 boni
2548 2157 2821 2224 prepriuu:
2854 2158 3183 2229 eligendum,
3218 2165 3321 2217 erit
3349 2164 3478 2218 mali
3510 2167 3793 2235 proprium

475 2252 673 2323 prium,
698 2246 1050 2305 subtilissima
1072 2245 1217 2300 enim
1237 2254 1317 2300 est
1342 2244 1463 2308 lux;
1496 2242 1800 2313 cumigitur
1830 2242 1965 2298 alius
1992 2242 2073 2298 sic
2183 2242 2517 2314 fugiendum.
2562 2246 2874 2304 Secundum
2905 2259 3109 2319 autem,
3143 2266 3209 2309 ει
3242 2255 3307 2310 iis
3338 2273 3407 2327 qu
3427 2278 3456 2311 ε
3489 2259 3557 2313 ad
3590 2260 3797 2330 aliquid

473 2344 709 2416 assignat
738 2341 1036 2413 proprium,
1083 2336 1599 2410 argumentandum,
1624 2336 1724 2392 sibi
1755 2344 1934 2391 autem
1966 2350 2073 2392 non
2180 2346 2326 2398 sunt.
2357 2336 2661 2393 destruenti
2704 2340 2940 2411 quidem,
2975 2343 3020 2397 si
3055 2344 3156 2401 hoc
3181 2347 3321 2417 quod
3354 2348 3421 2403 ad
3454 2350 3658 2420 aliquid
3685 2362 3793 2419 est,

479 2435 654 2493 danda
684 2434 798 2490 huic
827 2432 1103 2497 instantia,
1132 2430 1225 2486 scd
1256 2431 1437 2485 statim
1468 2444 1591 2485 eum
1616 2428 1767 2498 ponit
1791 2429 2071 2500 proprium
2178 2429 2297 2497 ejus
2328 2429 2471 2499 quod
2501 2441 2587 2487 est
2630 2434 2696 2488 ad
2741 2434 2943 2505 aliquid
2978 2451 3084 2493 non
3116 2449 3203 2495 est
3259 2442 3563 2511 prpprium.
3613 2443 3796 2514 Neque

474 2525 943 2587 determinandum
973 2532 1057 2582 est
1084 2522 1356 2596 quomodo
1379 2520 1532 2593 ponit
1555 2521 1854 2593 pr0prium.

586 2646 587 2649 ‘
1100 2630 1327 2692 CAPUT
1370 2633 1459 2690 ιν.

959 2718 1038 2774 De
1076 2718 1287 2790 propria
1326 2715 1424 2771 loci
1463 2712 1577 2769 alii.

539 2811 743 2871 Deinde
792 2810 1088 2869 destruenti
1137 2807 1376 2880 quidem,
1411 2806 1455 2861 si
1489 2804 1633 2861 idem
1672 2802 1919 2875 ejusdem
1949 2814 2074 2873 pro-

465 2906 641 2980 prium
671 2903 865 2977 posuit.
908 2900 1023 2958 Non
1052 2899 1195 2957 enim
1242 2900 1348 2954 erit
1397 2897 1697 2969 proprium,
1740 2895 1884 2966 quod
1928 2893 2076 2966 posi-

468 3008 579 3054 tum
607 3007 690 3053 est
713 3011 834 3052 esse
863 2993 1163 3065 prOprlum,
1195 3006 1316 3045 nam
1348 2989 1490 3045 idem
1529 2986 1707 3045 eidem
1729 3002 1910 3057 omne,
1941 2988 2073 3059 quid
2179 2998 2264 3043 est
2288 2988 2355 3043 ad
2384 2990 2605 3059 aliquid,
2640 2990 2741 3047 hoc
2762 2993 2905 3062 quod
2936 2995 3003 3050 ad
3044 2996 3247 3067 aliquid
3282 3008 3364 3055 est
3392 3000 3694 3072 proprium,
3741 3012 3795 3060 et

464 3098 689 3146 estesse
736 3085 970 3151 indicat;
1001 3084 1143 3154 quod
1173 3091 1353 3138 autem
1386 3096 1510 3139 esse
1554 3081 1781 3148 iudicat,
1810 3097 1917 3138 non
1944 3097 2073 3153 pro-
2178 3078 2300 3145 eius
2327 3079 2469 3147 quod
2496 3090 2579 3136 est
2607 3082 2831 3153 aliquid,
2858 3085 2909 3138 id
2939 3086 3082 3155 quod
3105 3090 3278 3143 estad
3303 3090 3504 3162 aliquid
3542 3094 3647 3149 erit
3671 3110 3795 3164 pro-

464 3181 663 3251 prium,
694 3179 789 3234 sed
824 3177 1079 3233 terminus
1108 3182 1211 3243 est,
1254 3185 1310 3229 ut
1361 3174 1487 3244 quia
1538 3176 1629 3246 qui
1661 3174 1798 3230 dixit
1853 3174 2071 3230 honesti
2102 3172 2159 3237 C
2184 3175 2382 3244 prium.
2406 3176 2612 3247 thuia
2637 3179 2832 3235 dicitur
2855 3179 3073 3251 duplum
3100 3183 3315 3255 quidem
3338 3185 3403 3241 ad
3427 3186 3709 3244 dimidium
3740 3189 3795 3247 id

466 3268 739 3344 ἰποιπὶυιιι
769 3269 966 3325 decens
993 3282 1134 3332 esse.
1177 3265 1317 3322 idem
1339 3266 1585 3336 εἱυεάεηι
1616 3267 1892 3336 Proprium
1936 3265 2075 3322 Μεί-
2182 3293 2305 3334 esse
2323 3278 2465 3349 quod
2487 3279 2593 3334 duo
2622 3280 2689 3335 ad
2719 3296 2906 3344 unum.
2934 3292 3018 3338 est
3038 3294 3215 3339 autem
3242 3285 3387 3357 dupli
3411 3288 3711 3359 proprium,
3736 3296 3797 3345 ut

466 3366 647 3439 gnavit
676 3363 840 3441 (idem
872 3361 1018 3418 enim
1043 3370 1125 3418 est
1157 3359 1447 3416 honestum
1480 3366 1536 3415 et
1556 3357 1799 3429 decens),
1831 3373 1937 3413 non
1965 3358 2071 3413 uti-
2182 3367 2292 3423 duo
2332 3368 2397 3423 ad
2440 3384 2625 3437 unum,
2676 3372 2778 3426 erit
2819 3370 3023 3429 dimidii
3065 3377 3363 3446 proprium,
3397 3384 3455 3433 ut
3506 3357 3672 3434 unum
3721 3377 3798 3437 ξιξ

464 3476 570 3532 que
618 3461 721 3516 erit
767 3456 967 3515 decens
1009 3455 1220 3511 honesti
1272 3455 1568 3528 proprium.
1604 3454 1950 3513 Construenti
1977 3468 2074 3509 au-
2181 3459 2312 3515 duo.
2343 3460 2583 3516 Tertium
2615 3471 2792 3517 autem
2819 3464 3114 3521 desii-uenti
3136 3468 3373 3541 quidem,
3406 3469 3453 3527 si
3478 3471 3718 3541 habitus,
3742 3472 3795 3528 id

465 3560 596 3622 tem,
629 3552 675 3608 si
704 3558 808 3608 neu
833 3548 1074 3623 ejusdem
1109 3548 1387 3620 proprium
1434 3547 1754 3618 assignavit,
1785 3562 1906 3602 cum
1937 3562 2071 3603 con-
2182 3554 2327 3622 quod
2348 3557 2649 3610 sectmdum‘
2667 3555 2904 3613 habitum
2931 3558 3126 3615 dicitur
3152 3576 3255 3617 non
3281 3565 3796 3635 estpr0prium,ne-

467 3647 661 3705 versim
688 3644 1034 3719 prmdicatum
1085 3641 1284 3713 posuit.
1319 3639 1451 3696 Nam
1502 3640 1607 3695 erit
1626 3639 1901 3709 proprium
1928 3639 2074 3709 quod
2182 3661 2289 3715 que
2303 3644 2545 3716 profecto
2560 3648 2893 3717 privationis,
2910 3650 2960 3705 id
2974 3651 3115 3722 quod
3128 3654 3421 3711 secundum
3437 3656 3795 3727 privationem

469 3741 698 3810 positum
744 3748 827 3793 est
869 3753 974 3793 non
1026 3748 1146 3792 csse
1180 3733 1478 3805 proprium,
1507 3742 1568 3788 nt
1616 3735 1743 3803 quia
1768 3731 1861 3802 qui
1892 3731 2074 3803 posuit

2183 3742 2401 3805 dicitur,
2435 3744 2538 3798 erit
2568 3745 2863 3815 proprium,
2896 3755 2950 3801 et
2980 3734 3039 3802 si‘
3060 3749 3395 3820 privationis,
3430 3751 3482 3806 id
3531 3752 3678 3824 quod
3703 3769 3793 3810 se-

465 3832 712 3889 animalis
740 3830 1013 3900 proprium
1037 3827 1089 3882 id
1121 3826 1261 3896 quod
1302 3826 1605 3880 substantia
1656 3826 1914 3888 animata,
1964 3838 2070 3877 non
2182 3835 2419 3891 cundum
2464 3837 2819 3905 privationem
2851 3837 3045 3895 dicitur
3085 3856 3191 3897 ηοη
3223 3852 3307 3899 εει
3339 3844 3639 3917 proprium,
3696 3861 3794 3902 ne.

471 3923 611 3978 idem
654 3920 872 3992 quidem
904 3918 1145 3991 eiusdem
1187 3918 1465 3987 prmium
1503 3914 1699 3984 posuit.
1751 3925 1806 3969 et
1846 3929 2075 3970 conver-
2184 3944 2291 3995 que
2342 3928 2573 3995 habitus,
2624 3930 2676 3985 id
2725 3931 2865 4002 quod
2933 3933 3229 3990 secundum
3296 3914 3540 3993 habitum
3586 3937 3792 3995 dicitur

466 4015 570 4070 sim
629 4011 975 4083 praedicatum
1016 4010 1332 4078 assignavit,
1366 4010 1469 4063 erit
1517 4006 1768 4061 animalis
1798 4008 2073 4079 pmprium
2168 4023 2291 4075 ιυιῑι
2332 4022 2628 4089 proprium.
2675 4021 2743 4077 Ut
2785 4024 2907 4095 quia
2966 4039 3071 4081 non
3122 4024 3318 4084 dicitur
3345 4025 3630 4085 surditatis
3670 4046 3795 4103 pro-

466 4106 761 4164 substantia
793 4105 1045 4160 animata.
1078 4101 1282 4159 Deinde
1309 4099 1469 4156 etiam
1501 4101 1551 4195 in
1582 4102 1648 4155 iis
1670 4116 1793 4173 qua:
1815 4101 2073 4195 similium
2186 4113 2361 4183 prium
2392 4112 2855 4171 insensibilitate,“
2893 4130 3035 4184 esse,
3070 4133 3244 4191 neque
3274 4120 3491 4178 auditus
3524 4124 3632 4179 em
3661 4099 3793 4195 ὀτο-

467 4199 703 4269 partium
737 4206 859 4251 sunt
889 4193 1343 4251 considerandum
1365 4202 1471 4257 est,
1499 4190 1797 4248 destruenti
1821 4190 2073 4285 quidem,
2186 4208 2363 4276 prium
2393 4220 2607 4262 sensum
2636 4221 2773 4263 esse.
2800 4190 3322 4283 Construcntivero,
3354 4214 3399 4270 si
3421 4215 3564 4285 quod
3593 4190 3793 4272 secun-

466 4290 513 4345 si
545 4294 684 4360 quod
719 4288 881 4342 totius
908 4295 992 4342 est
1013 4285 1309 4356 preprium,
1341 4299 1448 4339 non
1471 4283 1777 4339 verilicatur
1802 4282 1870 4338 de
1896 4292 2074 4353 parte,

466 4380 720 4455 αυιαιιοά
752 4383 937 4453 Ρθνίίδν
970 4396 1076 4435 ηθη
1112 4378 1311 4435 diem"
1342 4378 1410 4433 de
1456 4384 1592 4433 ίοῑο·
1640 4377 1755 4432 N0“
1797 4378 1939 4433 enim
1972 4377 2078 4431 θνίῑ
2189 4390 2370 4457 tionis,
2420 4393 2472 4448 id
2529 4394 2669 4465 quod
2712 4395 3008 4452 secundum
3057 4377 3410 4468 privationem
3451 4377 3653 4457 dicitur
3687 4403 3797 4458 erit

468 4476 767 4547 proprium,
796 4472 937 4545 quod
983 4473 1215 4543 positum
1248 4481 1331 4527 est
1379 4485 1503 4527 esse
1532 4470 1834 4541 proprium,
1879 4468 2074 4524 accidit

2189 4487 2482 4557 proprium,
2510 4498 2564 4542 ct
2592 4488 2636 4542 si
2671 4488 3004 4557 privationis,
3038 4491 3090 4547 id
3143 4494 3284 4564 quod
3329 4494 3631 4550 secundum
3681 4496 3793 4567 pri-

462 4572 648 4625 antem
693 4570 747 4624 in
789 4567 1058 4639 aliquibus
1102 4568 1204 4622 hoc
1257 4564 1397 4621 ﬁeri.
1450 4563 1758 4633 Assignabit
1789 4563 1932 4617 enim
1972 4561 2074 4616 ali-

2188 4578 2455 4634 vationem
2480 4578 2698 4645 dicitur,
2735 4591 2818 4636 est
2846 4584 3141 4653 proprium,
3161 4561 3234 4640 vet
3257 4585 3497 4654 habitus,
3532 4561 3792 4657 quodse-

466 4664 585 4734 quis
611 4661 667 4716 in
697 4661 762 4716 iis
791 4675 909 4732 qua:
939 4659 1191 4714 similium
1216 4658 1449 4728 partium
1479 4665 1606 4711 sunt
1642 4655 1942 4725 proprium,
1975 4655 2074 4709 ali-

2188 4668 2422 4727 cundum
2454 4670 2690 4726 habitum
2723 4672 2917 4729 dicitur
2936 4675 3039 4731 erit
3061 4678 3355 4748 proprium.
3388 4676 3454 4736 Ut
3485 4655 3614 4751 quia
3638 4681 3790 4735 visus

466 4758 680 4829 quoties
709 4754 927 4826 quidem
955 4755 1010 4811 in
1050 4762 1166 4809 toto
1213 4754 1536 4823 respiciens,
1570 4749 1853 4821 aliquoties
1891 4757 2073 4806 autem

2186 4772 2270 4818 est
2287 4764 2558 4833 proprium
2583 4765 2786 4831 videre,
2812 4766 3108 4822 secundum
3137 4769 3278 4839 quod
3307 4749 3570 4826 habemus
3586 4772 3786 4841 visum,

458 4846 518 4905 in
552 4864 618 4906 eo
644 4847 786 4920 quod
826 4844 1122 4903 secundum
1176 4855 1385 4916 partem
1433 4844 1634 4901 dicitur
1676 4844 1795 4914 ipse
1834 4842 2072 4914 seipsum

2187 4854 2293 4910 erit
2336 4854 2596 4908 caecitatis
2626 4856 2899 4925 proprium
2929 4872 3035 4912 non
3068 4859 3273 4928 videre,
3315 4863 3610 4917 secundum
3643 4863 3790 4935 quod

392 4988 396 4992 ,
469 4942 802 5012 intelligens,
840 4948 897 4995 at
938 4939 1042 4993 erit
1077 4950 1327 4993 neutrum
1364 4946 1513 4994 recte
1543 4936 1897 5007 assignatum,
1930 4944 1992 4992 ut
2019 4936 2074 4993 in
2188 4958 2293 4998 non
2324 4943 2586 5001 habemus
2613 4946 2806 5013 visum,
2841 4947 2949 5002 nati
2975 4947 3193 5007 habere.
3224 4951 3429 5009 Deinde
3453 4968 3524 5010 ex
3548 4952 3791 5009 aﬂirma-

468 5048 577 5092 toto
615 5036 848 5107 quidem,
884 5032 1004 5104 quia
1035 5034 1123 5101 qui
1151 5031 1288 5086 dixit
1314 5028 1479 5086 maris
1507 5030 1809 5101 proprium,
1843 5029 2071 5098 plurima
2186 5028 2424 5092 tionibus
2466 5047 2521 5092 et
2561 5038 2969 5108 negationibus,
3025 5042 3254 5110 primum
3285 5042 3501 5115 quidem
3545 5059 3612 5100 ex
3658 5045 3789 5115 ipsis

471 5146 605 5201 aqua
663 5128 825 5194 salsa,
872 5124 1099 5197 alicujus
1155 5122 1414 5179 similium
1462 5122 1690 5194 partium
1740 5122 1920 5195 posuit
1948 5140 2076 5197 pro-
2185 5146 2309 5203 qua:
2348 5131 2729 5202 praedicantur.
2792 5132 2887 5188 Est
2941 5143 3121 5190 autem
3172 5135 3322 5192 locus
3371 5136 3459 5193 hic
3508 5137 3655 5194 utilis
3695 5138 3789 5192 de-

465 5227 661 5294 prium,
697 5233 751 5279 et
768 5223 876 5279 tale
901 5216 1201 5291 assignavit
1223 5217 1364 5289 quod
1380 5217 1809 5274 nonveriticatnr
1827 5218 1896 5275 de
1922 5231 2074 5288 parte
2184 5225 2415 5279 struenti
2444 5232 2671 5290 tantum,
2699 5232 2757 5279 ut
2778 5223 2822 5280 si
2858 5224 3168 5297 affirmatio,
3197 5228 3281 5285 vel
3310 5229 3453 5299 quod
3486 5230 3784 5286 secundum

467 5318 595 5389 (non
641 5318 785 5373 enim
814 5316 922 5373 erit
966 5311 1218 5386 quiddam
1249 5307 1414 5366 maris
1446 5309 1676 5383 plurima
1706 5326 1840 5383 aqua
1874 5310 2069 5384 salsa),
2182 5316 2599 5373 amrmationem
2651 5316 2868 5385 dicitur,
2904 5319 3023 5392 ejus
3072 5331 3155 5378 εει
3202 5323 3504 5394 proprium,
3540 5339 3647 5379 non
3680 5325 3786 5379 erit

463 5414 570 5464 non
601 5410 785 5479 utique
815 5409 921 5464 erit
951 5406 1116 5462 maris
1140 5403 1438 5476 proprium,
1477 5403 1707 5475 plurima
1735 5419 1871 5476 aqua
1905 5404 2068 5461 salsa.
2180 5409 2427 5481 profecto
2457 5412 2576 5480 ejus
2613 5413 2845 5484 negatio,
2896 5429 3071 5487 neque
3097 5415 3241 5488 quod
3292 5418 3588 5474 secundum
3623 5432 3784 5489 nega.

465 5501 523 5557 lu
554 5514 705 5575 parte
726 5512 926 5567 autem,
964 5510 1025 5554 ut
1053 5499 1173 5570 quia
1202 5498 1291 5570 qui
1325 5497 1569 5569 posuerit
1597 5497 1736 5553 aeris
1763 5498 2064 5568 proprimn,
2176 5503 2382 5559 tionem
2414 5503 2631 5571 dicitur,
2680 5507 2974 5576 proprium,
3009 5508 3051 5562 si
3085 5517 3263 5565 autem
3309 5509 3381 5565 sit
3404 5510 3661 5581 ‘negatio,
3692 5516 3784 5562 aut

464 5594 805 5663 respirabile,
849 5593 1106 5650 similium
1148 5592 1367 5663 quidem
1418 5593 1645 5662 partium
1678 5592 1905 5662 alicujus
1936 5590 2069 5647 dixit
2180 5595 2324 5666 quod
2356 5596 2658 5652 secundum
2704 5601 3039 5668 negationem
3086 5600 3283 5657 dicitur
3308 5604 3607 5673 proprium,
3639 5600 3784 5671 ejus-

467 5690 767 5757 proprium,
815 5688 925 5741 tale
972 5696 1152 5741 autem
1182 5685 1472 5754 assignavit
1516 5684 1658 5756 quod
1690 5682 1759 5740 de
1806 5697 1914 5756 quo
1941 5699 2066 5739 aere
2177 5687 2302 5745 dem
2331 5704 2439 5745 non
2472 5689 2575 5746 erit
2601 5691 2915 5761 afﬁrmatio,
2950 5710 3123 5767 neque
3165 5693 3308 5764 quod
3354 5695 3650 5752 secundum
3694 5693 3781 5748 af-

416 5782 422 5787 '
464 5788 652 5837 verum
679 5784 784 5844 est,
812 5776 879 5833 de
918 5784 1031 5833 toto
1051 5787 1229 5833 autem
1259 5790 1367 5834 non
1392 5774 1591 5839 dicitur
1620 5774 1756 5851 (non
1785 5778 1931 5834 enim
1958 5778 2068 5835 erit

2183 5777 2538 5839 lirmationem
2569 5782 2766 5841 dicitur
2796 5785 3091 5859 proprium,
3124 5795 3184 5845 ut
3206 5788 3332 5861 quia
3362 5787 3635 5862 proprium
3662 5788 3782 5845 ani-

2105 5879 2121 5941 l

2179 2626 2267 2672 est
2313 2620 2416 2672 erit
2462 2621 2762 2688 proprium.
2822 2631 2879 2679 ut
2922 2624 3045 2696 quia
3075 2625 3274 2685 dicitur
3300 2628 3524 2699 duplum
3574 2632 3797 2703 quidem

2188 2709 2255 2761 ad
2280 2706 2583 2776 dimidium,
2612 2727 2873 2782 superans
2900 2724 3084 2772 autem
3115 2718 3184 2774 ad
3209 2731 3542 2790 superatum,
3578 2738 3686 2779 non
3708 2732 3797 2781 est

2180 2811 2360 2857 autem
2410 2803 2559 2873 dupli
2602 2807 2876 2877 proprium
2933 2825 3217 2881 superans,
3267 2828 3372 2868 non
3426 2816 3531 2871 erit
3577 2815 3795 2874 dimidii

2182 2898 2461 2966 proprium
2495 2908 2826 2967 superatum.
2850 2900 3196 2964 Construentl
3218 2914 3418 2973 autem,
3447 2908 3493 2963 si
3512 2911 3634 2979 ejus
3650 2910 3794 2980 quod

2184 1412 2232 1467 si
2261 1414 2515 1467 contrarii
2534 1428 2640 1469 non
2671 1422 2756 1471 est
2784 1419 3137 1475 contrarium.
3167 1419 3354 1491 Neque
3377 1423 3525 1479 enim
3553 1438 3788 1482 enntra-
3876 1446 3881 1449 '

2180 2522 2325 2577 enim
2362 2524 2463 2580 hoc
2492 2528 2636 2596 quod
2682 2528 2749 2583 ad
2779 2529 2982 2600 aliquid
3020 2542 3124 2603 est,
3150 2534 3267 2603 ejus
3308 2535 3450 2608 quod
3495 2538 3562 2593 ad
3591 2538 3797 2608 aliquid
3846 2556 3849 2559 ·

2186 4301 2313 4354 dmn
2349 4301 2587 4356 habitum
2618 4302 2835 4370 dicitur,
2867 4314 2951 4359 est
2977 4305 3187 4362 habitus
3216 4308 3514 4380 proprium,
3542 4318 3599 4365 et
3620 4313 3793 4382 priva-
3820 4324 3821 4327 ‘
