4064 6336
285 312 390 370 965

1179 303 1579 367 TOPICORUM
1618 295 2070 360 ARISTOTELIS
2110 290 2682 353 lNTERPiiETATlO.

3475 286 3582 343 966

286 429 441 483 malis
484 434 568 483 οει
595 424 908 488 mimum),
966 436 1073 479 non
1126 421 1230 477 erit
1282 418 1531 476 animalis
1579 414 1880 488 proprium,
1911 412 1964 473 Α
1992 422 2097 462 non
2126 414 2209 460 est
2235 398 2353 474 ejus
2377 404 2519 477 quod
2548 413 2632 458 est
2653 402 2797 472 juste
2821 413 3096 472 prOprtum
3121 396 3266 470 quod
3297 397 3458 465 bene,
3484 415 3579 456 ite-

287 536 392 576 nou
423 521 738 574 animatum.
782 515 1089 574 Secundum
1122 525 1302 571 autem
1334 530 1398 569 es
1431 508 1760 585 praedicatis,
1801 507 1889 563 vel

287 614 449 667 etiarn
483 626 592 666 non
632 606 969 680 predieatis,
1020 615 1073 663 et
1112 604 1180 662 de
1207 606 1403 677 quibus
1447 602 1763 677 prazdicatur
1804 599 1891 655 vel

288 720 394 759 non
449 703 793 772 praedicatur,
840 699 1135 756 destruenti
1172 699 1410 770 quidem,
1446 698 1489 753 si
1517 693 1891 753 affirmationis

284 796 580 852 affirmatio
608 810 712 849 non
746 802 827 848 est
857 793 1150 862 preprium.
1177 788 1361 861 Neque
1388 792 1531 846 enim
1564 785 1775 856 negatio
1798 798 1891 840 ne-

287 889 523 957 gationis
559 886 661 942 erit
684 887 982 957 proprium,
1007 894 1061 939 et
1096 885 1139 938 si
1184 883 1397 952 negatio
1437 878 1737 959 negationis
1784 892 1890 932 non

285 992 367 1035 est
400 981 695 1048 proprium,
724 991 897 1048 neque
924 970 1297 1031 amrtnatiouis
1324 973 1611 1029 affirmatio
1635 973 1735 1026 erit
1767 986 1893 1041 pro-

288 1074 487 1143 prium,
523 1082 577 1128 ut
600 1073 727 1143 quia
745 1086 850 1126 non
881 1079 963 1128 eet
987 1068 1262 1140 proprium
1290 1066 1522 1124 hominis
1542 1064 1760 1131 animal,
1794 1080 1892 1119 ne-

288 1181 532 1236 quonon
566 1164 799 1219 hominis
828 1176 933 1217 nou
962 1160 1163 1216 animal
1189 1176 1203 1227 ;
1237 1160 1282 1215 si
1310 1168 1491 1214 autem
1525 1172 1631 1213 non
1655 1154 1892 1212 hominis

292 1273 400 1311 non
434 1256 646 1311 videtur
695 1254 969 1325 pmprium
1016 1264 1120 1307 non
1162 1251 1383 1316 animal,
1435 1265 1612 1323 neque
1660 1246 1892 1305 hominis

288 1348 393 1403 erit
424 1350 696 1417 propriqu
720 1347 943 1402 animal.
975 1345 1322 1400 Construeuti
1347 1354 1550 1408 autem,
1576 1343 1621 1399 si
1652 1341 1893 1397 affirma-

190 1472 191 1475 η
290 1440 456 1494 tionis
484 1439 771 1494 affirmatio
798 1428 889 1492 est'
902 1438 1199 1508 proprium.
1243 1436 1373 1491 Nam
1398 1445 1449 1489 et
1482 1433 1696 1506 negatio
1726 1448 1892 1504 nega-

283 1532 450 1586 tionis
479 1536 579 1585 erit
612 1532 905 1599 proprium,
937 1529 1184 1584 siautem
1227 1527 1526 1593 negationis
1578 1522 1789 1593 negatio
1813 1532 1897 1579 est

293 1624 594 1691 prOpriuut,
624 1632 675 1675 et
705 1619 987 1674 affirmatio
1031 1620 1408 1674 aflirmationis
1448 1620 1550 1674 erit
1592 1616 1892 1688 proprium,

299 1722 360 1766 ut
385 1714 508 1783 quia
537 1727 642 1767 non
672 1712 922 1766 animalis
967 1722 1049 1766 est
1097 1711 1371 1781 proprium
1424 1725 1528 1765 non
1556 1710 1760 1773 vivere,
1791 1708 1898 1762 erit

1992 511 2098 571 que
2138 495 2335 565 injuste
2371 494 2475 549 erit
2517 494 2788 564 proprium
2832 490 2974 563 quod
3021 489 3183 548 male.
3229 488 3585 547 Construenti

1995 600 2144 655 vero,
2177 588 2219 642 si
2249 585 2484 657 Oppositi
2511 600 2668 641 casus
2702 594 2784 641 est
2828 583 3107 656 proprium
3138 582 3371 654 oppositi
3400 594 3580 640 casus.

1993 676 2125 736 Nam
2158 688 2214 735 et
2250 680 2479 750 Oppositi
2512 692 2668 734 casus
2695 677 2799 733 erit
2829 678 3105 749 proprium
3140 676 3370 747 oppositi
3401 690 3583 744 casus,

1994 784 2054 830 ut
2081 773 2205 845 quia
2238 772 2449 828 honesti
2478 782 2561 828 est
2590 773 2861 843 proprium
2898 773 3183 842 Optimum,
3215 782 3269 826 et
3314 770 3589 840 inhonesti

1993 868 2098 922 erit
2121 864 2394 936 proprium
2426 865 2737 935 pessimum.
2766 864 2966 921 Deinde
2992 880 3056 920 ex
3087 863 3152 919 iis
3181 879 3300 935 qua:
3331 860 3586 918 similiter

1994 975 2054 1016 se
2087 960 2311 1027 habent,
2344 956 2644 1014 dcstrueuti
2678 956 2917 1028 quidem,
2966 959 3008 1013 si
3051 956 3192 1027 quod
3239 956 3488 1011 similiter
3528 969 3590 1012 se

1995 1048 2179 1121 habet,
2228 1054 2347 1123 ejus
2391 1053 2531 1122 quod
2585 1052 2833 1107 similiter
2883 1066 2943 1107 se
2987 1050 3145 1107 habet
3196 1064 3303 1106 non
3349 1058 3432 1104 est
3467 1062 3593 1120 pro-

1996 1146 2195 1217 prium.
2238 1144 2423 1217 Neque
2466 1145 2607 1200 enim
2655 1143 2795 1214 quod
2841 1140 3091 1200 similiter
3141 1159 3201 1199 se
3242 1141 3423 1210 habet,
3473 1142 3593 1210 ejus

1995 1238 2138 1307 quod
2163 1238 2410 1293 similiter
2437 1252 2497 1294 se
2525 1237 2688 1293 habet
2710 1236 2813 1292 erit
2839 1237 3135 1307 proprium,
3165 1244 3223 1292 ut
3250 1237 3370 1304 quia
3402 1234 3596 1291 simill-

1998 1339 2081 1385 ter
2101 1344 2160 1384 se
2190 1329 2352 1386 habet
2375 1330 2439 1384 ad
2469 1329 2861 1385 exstruendum
2884 1328 3167 1384 aedificium
3194 1327 3507 1395 addicatur,
3540 1334 3598 1383 et

1999 1423 2243 1478 medicus
2274 1423 2338 1477 ad
2392 1422 2734 1477 efﬁciendum
2775 1422 3083 1483 sanitatem.
3126 1437 3232 1476 non
3282 1432 3364 1477 est
3411 1428 3593 1475 autem

1999 1515 2278 1587 proprium
2309 1516 2498 1571 medici
2523 1516 2740 1571 efficere
2771 1516 3076 1582 sanitatem,
3105 1529 3276 1585 neque
3306 1512 3599 1569 aedificato-

1999 1609 2076 1664 ris
2122 1611 2227 1663 erit
2257 1612 2534 1679 proprium
2580 1616 2860 1663 exstruere
2911 1606 3218 1662 :rdiilcium.
3248 1604 3599 1661 Construenti

2000 1714 2204 1766 autem,
2236 1703 2280 1757 si
2313 1702 2458 1773 quod
2479 1702 2729 1758 similiter
2752 1717 2813 1758 se
2843 1702 3007 1757 habet
3036 1701 3139 1757 erit
3169 1700 3446 1770 praprium
3470 1690 3596 1771 'ejus

288 1803 541 1858 animalis
570 1817 843 1872 prOprium
892 1802 1092 1865 vivere,
1137 1813 1189 1856 et
1235 1802 1279 1856 si
1334 1802 1583 1856 animalis
1616 1798 1890 1869 proprium
1924 1804 1974 1875 Β
2000 1794 2139 1864 quod
2162 1794 2413 1850 similiter
2440 1810 2497 1850 se
2522 1795 2702 1851 habet.
2736 1795 2867 1850 Nam
2900 1805 2954 1851 et
2978 1794 3117 1865 quod
3145 1793 3395 1850 similiter
3424 1808 3481 1848 se
3504 1792 3601 1847 ita-

289 1895 501 1950 videtur
532 1897 732 1960 vivere,
773 1903 828 1950 et
886 1908 992 1950 non
1025 1894 1273 1949 animalis
1317 1895 1592 1962 proprium
1624 1890 1897 1947 videbitur

288 2000 399 2040 non
456 1986 658 2042 vivere.
703 1986 946 2042 Tertium
994 1998 1171 2041 autem
1198 2000 1261 2042 ex
1315 1988 1445 2056 ipsis
1489 1976 1770 2056 subjectis,
1802 1983 1898 2039 dc-

286 2078 518 2132 struenti
550 2078 790 2147 quidem,
840 2080 883 2132 si
915 2079 1055 2147 quod
1089 2079 1415 2146 assignatum
1466 2086 1550 2132 est
1593 2076 1893 2147 proprium,

291 2170 667 2228 affirmationis
693 2182 778 2227 est
825 2173 1122 2243 proprium.
1173 2170 1285 2227 Non
1336 2172 1438 2226 erit
1483 2170 1627 2225 enim
1661 2169 1803 2224 idem
1840 2176 1896 2225 ct

296 2263 597 2332 negationis
648 2264 961 2333 proprium;
995 2265 1038 2319 si
1089 2276 1266 2320 autem
1313 2264 1612 2333 negationis
1642 2270 1724 2317 est
1767 2276 1896 2332 pro-

287 2353 467 2420 prium
505 2353 642 2423 quod
690 2355 1018 2421 assignatum
1057 2364 1164 2422 est,
1222 2366 1327 2409 non
1374 2354 1479 2408 erit
1524 2350 1897 2406 alfirmatiouis

290 2448 591 2515 projirium,
623 2456 679 2501 ut
706 2447 830 2517 quia
872 2446 1119 2503 animalis
1164 2447 1434 2516 proprium
1468 2454 1551 2501 est
1575 2446 1923 2510 animatum,

300 2554 410 2593 non
457 2538 701 2593 animalis
754 2555 860 2597 non
914 2541 1016 2595 erit
1066 2541 1341 2611 proprium
1382 2537 1697 2593 animatum.
1755 2536 1890 2591 Cons

287 2631 521 2684 strucuti
551 2646 700 2696 vero,
743 2631 787 2686 si
815 2631 1140 2702 assignatum
1175 2631 1449 2700 proprium
1489 2646 1593 2683 non
1622 2638 1707 2682 est
1737 2614 1906 2681 διῆγέ

288 2723 540 2778 mntionis
574 2726 870 2793 proprium,
900 2726 1002 2781 erit
1036 2726 1353 2795 negationis.
1389 2724 1454 2778 At
1488 2723 1574 2777 hic
1620 2723 1769 2777 locus
1802 2721 1892 2777 de—

286 2816 423 2881 ficit,
456 2832 575 2871 nam
607 2816 1250 2889 af'flrmationcgationis,
1293 2829 1347 2873 et
1388 2818 1603 2890 negatio
1645 2815 1894 2871 afﬁrma-

297 2908 465 2962 tiouis
496 2922 599 2964 non
662 2910 743 2965 est
800 2911 1098 2981 proprium,
1145 2906 1575 2981 quandoquidem
1610 2908 1896 2963 affirmatio

289 3000 565 3071 negationi
604 3003 825 3058 omnino
875 3014 981 3057 non
1041 3003 1199 3073 inest,
1255 3004 1470 3067 negatio
1519 3012 1695 3057 autem
1744 3001 1895 3056 affir-

290 3094 519 3150 mationi
570 3099 708 3151 inest
757 3097 998 3167 quidem,
1042 3108 1097 3150 at
1151 3111 1256 3150 non
1292 3108 1348 3148 ut
1403 3096 1679 3167 proprium
1730 3092 1892 3149 inest.

2001 1885 2114 1951 bet,
2144 1885 2263 1954 ejus
2296 1887 2439 1955 quod
2482 1887 2731 1941 similiter
2773 1903 2833 1943 se
2864 1885 3029 1941 habet
3071 1887 3175 1941 crit
3211 1887 3508 1955 pr0prium,
3544 1892 3602 1940 ut

2000 1976 2255 2046 quoniam
2301 1977 2555 2032 similiter
2594 1993 2653 2033 se
2679 1977 2841 2033 habet
2880 1978 3119 2034 medicus
3160 1979 3226 2033 ad
3256 1978 3309 2032 id
3334 1976 3475 2047 quod
3518 1985 3602 2033 est

2001 2082 2124 2123 esse
2152 2067 2455 2124 eifectivum
2505 2070 2771 2135 sanitatis,
2804 2079 2858 2125 et
2883 2070 3253 2142 ludimagister
3283 2070 3347 2123 ad
3380 2066 3430 2123 id
3457 2066 3601 2138 quod

2000 2173 2085 2218 est
2113 2178 2234 2219 esse
2255 2162 2561 2219 eil‘ectivum
2590 2164 2744 2220 bonae
2778 2164 3134 2231 habitudinis,
3166 2173 3249 2219 est
3278 2173 3456 2218 autem
3479 2175 3603 2231 pro-

2001 2257 2177 2325 prium
2210 2258 2448 2329 magistri
2482 2256 2591 2314 ludi
2630 2274 2752 2315 esse
2782 2259 3085 2315 edeCtivum
3128 2256 3284 2314 bona:
3328 2256 3603 2312 habitudi-

2005 2353 2112 2417 nis,
2143 2350 2250 2406 erit
2280 2353 2556 2423 proprium
2590 2362 2643 2408 et
2673 2352 2867 2409 medici
2913 2350 3216 2410 eileetivum
3255 2366 3375 2407 esse
3404 2350 3603 2405 sanitaa

2003 2443 2092 2495 tis.
2128 2443 2333 2499 Deinde
2370 2459 2435 2500 ex
2469 2442 2535 2499 iis
2563 2460 2684 2515 qua:
2712 2446 2791 2500 sic
2819 2460 2878 2502 se
2906 2444 3124 2515 habent,
3156 2443 3458 2500 destrueuti
3484 2442 3603 2514 qui.

2001 2528 2149 2604 dem,
2202 2537 2249 2591 si
2279 2537 2422 2607 quod
2453 2538 2531 2593 sic
2576 2553 2635 2593 se
2675 2537 2856 2603 habet,
2887 2542 3006 2608 ejus
3030 2537 3172 2609 quod
3214 2536 3292 2593 sic
3341 2548 3399 2592 se
3438 2534 3603 2592 habet

2004 2644 2113 2684 non
2146 2636 2231 2685 est
2269 2633 2571 2702 proprium.
2617 2626 2802 2699 Neque
2846 2634 2990 2686 enim
3024 2631 3165 2700 quod
3195 2630 3272 2685 sic
3316 2642 3374 2684 se
3417 2627 3600 2695 habet,

2000 2723 2119 2793 ejus
2147 2722 2289 2793 quod
2313 2725 2391 2779 sic
2426 2739 2485 2779 se
2520 2724 2683 2780 habet
2724 2727 2827 2779 erit
2857 2725 3156 2794 proprium.
3187 2723 3244 2780 Si
3275 2731 3454 2779 autem
3482 2724 3599 2792 ejus

2000 2818 2144 2888 quod
2173 2818 2251 2874 sic
2278 2832 2337 2875 se
2360 2817 2541 2887 habet,
2568 2818 2621 2873 id
2650 2816 2790 2889 quod
2820 2819 2898 2873 sic
2920 2832 2979 2873 se
3003 2816 3164 2873 habet
3190 2824 3271 2872 est
3296 2813 3594 2887 proprium,

2001 2910 2119 2978 ejus
2151 2926 2256 2966 non
2304 2911 2409 2966 erit
2442 2911 2714 2980 proprium
2745 2910 2900 2980 cujus
2933 2910 3161 2980 positum
3204 2916 3288 2965 est
3316 2925 3436 2964 esse
3468 2924 3601 2980 pro-

2003 3003 2199 3071 prium.
2237 3001 2307 3057 Ut
2343 3003 2468 3075 quia
2498 3004 2577 3059 sic
2609 3019 2667 3059 se
2702 3002 2860 3059 habet
2892 3002 3179 3075 prudentia
3223 3003 3288 3057 ad
3317 3001 3601 3059 honestum

2003 3105 2056 3149 et
2097 3103 2276 3166 turpe,
2314 3111 2381 3151 eo
2425 3096 2568 3168 quod
2616 3095 2900 3168 disciplina
2950 3098 3229 3169 utriusque
3274 3113 3459 3156 eorum
3490 3107 3596 3171 est,

288 3186 497 3242 Deinde
528 3203 593 3243 ex
622 3187 688 3244 iis
708 3204 827 3259 qua:
852 3200 919 3243 ex
943 3187 1192 3258 opposito
1219 3188 1555 3267 dividuntur,
1591 3185 1894 3242 destrueuti
1926 3181 1973 3247 C
2004 3201 2110 3240 non
2151 3195 2433 3242 estautem
2461 3187 2760 3257 prudentia:
2794 3190 3069 3258 proprium
3099 3190 3443 3262 disciplinam
3475 3206 3601 3247 esse

291 3278 528 3348 quidem.
563 3280 608 3335 si
649 3294 834 3335 eorum
863 3295 983 3351 quae
1025 3294 1091 3336 ex
1118 3282 1371 3351 opposito
1406 3280 1739 3344 dividuntur,
1773 3280 1893 3333 nul-

290 3368 405 3428 lum
455 3374 614 3430 ullius
668 3374 996 3446 reliquorum
1054 3390 1116 3429 ex
1172 3374 1423 3446 opposito
1469 3372 1761 3430 divisurum
1814 3380 1902 3429 est

290 3468 587 3537 proprium.
620 3467 805 3538 Neque
846 3469 988 3523 enim
1040 3469 1181 3538 quod
1223 3469 1453 3538 positum
1485 3475 1587 3533 est,
1640 3466 1741 3521 erit
1773 3482 1898 3536 pro-

296 3559 473 3631 prium
504 3560 619 3631 ejus
648 3562 801 3632 cujus
835 3558 1066 3630 positum
1090 3572 1173 3617 est
1207 3564 1507 3632 proprium,
1543 3570 1602 3616 ut
1622 3560 1752 3631 quia
1780 3562 1898 3616 ani-

296 3650 405 3705 mal
436 3651 693 3708 sensibile
722 3648 919 3708 nullius
961 3654 1190 3709 aliorum
1224 3654 1532 3709 mortalium
1582 3654 1892 3709 animalium

295 3757 381 3802 est
450 3749 763 3817 premium,
814 3762 919 3804 non
984 3752 1086 3805 erit
1139 3750 1343 3806 animal
1411 3750 1747 3820 intelligibile
1802 3752 1897 3810 llei

292 3839 593 3909 proprium.
643 3840 990 3898 Construeuti
1041 3854 1221 3901 autem
1256 3887 1270 3910 ,
1329 3845 1375 3900 si
1419 3854 1737 3901 cccterormu
1775 3865 1895 3917 quae

293 3949 359 3989 ex
387 3937 634 4004 opposito
695 3937 1007 3993 dividuntur
1062 3938 1290 4010 quodvis
1342 3948 1425 3995 est
1481 3942 1757 4011 proprium
1809 3952 1895 3996 ta-

292 4021 425 4079 lium
499 4040 939 4099 quorumcunque
1030 4044 1216 4084 eorum
1294 4045 1415 4100 quae
1494 4047 1564 4087 es
1644 4034 1896 4103 opposito

294 4117 629 4178 dividuntur.
705 4122 837 4177 Nam
926 4123 1190 4193 reliquum
1268 4125 1374 4179 erit
1432 4125 1549 4194 ejus
1616 4128 1893 4196 proprium

293 4210 449 4279 cujus
502 4213 733 4283 positum
800 4225 883 4271 est
947 4229 1055 4270 non
1115 4230 1234 4272 esse
1286 4216 1561 4289 pr0prium
1592 4259 1607 4285 ,
1664 4230 1719 4273 ut
1770 4221 1894 4291 quia

295 4302 595 4372 prudentia:
645 4317 728 4363 est
772 4307 1087 4379 proprium,
1139 4322 1236 4372 per
1285 4325 1345 4364 se
1398 4317 1579 4364 natum
1636 4325 1755 4365 esse
1806 4328 1896 4366 ra—

210 4434 227 4444 .
292 4396 511 4451 tionalis
558 4400 807 4456 virtutem
870 4415 989 4456 esse
1024 4444 1039 4470 ,
1098 4410 1151 4456 et
1206 4400 1430 4456 aliarum
1493 4408 1750 4456 virtutum
1814 4403 1895 4459 sic

292 4486 720 4560 uniuscujusque
801 4498 1074 4561 sumptas,
1145 4493 1248 4548 erit
1327 4497 1696 4562 temperantia:
1763 4511 1891 4566 pro-

294 4581 473 4651 prium
524 4594 620 4661 per
672 4598 731 4640 se
784 4595 967 4640 natum
1019 4600 1138 4640 esse
1183 4586 1616 4656 euricupisciliilzs
1639 4588 1888 4644 virtutem
1919 4558 1975 4623 Ῑ)

294 4680 438 4729 esse.
478 4673 679 4732 Deinde
705 4691 768 4733 ex
801 4678 1039 4743 casibus,
1070 4677 1365 4733 destruenti
1392 4678 1630 4751 quidem,
1663 4681 1707 4733 si
1737 4695 1895 4740 casus

294 4776 408 4819 non
436 4775 518 4820 est
549 4782 706 4823 casus
732 4771 1028 4837 proprium.
1061 4770 1245 4841 Neque
1272 4772 1413 4825 enim
1444 4786 1603 4827 casus
1638 4775 1743 4829 erit
1774 4789 1895 4844 pro-

296 4861 478 4931 prium
506 4874 684 4929 casus,
715 4870 773 4918 ut
793 4865 917 4933 quia
944 4879 1046 4918 non
1077 4873 1161 4920 est
1192 4864 1306 4934 ejus
1328 4865 1469 4935 quod
1502 4866 1747 4936 estjuste
1773 4884 1898 4937 pro-
1944 4902 1947 4905 λ

296 4956 476 5021 prium
510 4953 561 5009 id
589 4959 734 5025 quod
768 4956 925 5024 bene,
977 4973 1151 5028 hcque
1178 4958 1307 5028 justi
1340 4961 1616 5027 proprium
1649 4962 1754 5016 erit
1797 4962 1895 5019 bo-

296 5062 451 5103 num.
490 5043 838 5105 Construenti
868 5061 1068 5120 autem,
1098 5051 1142 5106 si
1187 5065 1347 5106 casus
1378 5060 1461 5106 est
1503 5056 1777 5123 proprium
1809 5073 1899 5112 ca-

297 5153 418 5197 sus.
451 5139 582 5195 Nam
621 5149 676 5197 et
703 5157 863 5198 casus
892 5144 998 5198 erit
1023 5136 1179 5199 casus
1211 5144 1507 5214 proprium,
1546 5153 1600 5197 ut
1636 5146 1759 5216 quia
1806 5148 1903 5205 ho-

294 5232 467 5287 minis
514 5240 595 5289 est
626 5236 901 5304 proprium
946 5233 1236 5307 grcssibile
1268 5234 1447 5304 bipes,
1472 5241 1527 5289 ει
1568 5236 1767 5293 homini
1799 5242 1903 5296 erit

297 5324 579 5396 proprium
608 5326 872 5397 gressibili
900 5327 1077 5399 bipedi
1104 5328 1232 5386 dici.
1271 5330 1386 5387 Non
1430 5335 1607 5390 solum
1636 5344 1810 5390 autem
1846 5335 1898 5391 in

296 5433 365 5473 eo
394 5418 542 5491 quod
572 5418 772 5477 dictum
799 5430 886 5478 est
925 5423 1220 5480 secundum
1251 5440 1409 5482 casus
1438 5438 1519 5483 est
1550 5428 1901 5485 consideran-

296 5511 453 5578 dum,
485 5512 583 5569 sed
606 5522 659 5569 et
684 5514 739 5569 in
781 5514 1062 5586 oppositis,
1091 5518 1546 5588 quemadmodum
1578 5530 1635 5577 et
1676 5522 1730 5577 in
1761 5523 1903 5591 prio-

218 5624 231 5631 α
294 5604 451 5659 ribus
477 5603 613 5663 locis
638 5606 840 5663 dictum
868 5616 971 5675 est,
1002 5611 1299 5668 destruenti
1324 5612 1568 5683 quidem,
1595 5615 1638 5669 si
1669 5614 1900 5684 Oppositi

296 5714 482 5766 Casus,
516 5715 623 5758 non
650 5712 734 5760 est
757 5703 1030 5775 proprium
1055 5704 1291 5777 oppositi
1318 5722 1497 5763 casus.
1539 5706 1722 5779 Neque
1756 5710 1901 5763 cnim

298 5792 539 5863 oppositi
571 5809 730 5853 casus
759 5797 864 5855 erit
893 5799 1167 5871 proprium
1205 5798 1440 5874 oppositi
1466 5814 1648 5869 casus,
1694 5809 1750 5859 ut
1776 5803 1902 5876 quis

2004 3279 2243 3347 honesti,
2289 3296 2395 3336 non
2425 3282 2608 3352 utique
2650 3285 2755 3339 erit
2789 3285 3064 3354 proprium
3096 3284 3397 3356 prudentiae
3436 3284 3599 3341 disci-

2007 3370 2206 3440 plinam
2237 3387 2357 3428 esse
2384 3373 2590 3443 turpis;
2627 3373 2672 3429 si
2703 3389 2831 3430 vero
2865 3385 2951 3431 est
2979 3379 3253 3448 proprium
3298 3378 3601 3449 prudentia:

2003 3464 2348 3535 disciplinam
2380 3478 2504 3522 esse
2539 3465 2772 3531 honesti,
2802 3483 2909 3523 non
2932 3471 3035 3522 erit
3062 3470 3335 3541 proprium
3361 3470 3603 3545 ejusdem

2004 3557 2339 3628 disciplinam
2386 3576 2505 3615 esse
2546 3560 2739 3632 turpis,
2787 3560 3116 3632 impossibile
3165 3573 3247 3621 est
3276 3564 3419 3619 enim
3451 3565 3602 3633 ejus-

2002 3652 2125 3707 dem
2150 3654 2300 3722 plura
2324 3666 2444 3708 esse
2475 3653 2710 3723 propria.
2736 3652 3086 3708 Construenti
3127 3670 3255 3708 vero
3288 3653 3419 3710 nihil
3452 3656 3603 3715 locus

2004 3743 2106 3797 iste
2136 3745 2301 3811 utilis,
2337 3759 2459 3798 nam
2508 3743 2650 3814 quod
2692 3744 2771 3799 sic
2816 3760 2874 3799 se
2922 3744 3107 3814 habet,
3141 3762 3304 3800 unum
3351 3746 3417 3801 ad
3449 3748 3604 3821 plura

2001 3848 2363 3904 comparatur.
2399 3835 2607 3892 Deinde
2636 3838 2938 3895 de-itrucnti
2971 3840 3208 3911 quidem,
3250 3841 3293 3895 si
3328 3840 3470 3913 quod
3514 3857 3603 3899 se-

2001 3926 2233 3983 cundum
2277 3942 2402 3984 esse
2450 3918 2667 3997 dicitur,
2704 3947 2809 3985 non
2855 3940 2940 3988 est
2967 3934 3084 4004 cjus
3123 3932 3265 4004 quod
3306 3933 3602 3991 secundum

2000 4032 2123 4076 esse
2164 4020 2363 4076 dicitur
2405 4024 2701 4092 pf‘0prium.
2745 4023 2879 4081 Nam
2936 4041 3111 4097 neque
3159 4026 3432 4098 corrumpi
3484 4024 3604 4100 ejus

2000 4113 2143 4183 quod
2173 4123 2255 4168 est
2294 4116 2592 4171 secundum
2623 4119 2924 4187 corrumpi,
2983 4132 3160 4189 neque
3188 4121 3432 4191 generari
3486 4123 3603 4192 ejus

2000 4206 2141 4273 quod
2173 4202 2468 4261 secundum
2517 4209 2763 4278 generari
2798 4209 3017 4274 dicitur,
3057 4208 3162 4264 erit
3203 4209 3498 4279 proprium.
3534 4211 3605 4273 υι

1999 4296 2124 4367 quia
2156 4307 2237 4351 est
2270 4298 2506 4355 hominis
2539 4300 2815 4369 proprium
2858 4315 2978 4356 esse
3016 4296 3236 4370 animal,
3270 4318 3443 4377 neque
3472 4303 3595 4377 ejus

1999 4390 2143 4461 quod
2180 4400 2263 4445 est
2287 4391 2557 4447 hominem
2588 4394 2857 4465 generari,
2892 4393 2999 4449 erit
3032 4395 3306 4465 proprium
3347 4392 3599 4467 generari

2000 4486 2220 4552 animai,
2252 4502 2425 4555 neque
2450 4487 2567 4558 ejus
2597 4487 2738 4561 quod
2773 4498 2859 4544 est
2886 4486 3157 4544 hominem
3189 4490 3459 4560 corrumpi
3491 4486 3596 4546 erit

2003 4580 2278 4652 proprium
2308 4580 2579 4649 corrumpi
2611 4578 2834 4634 animal.
2871 4578 3073 4635 Eodem
3108 4591 3286 4637 autem
3320 4582 3479 4637 modo
3511 4597 3602 4638 ac-

2001 4674 2308 4744 cipiendum
2338 4683 2423 4730 est
2448 4682 2502 4729 et
2527 4689 2590 4729 ex
2616 4672 2863 4745 generari
2890 4672 2956 4730 ad
2988 4690 3108 4731 esse
3134 4687 3185 4732 et
3216 4678 3514 4749 corrumpi,
3547 4686 3606 4735 et

2003 4782 2069 4821 ex
2101 4766 2375 4838 corrumpi
2401 4767 2466 4822 ad
2512 4782 2632 4824 esse
2659 4776 2713 4824 et
2739 4772 3011 4838 generari,
3035 4770 3488 4841 quemadmodum
3523 4770 3605 4825 di-

2003 4872 2146 4916 cuun
2200 4869 2283 4916 est
2321 4876 2461 4917 nunc
2512 4878 2574 4916 ex
2625 4876 2747 4918 esse
2793 4862 2860 4917 ad
2891 4864 3161 4931 generari,
3208 4874 3263 4920 et
3305 4864 3603 4935 corrumpi.

2004 4952 2354 5009 Coustruenti
2391 4964 2594 5020 autem,
2644 4955 2689 5011 si
2722 4954 2839 5029 ejus
2866 4954 3008 5028 quod
3040 4966 3122 5013 est
3153 4958 3447 5015 secundum
3481 4975 3605 5016 esse

2013 5048 2320 5105 ordinatum
2354 5058 2459 5105 est.
2505 5046 2602 5105 Est
2641 5061 2819 5106 autem
2861 5065 2956 5123 per
3003 5067 3083 5118 sc,
3130 5052 3431 5108 ordinatum
3482 5068 3607 5123 pro-

2014 5138 2213 5214 prium,
2248 5157 2369 5198 nam
2398 5153 2447 5197 et
2477 5142 2594 5217 ejus
2624 5143 2764 5213 quod
2789 5144 3083 5201 secundum
3111 5144 3357 5218 generari
3384 5146 3602 5214 dicitur,

2013 5234 2117 5311 erit
2160 5234 2263 5290 hoc
2288 5236 2427 5312 quod
2476 5238 2776 5295 secundum
2806 5239 3052 5310 generari
3081 5230 3279 5297 dicitur
3306 5243 3608 5312 proprium,

2014 5308 2069 5382 et
2108 5326 2226 5398 ejus
2252 5304 2721 5398 qtioifsecundum
2775 5328 3070 5402 corrumpi,
3107 5328 3211 5387 hoc
3240 5331 3382 5403 quod
3415 5348 3609 5389 secun-

2013 5420 2141 5477 dum
2182 5424 2453 5494 corrumpi
2487 5435 2571 5481 est
2606 5426 2958 5497 assignatum,
3012 5436 3070 5483 ut
3109 5427 3230 5498 quia
3261 5422 3494 5485 hominis
3522 5437 3609 5485 est

2013 5516 2290 5588 praprium
2320 5534 2442 5575 esse
2471 5520 2777 5586 mortalem,
2819 5530 2873 5576 et
2912 5522 3029 5592 ejus
3069 5523 3211 5594 quod
3243 5533 3327 5579 est
3354 5524 3606 5595 generari

2013 5609 2310 5681 hominem,
2346 5613 2452 5668 erit
2484 5615 2759 5685 proprium
2786 5616 3032 5684 generari
3066 5619 3371 5685 mortalem,
3403 5627 3458 5673 et
3485 5618 3606 5687 ejus

2013 5704 2154 5773 quod
2196 5714 2279 5759 est
2325 5705 2598 5776 corrumpi
2633 5707 2931 5774 honrinem,
2970 5709 3242 5781 corrumpi
3286 5696 3602 5767 mortalem.

2013 5795 2217 5856 Eodem
2244 5806 2425 5854 autem
2455 5795 2621 5857 modo
2650 5797 3027 5871 accipiendum
3055 5809 3140 5861 est
3184 5817 3252 5861 es
3279 5802 3526 5877 generari
3548 5808 3608 5863 et
