4064 6336
510 330 611 388 967

1716 323 1823 382 AN.
1869 327 2078 385 usus.
2117 325 2268 383 sev.
2313 325 2539 383 eoum

2747 286 2776 321 ι’]
2850 286 2873 303 β

3676 332 3793 391 968

497 438 793 510 corrumpi,
822 448 878 495 et
904 436 968 494 ad
998 454 1116 494 esse
1138 447 1194 495 et
1238 437 1303 495 ad
1333 440 1443 509 ipsa
1472 456 1536 499 ex
1570 444 1700 516 ipsis
1723 447 1857 513 ﬁeri,
1890 461 2080 517 quem-
2110 420 2162 506 Α
2187 444 2305 514 ejus
2348 446 2489 530 quod
2516 445 2686 518 magis
2734 448 2837 503 erit
2875 448 3174 519 proprium,
3227 414 3283 505 ut
3325 463 3452 522 quia
3481 448 3665 506 minus
3695 459 3797 509 est

496 532 783 588 admodum
825 541 880 589 et
900 533 950 589 in
988 532 1279 590 destruenti
1308 535 1507 613 dictum
1536 551 1639 596 est.
1673 539 1876 597 Deinde
1907 537 2078 611 inspi-

496 624 745 680 ciendum
793 625 859 680 ad
890 624 1027 681 idem
1076 628 1363 698 suppositi,
1411 629 1711 688 destruenti
1749 632 1989 709 quidem,
2033 631 2084 687 si

498 718 631 774 idea:
660 735 767 774 non
800 721 959 788 inest,
1003 730 1096 775 aut
1136 722 1179 777 si
1209 739 1314 778 non
1350 740 1454 795 qua
1489 726 1540 780 id
1566 726 1785 793 dicitur,
1815 726 1971 797 cujus
1998 732 2085 781 est

502 814 777 884 proprium
804 815 1156 883 assignatum.
1182 818 1297 872 Non
1328 819 1470 874 enim
1505 822 1611 875 erit
1634 820 1910 891 proprium
1936 817 2082 890 quod

496 906 728 976 positum
769 914 853 961 est
880 921 1001 962 esse
1030 892 1327 978 proprium,
1358 919 1416 965 ut
1442 911 1695 981 quoniam
1740 910 1844 982 ipsi
1876 910 2082 967 homini

497 1015 601 1054 non
630 1000 767 1055 inest
794 1000 1073 1070 quiescere
1100 1016 1203 1073 qua
1233 1002 1395 1059 homo
1419 1013 1524 1071 est,
1556 1004 1649 1060 sed
1676 1020 1777 1075 qua
1808 1003 1951 1072 idea,
1974 1019 2079 1061 non

494 1095 597 1151 erit
647 1095 880 1152 hominis
912 1096 1184 1167 proprium
1234 1099 1537 1168 quiescere.
1578 1099 1927 1155 Construenti
1978 1113 2079 1154 au-

495 1196 626 1253 tem,
658 1188 702 1243 si
734 1188 867 1244 idem
895 1189 1054 1256 inest,
1074 1200 1127 1244 et
1155 1191 1451 1269 secundum
1479 1192 1579 1247 hoc
1604 1191 1858 1263 inestqua
1884 1191 2082 1248 dicitur

494 1279 563 1335 de
602 1280 698 1335 illo
740 1282 858 1351 ipso
887 1281 1044 1353 cujus
1077 1284 1307 1353 positum
1350 1294 1433 1340 est
1482 1302 1585 1340 non
1615 1300 1736 1341 esse
1778 1285 2078 1356 prOprium.

495 1370 615 1427 Erit
657 1373 799 1427 enim
834 1373 1117 1451 praprium
1172 1375 1317 1446 quod
1361 1377 1592 1446 positum
1627 1387 1711 1432 est
1752 1394 1859 1431 non
1903 1379 2081 1433 inesse

476 1465 793 1536 proprium,
825 1476 879 1521 ut
906 1454 1153 1536 quoniam
1186 1466 1327 1522 inest
1356 1468 1455 1538 ipsi
1484 1469 1703 1523 animali
1732 1484 1797 1524 ex
1826 1470 2002 1524 anima
2026 1478 2081 1543 et

492 1558 721 1629 corpore
759 1544 1117 1630 compositum
1159 1575 1301 1624 esse,
1350 1572 1404 1616 et
1452 1578 1555 1632 qua
1599 1562 1799 1616 animal
1847 1572 1931 1617 est
1977 1561 2081 1633 ipsi

494 1655 635 1710 inest
662 1652 735 1719 id,
770 1653 875 1709 erit
906 1655 1177 1724 premium
1204 1656 1454 1711 animalis
1484 1672 1549 1712 ex
1577 1672 1803 1729 corpore
1823 1666 1878 1713 et
1902 1658 2081 1713 anima

492 1746 848 1817 compositum
870 1761 1011 1803 esse.

1125 1838 1352 1896 CAPUT
1397 1841 1460 1894 V.

992 1930 1068 1987 De
1095 1933 1303 2002 proprio
1334 1932 1433 1987 loci
1459 1933 1573 1988 alii.

562 2020 764 2078 Deinde
799 2038 866 2079 ex
916 2023 1082 2094 magis
1113 2032 1168 2078 et
1198 2022 1395 2077 minus.
1447 2022 1688 2078 Primum
1735 2022 1949 2093 quidem
1980 2023 2077 2079 de-

488 2115 740 2181 struenti,
762 2115 805 2171 si
831 2114 972 2186 quod
998 2116 1169 2186 magis
1195 2124 1300 2182 est,
1338 2114 1455 2186 ejus
1484 2115 1627 2187 quod
1663 2118 1836 2188 magis
1862 2133 1969 2172 non
1997 2125 2080 2173 est

488 2205 1010 2283 proprium.Neque
1057 2205 1202 2260 enim
1243 2206 1387 2275 quod
1434 2206 1611 2262 minus
1639 2216 1744 2274 est,
1789 2208 1905 2278 ejus
1934 2206 2078 2277 quod

486 2298 666 2356 minus
693 2299 795 2356 erit
820 2299 1118 2369 proprium,
1148 2314 1322 2371 neque
1348 2298 1493 2371 quod
1535 2300 1759 2357 minime
1787 2302 1907 2368 ejus
1934 2296 2076 2373 quod

484 2391 728 2457 minime,
758 2406 931 2463 neque
953 2391 1095 2461 quod
1124 2392 1356 2447 maxime
1380 2390 1498 2461 ejus
1525 2391 1666 2473 quod
1697 2393 1947 2460 maxime,
1978 2410 2079 2451 ne-
2140 2442 2155 2451 _.

482 2497 586 2553 que
614 2482 756 2553 quod
783 2482 1110 2553 .simpliciter
1147 2483 1265 2553 ejus
1293 2484 1440 2555 quod
1486 2484 1825 2555 simpliciter,
1863 2495 1923 2542 ut
1952 2488 2077 2557 quia

482 2588 591 2629 non
620 2585 701 2630 est
725 2564 902 2646 magis
922 2575 1154 2631 colorari
1182 2576 1353 2647 magis
1376 2579 1620 2648 corporis
1653 2579 1952 2650 proprium,
1984 2595 2079 2636 nec

481 2681 586 2738 que
633 2656 809 2723 minus
853 2654 1083 2725 culorari
1128 2667 1309 2725 minus
1352 2670 1605 2741 corporis
1649 2671 1923 2741 proprium
1952 2672 2077 2739 erit,

487 2774 661 2831 neque
679 2760 919 2817 colorari
946 2761 1194 2833 corporis
1224 2762 1469 2819 omnino.
1496 2762 1849 2820 Construenti
1872 2773 2076 2831 autem,

481 2852 527 2907 si
551 2852 694 2923 quod
717 2852 886 2924 magis
911 2862 997 2909 est
1015 2854 1133 2923 ejus
1160 2854 1303 2925 quod
1334 2856 1507 2926 magis
1535 2864 1642 2920 est,
1666 2863 1754 2911 εει
1774 2857 2074 2926 proprium.

480 2941 613 2999 Nam
640 2946 781 3015 quod
815 2946 992 3001 minus
1019 2956 1124 3012 est,
1162 2946 1279 3016 ejus
1316 2947 1459 3017 quod
1507 2947 1686 3003 minus
1714 2958 1799 3003 est
1818 2950 1922 3005 erit
1953 2965 2077 3018 pro-

474 3038 676 3115 prium,
703 3048 756 3092 et
784 3037 925 3108 quod
956 3038 1199 3103 minime,
1234 3038 1352 3109 ejus
1381 3038 1524 3110 quod
1564 3040 1806 3105 minime,
1851 3050 1905 3095 et
1932 3039 2074 3111 quod

478 3129 729 3196 maxime,
779 3130 898 3200 ejus
940 3129 1082 3201 quod
1133 3131 1387 3196 maxime,
1436 3140 1492 3186 et
1539 3132 1681 3199 quod
1728 3132 2070 3205 simpliciter,

2176 528 2463 608 proprium
2487 535 2721 592 hominis
2752 547 3087 596 mansuetum
3110 549 3299 598 natura
3325 557 3483 614 quam
3514 543 3785 613 animalis

2172 627 2389 709 rvivere,
2419 640 2499 685 εει
2532 642 2710 688 autem
2744 633 2976 690 hominis
3003 638 3277 707 proprium
3307 648 3647 694 mansuetum
3677 654 3789 694 na.

2170 729 2327 797 tura,
2365 723 2468 778 erit
2506 728 2780 795 proprium
2808 730 3058 785 animalis
3109 732 3308 788 vivere.
3341 732 3581 788 Tertium
3613 748 3785 800 vero,

2186 812 2480 871 destruenti
2509 818 2748 887 quidem,
2777 821 2823 875 si
2855 823 3006 892 cujus
3030 826 3199 894 magis
3221 835 3322 892 εει,
3353 826 3632 896 proprium
3668 842 3787 880 non

2174 914 2286 983 est.
2319 903 2500 978 Neque
2526 909 2669 966 enim
2696 900 2956 982 cujus'est
2992 916 3169 971 minus
3194 917 3492 988 proprium,
3525 920 3633 974 erit
3661 920 3793 987 ejus

2171 999 2487 1079 proprium,
2517 1000 2563 1085 si
2590 1013 2768 1061 autem
2796 1005 2941 1065 illius
2970 1018 3052 1065 est
3081 1012 3377 1080 proprium,
3411 1025 3517 1065 non
3540 1010 3651 1064 erit
3681 1012 3794 1063 hu-

2178 1091 2268 1161 ius
2291 1094 2586 1164 Proprium,
2612 1107 2668 1153 ιιι
2696 1100 2819 1167 quia
2834 1101 3065 1157 colorari
3089 1104 3258 1174 magis
3286 1086 3589 1173 siuperliciei
3616 1117 3789 1173 quam

2183 1186 2429 1254 corporis
2478 1197 2561 1244 εει
2614 1194 2912 1261 prOprium,
2955 1209 3061 1249 non
3110 1206 3194 1273 est
3241 1204 3419 1251 autem
3463 1194 3788 1260 superﬁciei

2185 1272 2482 1342 proprium,
2524 1290 2629 1330 non
2669 1277 2774 1333 erit
2821 1281 3064 1350 corporis
3105 1284 3378 1352 proprium
3436 1281 3700 1347 colorari,
3733 1280 3791 1336 si

2174 1378 2312 1445 vero
2338 1376 2421 1420 εει
2446 1368 2749 1435 superﬁciei
2776 1372 3071 1442 proprium,
3104 1390 3208 1427 non
3237 1374 3343 1428 erit
3372 1372 3623 1441 corporis
3651 1387 3790 1440 pro-

2185 1457 2386 1526 prium.
2416 1460 2760 1517 Construenti
2806 1475 2986 1520 autem
3031 1466 3119 1520 hic
3148 1468 3295 1521 locus
3326 1481 3431 1520 non
3476 1475 3561 1519 εει
3605 1465 3790 1527 utilis,

2186 1563 2308 1603 nam
2338 1550 2666 1620 impossibile
2703 1564 2785 1610 est
2814 1555 2952 1612 idem
2986 1556 3215 1627 plurium
3251 1557 3521 1628 proprium
3554 1570 3705 1611 esse.

2258 1643 2544 1714 Quartum,
2586 1647 2890 1706 destruenti
2933 1651 3170 1722 quidem,
3216 1652 3263 1707 si
3310 1652 3450 1722 quod
3479 1653 3653 1721 magis
3696 1657 3791 1705 εει

2122 1790 2125 1795 .
2186 1737 2306 1807 ejus
2350 1740 2652 1810 proprium,
2701 1758 2810 1798 non
2855 1754 2938 1801 εει
2982 1746 3278 1816 pr0prium,
3323 1761 3498 1816 neque
3533 1744 3791 1833 profecto

2110 1831 2158 1892 B
2185 1828 2328 1897 quod
2373 1830 2553 1886 minus
2595 1842 2677 1887 est
2717 1833 2837 1904 ejus
2881 1839 3183 1907 proprium,
3236 1838 3341 1894 erit
3367 1838 3672 1908 proprium.
3698 1828 3791 1892 ’οι

2182 1920 2305 1991 quia
2346 1923 2516 1994 magis
2561 1933 2645 1981 εει
2695 1929 2973 1997 proprium
3020 1931 3271 1986 animalis
3311 1930 3569 1986 sensibile
3614 1943 3790 1999 quam

2183 2012 2455 2080 partibile,
2482 2029 2586 2070 non
2611 2025 2698 2073 εει
2720 2027 2898 2074 autem
2926 2021 3175 2076 animalis
3197 2022 3452 2078 sensibile
3474 2021 3788 2092 proprium.

2182 2116 2349 2171 quare
2396 2119 2504 2159 non
2552 2110 2656 2163 erit
2706 2108 2954 2171 animalis
3007 2112 3256 2180 partibile
3294 2114 3591 2184 proprium.
3632 2111 3791 2167 Cou-

2181 2194 2413 2248 struenti
2439 2205 2641 2263 autem,
2665 2198 2712 2253 si
2734 2201 2875 2270 quod
2904 2205 3083 2258 minus
3113 2214 3197 2259 est
3221 2203 3339 2274 ejus
3368 2205 3671 2275 proprium,
3693 2210 3791 2259 est

2183 2284 2484 2355 proprium.
2517 2285 2651 2343 Nam
2699 2301 2754 2344 et
2788 2291 2931 2362 quod
2982 2292 3153 2362 magis
3188 2300 3273 2348 εει
3318 2292 3435 2363 ejus
3471 2294 3789 2364 proprium,

2183 2377 2289 2431 erit
2318 2378 2618 2449 proprium,
2646 2391 2705 2439 ιιι
2731 2384 2989 2453 quoniam
3019 2384 3199 2441 minus
3242 2395 3326 2441 est
3353 2386 3631 2457 proprium
3661 2386 3791 2441 aui-

2182 2470 2337 2525 malis
2367 2472 2573 2527 sentire
2603 2488 2762 2545 quam
2797 2476 3006 2546 vivere,
3048 2487 3132 2534 εει
3160 2487 3337 2533 autem
3377 2478 3627 2534 animalis
3654 2493 3792 2549 pro-

2160 2563 2357 2642 prium
2387 2565 2615 2633 sentire,
2640 2568 2744 2623 erit
2761 2568 3011 2627 animalis
3033 2572 3313 2643 proprium
3339 2574 3546 2627 vivere.
3575 2570 3791 2627 Deinde

2181 2669 2247 2710 ex
2284 2654 2373 2712 his
2420 2672 2540 2727 qua:
2595 2660 2848 2727 similiter
2888 2665 3090 2733 insunt,
3144 2668 3374 2736 primum
3425 2664 3646 2737 quidem
3682 2664 3791 2721 de-

2181 2750 2433 2817 struenti,
2489 2751 2534 2807 si
2565 2754 2707 2822 quod
2754 2755 3006 2814 similiter
3053 2765 3139 2815 est
3186 2760 3487 2829 praprium,
3537 2774 3649 2814 non
3693 2765 3790 2814 εει

2182 2841 2459 2913 proprium
2504 2843 2625 2916 ejus
2650 2846 2807 2917 cujus
2846 2848 3095 2906 similiter
3122 2858 3205 2907 est
3242 2849 3547 2923 proprium.
3590 2849 3787 2920 Neque

2180 2937 2325 2994 enim
2367 2936 2513 3009 quod
2564 2940 2817 2998 similiter
2857 2952 2941 3000 εει
2988 2944 3286 3016 proprium,
3340 2945 3444 3000 erit
3493 2942 3785 3015 proprium

2180 3031 2296 3101 ejus
2321 3030 2473 3103 cujus
2519 3030 2773 3107 similiter
2801 3045 2885 3091 est
2917 3034 3213 3107 proprium,
3265 3043 3327 3092 ut
3364 3037 3491 3107 quia
3521 3035 3787 3091 similiter

2181 3136 2263 3182 εει
2294 3131 2565 3203 proprium
2596 3130 3028 3201 coneupiscibilis
3057 3133 3467 3202 concupiscere,
3516 3138 3572 3185 et
3604 3126 3789 3184 ratio-

470 3220 599 3291 ‘ejus
625 3222 769 3294 quod
798 3223 1158 3305 .simpliciter,
1192 3233 1250 3280 ut
1281 3225 1404 3295 quia
1439 3226 1610 3297 magis
1638 3227 1870 3281 viventis
1900 3227 2073 3298 magis
2099 3215 2145 3279 C
2182 3221 2321 3276 nalis
2352 3223 2689 3290 ratiocinari,
2722 3238 2832 3278 non
2859 3232 2945 3280 est
2978 3233 3160 3279 autem
3200 3221 3480 3294 proprium
3510 3218 3789 3291 concupi-

478 3315 683 3371 sentire
723 3325 805 3370 est
833 3319 1137 3386 pr0prium,
1165 3325 1219 3372 et
1249 3315 1427 3372 minus
1455 3317 1692 3373 viventis
1736 3318 1916 3374 minus
1944 3333 2071 3375 sen-

479 3406 586 3462 tire
615 3398 742 3463 ἐι-ιι
785 3407 1084 3479 proprium,
1128 3418 1182 3464 et
1222 3407 1339 3479 ejus
1381 3409 1526 3480 quod
1562 3409 1800 3465 maxime
1847 3410 1898 3465 id
1928 3410 2072 3480 quod

482 3501 814 3565 maxime,et
857 3501 975 3571 ejus
1007 3501 1151 3571 quod
1198 3501 1420 3557 minime
1466 3502 1519 3558 id
1565 3503 1709 3572 quod
1741 3502 1987 3570 minime,
2019 3512 2075 3560 et

485 3596 605 3667 ejus
632 3594 776 3665 quod
826 3594 1147 3667 simpliciter
1189 3592 1243 3650 id
1275 3610 1489 3666 quoque
1538 3594 1681 3666 quod
1732 3596 2071 3667 simpliciter.

475 3685 546 3744 Et
572 3701 640 3744 ex
661 3701 729 3743 eo
752 3697 934 3743 autem
963 3687 1105 3759 quod
1135 3686 1478 3758 simpliciter,
1505 3688 1571 3743 ad
1603 3688 1793 3745 eadem
1821 3689 2075 3745 conside-

475 3779 726 3849 randum,
769 3779 1067 3836 destruenti
1091 3781 1331 3851 quidem,
1357 3781 1405 3836 si
1432 3782 1574 3853 quod
1608 3782 1927 3852 simpliciter
1965 3797 2072 3839 non

477 3879 563 3927 est
584 3871 884 3941 proprium.
914 3870 1096 3943 Neque
1125 3873 1268 3928 enim
1291 3872 1436 3944 quod
1467 3876 1637 3944 magis
1666 3883 1751 3929 est
1777 3873 1896 3942 ejus
1923 3873 2067 3944 quod

474 3960 668 4032 magis,
707 3976 881 4033 neque
922 3962 1067 4033 quod
1116 3965 1294 4019 minus
1337 3966 1455 4036 ejus
1484 3962 1859 4035 quud‘miuus,
1894 3981 2073 4037 neque

474 4050 618 4123 quod
639 4053 871 4111 maxime
890 4054 1007 4125 ejus
1028 4056 1170 4125 quod
1196 4057 1452 4120 maxime,
1476 4072 1652 4129 neque
1679 4059 1818 4129 quod
1845 4058 2074 4117 minime

474 4147 591 4217 ejus
633 4149 775 4220 quod
824 4149 1046 4206 minime
1086 4150 1190 4205 erit
1232 4136 1532 4222 proprium,
1586 4160 1641 4206 ut
1671 4151 1796 4223 quia
1841 4168 1947 4208 non
1990 4162 2073 4209 est

474 4225 710 4295 hominis
740 4245 1015 4311 proprium
1042 4241 1366 4309 studiosum,
1397 4258 1571 4315 neque
1604 4245 1776 4317 magis
1812 4244 2068 4310 hominis,

476 4331 645 4402 magis
674 4332 972 4388 studiosum
1003 4334 1107 4390 erit
1139 4334 1432 4406 proprium.
1463 4335 1816 4392 Coustruenti
1862 4345 2069 4403 autem,

474 4422 520 4479 si
572 4424 715 4494 quod
764 4424 1083 4496 simpliciter
1121 4436 1223 4494 est,
1265 4427 1382 4498 ejus
1424 4430 1569 4499 quod
1622 4429 1943 4500 simpliciter
1988 4438 2073 4485 est

474 4516 771 4587 proprium.
797 4517 928 4574 Nam
956 4528 1010 4575 et
1042 4519 1145 4575 hoc
1162 4521 1307 4592 quod
1350 4522 1521 4594 magis
1543 4522 1664 4593 ejus
1690 4521 1834 4593 quod
1873 4523 2065 4592 magis,

2180 3313 2388 3369 scibilis
2428 3316 2839 3382 concupiscere,
2883 3328 2990 3369 non
3020 3315 3127 3370 erit
3172 3312 3456 3369 rationalis
3496 3310 3787 3383 proprium

2172 3393 2517 3463 ratiocinari.
2566 3406 2910 3463 Coustruenti
2948 3421 3099 3473 vero,
3148 3404 3196 3461 si
3226 3404 3369 3477 quod
3412 3404 3671 3459 similiter
3698 3409 3792 3459 est

2178 3498 2482 3568 proprium,
2513 3500 2631 3571 ejus
2659 3509 2745 3556 est
2768 3499 3042 3570 pr0prium
3073 3498 3227 3569 cujus
3255 3506 3341 3555 est
3364 3497 3624 3555 similiter
3653 3509 3791 3567 pro-

2179 3591 2379 3662 prium.
2408 3591 2539 3648 Nam
2562 3600 2617 3649 et
2638 3592 2780 3665 quod
2812 3593 3061 3648 similiter
3088 3600 3171 3648 est
3197 3591 3499 3663 proprium,
3528 3588 3636 3645 erit
3664 3590 3793 3658 ejus

2179 3687 2456 3756 proprium
2483 3685 2640 3758 cujus
2667 3686 2918 3743 similiter
2945 3694 3031 3743 est
3060 3685 3358 3757 proprium,
3391 3692 3452 3759 ut
3476 3683 3607 3755 quia
3633 3682 3795 3738 simi~

2177 3776 2302 3834 liter
2344 3788 2429 3835 est
2478 3779 2755 3836 rationalis
2803 3779 3080 3852 proprium
3125 3778 3357 3851 primum
3402 3777 3677 3849 prudens,
3732 3783 3795 3833 et

2177 3873 2612 3943 coneupiscibilis
2642 3875 2919 3945 proprium
2948 3873 3178 3945 primum
3208 3883 3547 3945 temperans,
3583 3883 3669 3929 est
3694 3887 3795 3927 au-

2178 3974 2286 4021 tem
2317 3967 2596 4022 rationalis
2622 3969 2854 4039 primum
2892 3967 3127 4037 prudens
3153 3968 3289 4023 :erit
3320 3967 3483 4039 igitur
3507 3965 3791 4041 concupi-

2178 4055 2382 4113 scibilis
2411 4060 2685 4127 proprium
2719 4057 2949 4128 primum
2978 4068 3309 4127 temperans.

2256 4149 2565 4205 Secundum
2590 4158 2794 4218 autem,
2837 4150 3136 4206 destruenti
3168 4149 3383 4221 quidem
3407 4190 3424 4215 ,
3454 4149 3500 4203 si
3543 4146 3695 4218 quod
3719 4147 3796 4202 si-

2166 4234 2377 4297 militer
2396 4249 2477 4297 est
2494 4242 2767 4312 proprium
2786 4256 2889 4297 non
2907 4250 2988 4297 est
3011 4241 3283 4313 proprium
3300 4239 3436 4310 ejus.
3454 4238 3590 4294 Nam
3610 4253 3797 4310 neque

2176 4322 2318 4405 quod
2334 4336 2582 4391 similiter
2608 4343 2693 4390 est
2724 4338 2995 4405 proprium
3023 4375 3040 4402 ,
3089 4334 3189 4391 erit
3221 4336 3498 4405 proprium
3534 4332 3692 4401 ejus,
3734 4340 3798 4386 ut

2177 4429 2299 4497 quia
2331 4429 2583 4484 similiter
2610 4438 2692 4484 est
2720 4428 2994 4499 propriutu
3027 4426 3258 4483 hominis
3285 4428 3470 4482 videre
3494 4425 3792 4494 etaudire,

2134 4544 2139 4549 ·
2182 4537 2287 4577 non
2310 4531 2398 4579 est
2434 4521 2671 4577 hominis
2704 4523 2977 4594 proprium
2997 4522 3214 4588 videre,
3245 4535 3351 4576 non
3378 4521 3571 4588 utique
3610 4518 3798 4574 honti-

474 4616 531 4664 et
570 4610 711 4680 quod
753 4610 929 4667 minus
956 4606 1092 4685 “ejus
1120 4614 1264 4686 quod
1318 4616 1520 4684 minus,
1567 4624 1623 4671 et
1660 4615 1801 4686 quod
1849 4616 2071 4673 minime
2098 4611 2154 4672 D
2177 4614 2260 4669 nis
2289 4615 2563 4687 proprium
2591 4614 2799 4671 audire.
2830 4612 3175 4670 Construenti
3197 4628 3351 4683 vero,
3381 4612 3426 4667 si
3459 4613 3611 4682 quod
3640 4614 3795 4666 simi-

474 4702 594 4774 ejus
640 4704 783 4776 quod
835 4706 1101 4775 minime,
1160 4718 1217 4765 et
1270 4707 1415 4779 quod
1473 4707 1713 4765 maxime
1762 4708 1880 4779 ejus
1928 4709 2073 4779 quod

474 4796 712 4854 maxime
742 4799 845 4854 erit
887 4800 1186 4870 proprium,
1219 4808 1278 4855 ιιι
1305 4800 1433 4872 quia
1478 4788 1564 4857 est
1612 4801 1752 4874 ignis
1793 4794 2074 4873 prOprium

476 4905 688 4947 sursum
723 4892 853 4949 ferri
887 4894 1186 4949 secundum
1217 4903 1487 4963 naturam,
1522 4904 1579 4951 et
1605 4894 1774 4966 magis
1807 4895 1946 4966 ignis
1972 4896 2076 4952 erit

477 4986 649 5055 magis
696 4985 976 5056 proprium
1019 5000 1234 5041 sursum
1278 4986 1410 5043 ferri
1455 4988 1753 5045 secundum
1787 4998 2074 5057 naturam;

477 5077 668 5131 eodem
699 5085 877 5133 autem
924 5077 1087 5132 modo
1135 5077 1591 5137 considerandum
1624 5090 1707 5137 est
1756 5090 1813 5138 et
1841 5096 1908 5137 ex
1943 5081 2070 5139 aliis

479 5166 806 5236 hujusmodi.
840 5168 1148 5226 Secundum
1177 5182 1384 5240 autem,
1412 5172 1719 5230 destruenti
1748 5172 1991 5245 quidem,
2025 5175 2071 5230 si

479 5259 620 5329 quod
670 5260 837 5331 magis
876 5271 980 5327 est,
1014 5278 1121 5319 non
1153 5274 1235 5320 est
1278 5265 1396 5335 ejus
1436 5266 1581 5337 quod
1624 5270 1797 5339 mgis
1826 5277 1909 5323 est
1950 5283 2074 5338 pro-

480 5348 678 5420 prium.
703 5350 885 5423 Neque
913 5354 1055 5409 enim
1078 5354 1220 5426 quod
1257 5356 1434 5412 minus
1456 5368 1540 5412 est
1575 5357 1691 5428 ejus
1721 5357 1862 5428 quod
1893 5357 2073 5414 minus

480 5441 587 5496 erit
617 5441 912 5513 proprium,
945 5453 1003 5500 ut
1032 5446 1286 5517 quoniam
1319 5448 1489 5519 magis
1526 5456 1609 5503 est
1646 5450 1924 5519 proprium
1958 5452 2074 5507 ani-

482 5535 639 5590 malis
691 5536 895 5592 sentire
938 5553 1096 5609 quam
1130 5540 1367 5597 hmniuis
1400 5543 1581 5609 scire;
1615 5558 1720 5598 non
1769 5554 1852 5600 est
1893 5555 2073 5603 autem

482 5628 732 5683 animalis
762 5631 1035 5700 proprium
1068 5635 1295 5703 sentire,
1320 5651 1509 5705 ,quare
1553 5652 1661 5691 non
1703 5637 1808 5692 erit
1839 5638 2075 5699 hominis

485 5716 758 5783 proprium
790 5720 951 5774 scire.
980 5722 1325 5780 Ceustrueuti
1370 5737 1572 5791 autem,
1603 5728 1647 5783 si
1682 5730 1823 5797 quod
1872 5731 2071 5799 minus,

487 5802 606 5875 ejus
628 5807 770 5875 quod
796 5810 973 5865 minus
1015 5823 1097 5868 est
1130 5817 1425 5888 proprium.
1471 5816 1602 5875 Nam
1641 5828 1695 5875 et
1722 5819 1865 5891 quod
1905 5823 2077 5894 magis

2177 4709 2300 4765 liter
2325 4708 2539 4776 estejus
2564 4708 2839 4779 proprium
2859 4747 2878 4775 ,
2906 4717 2987 4762 est
3017 4707 3315 4776 proprium.
3368 4704 3504 4759 Nam
3536 4707 3689 4774 quod
3718 4704 3798 4759 si-

2182 4790 2483 4857 militer-cst
2504 4802 2622 4871 ejus
2654 4802 2924 4870 proprium
2944 4841 2957 4866 ,
2991 4800 3268 4871 proprium
3296 4796 3431 4863 erit,
3464 4805 3523 4851 ut
3553 4798 3685 4864 quia
3720 4797 3798 4852 si-

2180 4893 2377 4949 militer
2426 4902 2509 4949 est
2562 4892 2838 4963 praprium
2871 4891 3097 4957 animae,
3143 4889 3341 4962 aliquid
3388 4878 3640 4961 partium
3676 4890 3797 4956 ejus

2182 4985 2355 5057 primo
2385 4999 2505 5041 esse
2543 4984 2999 5054 concupiscihile,
3050 4992 3106 5038 et
3150 4982 3410 5037 rationale
3449 4982 3668 5051 primo;
3712 4990 3798 5035 est

2180 5088 2361 5135 autem
2389 5078 2661 5149 proprium
2685 5077 2901 5143 anima),
2935 5072 3207 5145 quidpiam
3247 5074 3477 5146 partium
3512 5074 3640 5143 ejus
3671 5091 3798 5130 esse

2178 5162 2596 5243 Concupiscihile
2646 5172 2839 5244 primo,
2892 5170 2996 5226 erit
3023 5172 3207 5241 utique
3259 5172 3535 5240 proprium
3562 5173 3793 5237 animm,

2176 5270 2451 5341 quidpiam
2477 5269 2708 5339 partium
2732 5268 2851 5337 ejus
2880 5282 3001 5323 esse
3029 5267 3292 5323 rationale
3318 5267 3516 5338 primo.
3534 5267 3792 5323 Tertium

2180 5379 2308 5419 vero
2335 5362 2634 5419 destruenti
2663 5363 2880 5433 quidem
2901 5404 2917 5428 ,
2948 5361 2992 5416 si
3025 5361 3179 5430 cujus
3227 5360 3480 5418 similiter
3521 5372 3609 5416 est
3664 5377 3792 5432 pro-

2182 5455 2356 5526 prium
2390 5470 2495 5511 non
2517 5466 2599 5511 est
2625 5454 2922 5525 proprium.
2952 5452 3136 5523 Neque
3162 5453 3306 5508 enim
3338 5452 3497 5525 cujus
3529 5452 3794 5508 similiter

2179 5551 2479 5623 proprium,
2503 5550 2606 5606 erit
2627 5549 2927 5621 proprium,
2956 5549 2999 5603 si
3015 5558 3193 5604 autem
3221 5548 3361 5603 illius
3374 5558 3461 5604 est
3470 5549 3792 5617 proprium,

2179 5657 2288 5699 non
2342 5644 2447 5698 erit
2472 5641 2692 5698 alterius
2736 5641 3040 5712 proprium,
3082 5648 3141 5696 ut
3183 5641 3307 5711 quia
3339 5655 3501 5697 urere
3528 5639 3793 5694 εῖιιιίιιιει·

2181 5744 2264 5791 εει
2308 5736 2579 5807 proprium
2625 5736 2854 5790 ﬂamma:
2895 5742 2949 5790 et
2977 5736 3262 5798 carbonis,
3306 5751 3414 5789 non
3464 5744 3550 5788 est
3597 5748 3790 5788 ειμι-ιη

2183 5824 2413 5886 ﬂamma
2447 5829 2723 5899 proprium
2752 5841 2930 5897 urere,
2963 5841 3071 5884 non
3096 5827 3200 5884 erit
3227 5825 3477 5885 carbonis
3498 5824 3793 5897 proprium
