4022 6330
218 246 317 304 969

1109 240 1503 300 TOPICOBUM
1539 234 1986 296 ARISTOTELIS
2026 233 2601 292 INTERPRETATIO.

3389 236 3494 294 970

218 375 402 426 urere,
440 360 485 417 si
511 369 694 417 autem
722 369 805 416 est
830 358 1061 415 ﬂamma:
1092 358 1393 429 proprium,
1422 373 1529 413 non
1557 356 1662 412 erit
1685 369 1806 410 car-
1833 360 1883 416 Α
1909 368 2028 420 ens,
2065 368 2186 408 cum
2235 353 2511 423 contingat
2542 352 2778 421 potentia
2808 366 2914 409 non
2965 352 3075 410 enti
3125 353 3326 410 inesse.
3376 354 3497 409 Erit

217 455 372 510 bonis
405 454 684 524 proprium
714 466 896 507 urere.
928 448 1274 505 Construenti
1314 459 1496 506 autem
1530 449 1615 503 hic
1657 447 1808 502 locus

218 560 323 600 non
360 555 445 600 est
471 544 642 608 utilis,
688 542 867 597 diﬁ'ert
890 550 1070 597 autem
1096 541 1237 610 quod
1265 551 1348 596 est
1377 556 1443 596 ex
1474 538 1725 594 similiter
1751 550 1810 591 se

220 638 575 702 habentibus,
607 635 675 690 ab
707 649 773 690 eo
811 634 953 705 quod
984 650 1046 688 ex
1078 633 1142 687 iis
1183 643 1265 687 est
1304 649 1423 703 qua:
1456 632 1702 687 similiter
1730 630 1811 684 in-

215 739 363 797 sunt,
392 729 645 800 quoniam
677 728 812 782 illud
834 726 1049 797 quidem
1078 725 1369 781 secundum
1406 726 1809 794 proportionem

217 824 448 877 sumitur
477 835 584 874 non
637 821 691 875 in
737 834 805 875 eo
832 817 973 889 quod
1003 818 1142 873 inest
1192 817 1392 887 aliquid
1423 826 1810 887 comparatum,

217 913 320 969 hoc
339 924 516 968 autem
539 928 604 968 ex
620 926 685 967 eo
700 912 840 981 quod
870 910 1029 977 inest,
1052 910 1210 963 alicui
1228 917 1587 975 comparatur.
1612 907 1813 962 Deinde

206 990 519 1061 {destruenti
545 1003 763 1075 quidem
789 1042 804 1068 ,
851 1001 895 1057 si
925 1000 1161 1073 potentia
1191 998 1467 1069 proprium
1510 1000 1811 1069 assignans,

216 1109 271 1153 et
298 1112 405 1152 non
431 1096 498 1151 ad
527 1111 622 1152 ens
653 1096 943 1166 assignavit
965 1094 1241 1166 proprium
1269 1094 1534 1163 potentia,
1565 1108 1686 1148 cum
1709 1108 1814 1146 non

215 1191 495 1259 contingat
545 1190 593 1246 ei
625 1190 863 1260 potentia
900 1191 1076 1245 inesse
1116 1204 1240 1243 cum
1271 1202 1369 1243 ens
1409 1201 1515 1242 non
1550 1195 1654 1243 est.
1696 1185 1814 1243 Non

218 1286 364 1341 enim
389 1285 493 1339 erit
524 1285 797 1353 proprium
829 1282 970 1352 quod
997 1282 1229 1353 positum
1259 1290 1340 1338 est
1361 1296 1483 1337 esse
1513 1283 1815 1353 proprium,

216 1387 276 1433 ut
297 1377 421 1447 quia
444 1376 532 1446 qui
565 1376 698 1430 dixit
727 1375 870 1431 aeris
899 1377 1175 1445 proprium
1204 1374 1545 1444 respirabilc,
1578 1373 1818 1444 potentia

215 1469 432 1540 quidem
465 1469 757 1539 assignavit
790 1469 1065 1537 proprium
1099 1472 1248 1538 (nam
1298 1469 1402 1525 tale
1453 1470 1726 1539 proprium
1760 1476 1822 1522 ut

214 1563 471 1633 respirari
504 1561 692 1628 possit,
718 1561 1034 1631 respirabile
1059 1561 1199 1630 εει),
1229 1554 1521 1631 assignavit
1554 1569 1733 1615 autem
1765 1568 1821 1615 et

216 1654 285 1709 ad
313 1670 418 1709 non
446 1668 567 1709 esse
597 1653 897 1724 proprium,
933 1670 1055 1708 nam
1087 1662 1141 1709 et
1185 1668 1304 1708 cum
1353 1669 1458 1708 non
1491 1661 1573 1708 est
1616 1653 1814 1707 animal

1910 448 2053 502 enim
2085 447 2357 516 proprium
2387 446 2526 517 quod
2560 448 2789 517 positum
2811 455 2893 503 est
2921 462 3024 505 non
3046 462 3168 504 esse
3195 449 3496 519 proprium,

1913 548 1970 595 ut
1992 538 2113 608 quia
2146 538 2236 609 qui
2264 537 2552 607 assignavit
2588 539 2884 609 proprium,
2908 538 3052 594 entis
3078 540 3334 609 possibile
3363 541 3497 610 pati,

1913 642 2005 687 aut
2036 634 2209 688 facere
2232 633 2470 702 potentia
2499 633 2779 703 assignans
2810 634 3084 703 proprium
3105 676 3121 701 ,
3147 633 3212 686 ad
3241 644 3338 687 ens
3367 634 3502 687 assi-

1914 724 2095 795 gnavit
2121 728 2392 792 proprium
2424 722 2583 795 (nam
2613 740 2734 779 cum
2762 739 2860 780 ens
2883 733 2999 791 est,
3029 733 3085 780 et
3112 725 3366 794 possibile
3393 726 3502 795 pati

1914 816 2061 887 quid,
2093 826 2186 870 aut
2215 818 2391 872 facere
2417 817 2564 887 erit),
2586 832 2753 887 quare
2780 819 3050 887 proprium
3081 818 3183 872 erit
3209 817 3349 872 entis
3377 832 3504 886 pos-

1916 908 2070 962 sibile
2096 907 2203 976 pati
2229 906 2390 977 quid,
2438 915 2531 960 aut
2578 907 2779 962 facere.
2818 906 3022 962 Deinde
3053 907 3347 962 destruenti
3383 907 3504 976 qni-

1916 999 2069 1065 dem,
2126 998 2174 1054 si
2225 1014 2323 1069 per
2359 997 2911 1068 superabundantiam
2971 1000 3149 1069 posuit
3202 999 3499 1068 proprium.

1917 1092 2032 1147 Non
2059 1093 2165 1147 erit
2208 1092 2352 1147 enim
2378 1092 2650 1161 proprium
2692 1092 2835 1159 quod
2868 1092 3095 1161 positum
3129 1102 3212 1147 est
3240 1105 3361 1146 esse
3384 1105 3507 1159 pro-

1919 1186 2116 1256 prium,
2147 1186 2344 1241 accidit
2369 1186 2511 1242 enim
2535 1185 2615 1241 sic
2638 1185 3033 1255 assignantibus
3074 1185 3373 1255 proprium,
3399 1198 3508 1238 non

1918 1278 1988 1335 de
2018 1294 2123 1349 quo
2145 1280 2449 1334 orationem
2488 1287 2542 1333 et.
2570 1291 2769 1332 nomen
2793 1276 3081 1343 verihcari,
3106 1292 3229 1330 nam
3253 1283 3508 1346 corrupta

1920 1387 2011 1436 re,
2068 1372 2202 1426 nihil
2233 1373 2410 1427 minus
2435 1373 2539 1428 erit
2571 1371 2778 1438 oratio,
2825 1384 2948 1423 nam
2984 1383 3171 1423 eorum
3209 1383 3329 1437 quae
3358 1375 3506 1431 sunt,

1920 1462 2081 1518 alicui
2124 1465 2358 1519 maxime
2389 1464 2561 1530 inest,
2596 1475 2654 1517 ut
2699 1462 2746 1517 si
2779 1463 2897 1532 quis
2935 1459 3174 1530 assignet
3211 1459 3347 1529 ignis
3379 1475 3510 1529 pro-

1922 1557 2119 1626 prium,
2141 1570 2338 1626 corpus
2368 1557 2735 1618 levissimum,
2765 1563 3021 1624 corrupto
3042 1554 3184 1608 enim
3216 1553 3335 1621 igne
3355 1592 3371 1618 ,
3409 1550 3516 1605 eri:

1922 1650 2144 1718 aliquod
2166 1664 2450 1719 corporum
2482 1649 2625 1720 quod
2655 1649 2989 1704 levissimum
3041 1647 3164 1712 erit,
3208 1661 3375 1716 quare
3403 1661 3510 1699 non

216 1745 363 1815 quod
391 1744 600 1815 spirare
630 1754 814 1799 natum
850 1760 912 1800 ex
941 1760 1097 1811 aere,
1144 1745 1409 1815 contingit
1460 1760 1641 1801 aerem
1672 1760 1814 1809 esse,
1847 1732 1895 1792 Β
1921 1744 2029 1800 erit
2047 1744 2189 1816 ignis
2218 1744 2520 1815 proprium,
2552 1758 2750 1814 corpus
2786 1742 3141 1798 levissimum.
3165 1738 3511 1796 Construenti

213 1854 328 1895 non
361 1846 537 1893 tamen
569 1854 689 1892 cum
712 1853 815 1892 non
845 1849 928 1892 est
956 1838 1179 1907 animal,
1205 1837 1460 1907 possibile
1479 1846 1563 1892 est
1586 1837 1815 1907 spirare,

213 1944 392 2001 quare
424 1946 597 2000 neque
628 1930 771 1985 aeris
797 1929 899 1985 erit
920 1932 1189 2000 proprium
1226 1929 1532 1997 huiusmodi
1563 1930 1817 2000 possibile

214 2023 473 2092 reSpirari
500 2033 655 2088 tunc,
684 2022 806 2092 quia
837 2022 1035 2077 animal
1068 2038 1172 2078 non
1206 2021 1309 2077 erit
1333 2022 1475 2093 quod
1515 2025 1621 2076 tale
1652 2032 1735 2077 est
1762 2033 1819 2077 ut

212 2112 491 2186 respirare
510 2117 702 2187 possit,
732 2130 841 2171 non
872 2131 1001 2187 ergo
1029 2117 1134 2172 erit
1163 2116 1305 2171 aeris
1339 2117 1611 2186 proprium
1639 2117 1809 2186 reSpi-

212 2207 411 2264 rabile.
441 2206 787 2263 Construenti
818 2218 1019 2274 autem,
1054 2209 1099 2263 si
1133 2209 1371 2278 potentia
1403 2208 1681 2275 assignans
1700 2223 1819 2274 pro-

210 2300 391 2371 prium
410 2345 424 2370 ,
454 2309 560 2355 tam
595 2301 660 2356 ad
679 2316 776 2358 ens
805 2302 1101 2371 assignavit
1130 2302 1404 2371 proprium
1430 2318 1590 2372 quam
1617 2302 1681 2356 ad
1712 2319 1814 2355 non

1921 1848 2126 1903 autem,
2152 1837 2197 1893 si
2217 1853 2321 1894 non
2338 1853 2435 1909 per
2455 1835 2999 1906 superabundantiam
3015 1833 3192 1903 posuit
3213 1831 3513 1905 proprium.

1926 1926 2044 1985 Erit
2072 1931 2215 1985 enim
2260 1930 2557 1987 secundum
2606 1930 2708 1984 hoc
2736 1930 2874 1985 bene
2927 1929 3156 1998 poSitum
3204 1926 3508 1996 proprium,

1922 2029 1981 2075 ut
2004 2021 2126 2092 quia
2149 2022 2240 2092 qui
2273 2022 2449 2092 posuit
2470 2021 2703 2076 hominis
2734 2020 3004 2092 proprium
3039 2019 3235 2072 animal
3260 2032 3508 2073 mansue-

1923 2122 2035 2169 tum
2089 2126 2313 2181 natura,
2362 2131 2468 2170 non
2518 2114 3006 2186 superabundantia
3056 2114 3347 2184 assignavit
3394 2126 3521 2181 pro-

1925 2209 2126 2276 pritim,
2150 2210 2254 2265 erit
2288 2209 2472 2280 utique
2503 2209 2801 2265 secundum
2835 2210 2935 2264 hoc
2964 2208 3104 2263 bene
3125 2208 3358 2277 positum
3389 2219 3519 2275 proo

1926 2316 2126 2370 prtum.

1414 2517 1749 2598 LIBER
1820 2516 2130 2598 SEXT
2150 2516 2318 2601 US.

1705 2676 2038 2691 -—_

743 2779 970 2837 CAPUT
1015 2778 1275 2835 PRIMUM

723 2870 796 2925 De
818 2870 943 2925 locis
980 2870 1315 2938 deﬁnitionis.

286 2966 422 3035 Ejus
449 2973 625 3018 autern
654 2963 798 3033 quod
824 2969 909 3017 est
930 2961 1077 3017 circa
1121 2961 1383 3016 terminos
1422 2960 1654 3031 negotii,
1693 2976 1819 3031 par-

1924 2795 2080 2836 scura
2107 2781 2554 2852 interpretatione
2580 2782 2677 2836 uti.
2709 2781 2936 2851 Oportet
2978 2784 3121 2837 enim
3166 2781 3513 2840 deﬁnientem

1923 2874 2014 2943 (ut
2042 2872 2337 2945 contingit)
2386 2889 2546 2945 quam
2572 2874 2873 2929 clarissima
2927 2875 3373 2944 interpretatione
3419 2877 3518 2943 uti,

1921 2978 1988 3018 eo
2017 2963 2158 3034 quod
2186 2964 2543 3033 cngnoscendi
2570 2967 2742 3035 gratia
2783 2965 3088 3034 assignatur
3112 2965 3375 3021 deﬁnitio.
3411 2966 3519 3021 Se-

205 3067 299 3113 tes
339 3054 741 3125 suntquinque.
786 3053 920 3108 Nam
952 3062 1042 3108 aut
1067 3052 1209 3124 quod
1237 3054 1459 3109 omnino
1482 3070 1586 3109 non
1621 3070 1811 3109 verum
1839 3087 1885 3149 ε
1919 3056 2088 3112 cunda
2116 3066 2293 3111 autem
2323 3055 2367 3111 si
2389 3057 2623 3124 amplius
2643 3057 2776 3113 dixit
2810 3057 2862 3113 in
2892 3057 3204 3114 deﬁnitione
3226 3074 3386 3130 quam
3410 3075 3507 3127 par

204 3158 301 3206 est
323 3149 503 3204 dicere
532 3148 600 3202 de
625 3162 732 3217 quo
761 3162 957 3201 nomen
989 3157 1040 3201 cl
1078 3147 1380 3202 orationem
1408 3149 1641 3218 (oportet
1664 3148 1807 3203 enim

208 3243 459 3298 hominis
488 3241 857 3297 deﬁnitionem
886 3239 952 3295 de
975 3240 1120 3293 οιιιιιί
1144 3240 1361 3296 homine
1387 3240 1697 3311 veriﬁcari),
1723 3251 1815 3295 aut

202 3333 359 3405 quod
382 3348 502 3388 cum
530 3334 596 3389 sit
614 3348 783 3404 genus
812 3348 918 3387 non
953 3332 1129 3401 posuit
1156 3332 1207 3386 in
1237 3348 1435 3403 genere
1457 3374 1471 3395 ,
1508 3333 1591 3387 vel
1621 3348 1729 3388 non
1762 3333 1812 3385 in

205 3428 629 3484 accommodato
659 3442 860 3498 genere
899 3427 1079 3495 posuit
1109 3426 1348 3493 (oportet
1379 3428 1521 3483 enim
1554 3442 1676 3481 eum
1724 3425 1817 3496 qui

205 3521 411 3577 deﬁnit
456 3520 511 3574 in
558 3535 757 3590 genere
804 3526 1091 3588 ponentem
1126 3518 1462 3572 diﬁ‘erentias
1502 3516 1814 3587 adiungere,

209 3630 347 3670 nam
379 3612 613 3668 maxime
633 3626 819 3667 eorum
853 3626 972 3681 quae
1020 3618 1146 3664 sunt
1199 3612 1250 3663 in
1277 3609 1621 3676 deﬁnitione,
1648 3626 1817 3681 genus

208 3706 439 3761 videtur
457 3703 664 3758 deﬁniti
686 3702 1042 3757 substantiam
1059 3700 1415 3773 signiﬁcare),
1434 3710 1527 3756 aut
1548 3702 1689 3772 quod
1710 3719 1815 3757 non

206 3796 442 3870 prOpria
468 3804 551 3850 est
577 3794 820 3849 deﬁnitio
851 3794 1088 3863 (oportet
1116 3793 1259 3849 enim
1293 3793 1499 3848 deliniti
1542 3811 1663 3849 nem
1694 3810 1819 3865 pro-

208 3888 396 3960 priam
418 3902 560 3953 esse,
590 3884 1043 3955 quemadmodum
1074 3885 1219 3953 prius
1242 3884 1445 3939 dictum
1479 3886 1606 3955 est),
1636 3894 1731 3939 aut
1772 3887 1820 3941 si

209 3979 405 4035 omnia
432 3994 552 4048 qua:
582 3976 722 4032 dicta
749 3985 876 4032 sunt
904 3980 948 4031 is
978 3976 1067 4046 qui
1104 3976 1251 4041 fecit,
1283 3993 1389 4032 non
1413 3977 1677 4045 deﬁnivit,
1726 3994 1820 4033 ne-

215 4084 336 4140 que
365 4070 644 4138 dixitquiil
674 4077 757 4123 est
786 4082 909 4124 esse
952 4069 1032 4123 rei
1080 4068 1318 4133 deﬁnite,
1347 4069 1613 4139 reliquum
1643 4081 1821 4125 autem

218 4166 429 4231 praeter
450 4174 516 4221 ea
546 4175 663 4230 quae
706 4160 848 4214 dicta
895 4169 1055 4226 sunt,
1103 4160 1150 4213 si
1182 4159 1423 4214 deﬁnivit
1466 4161 1719 4231 quidem,
1770 4171 1826 4215 at

217 4269 337 4311 non
370 4253 508 4310 bene
537 4254 800 4309 delinivit.
852 4253 908 4308 Si
939 4254 1100 4321 igitur
1141 4268 1246 4307 non
1275 4254 1582 4308 veriﬁcatur
1621 4253 1690 4308 de
1718 4269 1825 4323 quo

218 4362 430 4403 nomen
458 4355 512 4400 et
548 4346 759 4412 oratio,
790 4360 860 4401 ex
893 4347 958 4401 iis
988 4360 1109 4416 qua:
1138 4345 1280 4401 dicta
1318 4354 1443 4400 sunt
1468 4346 1524 4400 in
1549 4346 1826 4403 accidente

1919 3152 2012 3214 sit,
2042 3166 2163 3205 nam
2193 3166 2354 3207 omne
2382 3150 2525 3222 quod
2563 3152 2997 3223 superadjectum
3038 3164 3120 3210 est
3150 3154 3201 3209 in
3242 3152 3516 3210 deﬁnitio—

1915 3256 1982 3297 ne
2002 3284 2016 3308 ,
2045 3243 2375 3313 superﬂuum
2404 3251 2507 3299 est.

2549 3336 2775 3392 CAPUT
2824 3338 2886 3391 11.

2384 3425 2462 3481 De
2486 3428 2784 3495 deﬁnitione
2812 3427 2913 3481 loci
2933 3434 3045 3483 aut.
3408 3484 3423 3497 ,

1989 3517 2198 3574 Rursus
2226 3530 2402 3574 autem
2434 3527 2722 3589 utrumque
2758 3520 2901 3588 quod
2938 3520 3139 3574 dictum
3169 3533 3253 3577 εει
3274 3565 3288 3587 ,
3330 3524 3380 3577 in
3409 3526 3524 3594 plu-

1919 3623 2009 3663 res
2033 3618 2211 3679 partes
2240 3608 2517 3676 dividitur,
2550 3625 2688 3664 unus
2716 3620 2895 3664 autem
2924 3609 3075 3666 locus
3102 3611 3219 3681 ejus
3249 3614 3392 3682 quod
3424 3616 3523 3669 ob-

1920 3713 2079 3755 scure
2107 3711 2214 3767 est,
2256 3703 2300 3756 si
2326 3701 2396 3755 sit
2422 3701 2756 3770 aeqnivocum
2784 3700 2967 3768 alicui,
3000 3702 3144 3772 quod
3187 3702 3389 3757 dictum
3416 3717 3524 3761 est.

1926 3793 1993 3849 Ut
2011 3793 2149 3863 quod
2181 3794 2455 3864 generatio
2479 3802 2564 3849 est
2588 3793 2771 3848 ductio
2792 3793 2857 3847 ad
2882 3794 3236 3849 substantiam
3255 3840 3268 3863 ,
3302 3805 3357 3851 ει
3380 3798 3523 3866 quod

1926 3889 2131 3943 sanitas
2156 3886 2616 3943 commensnratio
2640 3887 2940 3941 calidorum
2968 3897 3023 3943 et
3046 3889 3523 3960 frigidorum,nam

1925 3981 2200 4051 aequivoca
2230 3987 2315 4035 est
2353 3979 2569 4043 ductio,
2598 3988 2653 4035 et
2681 3981 3168 4047 commensuratio;
3220 3981 3525 4039 immanite—

1926 4082 2067 4129 stum
2100 4074 2263 4144 igitur
2293 4080 2470 4126 utrum
2499 4071 2612 4126 vult
2633 4072 2816 4127 dicere
2844 4087 3031 4126 eorum
3059 4088 3177 4143 qua:
3216 4075 3526 4147 signiﬁcan-

1930 4173 2016 4218 tur
2042 4164 2110 4217 ah
2132 4179 2217 4227 eo,
2251 4163 2395 4235 quod
2424 4164 2785 4233 multipliciter
2806 4165 3002 4220 dicitur
3025 4183 3038 4232 ;
3073 4167 3318 4223 similiter
3344 4180 3524 4225 autem

1929 4264 1986 4311 et
2013 4258 2055 4312 si
2089 4273 2211 4312 cum
2256 4255 2537 4311 deﬁnitum
2592 4257 2961 4327 multipliciter
3009 4259 3225 4327 dicitur,
3281 4264 3527 4323 dividens

1932 4366 2041 4406 non
2089 4350 2242 4418 dixit,
2295 4366 2417 4405 nam
2463 4350 2880 4408 immanifestum
2940 4353 3112 4410 utrius
3160 4357 3527 4416 deﬁnitionem

220 4439 365 4495 locis
392 4437 871 4493 considerandum.
919 4438 1051 4493 Nam
1085 4448 1139 4493 et
1176 4438 1283 4492 illic
1312 4448 1488 4493 utrum
1520 4454 1704 4493 verum
1737 4440 1823 4494 vel
1851 4466 1904 4528 υ
1932 4443 2251 4512 assignavit,
2273 4443 2640 4513 contingitque
2663 4443 2975 4500 calumniari
2999 4447 3147 4503 velut
3175 4464 3280 4504 non
3330 4465 3529 4508 conve-

218 4548 336 4588 non
354 4546 561 4596 verum,
577 4532 753 4586 omnis
767 4531 1128 4588 consideratio
1150 4531 1243 4598 ﬁt;
1267 4531 1482 4603 quando
1505 4532 1647 4588 enim
1676 4533 1819 4603 quod

218 4627 370 4681 inest
400 4625 650 4680 accidens
672 4623 1038 4693 disputamus,
1072 4625 1212 4694 quod
1242 4641 1428 4681 verum
1460 4633 1544 4681 est
1569 4624 1819 4691 dicimus,

219 4718 446 4788 quando
466 4727 645 4773 autem
675 4720 816 4787 quod
850 4733 956 4772 non
986 4717 1161 4781 inest,
1195 4718 1336 4787 quod
1361 4735 1466 4779 non
1490 4734 1696 4773 verum.
1726 4718 1821 4775 S‘n

219 4821 364 4861 vero
390 4823 495 4863 non
529 4809 582 4863 in
618 4809 1025 4864 accommodato
1055 4824 1254 4878 genere
1284 4811 1489 4879 posuit,
1523 4819 1616 4885 aut
1642 4810 1686 4864 si
1715 4827 1820 4866 non

220 4898 451 4970 propria
478 4910 563 4952 εει
588 4901 853 4967 assignala
879 4903 1074 4967 oratio,
1105 4918 1167 4956 ex
1194 4902 1260 4956 iis
1289 4904 1378 4971 qui
1403 4911 1529 4957 sunt
1556 4902 1622 4957 ad
1654 4918 1822 4973 genus

220 5000 288 5046 ct
311 4987 584 5059 proprium
614 4988 771 5043 dictis
800 4988 965 5053 locis,
1012 4992 1470 5061 prospiciendum.
1532 4992 1820 5064 Reliquum

221 5094 366 5135 vero
389 5079 434 5134 si
465 5093 573 5133 non
604 5078 872 5143 deﬁnivit,
905 5087 996 5133 aut
1031 5081 1075 5133 si
1111 5096 1217 5133 non
1260 5081 1397 5136 bene
1420 5069 1695 5150 delinivif,
1726 5087 1824 5138 ali-

215 5174 342 5239 ψη)
370 5169 531 5225 modo
562 5169 974 5239 aggrediendum
998 5170 1199 5225 dicere.
1254 5171 1486 5226 Primum
1532 5175 1695 5244 igitur
1736 5178 1821 5230 in-

368 5262 565 5316 endum
608 5263 653 5317 si
686 5277 792 5316 non
824 5262 959 5315 bene
988 5262 1253 5317 deﬁnivit.
1308 5263 1439 5318 Nam
1495 5264 1705 5322 facilius
1740 5277 1825 5324 est

218 5350 241 5366 '
308 5352 514 5407 odlibet
547 5352 757 5419 fecisse,
788 5368 946 5423 quam
1003 5352 1424 5421 benel‘ecisse,
1480 5357 1822 5415 manifestum

223 5447 394 5515 igitur
414 5449 665 5519 quoniam
697 5460 972 5517 peccatum
1016 5450 1158 5505 circa
1211 5452 1315 5506 hoc
1366 5454 1708 5523 plusculum,
1756 5473 1822 5512 eo

221 5542 373 5607 quod
415 5542 755 5597 laboriosius.
798 5542 974 5610 Quare
1012 5544 1410 5614 argumentatio
1446 5546 1660 5601 facilior
1706 5564 1825 5617 quae

216 5632 373 5688 circa
397 5636 500 5689 hoc
528 5650 688 5705 quam
719 5637 1007 5706 qnte‘circa
1037 5636 1164 5691 illud
1197 5637 1279 5692 ﬁt.
1330 5637 1403 5693 Su
1423 5648 1479 5693 nt
1508 5649 1685 5695 autem
1709 5641 1826 5711 ejus

218 5726 376 5792 quod
406 5744 511 5783 non
547 5738 632 5782 est
677 5730 812 5787 bene
837 5772 849 5786 .
884 5740 1065 5799 partes
1108 5731 1248 5788 dum.
1301 5731 1417 5789 Una
1446 5734 1684 5805 quidem,
1731 5736 1801 5793 ob

436 5837 705 5903 ΡΑτῐιοι.
756 5845 979 5907 LXIV.

1930 4537 2110 4592 niente
2140 4536 2385 4591 oratione
2415 4535 2480 4589 ad
2505 4535 2685 4591 omnia
2714 4552 2943 4607 quorum
2973 4539 3341 4598 deﬁnitionem
3390 4546 3529 4599 assi-

1925 4628 2130 4699 gnavit.
2162 4626 2389 4682 Maxime
2404 4635 2583 4682 autem
2613 4628 2874 4699 contingit
2903 4629 3007 4686 tale
3023 4632 3295 4703 quidpiam
3320 4633 3525 4701 facere,

1928 4735 2051 4775 cum
2094 4721 2225 4775 latet
2263 4720 2636 4790 aequivocatio.
2672 4719 2949 4793 Contingit
2989 4724 3152 4779 etiam
3180 4734 3235 4780 et
3283 4741 3403 4782 eum
3433 4729 3523 4795 qui

1928 4810 2154 4876 dividit,
2183 4812 2395 4880 quoties
2421 4811 2618 4866 dicitur
2667 4812 2718 4866 id
2755 4814 2897 4882 quod
2943 4817 2995 4869 in
3035 4816 3348 4872 deﬁnitione
3385 4820 3524 4874 assi-

1929 4915 2147 4974 gnatum
2198 4914 2315 4973 est,
2348 4904 2715 4976 syllogismum
2746 4906 2959 4973 facere;
3011 4925 3133 4965 nam
3158 4911 3204 4965 si
3226 4911 3526 4966 secundum

1928 4997 2134 5051 nullum
2163 4996 2447 5052 modorum
2471 4996 2800 5054 sufﬁcienter
2823 5001 3020 5055 dictum
3044 5010 3147 5067 est,
3177 5001 3519 5057 manifestum

1928 5086 2072 5159 quod
2099 5102 2205 5141 non
2234 5087 2502 5143 deﬁnierit
2525 5089 2613 5143 illo
2642 5091 2822 5145 modo.
2857 5092 3007 5147 Alius
3034 5093 3391 5149 sisecundum
3413 5109 3527 5149 me-

1931 5178 2212 5249 taphoram
2264 5180 2431 5245 dixit;
2480 5191 2538 5236 ut
2584 5182 2862 5238 scientiam
2892 5184 3270 5247 indeciduam,
3326 5195 3525 5241 terram

1872 5330 1875 5333 _
1930 5283 2107 5355 autem
2152 5273 2450 5341 nutricem,
2492 5284 2586 5331 aut
2639 5279 3041 5347 temperantiam
3094 5282 3527 5346 consonantiam,

1933 5385 2055 5423 nam
2094 5384 2252 5424 omne
2281 5370 2565 5425 obscurum
2588 5412 2604 5435 ,
2655 5372 2796 5441 quod
2825 5374 3119 5427 secundum
3154 5376 3525 5443 metaphoram

1931 5459 2155 5524 dicitur,
2188 5461 2448 5528 contingit
2472 5470 2526 5516 et
2565 5464 2724 5517 etiam
2758 5463 3067 5532 metaphora
3098 5465 3401 5533 loquentem
3437 5481 3526 5519 ca-

1934 5551 2217 5616 lumniari,
2252 5562 2503 5621 tanquam
2538 5570 2642 5635 n‘on
2675 5554 2886 5623 proprie
2915 5555 3206 5622 dicentem,
3244 5573 3348 5611 non
3380 5559 3523 5613 enim

1933 5654 2192 5714 congruet
2220 5644 2357 5699 dicta
2387 5644 2651 5713 delinitio,
2686 5654 2744 5699 ut
2773 5647 2823 5699 in
2854 5649 3226 5715 temperantia,
3257 5665 3378 5703 nam
3402 5667 3523 5704 om-

1933 5738 2015 5793 nis
2043 5741 2393 5819 consonantia
2426 5741 2475 5793 in
2500 5741 2667 5797 sonis.
2722 5743 2988 5813 Amplius,
3029 5744 3072 5797 si
3098 5755 3178 5799 est
3202 5761 3368 5816 genus
3395 5760 3527 5804 cen-

3049 5857 3123 5918 31
