4022 6330
547 341 643 403 971

1758 282 1868 375 is.
1910 319 2114 375 MANL.
2158 314 2313 373 sev.
2354 313 2576 370 nomn

3717 300 3823 354 9‘72

555 458 800 517 sonantia
826 447 1275 521 temperautim,in
1304 442 1507 499 duobus
1530 436 1813 509 generibus
1843 435 1944 491 erit
1972 432 2133 495 idem,
2168 431 2217 491 A
2242 427 2364 481 dum
2396 436 2478 481 est
2519 425 2861 495 indigeslum,
2914 437 3035 476 nam
3076 421 3164 476 illo
3204 421 3418 493 quidem
3470 422 3634 477 modo
3660 400 3827 487 dicta,

556 570 664 610 non
694 543 1091 605 continentibus
1122 554 1178 594 se
1200 538 1458 598 invicem,
1492 545 1612 585 nam
1645 542 1815 597 neque
1835 539 2130 581 consonan-

554 660 628 705 tta
659 648 933 706 virtutem,
966 652 1139 708 neque
1193 635 1361 687 virtus
1419 631 1656 681 continet
1704 618 2127 675 consonantiam.

558 739 831 809 Amplius,
883 734 927 788 si
963 746 1066 785 non
1106 726 1289 798 positis
1319 719 1625 776 nominibus
1655 714 1817 769 utitur
1841 752 1856 776 ,
1898 720 1956 764 ut
1986 708 2134 762 Plato

556 802 838 885 ciliumbre
863 822 1101 883 oculum,
1149 825 1239 871 aut
1289 824 1543 867 araneum
1594 802 1998 875 putrimordax,
2047 805 2137 852 ant

560 918 845 975 medullam
874 909 1195 980 ossigenium
1234 903 1398 965 dixit,
1445 914 1569 954 nam
1624 909 1783 949 omne
1829 892 2135 949 obscurum,

561 1011 702 1083 quod
729 1011 994 1063 insuetum
1018 1011 1120 1058 est.
1154 997 1408 1068 Quaedam
1446 1003 1623 1047 autem
1646 1001 1817 1057 neque
1846 981 2136 1039 secundum

566 1080 1038 1168 aequivocationem
1065 1132 1079 1156 ,
1111 1104 1282 1159 neque
1308 1085 1599 1141 secundum
1632 1080 2016 1146 metaphoram,
2050 1086 2141 1124 ne-

564 1166 668 1262 que
695 1189 909 1259 proprie
947 1184 1215 1245 dicuntur,
1273 1186 1331 1233 ut
1374 1178 1493 1239 lex,
1533 1185 1814 1233 mensura,
1854 1166 1937 1221 vel
1969 1166 2141 1231 imago

564 1252 747 1337 eorum
926 1284 1110 1329 natura
1136 1273 1278 1340 justa
1300 1276 1455 1330 sunt;
1484 1272 1609 1319 sunt
1636 1271 1811 1315 autem
1838 1252 2142 1326 hujusmodi

463 1391 472 1397 ·
564 1343 833 1428 deteriora
864 1362 1202 1433 metaphora,
1236 1371 1359 1412 nam
1390 1351 1701 1422 metaphora
1732 1345 1856 1402 facit
1885 1343 2141 1415 quodam-

567 1464 725 1519 modo
754 1471 937 1514 natum
961 1452 1104 1525 quod
1141 1450 1476 1519 designatum
1504 1454 1588 1500 est
1618 1457 1711 1511 per
1739 1436 2141 1493 similitudinem

569 1561 779 1628 (omnes
808 1552 949 1606 enim
982 1543 1291 1612 metaphora
1321 1548 1556 1601 utentes,
1588 1530 1880 1589 secundum
1910 1527 2143 1595 aliquam

566 1615 970 1706 similitudinem
997 1652 1059 1691 ea
1089 1630 1367 1700 utuntur),
1416 1638 1469 1681 at
1499 1624 1639 1696 quod
1667 1624 1771 1677 tale
1802 1629 1905 1687 est,
1924 1630 2041 1672 non
2071 1615 2148 1668 fa-

568 1743 643 1795 cit
663 1745 869 1800 notum,
901 1745 1022 1785 nam
1045 1741 1214 1796 neque
1232 1719 1529 1777 similitudo
1558 1725 1641 1771 est
1665 1712 1957 1769 secundum
1987 1722 2146 1777 quam

2246 535 2351 573 non
2376 534 2499 573 vera
2531 516 2645 570 'erit
2675 514 2911 569 deﬁnitio
2934 555 2947 578 ,
2997 514 3260 583 sitjuidem
3291 528 3396 567 non
3440 515 3686 567 omnium
3724 512 3834 580 pri-

2239 630 2383 667 mum
2412 622 2514 668 est.
2550 611 2822 681 Amplius,
2854 611 2896 662 si
2935 603 3205 679 quidpiaiu
3230 624 3414 663 eorum
3440 624 3559 678 qua:
3602 616 3737 661 sunt
3778 608 3831 659 in

2237 703 2481 757 oratione
2513 719 2619 756 non
2668 701 2913 754 omnibus
2958 700 3114 762 inest,
3168 715 3285 769 qum
3334 707 3457 751 sunt
3508 698 3614 753 sub
3643 698 3834 751 eadem

2238 796 2434 865 specie.
2468 796 2597 848 Nam
2632 793 2751 847 talis
2778 792 2926 860 pejus
2957 791 3197 845 deﬁnivit
3223 833 3235 854 ,
3269 806 3425 860 quam
3470 790 3561 859 qui
3596 788 3679 842 usi
3714 798 3837 840 sunt

2239 901 2305 941 eo
2327 886 2467 956 quod
2499 889 2634 940 inest
2656 886 2905 939 omnibus
2940 899 3061 951 qua:
3093 892 3238 937 sunt.
3296 882 3425 935 Nam
3456 882 3572 934 illic
3593 923 3606 942 ,
3642 880 3690 932 si
3716 878 3838 931 reli-

2241 1000 2339 1051 qna
2366 983 2579 1053 prOpiia
2609 981 2868 1041 definitio,
2904 989 2958 1033 et
2988 988 3098 1031 tota
3132 977 3341 1046 propria
3363 976 3486 1037 erit,
3513 973 3838 1040 simpliciter

2243 1078 2386 1131 enim
2420 1076 2484 1129 ad
2510 1076 2780 1143 proprium
2832 1072 3065 1142 quolibet
3105 1068 3287 1123 addito
3308 1084 3434 1121 vero
3460 1109 3474 1129 ,
3516 1074 3635 1121 tota
3666 1066 3839 1116 oratio

2246 1169 2459 1238 propria
2491 1168 2577 1231 fit;
2629 1177 2681 1220 at
2721 1181 2853 1220 vero
2895 1166 2937 1238 si
2996 1162 3192 1232 aliquid
3243 1177 3427 1216 eorum
3472 1175 3597 1229 quae
3630 1150 3843 1213 suntin

2244 1260 2521 1325 oratione,
2578 1272 2684 1312 non
2716 1255 2966 1311 omnibus
3022 1255 3147 1308 insit
3199 1268 3317 1323 qua:
3348 1262 3472 1305 sunt
3500 1252 3608 1305 sub
3648 1251 3839 1304 eadem

2246 1356 2465 1424 Specie,
2508 1352 2841 1422 impossibile
2888 1359 2971 1405 est
3012 1357 3174 1403 totam
3219 1348 3512 1401 orationem
3562 1346 3840 1415 pmpriam

2252 1461 2372 1500 esse
2397 1487 2412 1510 ,
2468 1461 2571 1498 non
2604 1444 2746 1498 enim
2778 1434 3079 1495 conversim
3122 1439 3497 1509 prtedicabitur
3536 1437 3611 1491 de
3651 1450 3713 1489 re
3739 1477 3754 1498 ,
3795 1432 3845 1486 ut

2254 1538 2451 1592 animal
2484 1537 2763 1607 gressibile
2799 1535 2948 1602 bipes
2972 1531 3433 1603 quadrienbitale;
3480 1545 3609 1581 nam
3656 1528 3845 1594 hujus-

2251 1630 2395 1682 modi
2437 1627 2609 1681 oratio
2662 1641 2765 1679 non
2796 1623 3098 1679 conversim
3138 1620 3513 1691 pt'mdicabitur
3542 1619 3616 1673 de
3640 1635 3726 1681 re,
3784 1633 3842 1671 eo

2251 1720 2390 1789 quod
2433 1736 2537 1772 non
2571 1718 2820 1771 omnibus
2870 1718 3007 1769 inest
3071 1716 3225 1782 (qua:
3267 1712 3364 1765 sub
3418 1711 3614 1765 eadem
3667 1710 3848 1765 specie

548 1844 843 1893 iuensura,
868 1824 954 1879 vel
977 1823 1150 1890 imago
1179 1818 1264 1871 lex
1286 1823 1385 1881 εει,
1416 1825 1589 1880 neque
1609 1807 1716 1863 (Ποῖ
1738 1806 1876 1859 δοιαὶ
1906 1800 2144 1893 Ρτνῐπί-θὶ
2184 1816 2221 1872 Β
2253 1813 2408 1878 sunt)
2437 1808 2885 1880 quadrieubitale.
2920 1807 3150 1859 Rursum
3180 1806 3224 1858 si
3258 1804 3394 1859 idem
3422 1803 3752 1873 frequenter
3777 1802 3851 1855 di.

574 1890 899 1997 quapropter
946 1916 990 1971 si
1026 1911 1243 1984 proprie
1284 1918 1588 1960 mensuram
1646 1898 1728 1953 vel
1760 1894 2043 1963 imaginem

573 1980 694 2091 gem
715 2017 842 2072 dicit
869 2026 1018 2075 esse,
1060 2003 1301 2060 veritatis
1329 2010 1412 2055 est
1450 2009 1674 2064 expers;
1715 2004 1853 2091 nam.
1889 1988 2061 2053 imago
2099 1980 2152 2034 id

576 2079 661 2168 est
690 2108 842 2178 cujus
880 2099 1154 2173 generatio
1180 2110 1275 2165 per
1306 2089 1655 2146 imitationem
1686 2089 1791 2147 est,
1841 2079 1944 2132 hoc
1974 2083 2151 2128 autem

579 2221 685 2259 non
736 2169 1055 2263 iiiestvlegi;
1106 2190 1150 2243 si
1208 2195 1516 2239 autemnon
1548 2169 2154 2247 prOprie,manilestum

576 2295 718 2366 quod
743 2292 970 2347 obscure
1018 2282 1183 2347 dixit,
1240 2286 1399 2345 atque
1430 2270 1667 2327 deterius
1699 2263 2157 2366 quolibetneorum.

574 2348 1014 2453 secundum
1056 2369 1422 2438 metaphoram
1455 2362 1723 2419 dicuntur.
1786 2351 2028 2453 Amplius
2049 2391 2072 2451 ,ο
2115 2348 2158 2449 si

583 2439 691 2535 non
720 2471 1000 2531 manifesta
1036 2473 1119 2521 est
1145 2458 1401 2517 contrarii
1424 2454 1594 2509 oratio
1624 2465 1692 2505 ex
1723 2448 1823 2501 hoc
1854 2442 1995 2514 quod
2024 2439 2159 2495 dici-

580 2583 689 2628 tur.
741 2568 871 2622 Nam
895 2577 1011 2633 qua:
1041 2560 1174 2613 bene
1204 2552 1570 2618 aSsiguantur,
1597 2538 1895 2597 contrarias
1923 2548 2162 2591 comma-

583 2668 859 2725 nifestant.
912 2629 1019 2713 λιιι
1064 2655 1108 2706 si
1153 2663 1247 2719 per
1276 2659 1335 2700 se
1364 2642 1540 2703 dicta,
1592 2653 1697 2692 non
1729 2634 1796 2689 sit
1824 2629 2163 2687 manifestum

584 2762 739 2832 cujus
778 2765 862 2811 est
887 2748 1129 2807 deﬁnitio
1150 2788 1164 2813 ,
1201 2742 1295 2798 sed
1325 2734 1770 2809 quemadmodum
1811 2744 1873 2784 ea
1899 2740 2015 2831 quae
2044 2730 2169 2777 sunt

585 2822 924 2922 aniiquorum
938 2842 1282 2910 scriptorum,
1301 2832 1403 2887 nisi
1420 2831 1539 2900 quis
1567 2822 2035 2895 superscripsisset
2061 2831 2167 2870 non

585 2913 1009 3017 cognoscebatur
1031 2931 1155 3003 quid
1172 2924 1617 2995 unumquodque;
1641 2920 1684 2973 si
1702 2916 1860 2987 igitur
1877 2930 1981 2969 non
2004 2913 2167 2975 clare,

585 3004 990 3105 exvhujusmodi
1016 3036 1099 3080 est
1122 3016 1532 3088 inspiciendum.
1587 3012 1642 3068 Si
1669 3009 1827 3079 igitur
1844 3004 2168 3075 superﬂuum

591 3132 653 3184 in
685 3094 918 3181 termino
939 3117 1096 3184 dixit,
1130 3111 1360 3181 primum
1407 3104 1624 3175 quidem
1654 3096 2100 3156 considerandum
2128 3094 2171 3146 si

2258 1906 2351 1958 ait.
2398 1904 2466 1959 Ut
2504 1904 2592 1973 qui
2621 1902 3107 1969 concupiscentiam
3138 1901 3430 1967 appetitum
3470 1894 3853 1953 delectatiOnis

2258 1997 2428 2061 dixit,
2476 2011 2595 2049 nam
2641 1994 2816 2047 omnis
2852 1993 3284 2060 concupisccut'a
3325 1989 3713 2041 delectationis
3744 1997 3854 2049 est,

2259 2091 2421 2157 qn'are
2462 2099 2513 2143 et
2546 2088 2684 2141 idem
2729 2084 3175 2154 cunctipiscentim
3204 2081 3574 2135 delectationis
3604 2080 3732 2133 erit.
3781 2076 3859 2133 Fit

2263 2180 2424 2250 igitur
2474 2181 2734 2235 terminus
2788 2175 3236 2246 concupiscentiae
3293 2172 3565 2244 appetitus
3621 2173 3861 2224 delecta-

2262 2273 2424 2326 tionis
2458 2271 2610 2343 (nihil
2635 2273 2777 2324 enim
2808 2268 2983 2323 differt
3010 2266 3500 2333 concupiscentiam
3527 2263 3743 2327 dicere,
3777 2270 3862 2313 aut

2263 2365 2556 2432 appetitum
2587 2360 2981 2428 delectationis)
3001 2373 3015 2412 :
3039 2373 3205 2427 quare
3228 2366 3509 2424 utrumque
3536 2371 3738 2408 eorum
3770 2354 3857 2406 de-

2240 2453 2570 2509 ‘leCtalionis
2618 2452 2741 2505 erit.
2800 2450 2882 2505 Au
2935 2451 3035 2503 hoc
3072 2448 3290 2517 quidem
3331 2446 3462 2500 nihil
3509 2445 3861 2498 absurdum?

2268 2562 2391 2600 nam
2432 2556 2485 2599 et
2529 2546 2686 2598 homo
2719 2544 2870 2613 bipes
2907 2552 3007 2594 est.
3040 2547 3217 2606 Quare
3248 2550 3301 2594 et
3338 2538 3475 2591 idem
3508 2537 3765 2599 homini,
3794 2536 3863 2589 bi-

2270 2654 2364 2705 pes
2392 2636 2533 2699 erit;
2568 2643 2652 2691 est
2681 2644 2856 2687 autem
2900 2634 3037 2685 idem
3074 2630 3314 2695 homini,
3347 2628 3547 2684 animal
3584 2629 3865 2697 gressibile

2271 2730 2424 2798 bipes
2447 2770 2461 2795 ,
2493 2743 2656 2797 quare
2679 2725 2875 2780 animal
2903 2724 3185 2794 gressibile
3219 2725 3398 2792 bipes,
3431 2724 3588 2791 bipes
3621 2732 3711 2775 est
3741 2737 3756 2785 ;
3782 2724 3865 2774 sed

2273 2839 2380 2876 non
2411 2832 2628 2889 propter
2662 2819 2763 2872 hoc
2792 2817 3078 2871 absurdum
3107 2815 3301 2884 aliquid
3321 2815 3535 2881 accipit.
3573 2812 3699 2866 Non
3732 2816 3868 2866 enim

2273 2913 2340 2967 de
2370 2911 2587 2966 animali
2627 2910 2804 2964 solum
2850 2909 3128 2977 gressibile
3178 2909 3259 2961 bis
3303 2906 3454 2983 bipes
3497 2905 3867 2974 prmdieatnr;

2275 3007 2352 3058 sic
2387 3005 2526 3058 enim
2559 3004 2625 3057 de
2647 3003 2834 3058 eodem
2872 3004 2954 3056 bis
2984 3002 3134 3069 bipes
3161 2999 3481 3069 praedicatur
3501 3039 3515 3063 ,
3573 2999 3623 3051 si
3663 2998 3740 3052 de
3764 2999 3873 3050 ani-

2279 3101 2404 3155 mali
2453 3099 2674 3169 bipede,
2736 3098 3022 3168 gressibile
3051 3098 3200 3165 bipes
3232 3093 3461 3159 dicitur,
3492 3108 3667 3161 quare
3700 3093 3871 3146 semel

587 3219 771 3287 aliquo
791 3224 921 3268 usus
950 3215 1031 3263 est
1078 3200 1221 3273 quod
1251 3197 1500 3251 omnibus
1552 3192 1701 3256 insit,
1743 3188 1826 3243 vel
1858 3184 2170 3255 simpliciter

2284 3203 2484 3246 tantum
2518 3191 2668 3261 bipes
2695 3189 3035 3258 pra-dicatur.
3075 3188 3330 3242 Similiter
3353 3196 3531 3239 autem
3562 3196 3623 3239 et.
3654 3186 3711 3238 in
3742 3199 3871 3237 c-iu-

599 3312 666 3366 iis
684 3278 815 3378 Iquze
844 3313 989 3365 sunt,
1024 3296 1106 3351 vel
1136 3295 1200 3348 iis
1233 3306 1351 3361 qum
1378 3288 1477 3342 sub
1507 3285 1695 3340 eodem
1721 3296 1914 3352 genere
1942 3288 2067 3335 sunt
2086 3278 2180 3333 de-

594 3371 895 3456 finito'rum.
932 3391 1062 3445 Nam
1092 3382 1418 3453 superﬂuum
1444 3377 1549 3433 diei
1579 3374 1942 3430 necessarium
1991 3371 2043 3424 id
2072 3379 2176 3423 est.

593 3493 819 3563 Oportet
855 3483 998 3539 enim
1035 3490 1206 3549 genus
1232 3474 1299 3527 ab
1322 3471 1439 3524 aliis
1485 3480 1769 3536 separare,
1824 3461 2179 3517 differentiam

572 3555 772 3641 autem
795 3578 863 3633 ab
892 3576 1068 3644 aliquo
1115 3581 1303 3625 eorum
1326 3576 1444 3632 qua:
1475 3570 1598 3615 sunt
1624 3559 1677 3613 in
1725 3555 1913 3611 eodem
1939 3567 2136 3624 genere
2163 3567 2179 3617 ;

592 3676 744 3747 atqui
774 3670 914 3742 quod
942 3664 1189 3722 omnibus
1220 3657 1433 3729 quidem
1457 3654 1598 3707 inest
1628 3649 1963 3717 simpliciter,
1986 3662 2013 3699 a
2038 3646 2182 3699 nullo

596 3739 846 3837 separat,
876 3757 1019 3831 quod
1042 3764 1223 3809 autem
1252 3748 1501 3805 omnibus
1544 3757 1665 3814 quae
1704 3742 1806 3796 sub
1834 3739 2026 3795 eodem
2059 3746 2183 3793 sunt

598 3832 799 3932 genere
824 3858 984 3916 inest,
1020 3864 1125 3904 non
1155 3852 1370 3914 separat
1414 3840 1481 3895 ab
1506 3838 1571 3893 iis
1592 3852 1713 3907 quas
1754 3845 1881 3889 sunt
1906 3835 1962 3888 in
1989 3832 2176 3888 eodem

601 3926 821 4025 genere,
848 3957 1014 4015 quare
1042 3946 1498 4007 supervacaneum
1528 3927 1831 3998 hujusmodi
1854 3926 2179 3995 oppositum.

603 4018 713 4100 Ᾰυι
752 4041 796 4096 si
843 4046 925 4092 est
960 4032 1175 4106 quidem
1226 4023 1497 4098 proprium
1532 4020 1675 4090 quod
1724 4018 2023 4089 appositum
2077 4026 2180 4082 est,

603 4136 784 4193 ablato
805 4139 982 4185 autem
1010 4124 1134 4190 illo,
1161 4130 1214 4178 et
1237 4119 1444 4188 reliqua
1473 4113 1716 4169 deﬁnitio
1744 4110 1960 4181 propria
1980 4118 2061 4165 est
2080 4149 2096 4175 ,
2131 4116 2186 4163 et

596 4228 810 4286 indicat
832 4217 1205 4277 substantiam.
1266 4210 1334 4266 Ut
1371 4210 1425 4265 in
1452 4202 1683 4261 hominis
1714 4203 1963 4259 oratione
2011 4201 2187 4257 scien-

598 4322 696 4379 tia:
723 4313 1081 4383 susceptivum
1108 4306 1441 4378 appositum,
1474 4298 1802 4370 superﬂuum
1834 4311 1850 4352 :
1880 4309 2002 4348 nam
2031 4301 2089 4348 et
2120 4306 2186 4348 eo

603 4412 812 4476 ablato,
842 4406 1045 4473 reliqua
1071 4400 1241 4455 oratio
1264 4394 1476 4469 propria
1502 4402 1608 4458 est,
1640 4400 1693 4445 et
1718 4389 1918 4446 indicat
1938 4386 2189 4442 substan-

605 4506 769 4565 tiam;
798 4494 1108 4564 simpliciter
1148 4496 1324 4543 autem
1352 4482 1610 4546 dicendo,
1641 4494 1801 4534 omne
1835 4477 2187 4546 superﬂuum,

2289 3284 2640 3354 cupiscentia,
2674 3297 2778 3335 non
2799 3282 2939 3336 enim
2972 3282 3038 3335 de
3075 3279 3309 3349 appetitu
3348 3279 3400 3332 id
3430 3277 3577 3347 quod
3600 3287 3691 3333 est
3730 3279 3876 3331 dele-

2286 3378 2541 3433 ctationis
2569 3391 2690 3431 esse
2719 3376 3057 3445 praedicatur,
3098 3374 3192 3428 sed
3220 3374 3287 3427 de
3317 3383 3461 3436 toto,
3493 3386 3669 3440 quare
3712 3372 3879 3425 semel

2281 3480 2334 3523 et
2362 3470 2446 3523 hic
2478 3466 2785 3537 prmdicatio
2829 3466 2907 3519 ﬁt.
2951 3465 3065 3519 Non
3091 3475 3167 3519 est
3194 3472 3369 3519 autem
3408 3462 3495 3516 bis
3517 3462 3713 3516 dicere
3744 3463 3879 3515 idem

2284 3576 2501 3624 nomen,
2544 3557 2742 3627 aliquid
2764 3556 3078 3620 absurdum,
3120 3556 3213 3610 sed
3246 3554 3561 3623 frequenter
3609 3552 3681 3607 de
3703 3554 3882 3621 aliquo

2283 3656 2422 3711 idem
2465 3653 2776 3724 praedicari,
2818 3653 2956 3707 sicut
2998 3651 3331 3706 Xenocrates
3361 3648 3716 3718 prudentiam
3751 3645 3883 3700 deﬁ-

2286 3747 2507 3800 nitivam
2560 3756 2614 3799 et
2661 3744 3130 3812 contemplativam
3162 3758 3348 3797 eorum
3379 3756 3499 3809 quae
3541 3750 3713 3802 sunt,
3759 3740 3884 3793 dicit

2286 3854 2444 3903 esse,
2492 3852 2614 3891 nam
2666 3835 2961 3899 definitiva,
3017 3833 3431 3903 contemplativa
3478 3830 3743 3901 quaedam
3785 3837 3880 3883 est.

2284 3930 2459 3997 Quare
2503 3928 2584 3983 bis
2611 3927 2748 3982 idem
2780 3927 2929 3989 dicit,
2962 3926 3164 3981 addens
3196 3940 3406 3978 rursum
3439 3932 3495 3976 et
3539 3922 3883 3982 contempla.

2286 4024 2468 4073 tivam.
2494 4018 2752 4073 Similiter
2772 4027 2951 4073 autem
2974 4027 3027 4071 et
3051 4018 3353 4086 quicunque
3382 4013 3879 4083 refrigerationem,

2288 4109 2639 4177 privationem
2670 4106 2787 4177 ejus
2811 4107 3024 4177 quidem
3064 4107 3267 4161 caloris
3292 4145 3307 4170 ,
3347 4105 3437 4174 qui
3459 4104 3770 4158 secundum
3800 4116 3885 4155 na—

2292 4210 2468 4252 turam
2518 4209 2630 4265 est,
2685 4198 2870 4253 dicunt
2911 4212 3033 4252 esse
3068 4212 3232 4250 :nam
3285 4195 3459 4249 omnis
3484 4194 3729 4262 privatio
3778 4192 3885 4258 ejus

2288 4303 2371 4346 cst
2408 4292 2548 4360 quod
2571 4291 2863 4344 secundum
2908 4300 3152 4343 naturam
3184 4297 3307 4352 est;
3337 4302 3505 4356 quare
3548 4286 3885 4354 superﬂuum

2290 4397 2374 4442 est
2403 4388 2600 4442 addere
2631 4386 2924 4440 secundum
2955 4393 3198 4438 naturam
3233 4423 3248 4449 ,
3298 4382 3393 4436 sed
3424 4380 3630 4435 sufﬁcit
3660 4379 3893 4433 fortasse

2293 4481 2474 4535 dicere
2521 4480 2872 4548 privationem
2923 4478 3156 4540 caloris,
3208 4492 3274 4530 eo
3315 4474 3454 4545 quod
3498 4474 3617 4541 ipsa
3658 4471 3894 4541 privatio

608 4607 718 4666 quo
747 4564 956 4651 ablato,
1013 4582 1273 4650 reliquum
1313 4572 1653 4630 manifestum
1687 4569 1810 4624 facit
1840 4568 1891 4622 id
1917 4566 2059 4636 quod
2097 4566 2191 4622 de—
2218 4565 2271 4626 D
2298 4581 2481 4625 notum
2533 4570 2662 4624 facit
2704 4568 2844 4638 quod
2871 4568 2987 4638 ejus
3018 4569 3087 4623 sit
3129 4566 3270 4636 quod
3302 4564 3599 4620 secundum
3641 4574 3894 4615 naturam

610 4661 817 4741 ﬁnitur.
856 4677 999 4734 Talis
1036 4682 1211 4729 autem
1240 4679 1322 4726 est
1369 4676 1423 4722 et
1451 4665 1644 4720 animae
1690 4663 1986 4725 terminus.
2035 4661 2081 4715 si
2111 4669 2195 4714 est

612 4788 870 4834 numerus
908 4772 1023 4840 ipse
1051 4766 1285 4836 seipsum
1324 4774 1583 4825 movens,
1624 4770 1747 4811 nam
1784 4754 1926 4824 quod
1956 4754 2191 4822 seipsum

616 4876 795 4925 movet
824 4872 906 4919 est
935 4859 1109 4915 anima
1130 4898 1145 4925 ,
1176 4869 1274 4910 ceu
1314 4852 1466 4907 Plato
1490 4849 1771 4913 deﬁnivit,
1819 4862 1885 4900 an
1919 4847 2192 4915 proprium

615 4959 828 5029 quidem
856 4950 997 5021 quod
1027 4947 1240 5010 dicitur,
1268 4957 1375 4996 non
1407 4941 1606 4995 iudicat
1634 4947 1810 4992 autem
1839 4936 2194 5019 substantiam

616 5027 937 5112 interempto
964 5036 1226 5094 numero?
1282 5031 1677 5099 Utrovisigitur
1708 5031 1869 5083 modo
1899 5043 1957 5081 se
1983 5027 2197 5094 habeat,

615 5138 835 5195 difﬁcile
866 5143 945 5187 est
984 5139 1042 5183 ut
1080 5126 1335 5195 explicet.
1381 5123 1644 5178 Utendum
1682 5134 1810 5189 ergo
1852 5118 1908 5171 in
1951 5118 2200 5172 omnibus

619 5232 815 5286 talibus
840 5226 905 5281 ad
941 5224 992 5279 id
1016 5222 1154 5292 quoil
1181 5216 1418 5286 expedit,
1460 5224 1515 5267 ut
1547 5223 1628 5269 est
1657 5213 1976 5283 pltlegmatis
2008 5213 2196 5267 termi-

623 5337 743 5388 nus,
777 5314 1052 5372 humidum
1084 5309 1317 5379 primum
1348 5322 1376 5360 a
1404 5306 1523 5359 cibo
1544 5345 1557 5369 ,
1589 5304 1908 5369 indigestam
1957 5319 1973 5357 :
2034 5318 2199 5357 unum

621 5409 763 5464 enim
789 5404 1040 5475 primum,
1067 5413 1170 5453 non
1199 5397 1361 5450 multa
1384 5435 1398 5461 ,
1421 5408 1587 5462 quare
1623 5391 1951 5462 superﬂuum
1992 5390 2198 5460 indige-

624 5508 767 5555 stum
797 5494 1125 5564 appositum,
1168 5502 1289 5543 nam
1319 5486 1420 5540 hoc
1450 5485 1626 5538 ablato
1646 5524 1660 5548 ,
1708 5485 1911 5554 reliqua
1954 5485 2055 5539 erit
2084 5500 2205 5552 pro-

623 5590 742 5661 pria
799 5583 1040 5641 deﬁnitio
1071 5599 1083 5633 :
1139 5594 1244 5634 non
1297 5577 1437 5633 enim
1482 5576 1741 5645 contingit
1769 5592 1799 5629 a
1829 5577 1949 5637 cibo
1977 5586 2031 5630 et
2060 5576 2205 5631 aliud

625 5680 878 5752 quiddam
919 5678 1144 5747 primum
1176 5686 1319 5728 esse.
1367 5674 1448 5725 An
1496 5685 1599 5723 non
1649 5667 1963 5739 simpliciter
2012 5684 2041 5723 a
2084 5669 2205 5726 cibo

628 5772 895 5847 phlegma,
940 5768 1033 5825 sed
1064 5767 1448 5836 indigestorum
1480 5763 1704 5835 primum
1734 5762 1755 5816 l
1803 5776 1970 5834 quare
2004 5760 2204 5818 adden-

2297 4663 2510 4717 dicitur.
2554 4663 2784 4717 Rursum
2826 4662 2870 4716 si
2902 4661 3189 4716 universali
3218 4659 3249 4713 d
3275 4669 3364 4714 clo
3410 4654 3620 4710 addidit
3651 4666 3715 4708 et
3743 4654 3897 4719 partio

2300 4755 2479 4810 culare
2502 4797 2516 4820 ,
2559 4764 2616 4808 ut
2639 4756 2681 4808 si
2712 4753 3051 4808 clementiam
3084 4728 3513 4805 imminutionem
3536 4785 3552 4807 ,
3599 4745 3899 4814 expediet»

2305 4850 2430 4901 tiam
2461 4846 2795 4916 etjustorum
2816 4888 2831 4911 ,
2872 4862 2995 4899 nam
3024 4844 3228 4913 justum
3258 4842 3562 4911 expediens
3613 4838 3897 4904 quidpiam

2301 4951 2400 5005 εει,
2435 4954 2599 5008 quare
2623 4941 2923 4993 continetur
2953 4939 3004 4991 in
3035 4936 3383 5005 expediente.
3414 4928 3769 4997 superﬂuum
3812 4930 3899 4995 igi-

2308 5041 2393 5085 tur
2435 5032 2638 5101 justum
2672 5048 2686 5086 :
2739 5048 2863 5085 nam
2907 5030 2997 5097 qui
3035 5029 3169 5078 dixit
3198 5021 3536 5085 universale,
3600 5021 3823 5075 addidit
3859 5031 3903 5069 ct

2308 5124 2657 5190 particulare,
2688 5120 2799 5175 etsi
2823 5118 3139 5172 medicinam
3167 5114 3502 5183 disciplinam
3526 5116 3904 5167 Sanativorum

2307 5214 2518 5267 animali
2534 5224 2585 5267 et
2608 5210 2831 5273 homini,
2857 5218 2947 5262 aut
2971 5209 3140 5277 legem
3165 5207 3449 5275 imaginem
3465 5220 3655 5259 eorum
3677 5221 3809 5273 quae
3824 5218 3907 5255 na-

2312 5320 2427 5361 tura
2459 5317 2583 5361 suut
2600 5308 2734 5360 bona
2762 5316 2814 5359 et
2835 5303 3137 5372 justa,nam
3157 5300 3359 5369 justqu
3386 5300 3586 5353 bonum
3606 5299 3907 5367 quidpiam,

2314 5412 2479 5466 quare
2508 5396 2814 5464 frequenter
2832 5394 2968 5446 idem
2994 5391 3145 5446 dicit.
3174 5389 3360 5444 Utrum
3385 5390 3546 5457 igitur
3565 5390 3711 5441 bene
3725 5404 3799 5439 an
3816 5400 3911 5439 neu

2316 5489 2453 5544 bene
2482 5489 2741 5551 definivit,
2761 5501 2852 5555 per
2876 5485 2989 5539 hzec
3014 5483 3240 5553 etbujus
3279 5482 3418 5537 modi
3445 5479 3909 5550 poispicienduw.

2924 5584 3149 5640 CAPUT
3183 5584 3272 5637 lli.

2758 5666 2836 5723 De
2871 5665 3168 5733 deﬁnitione
3207 5663 3304 5716 loci
3332 5661 3445 5714 alii.

2386 5761 2573 5820 Utrum
2599 5776 2723 5818 vero
2750 5760 3013 5827 deﬁnivit,
3037 5767 3088 5812 ct
3115 5757 3248 5812 dixit
3275 5755 3397 5824 quid
3430 5762 3514 5808 est
3536 5767 3695 5818 esse,
3723 5766 3798 5805 an
3821 5760 3920 5799 non
