4022 6330
200 249 299 307 9Ἱῦ

1088 238 1480 301 TOPICORUM
1516 236 1966 298 ARISTOTELIS
2005 236 2583 295 INTERPRETATIO.

3352 229 3458 287 970

201 381 265 422 ex
287 362 392 418 his.
431 356 672 415 Primum
704 369 835 426 ergo
878 354 923 410 si
975 368 1080 409 non
1130 368 1228 423 per
1256 355 1437 424 priora
1481 365 1536 409 et
1559 354 1771 409 notiora
1799 355 1847 415 Α
1875 349 1976 403 alia
2005 349 2174 419 magis
2205 359 2362 418 nota,
2396 364 2519 404 nam
2548 363 2578 401 a
2612 347 2871 417 principio
2898 345 3110 417 quidem
3155 348 3461 417 sensibilis,

199 451 829 516 confecitdefinitionem.
873 447 1007 503 Nam
1037 448 1300 502 terminus
1330 446 1631 516 assignatur
1657 445 1775 516 ejus

198 544 550 619 cognoscendi
584 543 755 613 gratia
779 541 920 612 quod
943 541 1171 605 dicitur;
1202 538 1577 607 cognoscimus
1595 547 1774 593 autem

202 658 302 700 non
326 657 389 697 ex
411 638 774 709 quibuslibet,
820 635 912 690 sed
944 651 1011 690 ex
1041 633 1308 702 prioribus
1346 632 1793 699 notioribusqne,

200 730 642 807 quemadmodum
667 730 720 784 in
742 724 1289 782 demonstrationibus
1312 723 1415 794 (sic
1437 723 1579 779 enim
1604 725 1779 777 omns

200 824 435 881 doctrina
480 828 537 876 et
568 820 742 875 omnis
772 818 1053 886 disciplina
1091 832 1150 870 se
1177 815 1392 880 habet);
1436 813 1777 869 manifestum

200 915 355 986 igitur
379 910 518 982 quod
547 910 635 979 qui
669 898 772 963 non
805 923 901 977 per
932 904 1233 975 hujusmodi
1265 903 1525 971 definivit,
1552 918 1657 957 non
1684 902 1780 957 de-

202 1005 398 1067 finivit;
426 1002 473 1058 si
496 1001 639 1055 enim
672 997 952 1060 deﬁnivit,
985 996 1166 1066 plures
1182 1004 1340 1048 erunt
1368 993 1609 1062 ejusdem
1645 992 1779 1046 deﬁ-

200 1096 449 1153 nitiones.
489 1093 619 1148 Nam
667 1089 1011 1144 manifestum
1040 1086 1184 1156 quod
1240 1095 1293 1140 et
1332 1085 1423 1154 qui
1456 1099 1549 1153 per
1600 1083 1778 1152 priora

200 1203 264 1244 ac
292 1187 521 1246 notiora,
551 1183 744 1237 iterum
770 1180 962 1234 melius
1010 1177 1252 1232 definivit
1274 1217 1289 1241 ,
1346 1190 1513 1245 quare
1541 1186 1779 1243 utrmque

200 1286 359 1335 erunt
386 1274 724 1330 deﬁnitiones
759 1269 1023 1341 ejusdem.
1087 1268 1218 1322 Tale
1264 1275 1442 1321 autem
1490 1281 1595 1319 non
1631 1264 1782 1318 video

201 1379 309 1434 tur,
358 1382 480 1421 nam
509 1364 795 1433 unicuique
821 1377 1005 1417 eorum
1035 1376 1153 1430 qua:
1184 1369 1329 1426 sunt,
1362 1374 1522 1414 unum
1550 1368 1633 1412 est
1659 1370 1781 1411 esse

197 1459 427 1528 idipsum
453 1455 592 1526 quod
617 1464 732 1519 est;
756 1468 919 1525 quare
945 1454 989 1508 si
1024 1452 1203 1522 plures
1233 1458 1394 1505 erunt
1418 1448 1660 1517 ejusdem
1690 1447 1784 1502 de-

199 1550 497 1613 ﬁnitiones,
530 1546 670 1600 idem
698 1547 801 1600 erit
830 1543 1072 1598 deﬁnitio
1099 1557 1249 1612 esse,
1280 1540 1423 1611 quod
1446 1539 1660 1610 quidem
1690 1552 1783 1593 se—

198 1640 435 1696 cundum
486 1648 767 1706 utramque
816 1634 1183 1690 deﬁnitionem
1234 1633 1609 1701 signiﬁcatur;
1666 1632 1782 1685 haec

1878 439 2311 495 instructioribus
2359 450 2536 496 autem
2586 438 2776 506 factis,
2805 450 3023 505 contra;
3072 455 3241 510 quare
3284 457 3462 512 neque

1878 533 1942 585 ad
1972 534 2217 589 eumdem
2249 550 2462 606 semper
2488 538 2553 591 ad
2598 539 2784 595 eadem
2827 538 3069 593 definitio
3115 540 3461 610 assignanda,

1881 623 1947 678 iis
1975 625 2064 694 qui
2095 643 2191 697 per
2217 643 2278 683 ea
2323 644 2442 698 qua:
2486 632 2708 701 singulis
2752 634 3050 702 quibusque
3089 641 3212 686 sunt
3257 635 3462 687 notiora

1880 716 2244 775 deﬁnitionem
2276 721 2505 778 fatentur
2534 726 2909 795 assignandam
2939 740 3078 781 esse.
3120 724 3457 781 Manifesmm

1880 812 2042 878 igitur
2068 813 2209 882 quod
2256 828 2361 870 non
2392 816 2752 871 deﬁniendum
2781 833 2875 887 per
2904 832 2967 872 ea
3003 833 3120 885 qua:
3155 817 3466 887 hujusmodi

1880 911 2029 969 sunt,
2060 904 2155 959 scd
2201 921 2298 975 per
2342 908 2655 979 simpliciter
2694 900 2936 976 notiora,
2967 925 3088 964 nam
3140 912 3257 966 solo
3305 912 3463 966 modo

1880 997 1958 1049 sic
1987 1012 2087 1051 una
2118 1007 2169 1052 et
2199 998 2383 1054 eadem
2415 1001 2659 1056 deﬁnitio
2704 1017 2917 1071 semper
2946 1002 3055 1058 ﬁet.
3088 1002 3340 1059 Fortasse
3368 1019 3466 1058 au-

1882 1098 1987 1142 tem
2036 1098 2091 1142 et
2137 1091 2279 1159 quod
2328 1091 2645 1161 simpliciter
2695 1101 3043 1159 notum,non
3091 1102 3174 1148 est
3222 1092 3272 1148 id
3321 1106 3466 1164 quon

1881 1178 2132 1232 omnibus
2160 1190 2368 1246 notum,
2398 1182 2492 1237 sed
2520 1182 2661 1252 quod
2694 1182 2830 1237 bene
2857 1182 3130 1251 dispositis
3162 1184 3466 1250 intellectu;

1882 1272 2327 1338 quemadmodum
2376 1284 2428 1328 et
2467 1274 2779 1342 simpliciter
2819 1274 3032 1329 salubre
3080 1275 3147 1331 iis
3193 1276 3283 1345 qui
3330 1275 3469 1331 bene

1883 1364 2129 1419 affectum
2164 1367 2360 1421 habent
2388 1381 2617 1436 corpus;
2649 1378 2862 1436 oportet
2890 1382 3018 1438 ergo
3052 1369 3469 1439 unumquodque

1886 1456 2068 1510 talium
2101 1457 2384 1529 diligenter
2411 1460 2789 1531 pervestigare,
2822 1461 2896 1514 uti
2927 1472 3103 1515 autem
3133 1462 3472 1531 disputantes

1884 1547 1952 1601 ad
1983 1549 2032 1603 id
2066 1551 2208 1619 quod
2242 1551 2477 1621 expedit.
2509 1552 2737 1607 Maxime
2781 1562 2957 1607 autem
2988 1554 3105 1608 sine
3133 1554 3477 1610 dissensione

1886 1641 2194 1698 interimere
2234 1645 2492 1717 contingit
2535 1647 2921 1712 deﬁnitionem,
2953 1647 3001 1700 si
3050 1661 3221 1716 neque
3249 1662 3313 1701 ex
3342 1648 3475 1701 sim-

197 1742 376 1788 autem
408 1747 513 1787 non
544 1730 731 1785 eadem
761 1737 915 1798 sunt,
970 1743 1033 1783 eo
1059 1727 1201 1798 quod
1237 1726 1577 1781 deﬁnitiones
1605 1725 1784 1778 diver-

1902 1734 2103 1805 pliciter
2125 1737 2443 1803 notioribus,
2474 1754 2647 1809 neque
2668 1755 2731 1794 ex
2760 1740 2826 1793 iis
2855 1754 2974 1809 quae
3006 1740 3183 1804 nobis,
3213 1740 3477 1810 contingit

198 1840 295 1880 sae.
336 1823 674 1880 Manifestum
705 1822 867 1891 igitur
916 1820 1170 1889 quoniam
1227 1833 1333 1873 non
1365 1817 1635 1882 deﬁnivit,
1693 1813 1784 1885 qui

196 1931 303 1970 non
360 1930 460 1985 per
506 1915 682 1984 priora
722 1922 882 1982 atque
929 1912 1137 1966 notiora
1180 1908 1443 1965 deﬁnivit.
1497 1907 1662 1979 Igitur
1692 1921 1787 1977 per

198 2020 309 2060 non
373 2005 581 2059 notiora
612 2003 827 2074 quidem
876 2002 1163 2058 terminum
1197 2000 1340 2065 dici,
1389 1998 1677 2077 dupliciter
1706 2005 1789 2052 est

193 2099 468 2166 accipere.
490 2095 597 2151 Aut
625 2096 766 2151 enim
794 2094 839 2149 si
866 2093 1187 2163 simpliciter.
1215 2108 1279 2146 ex
1305 2090 1679 2162 ignotioribus,
1697 2096 1786 2143 aut

196 2191 244 2245 si
272 2190 432 2245 nobis
480 2186 864 2256 ignotioribus,
904 2185 1163 2256 contingit
1187 2184 1328 2238 enim
1352 2194 1578 2252 utquue
1606 2185 1785 2239 modo.

198 2278 537 2349 Simpliciter
575 2279 737 2347 igitur
774 2278 954 2331 notius
999 2275 1141 2345 quod
1174 2277 1321 2345 prius
1359 2285 1442 2329 est
1472 2275 1788 2343 posteriore,

194 2377 257 2424 ut
284 2377 543 2437 punctum
575 2366 744 2431 linea,
776 2374 832 2420 et
860 2365 998 2419 linea
1027 2363 1345 2433 superﬁcie,
1394 2371 1449 2417 et
1477 2363 1793 2432 superﬁcies

194 2461 404 2522 solido.
427 2458 876 2529 quemadmodum
895 2466 950 2510 et
977 2458 1152 2510 unitas
1178 2470 1401 2510 numero
1433 2472 1446 2507 :
1476 2455 1622 2525 prius
1649 2455 1791 2511 enim

194 2560 253 2605 et
280 2548 607 2620 principium
638 2546 815 2602 omnis
840 2545 1081 2612 numeri,
1112 2545 1361 2599 similiter
1397 2554 1573 2599 autem
1606 2553 1662 2598 et
1686 2545 1796 2599 ele-

195 2652 449 2697 mentum
494 2639 719 2709 syllaba.
769 2637 934 2691 Nobis
978 2644 1155 2689 autem
1200 2650 1230 2689 e
1258 2648 1519 2690 converso
1557 2635 1797 2703 quando-

196 2751 307 2807 que
335 2733 573 2799 accidit,
602 2748 723 2787 nam
753 2731 985 2786 maxime
1013 2729 1243 2784 solidum
1287 2728 1455 2798 magis
1501 2729 1601 2783 sub
1635 2744 1797 2783 sensu

195 2828 349 2883 cadit
415 2840 574 2896 quam
632 2822 978 2893 superﬁcies,
1033 2812 1350 2889 superﬁcies
1401 2829 1580 2874 autem
1632 2819 1799 2888 magis

196 2935 369 2991 quam
401 2919 541 2971 linea
562 2956 577 2981 ,
605 2915 743 2969 linea
781 2922 959 2968 autem
1011 2913 1165 2982 signo
1204 2910 1402 2981 magis;
1433 2925 1597 2980 quare
1624 2910 1802 2963 multi-

198 3012 339 3066 tudo
368 3007 540 3077 magis
568 3005 876 3076 hujusmodi
906 3004 1213 3074 cognoscit,
1276 3019 1395 3057 nam
1442 3003 1533 3057 illa
1588 3001 1800 3072 quidem

1888 1830 2256 1886 deﬁnitionem
2306 1832 2440 1888 ﬁeri.
2474 1832 2622 1888 Unus
2668 1833 2829 1902 igitur
2876 1833 3024 1888 locns
3063 1842 3147 1887 est
3189 1833 3305 1902 ejus
3334 1832 3477 1900 quod

1889 1936 1997 1975 non
2026 1936 2121 1991 per
2147 1923 2378 1984 notiora,
2407 1922 2547 1992 quod
2578 1937 2671 1991 per
2700 1924 2995 1992 posteriora
3027 1923 3204 1991 priora
3253 1923 3473 1990 indicat,

1888 2016 2339 2087 quemadmodum
2387 2017 2537 2087 prius
2582 2016 2836 2071 diximus.
2880 2017 3031 2071 Alius
3055 2026 3255 2083 autem,
3286 2017 3329 2070 si
3361 2016 3479 2084 ejus

1891 2109 2033 2174 quod
2063 2117 2148 2164 est
2195 2108 2249 2163 in
2295 2108 2477 2178 quiete
2516 2114 2573 2162 et
2616 2106 2956 2168 definitione,
2996 2121 3088 2171 per
3119 2105 3475 2172 indefinitum,

1891 2212 1946 2256 et
1972 2200 2118 2271 quod
2146 2201 2198 2255 in
2225 2208 2371 2254 motu
2402 2209 2483 2255 est
2510 2198 2775 2269 assignata
2804 2208 2886 2254 est
2915 2199 3087 2253 oratio
3120 2199 3294 2255 nobis.
3327 2199 3481 2253 Prius

1893 2291 2036 2348 enim
2068 2301 2152 2347 est
2189 2301 2245 2347 et
2286 2292 2462 2346 notius
2510 2292 2651 2361 quod
2696 2305 2919 2346 manens
2962 2301 3065 2356 est,
3090 2301 3145 2347 et
3172 2292 3477 2357 deﬁnitum,

1894 2398 1960 2438 eo
1987 2383 2128 2452 quod
2161 2383 2492 2438 indeﬁnitum
2521 2396 2573 2438 et
2604 2386 2654 2437 in
2688 2394 2833 2437 motu
2856 2394 2959 2438 est.
2984 2384 3112 2453 Ejus
3139 2393 3315 2439 autem
3338 2387 3481 2453 quod

1897 2489 1983 2535 est
2012 2494 2118 2535 non
2151 2494 2215 2535 ex
2242 2479 2532 2548 prioribus,
2557 2487 2667 2533 tres
2695 2488 2822 2532 sunt
2849 2479 2970 2533 loci.
3002 2478 3210 2533 Primus
3239 2480 3482 2549 quidem,

1899 2572 1944 2625 si
1976 2586 2073 2641 per
2100 2572 2400 2642 Oppositum
2430 2570 2734 2640 oppositum
2775 2569 3039 2635 deﬁnivit,
3081 2578 3138 2624 ut
3164 2568 3210 2625 si
3242 2585 3335 2639 per
3372 2585 3493 2623 ma-

1900 2662 2033 2727 lum,
2066 2663 2282 2717 bonum.
2317 2660 2488 2715 Simul
2538 2661 2679 2714 enim
2730 2668 2914 2713 natura
2955 2658 3220 2728 opposita,
3251 2669 3301 2713 et
3347 2675 3485 2714 non-

1901 2752 2063 2807 nullis
2107 2752 2268 2806 etiam
2325 2751 2513 2806 eadem
2560 2749 2842 2819 disciplina
2894 2758 3239 2819 utrorumque
3280 2750 3492 2805 videtur

1901 2861 2051 2911 esse;
2079 2848 2243 2916 quare
2265 2860 2369 2900 non
2398 2846 2579 2900 notius
2601 2846 2821 2899 alterum
2851 2844 3044 2911 altero.
3066 2842 3287 2912 Oportet
3308 2852 3486 2898 autem

1904 2953 2009 2993 non
2034 2938 2202 2990 latere
2224 2934 2467 3005 quedam
2496 2933 2726 2989 fortasse
2753 2932 2912 2987 aliter
2937 2931 3147 2987 deﬁniri
3170 2947 3275 2988 non
3307 2947 3489 3002 posse.

1906 3039 1962 3083 ut
2001 3028 2221 3095 duplum
2267 3028 2385 3083 sine
2425 3026 2669 3091 dimidio,
2699 3035 2752 3081 et
2796 3040 3128 3096 quaecunque
3173 3041 3268 3096 per
3315 3041 3374 3081 se
3423 3025 3491 3081 ad

198 3100 659 3191 ‘1““m0d0'ibeir
689 3098 804 3153 "33°
847 3106 1022 3151 ³¹¹¹⁸¹¹¹
1057 3095 1238 3151 “bii”
1280 3104 1333 3191 cf
1372 3093 1607 3191 ΐεουξηῖο
1642 3093 1801 3148 ίηιθ¹·
1828 3116 1874 3179 c
1905 3093 2103 3191 aliquid
2130 3120 2424 3176 dicuntur:
2475 3133 2598 3173 nam
2628 3093 2876 3174 omnibus
2907 3093 3212 3189 bnjusmodi
3240 3129 3323 3175 est
3350 3120 3493 3177 idem

198 3197 355 3251 lectu
386 3190 848 3262 comprehendere
882 3197 1127 3261 oportet;
1158 3187 1472 3258 simpliciter
1502 3186 1661 3256 igitur
1683 3201 1799 3240 me-

196 3289 308 3342 lius
341 3301 441 3357 per
469 3286 646 3355 priora
668 3325 683 3350 ,
718 3282 1017 3353 posteriora
1058 3289 1266 3336 tentare
1293 3292 1649 3348 cognoscere,
1677 3292 1798 3332 nam

197 3380 384 3449 magis
414 3376 767 3432 scientificum
795 3376 902 3447 .ta'e
941 3383 1043 3429 est.
1089 3373 1282 3428 Verum
1314 3372 1381 3426 ad
1412 3387 1505 3426 eos
1553 3371 1641 3441 qui
1704 3370 1804 3424 im-

195 3479 460 3543 potentes
482 3480 606 3525 sunt
626 3482 954 3538 cognoscere
977 3482 1071 3535 per
1099 3465 1247 3532 talia,
1276 3464 1635 3519 necessarium
1667 3462 1802 3517 forte

193 3579 303 3635 per
331 3577 402 3617 ea
423 3576 539 3631 qua:
566 3560 675 3614 illis
705 3559 918 3629 cognita
948 3567 1071 3611 sunt
1111 3556 1286 3611 facere
1309 3558 1641 3620 Orationem;
1682 3564 1806 3609 sunt

192 3646 399 3712 autem
430 3653 620 3709 talium
670 3651 1009 3706 deﬁnitiones
1039 3663 1159 3720 qua:
1187 3659 1242 3702 et
1284 3648 1495 3718 puncti,
1536 3655 1592 3703 et
1624 3647 1803 3710 linem,

192 3761 253 3806 et
287 3747 622 3819 superﬁciei,
646 3760 834 3801 omnes
862 3745 1004 3799 enim
1033 3759 1127 3814 per
1175 3741 1474 3812 posteriora
1514 3741 1690 3810 priora
1726 3741 1808 3793 in-

193 3843 399 3896 dicant
429 3855 443 3894 :
497 3853 619 3892 nam
670 3837 800 3892 illud
830 3836 1045 3906 quidem
1074 3835 1262 3899 linem,
1318 3835 1473 3887 istam
1504 3841 1680 3887 autem
1714 3846 1807 3886 su-

193 3928 488 4003 perﬁciei,
537 3930 676 3982 hanc
731 3941 862 3981 vero
907 3924 1062 3979 solidi
1113 3924 1250 3979 ﬁnes
1282 3922 1466 3977 dicunt
1506 3936 1648 3977 esse.
1688 3920 1806 3977 Non

192 4029 431 4090 oportet
460 4028 636 4073 autem
690 4018 859 4073 latere
907 4017 1161 4086 quoniam
1217 4016 1295 4070 sic
1340 4014 1659 4069 deﬁnientes
1700 4028 1808 4066 non

194 4111 484 4180 contingit
512 4114 651 4180 quod
700 4109 831 4179 quid
870 4118 953 4163 est
981 4123 1100 4163 esse
1136 4105 1401 4172 definitio,
1434 4105 1670 4159 indicare
1707 4105 1809 4159 nisi

194 4204 495 4271 contingat
520 4204 657 4258 idem
688 4203 841 4258 nobis
874 4201 1053 4256 notius
1087 4213 1243 4262 esse,
1272 4208 1324 4254 et
1361 4198 1678 4266 simpliciter
1711 4213 1807 4251 no-

198 4301 345 4362 tius,
390 4295 652 4365 siquidem
685 4303 900 4364 oportet
940 4308 1035 4363 per
1065 4305 1232 4362 genus
1263 4300 1318 4344 et
1358 4287 1689 4344 differentias
1715 4287 1812 4343 de—

196 4393 376 4449 finire
400 4406 523 4446 eum
554 4392 642 4460 qui
677 4391 811 4444 bene
835 4388 1021 4444 deﬁnit
1053 4405 1066 4441 :
1127 4387 1243 4441 huic
1282 4393 1462 4439 autem
1493 4383 1811 4453 simpliciter

1905 3228 2026 3270 esse
2051 3214 2101 3269 ei
2126 3213 2267 3282 quod
2295 3221 2381 3268 est
2406 3210 2481 3292 ad
2504 3211 2705 3281 aliqu‘d
2728 3211 2956 3280 quodam
2986 3212 3145 3267 modo
3173 3227 3232 3267 se
3260 3212 3497 3278 habere;

1906 3321 2073 3375 quare
2108 3321 2215 3360 non
2244 3314 2327 3360 est
2357 3304 2613 3374 possibile
2653 3304 2771 3358 sine
2812 3302 2985 3359 altero
3027 3304 3255 3359 alterum
3299 3319 3501 3374 cogno-

1906 3413 2084 3461 scere,
2113 3412 2178 3454 eo
2207 3395 2744 3467 quod°necessarium
2775 3404 2857 3449 est
2903 3394 2956 3447 in
3003 3395 3224 3449 alterius
3253 3396 3501 3448 oratione

1907 3488 2177 3544 coassnmi
2210 3496 2265 3542 et
2290 3488 2540 3541 alterum.
2576 3486 2715 3554 Ergo
2744 3499 3069 3553 cognoscere
3098 3485 3311 3555 quidem
3340 3499 3503 3551 onor-

1907 3592 1986 3637 tet
2016 3579 2321 3649 hojusmodi
2350 3578 2644 3643 omnia,uti
2677 3585 2853 3631 autem
2874 3577 3021 3631 eisin
3049 3578 3200 3637 hisnt
3232 3576 3501 3632 videbitur

1910 3669 2183 3741 expedire.
2218 3669 2390 3733 Alius,
2418 3668 2465 3723 si
2486 3667 2675 3723 eodem
2707 3682 2837 3721 usus
2862 3675 2948 3721 est
2975 3668 3023 3721 ei
3051 3667 3191 3737 quod
3223 3666 3499 3723 deﬁnitur.

1912 3765 2067 3819 Latet
2094 3772 2295 3827 autem,
2328 3777 2449 3817 cum
2482 3776 2588 3815 non
2615 3760 2803 3817 eodem
2832 3760 3035 3817 deﬁniti
3066 3761 3282 3816 nomine
3311 3761 3498 3824 utitur.

1913 3866 1973 3912 ut
1999 3858 2041 3911 si
2071 3856 2240 3912 solem
2278 3856 2486 3910 stellam
2516 3854 2567 3908 in
2596 3853 2685 3909 die
2708 3864 3052 3924 apparentem
3083 3853 3345 3919 definivit,
3377 3868 3500 3908 nam

1912 3950 2001 4017 qui
2049 3949 2135 4003 die
2176 3951 2363 4012 utitur,
2388 3963 2415 4001 s
2444 3946 2505 4001 ,le
2534 3947 2723 4009 utitur,
2754 3955 2808 3999 et
2842 3961 2935 4013 par
2966 3956 3045 3999 est
3081 3944 3162 3997 ‘ad
3205 3944 3507 4014 deprehen-

1914 4040 2085 4095 denda
2118 4040 2242 4093 talia
2273 4054 2488 4093 sumere
2522 4052 2619 4107 pro
2666 4037 2880 4091 nomine
2923 4037 3245 4101 orationem,
3277 4044 3335 4091 ut
3363 4041 3503 4107 quod

1915 4129 2031 4184 dies
2062 4139 2166 4195 est,
2199 4129 2329 4183 solis
2373 4128 2500 4181 latio
2528 4142 2688 4196 super
2724 4136 2924 4185 terram
2952 4144 2965 4179 :
2992 4141 3112 4181 nam
3161 4135 3290 4183 tunc
3338 4130 3507 4182 tutanti-

1916 4220 2110 4276 fcstum
2138 4218 2282 4290 quod
2326 4219 2415 4288 qui
2444 4218 2575 4271 solis
2616 4218 2873 4294 lationem
2911 4231 3073 4287 super
3104 4227 3300 4273 terram
3349 4210 3526 4285 dixit,

1914 4313 2085 4368 solem
2118 4312 2281 4378 dixit;
2314 4325 2479 4380 quare
2510 4310 2675 4363 utitur
2702 4309 2835 4373 sole,
2870 4310 2957 4379 qni
3004 4309 3092 4365 die
3131 4310 3317 4365 utitur.
3366 4311 3506 4364 finré

1915 4417 2035 4458 sum
2086 4402 2131 4456 si
2180 4415 2247 4456 eo
2295 4400 2438 4471 quod
2469 4414 2499 4454 θ
2528 4399 2743 4453 diverso
2791 4400 3067 4467 dividitur,
3100 4400 3150 4455 id
3199 4403 3340 4471 quod
3370 4421 3400 4455 e

195 4487 429 4542 notiora
469 4494 520 4539 et
552 4486 729 4555 priora
774 4492 898 4538 sunt
925 4483 1126 4553 specie,
1181 4472 1439 4535 interimit
1475 4479 1618 4532 enim
1642 4492 1797 4547 genus

1916 4511 2078 4552 verso
2124 4494 2381 4549 dividitur
2423 4492 2684 4549 deﬁnivit.
2735 4491 2799 4546 Ut
2836 4492 3008 4561 impar
3052 4505 3154 4557 εει,
3188 4494 3278 4563 qui
3306 4495 3511 4549 unitate

191 4587 259 4635 et
284 4576 598 4632 differentia
624 4577 879 4645 speciem,
901 4591 1069 4645 quare
1102 4576 1278 4644 priora
1299 4572 1415 4628 haec
1442 4573 1641 4642 specie.
1671 4569 1809 4626 Sunt

191 4679 396 4724 autem
418 4670 656 4729 notiora,
686 4683 808 4721 nam
842 4670 1021 4736 specie
1043 4664 1258 4735 quidem
1295 4674 1423 4719 nota
1465 4677 1690 4719 necesse
1726 4673 1808 4717 est

190 4778 387 4835 genus
403 4762 802 4818 etdifl'erentias
830 4761 1111 4830 cognosci;
1132 4759 1222 4829 qui
1255 4758 1524 4813 hominem
1550 4756 1692 4811 enim
1728 4770 1813 4809 co-

190 4858 447 4929 gnoscit.
484 4866 537 4910 et
566 4856 759 4909 animal
804 4855 1083 4926 gressibile
1105 4853 1415 4919 cognoscit;
1449 4860 1501 4905 at
1527 4864 1731 4920 genere
1754 4858 1806 4903 et

191 4948 519 5007 differentia
549 4948 711 5014 notis,
743 4962 847 5001 non
873 4960 1095 5002 necesse
1109 4955 1191 5000 est
1214 4944 1512 5014 etspeciem
1529 4947 1803 5014 cognosci,

192 5059 387 5118 quare
417 5043 647 5112 ignotior
676 5042 906 5112 species.
953 5040 1217 5109 Amplius,
1249 5038 1356 5093 illis
1387 5040 1478 5107 qui
1508 5040 1804 5095 secundum

193 5142 499 5198 veritatem
524 5139 823 5209 hujustnodi
847 5137 1189 5193 deﬁnitiones
1202 5133 1387 5191 dicitnt
1408 5152 1527 5193 esse
1541 5152 1657 5204 qua:
1686 5147 1814 5192 sunt

192 5253 272 5292 ex
313 5234 386 5288 iis
414 5248 534 5301 qua:
561 5233 844 5302 unicuique
872 5240 996 5288 sunt
1032 5242 1162 5286 nota
1183 5273 1197 5296 ,
1232 5231 1413 5300 plures
1458 5232 1699 5301 ejusdem
1728 5247 1817 5285 ac-

189 5327 350 5385 cidit
388 5325 565 5381 dicere
607 5312 946 5381 deﬁnitioucs
978 5339 1118 5390 esse,
1153 5340 1272 5377 nam
1316 5325 1416 5378 alia
1451 5325 1593 5389 aliis,
1622 5334 1677 5382 et
1708 5342 1812 5381 non

193 5419 473 5476 omnibus
527 5419 713 5475 eadem
761 5418 1018 5487 contingit
1075 5414 1289 5473 notiora
1342 5430 1489 5483 esse;
1538 5433 1704 5487 quare
1750 5419 1815 5473 ad

200 5526 660 5582 untanuemqtte
703 5512 806 5567 erit
847 5510 1090 5565 deﬁnitio
1136 5510 1477 5579 assignanda,
1511 5511 1555 5565 si
1601 5510 1814 5580 quidem

195 5618 273 5656 ex
310 5602 385 5654 iis
415 5618 532 5672 quae
576 5603 799 5673 singulis
848 5603 1150 5672 qttibUSqtte
1194 5612 1318 5655 sunt
1362 5604 1593 5668 notiora,
1624 5603 1818 5657 deﬁni-

198 5695 427 5748 tionem
457 5705 669 5765 oportet
692 5696 886 5751 facere.
914 5694 1157 5764 Amplius
1171 5694 1373 5749 eisdem
1399 5694 1499 5747 alia
1524 5694 1814 5759 interdum,

1918 4588 2090 4657 major
2112 4597 2202 4657 est
2247 4600 2398 4657 pare,
2426 4584 2584 4639 simul
2630 4584 2773 4639 enim
2821 4591 3028 4652 natura,
3062 4600 3181 4655 quae
3210 4602 3277 4641 ex
3315 4588 3505 4645 eodem

1920 4670 2123 4753 genere
2158 4696 2189 4735 e
2228 4680 2443 4735 diverso
2483 4678 2832 4745 dividuntur,
2878 4678 3049 4749 impar
3094 4689 3270 4735 autem
3314 4691 3366 4736 et
3415 4698 3512 4751 par

1921 4790 1954 4829 e
1983 4774 2198 4829 diverso
2229 4771 2561 4832 dividuntur,
2594 4785 2716 4824 nam
2746 4769 2904 4825 ambo
2932 4772 3140 4826 numeri
3167 4772 3509 4828 diﬁ'erentire.

1925 4868 2185 4923 Similiter
2213 4877 2390 4919 autem
2438 4875 2491 4920 et
2520 4864 2563 4918 si
2595 4878 2688 4931 per
2718 4862 2993 4926 inferiora,
3022 4863 3298 4934 superiora
3320 4864 3513 4918 deﬁni-

1918 4961 2015 5015 vit.
2046 4960 2115 5014 Ut
2162 4973 2343 5027 ptretn
2385 4971 2684 5020 numerum,
2718 4955 2806 5024 qui
2858 4956 3109 5025 bipartite
3150 4966 3382 5022 secatur,
3413 4970 3508 5008 aut

1920 5053 2120 5108 bonum
2151 5050 2390 5103 habitum
2420 5048 2628 5102 virtu'is
2654 5066 2667 5100 :
2696 5064 2817 5101 nam
2861 5058 2914 5102 et
2959 5046 3208 5117 bipartite
3237 5058 3512 5115 sumptum

1920 5152 2005 5199 est
2034 5158 2063 5197 a
2092 5140 2301 5197 duobus
2332 5155 2452 5207 qua:
2484 5140 2631 5207 paria
2658 5148 2803 5202 sunt,
2835 5149 2890 5194 et
2920 5139 3089 5193 virtus
3120 5138 3315 5191 bonum
3343 5141 3517 5207 quod-

1923 5236 2045 5291 dam
2097 5243 2200 5300 est,
2230 5248 2396 5302 quare
2439 5230 2693 5286 inferiora
2742 5231 2857 5285 huic
2903 5245 3061 5299 quam
3111 5229 3201 5283 illa
3246 5239 3390 5283 sunt.
3423 5231 3517 5284 I‘Ist

1925 5339 2104 5383 autem
2155 5340 2379 5381 necesse
2421 5340 2543 5379 eum
2595 5323 2686 5393 qui
2736 5322 3078 5377 inferioribus
3116 5322 3299 5387 utitur,
3325 5332 3379 5377 et
3408 5323 3517 5379 illis

1928 5423 2003 5476 uti
2030 5441 2041 5474 :
2069 5436 2191 5475 nam
2225 5429 2278 5473 et
2303 5418 2390 5488 qui
2424 5419 2619 5473 virtute
2669 5417 2855 5479 utitur,
2884 5416 3023 5469 bono
3070 5414 3254 5479 utitur,
3282 5429 3347 5470 eo
3374 5418 3516 5483 quod

1927 5515 2125 5569 bonttm
2153 5511 2418 5582 quoddam
2447 5512 2639 5575 virtus,
2668 5507 2914 5563 similiter
2942 5517 3116 5561 autem
3150 5519 3205 5563 et
3231 5508 3318 5577 qui
3348 5509 3519 5577 bipar-

1930 5607 2022 5661 tite
2071 5584 2255 5669 utitur,
2284 5614 2337 5658 et
2381 5585 2510 5672 pare
2562 5603 2755 5667 utitur,
2788 5616 2851 5654 eo
2900 5600 3040 5669 quod
3091 5602 3140 5653 in
3191 5601 3296 5655 duo
3344 5604 3519 5657 secari

1929 5698 2195 5770 signiﬁcat
2245 5695 2494 5766 bipartito
2540 5692 2750 5760 secari,
2799 5691 2905 5747 duo
2953 5703 3131 5748 autem
3182 5696 3325 5765 paria
3374 5706 3516 5751 sunt.
