4064 6336
305 316 371 371 77
1147 282 1545 360 rupiconuu
1583 294 2035 356 ARISTOTELIS
2072 290 2650 351 lNTERPRBTATlO.

3446 291 3549 346 978

274 433 439 486 virtus
487 425 771 497 significat,
819 423 1017 478 bonum
1066 428 1267 493 autem,
1300 435 1405 474 non
1446 416 1571 488 quid
1616 424 1720 478 est,
1765 412 1859 467 sed
1891 416 1940 475 Α
1970 410 2372 466 viduntanimal
2405 410 2703 478 increpant,
2734 415 2987 479 tanquam
3011 406 3291 477 gressibile
3312 414 3365 461 et
3386 422 3551 475 aqua-

266 523 429 591 quate
456 520 583 589 quid
611 528 713 585 est,
748 516 957 572 videtur
997 526 1181 570 autem
1222 512 1519 569 differentia
1546 509 1703 580 quale
1736 506 1863 579 quid

268 613 601 685 signiﬁcare.
638 608 940 665 Videndum
978 616 1156 661 autem
1201 614 1255 660 et
1300 604 1344 658 si
1385 618 1490 657 non
1530 603 1686 671 quale
1715 598 1864 669 quid,

268 707 370 764 sed
403 708 575 775 ipsum
606 704 733 773 quid
774 702 1042 771 significat
1082 699 1349 769 assignata
1381 694 1703 751 differentia.
1734 693 1866 747 Nam

270 802 486 857 videtur
506 799 664 868 quale
692 795 817 867 quid
845 795 1022 851 omnis
1049 790 1349 850 differentia
1378 788 1697 858 significare.
1724 785 1867 839 Con-

272 892 625 951 siderandum
671 896 850 945 autem
899 897 954 942 et
1000 886 1044 941 si
1091 883 1385 938 secundum
1436 878 1683 933 accidens
1730 877 1871 930 inest

272 985 501 1040 definito
534 982 858 1039 differentia.
908 979 1040 1035 Nam
1072 976 1217 1031 nulla
1245 974 1543 1029 differentia
1572 981 1649 1025 est
1682 983 1869 1023 eorum

276 1096 398 1146 qme
432 1077 727 1132 secundum
771 1072 1023 1129 accidens
1055 1070 1256 1132 insunt,
1286 1067 1425 1121 sicut
1468 1077 1641 1132 neque
1679 1075 1870 1130 genus,

277 1187 385 1225 non
409 1169 555 1226 enim
583 1168 845 1236 contingit
872 1164 1229 1219 differentiam
1260 1160 1439 1214 inesse
1468 1156 1628 1211 alicui
1683 1164 1737 1208 et
1767 1167 1872 1207 non

278 1266 483 1319 inesse.
516 1262 791 1333 Amplius;
812 1260 857 1314 si
885 1257 1208 1329 prazdicatur
1258 1254 1325 1306 dc
1350 1264 1549 1321 genere
1576 1246 1874 1302 differentia

278 1358 367 1412 vel
399 1356 628 1428 species,
660 1362 751 1407 aut
778 1350 1092 1407 inferiorum
1135 1344 1338 1414 aliquid
1379 1340 1602 1410 speciei,
1634 1353 1740 1393 non
1771 1338 1878 1392 erit

277 1448 566 1505 definiens.
592 1445 725 1502 Nam
748 1443 956 1499 nullum
981 1453 1166 1497 eorum
1192 1451 1312 1506 qua:-
1334 1434 1475 1489 dicta
1501 1442 1645 1496 sunt,
1669 1428 1879 1484 contin.

278 1544 360 1616 git
387 1543 455 1598 de
483 1555 679 1612 genere
706 1536 1009 1609 praedicari,
1042 1548 1108 1589 eo
1136 1531 1276 1601 quod
1307 1541 1474 1599 genus
1503 1525 1571 1580 de
1596 1523 1880 1593 quamplu-

283 1636 440 1691 rimis
466 1633 706 1688 omnium
748 1629 964 1686 dicitur.
997 1627 1232 1680 Rursum
1270 1620 1315 1675 si
1361 1618 1678 1689 praedicatur
1712 1625 1881 1681 genus

281 1731 354 1784 de
384 1726 709 1782 differentia.
735 1722 865 1777 Nam
889 1735 995 1775 non
1025 1719 1092 1774 de
1121 1714 1439 1777 differentia,
1473 1710 1567 1766 sed
1599 1710 1665 1763 de
1688 1708 1880 1778 quibus

1971 505 2063 559 tile
2104 503 2296 561 alicubi
2330 505 2611 573 significet.
2659 504 2740 558 An
2786 503 2840 557 in
2885 504 2950 557 iis
2989 503 3202 571 quidem
3249 518 3354 555 non
3402 510 3550 555 recte

1971 596 2287 664 increpant?
2330 612 2433 650 non
2462 598 2603 650 enim
2636 596 2687 651 in
2719 596 2932 665 aliquo,
2958 611 3126 665 neque
3157 594 3351 649 alicubi
3382 595 3551 664 signi-
3644 614 3651 619 τ

1973 690 2093 744 ﬁcat
2139 689 2373 758 aquatile
2406 699 2461 743 et
2498 698 2774 753 terrestre,
2815 690 2909 744 sed
2951 690 3111 758 quale
3140 689 3265 759 quid
3298 706 3311 740 :
3346 702 3467 742 nam
3500 697 3555 743 ct
3646 719 3649 722 ι

1971 783 2017 836 si
2048 783 2098 837 in
2129 784 2274 837 sicco
2318 784 2406 848 sit,
2451 782 2698 836 similiter
2738 782 2989 850 aquatile,
3022 781 3269 835 similiter
3296 791 3473 834 autem
3505 790 3560 833 ct

1974 884 2247 941 terrestre,
2283 884 2334 929 ct
2361 876 2406 930 si
2436 875 2486 929 in
2515 875 2733 930 humido
2759 875 2849 940 sit,
2881 874 3132 929 similiter
3161 882 3433 938 terrestre,
3464 874 3558 926 sed

1977 985 2080 1039 non
2112 969 2344 1039 aquatile
2371 969 2505 1029 erit;
2543 977 2779 1022 attamen
2829 969 2872 1021 si
2923 967 3244 1036 quandoque
3293 964 3562 1034 significat.

1977 1060 2031 1114 in
2057 1060 2235 1130 aliquo
2265 1059 2587 1122 differentia,
2626 1058 2962 1113 manifestum
3003 1060 3253 1129 quoniam
3296 1056 3559 1126 peccabit.

1977 1151 2207 1205 Rursum
2255 1152 2299 1204 si
2347 1152 2595 1206 affectum
2645 1150 3002 1205 differentiam
3055 1150 3364 1219 assignavit.
3428 1146 3560 1201 Nam

1979 1244 2158 1298 omnis
2188 1244 2433 1309 allectus,
2471 1260 2590 1297 cum
2624 1244 2791 1312 magis
2824 1244 2901 1304 fit.
2933 1240 3167 1297 detrahit
3189 1256 3219 1294 a
3242 1239 3562 1307 substantia,

1979 1335 2280 1392 differentia
2326 1345 2503 1391 autem
2558 1351 2662 1389 non
2716 1334 3022 1403 hujusmodi
3070 1342 3177 1401 est,
3229 1348 3349 1387 nam
3400 1332 3569 1402 magis

1981 1429 2195 1484 videtur
2224 1430 2433 1484 salvare
2458 1428 2755 1484 differentia
2791 1427 2842 1481 id
2874 1427 3027 1496 cujus
3053 1435 3135 1480 est
3160 1424 3481 1490 differentia,
3516 1434 3572 1481 et

1983 1518 2297 1589 simpliciter
2345 1513 2696 1587 impossibile
2725 1528 2807 1573 est
2855 1516 3120 1586 singulum
3160 1515 3409 1583 quodque
3447 1528 3571 1569 esse

1984 1612 2101 1666 sine
2131 1611 2340 1680 propria
2371 1609 2696 1672 differentia,
2731 1624 2853 1662 nam
2882 1622 3002 1661 cum
3034 1620 3138 1660 non
3161 1613 3242 1659 est
3271 1602 3569 1673 gressibile,

1986 1717 2092 1756 non
2114 1702 2217 1758 erit
2246 1701 2427 1766 homo,
2459 1710 2513 1756 et
2539 1700 2621 1771 (ut
2649 1699 2965 1768 simpliciter
2991 1694 3253 1764 dicamus)
3277 1692 3573 1748 secundum

282 1818 612 1881 differentia,
660 1829 829 1886 genus
872 1811 1086 1869 videtur
1131 1806 1435 1875 praedicari,
1474 1813 1532 1858 ut
1570 1800 1767 1855 animal
1814 1799 1882 1853 de
1912 1779 1961 1839 Β
1988 1808 2318 1863 quacunque
2346 1792 2604 1846 alteratur
2635 1791 2860 1852 habens,
2896 1790 3028 1843 nihil
3056 1803 3241 1844 eorum
3271 1785 3576 1841 differentia

286 1910 532 1975 homine,
560 1917 616 1962 et
644 1907 805 1972 bove,
836 1911 890 1959 et
914 1903 981 1957 de
1003 1901 1121 1956 aliis
1142 1896 1513 1969 gressibilibus
1542 1891 1884 1955 animalibus,

284 2019 396 2060 non
430 2011 611 2057 autem
651 2000 720 2055 de
757 2013 820 2053 ea
854 1994 1154 2052 differentia
1184 2006 1303 2062 qum
1339 1990 1407 2045 de
1447 1987 1626 2059 specie
1666 1985 1884 2049 dicitur,

284 2110 415 2151 nam
445 2094 490 2149 si
520 2091 588 2147 de
616 2101 938 2159 unaquaque
974 2083 1400 2141 differentiarum
1447 2078 1645 2133 animal
1696 2073 1891 2145 praedi-

284 2185 525 2252 cabitur,
578 2183 743 2237 multa
790 2177 1044 2233 animalia
1096 2175 1165 2230 de
1206 2173 1388 2244 Specie
1436 2168 1888 2240 prmdicabuntur,

286 2291 416 2331 nam
459 2273 776 2330 differentiae
826 2271 894 2326 de
940 2268 1119 2338 specie
1176 2264 1558 2335 praedicantur.
1610 2258 1886 2330 Amplius,

285 2367 609 2423 differentiae
649 2378 859 2429 omnes,
891 2369 983 2415 aut
1016 2359 1244 2429 species,
1284 2365 1375 2411 aut
1414 2353 1683 2408 individua
1712 2357 1890 2413 erunt,

238 2501 255 2512 .
287 2460 563 2532 siquidem
605 2465 731 2513 sunt
762 2454 1037 2517 animalia,
1078 2466 1203 2507 nam
1235 2444 1658 2515 unumquodque
1685 2443 1893 2497 anima-

288 2556 426 2609 lium
449 2561 543 2607 aut
568 2549 798 2619 species,
824 2556 917 2601 aut
938 2543 1273 2601 individuum
1296 2549 1400 2616 estt
1427 2536 1687 2593 Similiter
1713 2543 1891 2589 autem

289 2641 688 2709 inspiciendum
733 2647 788 2694 et
833 2638 881 2693 si
922 2635 1151 2706 species,
1192 2641 1282 2686 aut
1328 2629 1639 2685 inferiorum
1696 2625 1893 2696 speciei

288 2733 535 2805 aliquod,
560 2732 627 2788 de
656 2727 957 2786 differentia
989 2726 1331 2796 praedicatur.
1360 2718 1696 2791 lmpossibile
1720 2717 1889 2780 enim,

292 2842 363 2882 eo
391 2824 533 2895 quod
569 2824 639 2878 de
670 2821 913 2891 pluribus
965 2815 1271 2873 differentia
1305 2827 1465 2882 quam
1514 2809 1723 2879 Species
1759 2807 1898 2862 dici-

293 2929 408 2976 tur.
435 2918 569 2973 Item
593 2914 799 2972 accidet
824 2910 1181 2968 differentiam
1209 2907 1442 2977 speciem
1464 2918 1605 2969 esse,
1634 2901 1897 2972 siquidem

293 3008 679 3084 praedicabitur
725 3007 795 3061 de
838 3020 902 3061 ea
947 3004 1125 3073 aliqua
1168 3001 1468 3071 specierum
1515 3013 1528 3048 :
1569 3009 1693 3067 nam,
1740 2993 1785 3048 si
1831 2992 1902 3045 de

295 3101 603 3160 differentia
650 3098 976 3170 praedicatur
1022 3095 1204 3160 homo,
1260 3089 1600 3146 manifestum
1649 3085 1899 3156 quoniam

1990 1883 2130 1938 illius
2171 1891 2271 1937 est.
2314 1883 2443 1936 Nam
2484 1881 2663 1935 omnia
2715 1879 3015 1947 huiusmodi
3055 1893 3173 1933 cum
3220 1877 3388 1945 magis
3419 1874 3573 1937 fiunt,

1990 1973 2277 2028 detrahunt
2308 1987 2337 2027 a
2368 1971 2701 2036 substantia;
2733 1984 2899 2039 quare
2927 1971 2971 2024 si
3009 1970 3238 2037 aliquam
3273 1966 3578 2037 hujusmodi

1990 2063 2346 2119 differentiam
2391 2062 2656 2131 quispiam
2706 2063 3016 2130 assignavit,
3056 2058 3297 2129 peccavit
3331 2076 3344 2112 :
3376 2058 3581 2128 simpli-

1992 2156 2127 2212 citer
2155 2157 2297 2210 enim
2340 2170 2447 2209 non
2486 2154 2780 2208 alteramur
2811 2151 3104 2221 secundum
3133 2149 3481 2205 differentias.
3516 2147 3582 2201 Et

1992 2250 2039 2303 si
2077 2248 2304 2317 alicujus
2342 2262 2529 2311 eorum
2571 2260 2691 2314 qua:
2737 2254 2862 2298 sunt
2909 2243 2974 2297 ad
3017 2241 3235 2311 aliquid,
3282 2256 3387 2295 non
3437 2237 3584 2293 aliud

1994 2338 2146 2408 quid,
2177 2335 2534 2391 differentiam
2573 2335 2885 2403 assignavit.
2916 2333 3045 2388 Nam
3088 2348 3277 2388 eorum
3311 2345 3432 2401 qua:
3460 2339 3587 2385 sunt

1994 2429 2062 2485 ad
2104 2428 2327 2498 aliquid,
2359 2435 2414 2482 et
2452 2426 2770 2481 differentia:
2814 2425 2878 2479 ad
2920 2424 3139 2495 aliquid,
3176 2432 3231 2478 ut
3258 2432 3312 2479 et
3343 2424 3395 2476 in
3424 2420 3587 2476 disci-

1998 2523 2170 2592 plina;
2200 2518 2611 2589 contemplativa
2651 2518 2818 2581 enim,
2848 2525 2915 2572 et.
2941 2518 3118 2571 activa
3150 2525 3204 2570 et
3233 2514 3474 2570 cffectiva
3504 2513 3587 2568 di-

1999 2615 2160 2681 citur,
2185 2611 2603 2681 unumquodque
2640 2620 2820 2665 autem
2851 2609 3040 2664 borum
3065 2608 3129 2662 ad
3156 2607 3355 2677 aliquid
3385 2606 3589 2676 signifi-

1999 2718 2086 2761 cat
2118 2723 2131 2757 :
2162 2705 2574 2774 contemplativa
2604 2704 2748 2760 enim
2780 2703 3030 2772 alicujus,
3059 2712 3114 2758 et
3142 2701 3311 2756 activa
3340 2700 3590 2768 alicujus,

2000 2807 2057 2855 et
2098 2798 2341 2854 ef'f'ectiva
2384 2798 2630 2866 alicujus.
2671 2794 3135 2850 Considerandum
3162 2802 3340 2848 autem
3369 2800 3425 2846 et
3451 2791 3496 2847 si
3522 2790 3591 2845 ad

2002 2891 2144 2961 quod
2194 2899 2377 2946 natum
2420 2897 2506 2945 est
2542 2888 2961 2958 unumquodque
2996 2903 3181 2942 eorum
3213 2900 3332 2955 qua:
3363 2894 3487 2939 sunt
3524 2884 3592 2936 ad

2004 2982 2227 3053 aliquid,
2258 2981 2547 3051 assignavit
2570 2980 2853 3035 definiens.
2889 2980 3018 3033 Nam
3050 2978 3102 3032 in
3134 2976 3450 3045 quibusdam
3477 2976 3596 3044 qui—

2007 3077 2154 3141 dem,
2184 3073 2252 3129 ad
2295 3073 2436 3144 quod
2478 3082 2660 3128 natum
2702 3082 2786 3127 est
2825 3072 3090 3141 singultim
3121 3072 3369 3139 quodque
3408 3082 3592 3121 eorum

296 3198 608 3256 differentia
631 3159 714 3250 est
741 3195 923 3248 homo.
959 3159 1197 3243 Rursum
1236 3187 1279 3240 si
1326 3200 1433 3238 non
1466 3183 1607 3252 prior
1638 3187 1722 3235 est
1749 3176 1900 3233 diffe-
1925 3162 1971 3225 C
2002 3182 2123 3238 quae
2166 3176 2292 3221 sunt
2318 3165 2383 3219 ad
2416 3162 2638 3233 aliquid.
2670 3162 2842 3219 solum
2873 3171 2955 3218 est
2998 3162 3097 3229 uti,
3130 3162 3197 3215 ad
3227 3159 3371 3214 aliud
3412 3167 3594 3212 autem

294 3292 475 3348 rentia
500 3285 704 3357 specie.
729 3284 860 3340 Nam
885 3295 1085 3352 genere
1107 3276 1321 3348 quidem
1352 3274 1619 3343 posterior
1645 3279 1747 3333 est,
1778 3282 1899 3337 spe—

297 3384 388 3437 cie
418 3392 596 3436 autem
638 3377 874 3449 priorem
911 3370 1271 3431 differentiam
1301 3383 1419 3423 esse
1450 3373 1683 3435 oportet.
1713 3360 1904 3417 Consi-

300 3474 608 3531 dcvandum
658 3480 834 3525 autem
885 3476 940 3522 et
991 3466 1037 3521 si
1094 3464 1318 3518 alterius
1370 3458 1584 3530 generis
1631 3463 1715 3511 est
1762 3455 1902 3508 dicta

298 3564 631 3627 differentia,
659 3577 836 3631 neque
870 3557 1131 3625 contenti,
1175 3568 1349 3623 neque
1390 3548 1736 3605 continentis.
1768 3547 1901 3600 Nam

301 3679 417 3717 non
448 3658 661 3715 videtu‘r
691 3656 880 3711 eadem
909 3651 1211 3709 differentia
1240 3646 1467 3701 duortttn
1498 3655 1754 3712 generum
1782 3652 1904 3692 esse

300 3770 417 3815 non
459 3749 847 3807 continentium
880 3760 939 3800 se
979 3743 1246 3806 invicem;
1280 3742 1325 3793 si
1354 3747 1533 3792 autem
1565 3750 1668 3787 non
1700 3732 1907 3787 accidet

299 3855 368 3901 et
407 3845 640 3914 speciem
691 3839 935 3896 eamdem
969 3837 1023 3891 in
1054 3834 1264 3889 duobus
1308 3828 1598 3900 generibus
1635 3840 1757 3880 esse
1798 3838 1904 3877 non

302 3935 707 3993 continentibus
770 3947 829 3987 se
888 3929 1115 3984 invicem
1166 3924 1367 3999 (infert
1433 3920 1579 3978 enim
1645 3931 1903 3985 unaquae-

304 4044 420 4098 que
456 4024 877 4082 differentiarum
912 4020 1188 4090 proprium
1218 4014 1437 4085 genus),
1462 4022 1519 4067 ut
1545 4010 1825 4081 gressibile
1854 4018 1907 4064 et

306 4120 468 4189 bipes
496 4118 692 4173 animal
719 4113 1056 4177 coinferunt;
1088 4123 1255 4180 quare
1284 4106 1329 4161 si
1359 4106 1428 4161 de
1468 4118 1574 4174 quo
1605 4099 1908 4157 differentia

308 4224 373 4270 et
407 4227 663 4283 generum
702 4219 1013 4275 utrumque,
1060 4200 1400 4258 manifestum
1446 4197 1632 4264 utique
1659 4194 1908 4264 quoniam

308 4305 529 4375 species
559 4304 611 4357 in
639 4301 848 4355 duobus
892 4305 1010 4353 erat
1046 4293 1330 4364 generibus
1369 4305 1472 4344 non
1514 4284 1913 4341 continentibus

311 4414 382 4454 se
403 4399 653 4453 invicem.
680 4399 762 4448 An
785 4408 893 4447 non
918 4387 1254 4460 impossibile
1284 4384 1527 4440 eamdem
1555 4379 1910 4436 differentiam

312 4491 548 4547 duorum
578 4500 835 4557 generum
865 4496 985 4538 esse
1013 4495 1117 4535 non
1149 4475 1539 4533 Conlittenlium
1572 4488 1632 4527 se
1662 4471 1912 4530 invicem,

2003 3259 2158 3328 nihil,
2190 3267 2249 3313 ut
2275 3258 2393 3313 visu
2424 3256 2491 3311 ad
2523 3256 2810 3311 videndum
2835 3255 3046 3318 solum;
3071 3252 3388 3323 quibusdam
3417 3260 3597 3306 autem

2002 3359 2058 3406 et
2086 3350 2151 3405 ad
2179 3348 2375 3418 aliquid
2404 3346 2570 3411 aliud,
2605 3355 2663 3400 ut
2690 3346 2833 3400 dolio
2860 3359 2991 3400 sane
3023 3344 3234 3399 hauriat
3269 3344 3481 3413 aliquis,
3514 3353 3599 3394 at-

2006 3451 2183 3496 tamen
2231 3440 2276 3493 si
2320 3440 2442 3508 quis
2493 3438 2735 3492 definivit
2780 3437 2983 3491 doliunt
3012 3476 3026 3500 ,
3070 3436 3489 3489 instrumentum
3532 3435 3601 3488 ad

2006 3531 2379 3594 hauriendum,
2409 3528 2675 3597 peccavit,
2732 3542 2838 3581 non
2875 3526 3017 3581 enim
3047 3527 3112 3577 ad
3146 3524 3249 3578 hoc
3277 3535 3459 3577 natum
3484 3536 3601 3578 est:

2007 3622 2269 3677 terminus
2310 3631 2489 3673 autem
2540 3627 2645 3683 est,
2694 3617 2762 3671 ad
2797 3616 2938 3687 quod
2986 3628 3168 3671 natum
3213 3627 3315 3682 est,
3354 3616 3421 3669 ad
3461 3618 3603 3686 quod

2006 3728 2138 3768 sane
2166 3714 2334 3766 utitur
2372 3710 2607 3781 prudens
2638 3724 2745 3780 qua
2793 3709 3048 3778 prudens,
3084 3718 3138 3765 et
3176 3724 3295 3781 qua:
3322 3710 3463 3764 circa
3494 3711 3605 3764 sine

2006 3815 2188 3888 gulum
2227 3814 2476 3884 quodque
2518 3827 2733 3883 propria
2769 3820 2854 3868 est
2893 3812 3197 3882 disciplina.
3242 3812 3511 3881 Amplius,
3558 3815 3603 3867 si

2011 3935 2116 3973 non
2161 3918 2317 3989 primi
2357 3917 2669 3985 assignavit,
2701 3914 2917 3984 quando
2944 3916 3205 3986 contingit
3234 3916 3300 3969 ad
3346 3917 3495 3984 p’ura
3524 3917 3605 3968 di-

2010 4019 2153 4066 ctum
2177 4024 2299 4064 esse
2318 4051 2333 4075 ,
2369 4019 2424 4063 ut
2452 4006 2790 4078 prudentiam
2818 4007 3068 4061 virtutem
3101 4007 3354 4071 hominis,
3378 4017 3469 4058 aut
3492 4010 3608 4060 ani-

2014 4120 2135 4167 IIIJB.
2167 4113 2223 4158 et
2260 4118 2364 4156 non
2405 4101 2707 4166 rationalis,
2745 4100 2974 4171 primum
3013 4100 3158 4154 enim
3192 4099 3471 4153 rationalis
3500 4099 3610 4154 vir—

2017 4206 2125 4261 tus,
2152 4194 2456 4263 prudentia,
2487 4208 2612 4248 nam
2637 4192 2929 4247 secundum
2964 4192 3064 4247 hoc
3094 4200 3149 4246 et
3170 4191 3346 4245 anima
3367 4201 3418 4245 et
3448 4192 3609 4245 homo

2016 4289 2213 4343 dicitur
2257 4288 2513 4358 prudens.
2566 4288 2832 4356 Amplius,
2879 4287 2924 4340 si
2975 4301 3079 4340 non
3126 4286 3489 4355 susceptivum
3529 4298 3613 4341 est

2017 4383 2133 4451 ejus
2155 4380 2311 4451 cujus
2334 4380 2530 4435 dicitur
2552 4379 2797 4445 affeCtus,
2825 4380 2907 4434 vel
2934 4378 3238 4449 dispositio,
3272 4379 3357 4434 vel
3385 4380 3613 4449 quodvis

2018 4473 2183 4539 aliud,
2216 4474 2473 4542 peccavit.
2504 4470 2634 4527 Nam
2664 4471 2840 4525 omnis
2866 4470 3146 4539 dispositio
3177 4472 3261 4527 vel
3289 4472 3511 4529 affectus
3561 4474 3614 4527 in

313 4582 419 4638 sed
445 4540 746 4636 addendum
778 4590 951 4644 neque
982 4582 1208 4639 utroque
1239 4569 1341 4624 sub
1383 4566 1572 4622 eodem
1620 4560 1915 4619 existente?
1942 4540 1993 4601 D
2022 4566 2113 4621 illo
2156 4540 2311 4620 natus
2340 4576 2419 4620 est
2454 4565 2569 4618 fieri
2617 4564 2769 4633 cujus
2820 4572 2903 4618 est
2927 4563 3209 4633 dispositio
3243 4564 3328 4619 vel
3369 4566 3614 4630 affectus,

316 4690 448 4732 nam
478 4672 762 4744 gressihile
791 4667 987 4724 animal
1020 4676 1075 4721 et
1103 4663 1322 4719 volatile
1347 4660 1541 4715 animal
1567 4664 1763 4731 genera
1795 4663 1919 4709 sunt

316 4780 435 4821 non
464 4763 795 4819 centinentia
834 4765 894 4815 'se
936 4757 1186 4822 invicem,
1220 4763 1275 4808 et
1306 4753 1583 4820 utriusque
1613 4763 1799 4805 eorum
1837 4755 1919 4801 est

316 4860 481 4929 bipes
524 4857 852 4921 differentia;
893 4869 1061 4926 quare
1102 4849 1404 4906 addendum
1447 4857 1554 4913 est,
1602 4861 1774 4915 neque
1818 4842 1918 4899 Sub

318 4960 518 5017 eodem
549 4970 775 5030 utroque
808 4959 1072 5013 existente
1104 4973 1117 5009 :
1149 4971 1271 5009 nam
1308 4953 1420 5009 hinc
1461 4951 1621 5007 ambo
1662 4951 1761 5005 sub
1808 4949 1923 5003 ani-

318 5060 457 5113 mali
504 5069 652 5123 sunt,
691 5056 1033 5112 manifestum
1061 5057 1222 5110 etiam
1255 5054 1507 5121 quoniam
1550 5066 1657 5104 non
1704 5064 1925 5103 necesse

248 5154 256 5161 ’
322 5162 414 5205 cst
440 5151 796 5206 differentiam
829 5163 1042 5203 omnem
1090 5146 1366 5216 proprium
1401 5159 1566 5213 genus
1609 5141 1829 5206 inferre,
1859 5155 1926 5193 eo

270 5250 275 5255 '
328 5241 477 5311 quod
513 5242 774 5312 contingit
813 5242 1058 5296 eamdem
1101 5238 1328 5293 duorum
1370 5250 1621 5305 generum
1657 5248 1777 5289 esse
1819 5248 1927 5287 non

250 5376 256 5383 .
329 5336 727 5390 continentium
776 5348 836 5389 se
881 5334 1136 5399 invicem,
1175 5330 1270 5385 sed
1311 5330 1537 5384 alterum
1583 5335 1786 5380 tantum
1830 5340 1927 5380 ne-

331 5441 489 5483 cesse
512 5439 594 5480 est
623 5425 847 5493 inferre,
872 5434 925 5479 et
956 5424 1232 5493 superiora
1255 5421 1456 5485 omnia,
1487 5428 1545 5473 ut
1574 5419 1748 5488 bipes,
1780 5431 1929 5487 gres-

333 5517 514 5585 sibile,
537 5518 621 5573 vel
652 5517 868 5572 volatile
896 5516 1054 5572 infert
1085 5513 1301 5568 animal.
1338 5511 1634 5567 Videndum
1666 5520 1846 5565 autem
1875 5519 1929 5564 et

336 5610 382 5662 si
434 5606 609 5663 locum
654 5606 1012 5664 differentiam
1064 5605 1357 5674 assignavit
1410 5601 1741 5658 substantiae.
1796 5599 1928 5654 Nam

336 5701 557 5759 videtur
603 5701 821 5758 differre
863 5700 1162 5757 substantia
1202 5713 1232 5752 a
1275 5698 1573 5758 substantia
1605 5699 1661 5753 in
1692 5712 1758 5752 eo
1788 5694 1928 5765 quod

338 5794 553 5857 alicubi
569 5804 671 5863 est,
703 5811 867 5871 quare
900 5804 953 5851 ct
982 5808 1074 5850 eos
1103 5791 1191 5864 qui
1221 5791 1488 5863 gressibili
1522 5800 1577 5847 et
1605 5788 1824 5861 aquatili
1847 5787 1929 5842 di-

2025 4670 2081 4714 ut
2127 4667 2183 4715 et.
2208 4659 2432 4713 scientia
2480 4659 2529 4712 in
2576 4659 2779 4722 anima,
2810 4656 3092 4727 diSpositio
3121 4658 3359 4712 existens
3399 4660 3619 4713 animm.

2012 4749 2330 4822 Aliquando
2380 4759 2563 4804 autem
2610 4758 2831 4818 peccant
2873 4750 2927 4803 in
2958 4750 3173 4816 talibus,
3219 4762 3275 4811 ut
3314 4728 3617 4820 quicunque

2025 4844 2210 4900 dicunt
2238 4842 2383 4913 quod
2427 4856 2656 4896 somnus
2685 4850 2769 4896 est
2799 4842 3106 4911 impotentia
3135 4858 3345 4907 sensus,
3378 4853 3432 4897 et
3457 4844 3616 4896 dubi-

2029 4939 2160 4993 tatio
2188 4938 2469 5008 aequalitas
2497 4936 2885 4991 contrariarum
2924 4938 3411 4999 ratiocinationum,
3445 4946 3499 4990 et
3523 4937 3621 4989 do-

2031 5032 2113 5085 lor
2139 5030 2410 5101 separatio
2441 5030 2758 5083 naturalium
2787 5028 3016 5097 partium
3037 5044 3159 5083 cum
3191 5028 3469 5091 violentia,
3497 5043 3617 5082 nam

2031 5138 2204 5193 neque
2252 5135 2477 5176 somnus
2533 5121 2670 5179 inest
2709 5121 2910 5187 sensui,
2940 5129 3211 5190 oporteret
3237 5128 3413 5174 autem
3445 5121 3624 5175 inesse

2032 5215 2079 5270 si
2112 5213 2427 5284 impotentia
2458 5227 2647 5268 sensus
2673 5222 2775 5268 est.
2808 5214 3067 5268 Similiter
3093 5219 3271 5266 autem
3315 5226 3488 5281 neque
3525 5213 3627 5265 du-

2035 5316 2223 5370 bitatio
2245 5312 2531 5368 contrariis
2559 5312 3059 5367 ratiocinationibus
3089 5310 3242 5373 ineSI,
3275 5323 3448 5377 neque
3470 5309 3628 5363 dolor

2036 5406 2366 5462 naturalibus
2414 5405 2680 5475 partibus,
2726 5404 2986 5459 dolebunt
3025 5403 3168 5456 enim
3222 5402 3534 5467 inanimata,
3578 5402 3629 5456 si

2036 5499 2191 5555 dolor
2219 5500 2299 5554 eis
2326 5499 2489 5553 inest.
2518 5497 2664 5553 Talis
2705 5504 2884 5549 autem
2912 5504 2966 5549 et
2994 5494 3237 5549 sanitatis
3265 5494 3527 5557 definitio,
3556 5494 3631 5547 si-

2037 5597 2252 5669 quidem
2280 5596 2737 5653 commensuratio
2761 5593 3059 5649 calidorum
3091 5599 3145 5645 et
3175 5588 3483 5660 frigidnrum
3507 5595 3591 5640 est
3616 5602 3631 5640 :

2041 5705 2260 5745 necesse
2302 5701 2385 5745 εει
2429 5691 2571 5743 enim
2615 5700 2742 5740 sana
2785 5700 2907 5740 esse
2955 5682 3127 5737 calida
3168 5690 3222 5736 et
3263 5681 3473 5749 frigida,
3508 5693 3629 5730 nam

2039 5782 2299 5853 cujusque
2327 5778 2781 5841 conmiensuratio
2814 5778 2917 5832 iliis
2944 5778 3084 5831 inest
3115 5788 3339 5843 quorum
3372 5780 3450 5827 est
3482 5784 3631 5824 COIII-
