4064 6336
571 330 638 383 79
1608 328 1633 407 ς
1758 328 1870 384 an.
1913 325 2118 383 MANL.
2153 323 2303 382 sev.
2346 328 2568 385 eos'ru

3702 328 3825 386 93)

534 455 887 509 utensuratto,
920 459 1086 513 quare
1129 445 1332 499 sanitas
1378 444 1539 499 inerit
1583 444 1767 517 utique
1809 446 1956 517 ipsis.
1991 447 2119 502 item
2153 444 2203 503 A
2226 443 2564 509 delectabile,
2589 442 2730 500 idem
2760 442 2902 501 bono
2925 443 3062 512 erit;
3089 459 3255 516 quare
3281 445 3424 517 quod
3452 461 3560 506 non
3580 448 3828 509 delecta-

536 538 590 593 id
623 539 762 607 quod
795 540 851 590 lit
890 538 942 590 in
979 535 1301 601 ell‘ectivum,
1326 545 1416 591 aut
1441 552 1471 591 e
1499 552 1778 602 converso,
1806 538 1996 593 accidit
2023 554 2119 608 po-

537 645 668 685 nere
697 629 775 682 sic
800 627 1199 695 deﬁnientibus,
1235 642 1341 682 non
1371 628 1513 682 enim
1556 637 1638 683 est
1670 628 1824 683 dolor
1852 629 2119 698 separatio

537 722 859 777 naturalium
917 721 1176 789 partium,
1229 722 1324 775 sel
1382 720 1683 776 ell‘ectivum
1737 719 1968 787 doloris,
2022 733 2119 774 nec

535 836 754 877 somnus
799 819 1106 887 impotentia
1156 831 1364 879 sensus,
1408 817 1502 872 sed
1549 817 1847 873 effectlvum
1892 818 2117 871 altesum

534 914 787 973 alterius;
831 921 922 965 aut
949 909 1092 965 enim
1137 917 1355 978 propter
1396 908 1760 976 impotentiam
1800 908 2110 971 dormimus,

533 1017 625 1059 aut
668 1015 886 1075 propter
931 1019 1178 1058 somnum
1230 1003 1554 1070 impotentes
1601 1015 1809 1053 sumus.
1862 998 2121 1055 Similiter

533 1108 712 1150 autem
742 1104 794 1151 et
817 1094 1163 1149 dubitationis
1190 1092 1454 1146 videbitur
1481 1091 1783 1146 eﬂ’ectivum
1814 1103 1955 1155 esse,
1988 1102 2117 1142 cou-

537 1189 819 1243 trariarum
852 1186 1133 1256 aequalitas
1169 1184 1633 1239 ratiocinationum
1656 1200 1671 1248 ;
1697 1182 2121 1253 quandocunque

535 1283 679 1335 enim
721 1280 786 1334 ad
822 1289 1049 1350 utraque
1086 1277 1525 1333 ratiocinantibus
1574 1277 1729 1331 nobis
1765 1275 2014 1331 similiter
2045 1275 2120 1330 vi-

456 1430 459 1435 ,
536 1374 733 1429 dentur
756 1373 939 1427 omnia
971 1371 1264 1427 secundum
1290 1380 1573 1440 utrumque
1600 1370 1736 1435 ﬁeri,
1760 1367 2122 1425 dubitabimus

445 1490 453 1535 ς
536 1474 716 1519 utrum
747 1479 987 1534 agamus.
1032 1462 1295 1532 Amplius,
1338 1462 1629 1517 secundum
1673 1471 1912 1532 tempora
1944 1462 2121 1516 omnia

453 1543 467 1593 ε
536 1553 984 1609 considerandum
1016 1552 1183 1609 sicubi
1209 1553 1464 1615 dissonet,
1495 1564 1552 1608 ut
1593 1553 1637 1607 si
1668 1552 1969 1609 immortale
1994 1553 2124 1607 deli-

537 1647 692 1711 uivit,
734 1646 932 1701 animal
978 1661 1118 1701 nunc
1159 1646 1563 1714 incorruptibile
1612 1661 1755 1702 esse.
1804 1645 1936 1701 Nam
1983 1659 2123 1700 nunc

539 1739 943 1808 incorruptibile
988 1739 1206 1801 animal,
1254 1753 1396 1793 nunc
1441 1738 1746 1793 immortale
1774 1737 1899 1793 erit.
1941 1739 2024 1791 An
2069 1739 2119 1790 in

2225 537 2333 593 bile
2361 547 2444 593 est
2467 552 2558 608 per
2587 539 2847 603 auditum,
2871 553 2979 593 non
3007 540 3148 594 bono
3173 540 3346 607 idem,
3371 556 3495 597 nam
3521 542 3732 598 eisdem
3764 554 3826 594 et

2219 631 2464 699 opposita
2507 630 2697 686 eadem
2735 639 2893 686 erunt
2921 647 2935 684 :
2967 633 3255 701 apponitur
3288 641 3467 689 autem
3507 634 3649 689 bono
3688 633 3829 704 qui-

2218 722 2341 777 dem
2374 738 2479 778 non
2510 724 2729 788 bonum,
2763 739 2858 794 per
2886 725 3126 781 auditum
3159 738 3337 782 autem
3365 727 3689 798 delectabili,
3719 743 3830 798 per

2218 817 2458 871 auditum
2486 833 2595 873 non
2626 818 2976 884 delectabile;
2999 822 3339 877 manifestum
3369 824 3530 894 igitur
3559 829 3827 895 quoniam

2219 907 2359 963 idem
2392 924 2496 964 non
2525 909 2841 967 delectabile
2870 927 2965 981 per
2993 914 3258 980 auditum,
3287 930 3393 970 non
3423 915 3583 970 bono.
3621 914 3679 971 Si
3727 917 3833 986 igi-

2221 1008 2308 1055 tur
2352 1001 2553 1071 aliquid
2602 1012 2685 1059 est
2726 1019 2822 1075 per
2860 1005 3031 1061 visum
3081 1007 3293 1076 quidem
3337 1008 3679 1073 delectabhe,
3724 1024 3837 1079 per

2220 1092 2461 1149 auditum
2502 1104 2680 1151 autem
2733 1112 2872 1166 non,
2907 1108 2960 1153 et
3002 1099 3200 1155 bonum
3228 1110 3294 1171 ζει
3322 1117 3428 1157 non
3456 1102 3658 1158 bonum
3688 1101 3832 1159 erit.

2221 1184 2478 1244 Similiter
2514 1199 2691 1246 autem
2740 1192 3088 1249 ostendemus
3127 1195 3375 1264 quoniam
3417 1196 3555 1250 idem
3598 1212 3728 1260 ens,
3776 1204 3837 1250 et

2224 1292 2327 1332 non
2355 1294 2453 1334 ens
2483 1290 2584 1334 est.
2609 1282 2872 1351 Amplius,
2897 1294 2951 1339 et
2976 1286 3287 1354 generibus,
3312 1297 3366 1341 et
3393 1286 3743 1353 diﬂerenliis,
3776 1298 3837 1342 et

2223 1370 2342 1423 aliis
2373 1372 2621 1427 omnibus
2658 1387 2777 1443 quae
2824 1375 2876 1429 in
2920 1374 3321 1432 deﬁnitionibus
3349 1387 3476 1433 sunt
3514 1379 3827 1450 assignatis

2224 1458 2303 1513 eis
2327 1460 2417 1529 qui
2449 1461 2721 1518 orationes
2756 1479 2851 1533 pro
2882 1465 3188 1521 nominibus
3212 1465 3433 1534 faciunt,
3461 1468 3835 1525 consideran-

2225 1549 2351 1605 dum
2381 1553 2424 1607 si
2454 1553 2744 1623 quidquam
2781 1555 3043 1612 dissonet.

2842 1657 3067 1713 CAPUT
3106 1658 3192 1713 IV.

2692 1735 2771 1791 De
2794 1737 3087 1805 deﬁnitione
3111 1740 3212 1793 loci
3235 1740 3345 1793 alii.

541 1833 642 1887 hoc
668 1832 881 1902 quidem
913 1847 1019 1886 non
1051 1830 1278 1885 accidit?
1311 1845 1433 1884 nam
1460 1845 1657 1899 auceps
1684 1828 1978 1884 secundum
2008 1842 2122 1881 am-
2154 1829 2201 1889 Β
2300 1822 2355 1879 Si
2386 1832 2563 1879 autem
2595 1825 2664 1881 sit
2692 1827 2762 1881 ad
2793 1828 2991 1896 aliquid
3019 1828 3160 1899 quod
3186 1829 3461 1896 definitur,
3489 1840 3581 1885 aut
3607 1844 3709 1900 per
3730 1846 3831 1897 se,

540 1924 827 1994 phiboliam
876 1931 958 1979 est
1011 1936 1153 1977 nunc
1202 1921 1608 1990 incorruptibile
1651 1934 1792 1989 esse,
1842 1929 1933 1973 aut
1980 1918 2121 1973 enim

536 2018 786 2088 quoniam
817 2033 921 2073 non
952 2016 1316 2085 corrumpitur
1351 2030 1513 2081 nunc,
1547 2013 1831 2084 significat,
1866 2021 1958 2065 aut
1987 2027 2120 2080 quo~

537 2110 681 2163 niam
715 2125 817 2162 nou
849 2107 1103 2178 possibile
1131 2104 1404 2174 corrumpi
1435 2118 1595 2171 nunc,
1628 2112 1716 2157 aut
1744 2102 1993 2171 quoniam
2027 2101 2124 2155 hu-

533 2199 768 2268 jusmodi
813 2207 897 2255 est
948 2211 1118 2264 nunc,
1171 2205 1229 2250 ut
1284 2209 1556 2264 nunquam
1609 2194 1779 2263 possit
1828 2191 2119 2260 corrumpi.

538 2290 765 2359 Quando
792 2291 951 2359 igitur
982 2289 1210 2342 dicimus
1237 2287 1376 2357 quod
1420 2285 1823 2355 incorruptibile
1870 2299 2010 2339 nunc
2043 2293 2125 2337 est

540 2382 761 2447 animal,
787 2397 893 2436 non
927 2380 1029 2434 hoc
1051 2379 1300 2446 dicimus,
1335 2378 1475 2447 quod
1507 2392 1647 2431 nunc
1677 2376 1779 2430 tale
1800 2384 1879 2430 est
1902 2374 2121 2439 animal,

535 2474 632 2529 sed
672 2483 727 2527 ut
777 2487 1045 2541 nunquam
1100 2469 1268 2538 possit
1315 2468 1621 2536 corrumpi;
1667 2467 1769 2520 hoc
1809 2474 1983 2519 autem
2026 2464 2125 2517 itn-

536 2564 751 2619 mortali
801 2564 941 2619 idem
992 2571 1129 2629 erat,
1180 2577 1346 2631 quare
1390 2575 1495 2614 non
1545 2558 1759 2622 accidit,
1803 2573 1943 2612 nunc
1983 2556 2121 2611 idem

536 2656 840 2712 immortale
883 2671 1025 2711 esse.
1058 2654 1165 2709 Sed
1210 2665 1387 2708 tamen
1434 2651 1605 2708 sicubi
1649 2650 1844 2706 accidit
1869 2650 2009 2721 quod
2040 2664 2125 2705 se-

536 2748 770 2803 cundttm
810 2747 1176 2802 deﬁnitionem
1216 2744 1431 2815 quidem
1465 2744 1790 2813 assignatum
1816 2751 1901 2797 est
1924 2742 2122 2807 inesse,

537 2861 682 2901 nunc
727 2845 812 2900 vel
859 2840 1031 2915 prius,
1075 2842 1216 2913 quod
1258 2856 1388 2896 vero
1430 2840 1725 2896 secundum
1770 2852 1965 2893 nomen
2016 2850 2121 2891 non

537 2939 699 3005 inest,
725 2954 831 2991 non
859 2937 962 2991 erit
999 2936 1164 3002 idem,
1196 2934 1449 2989 utendum
1493 2948 1620 3002 ergo
1655 2931 1756 2987 hoc
1788 2932 1905 2987 loco
1932 2946 2121 2999 quem-

538 3028 827 3083 admodum
860 3028 1057 3081 dictum
1105 3035 1206 3079 est.
1253 3024 1646 3093 lnspiciendum
1678 3030 1855 3077 autem
1882 3031 1935 3076 et
1964 3021 2009 3076 si
2039 3036 2125 3076 se-

538 3121 769 3173 eundum
798 3118 938 3171 aliud
969 3116 1239 3187 quidpiam
1272 3116 1440 3183 magis
1464 3115 1657 3169 dicitur
1678 3113 1821 3182 quod
1850 3112 2120 3175 deﬁnitur,

2227 1922 2321 1968 aut
2359 1916 2655 1972 secundum
2692 1932 2894 1988 genus,
2922 1921 3371 1976 considerandum
3399 1922 3445 1977 si
3475 1937 3580 1977 non
3611 1924 3832 1978 dictum

2226 2014 2310 2061 est
2326 2005 2379 2060 in
2396 2007 2707 2064 deﬁnitione
2727 2009 2793 2064 ad
2812 2010 2952 2079 quod
2969 2011 3182 2076 dicitur,
3197 2014 3589 2069 autsecuudum
3615 2014 3830 2084 ipsum,

2226 2105 2317 2151 aut
2335 2098 2631 2154 secundum
2654 2113 2842 2169 genus.
2870 2101 2936 2157 Ut
2958 2102 3004 2157 si
3030 2103 3309 2158 scientiam
3332 2104 3574 2161 deﬁnivit
3605 2105 3835 2177 opinio!

2227 2204 2349 2244 nem
2382 2190 2827 2249 indissuasibilem
2852 2237 2866 2263 ,
2896 2203 2989 2249 aut
3027 2196 3190 2251 etiam
3219 2198 3579 2267 voluntatem,
3611 2202 3833 2270 appeti-

2227 2288 2337 2336 tum
2363 2283 2479 2337 sine
2509 2284 2722 2340 tristitia
2754 2304 2767 2339 :
2802 2288 2977 2343 omnis
3007 2290 3151 2344 enim
3191 2290 3306 2361 ejus
3333 2291 3475 2361 quod
3504 2302 3591 2348 est
3619 2293 3687 2347 ad
3722 2295 3835 2349 ali-

2225 2371 2383 2440 qttid,
2417 2375 2712 2430 substantia
2755 2376 2820 2431 ad
2859 2378 3116 2445 alterum,
3157 2396 3223 2436 eo
3255 2383 3397 2452 quod
3426 2383 3565 2439 idem
3592 2386 3665 2439 sit
3690 2386 3829 2441 uni-

2224 2463 2417 2533 cuique
2456 2480 2642 2520 eorum
2690 2483 2810 2536 qua:
2855 2479 2980 2524 sunt
3023 2471 3090 2525 ad
3134 2473 3333 2543 aliquid
3380 2489 3532 2537 esse,
3574 2476 3828 2545 idipsutn
3854 2510 3869 2519 -

2224 2553 2368 2621 quod
2414 2565 2497 2610 est
2538 2558 2607 2613 ad
2632 2559 2832 2629 aliquid
2860 2563 3089 2631 quodam
3121 2565 3279 2620 modo
3305 2580 3366 2621 se
3392 2568 3610 2623 habere.
3642 2569 3831 2640 Opor-

2228 2646 2371 2702 tebat
2413 2649 2575 2718 igitur
2610 2652 2889 2709 scientiam
2935 2656 3115 2711 dicere
3153 2659 3459 2726 opinionem
3487 2661 3693 2717 scibilis
3717 2705 3736 2729 ,
3767 2674 3829 2720 et

2227 2739 2557 2797 voluntatem
2605 2748 2897 2814 appetitum
2950 2748 3096 2803 boni.
3143 2750 3404 2807 Similiter
3447 2761 3626 2809 autem
3668 2764 3727 2810 et
3776 2758 3827 2811 si

2225 2837 2607 2902 mammaticeu
2636 2838 2878 2895 deﬁnivit
2911 2841 3188 2898 scientiam
3230 2844 3524 2901 litterarum
3543 2888 3558 2913 ,
3587 2856 3826 2915 oporte-

2226 2926 2317 2982 bat
2364 2928 2506 2983 elim
2548 2938 2640 2984 aut
2683 2931 2749 2985 ad
2797 2934 2939 3003 quod
2983 2933 3153 3003 ipsum
3202 2936 3418 3001 dicitur,
3450 2947 3542 2991 aut
3569 2938 3640 2992 ad
3670 2940 3825 3009 quod

2223 3014 2363 3073 forte
2405 3033 2575 3088 genus
2620 3020 2834 3090 dicitur,
2885 3023 2938 3077 in
2984 3023 3294 3082 deﬁnitione
3320 3028 3599 3097 assignari.
3634 3031 3750 3083 Aut
3775 3029 3825 3085 si

2224 3124 2347 3165 cum
2376 3111 2642 3181 quidpiam
2673 3114 2740 3169 ad
2769 3116 2968 3185 aliquid
2999 3117 3215 3185 dicitur,
3250 3135 3354 3176 non
3401 3122 3697 3191 assignavit
3748 3123 3824 3177 ad

538 3224 697 3278 quam
722 3208 1015 3263 secundum
1046 3208 1371 3275 assignatam
1397 3206 1717 3271 orationem,
1763 3212 1821 3258 ut
1844 3204 1889 3259 si
1914 3204 2122 3272 justitia
2150 3195 2194 3256 C
2228 3202 2410 3258 ﬁnem.
2442 3203 2590 3260 Finis
2631 3215 2809 3261 autem
2842 3207 2893 3261 in
2924 3223 3241 3280 unoquoque
3268 3220 3350 3266 est
3379 3211 3519 3281 quod
3546 3212 3823 3282 optimum

537 3311 780 3372 potestas
834 3301 970 3370 aequi
1014 3300 1353 3355 distributiva
1393 3308 1474 3355 est
1507 3299 1724 3368 :juslus
1769 3298 1911 3353 enim
1954 3300 2121 3369 magis

538 3406 620 3451 est
643 3395 731 3466 qui
753 3395 899 3464 eligit
921 3410 1129 3463 aequum
1154 3392 1499 3459 distribuere,
1528 3406 1592 3448 eo
1613 3391 1700 3461 qui
1730 3399 1933 3460 potest;
1957 3405 2122 3459 quare

539 3503 645 3541 non
681 3486 783 3541 erit
816 3485 1020 3554 justitia
1065 3494 1299 3553 potestas
1342 3484 1476 3553 atqui
1524 3481 1882 3550 distributiva,
1916 3494 2037 3534 nam
2069 3490 2123 3535 et

530 3579 709 3650 justus
738 3587 884 3633 esset
915 3577 1143 3631 maxime
1178 3576 1269 3646 qui
1320 3583 1499 3643 posset
1533 3588 1743 3643 aequum
1774 3571 2117 3628 distribuere.

535 3670 799 3741 Amplius,
831 3668 877 3725 si
913 3683 999 3723 res
1036 3667 1251 3737 quidem
1294 3666 1516 3735 suscipit
1546 3666 1737 3736 magis,
1768 3662 1909 3735 quod
1942 3674 2118 3718 autem

534 3763 834 3819 secundum
882 3762 1178 3816 orationem
1228 3762 1531 3829 assignatur
1576 3774 1683 3813 non
1732 3758 1978 3827 suscipit,
2028 3769 2119 3813 aut

534 3865 743 3921 contra,
772 3854 914 3925 quod
948 3854 1240 3909 secundum
1280 3853 1574 3907 orationem
1597 3852 1645 3906 ei
1672 3852 1973 3920 assignatur
2001 3866 2122 3905 sus-

534 3946 685 4014 cipit,
716 3960 805 4000 res
835 3954 1016 4000 autem
1048 3959 1173 3999 non.
1207 3945 1425 4012 Oportet
1459 3942 1601 3997 enim
1627 3952 1717 3996 aut
1748 3953 1971 4011 ultaque
1999 3955 2121 3997 sus-

533 4039 746 4108 cipere,
775 4049 867 4093 aut
896 4029 1166 4106 neutrum,
1213 4037 1475 4106 siquidem
1506 4044 1589 4091 est
1618 4035 1696 4091 rei
1739 4036 1880 4105 quod
1920 4048 2117 4090 secun-

533 4133 662 4186 dum
705 4132 1003 4186 orationem
1043 4132 1365 4200 assignatur.
1412 4129 1679 4196 Amplius,
1722 4130 1765 4183 si
1815 4128 2118 4199 suscipiunt

531 4233 760 4293 utraque
803 4223 1018 4293 quidem
1063 4221 1251 4292 magis,
1311 4237 1415 4277 non
1463 4222 1623 4277 simul
1667 4229 1847 4277 autem
1895 4230 2117 4290 utraque

530 4324 874 4384 augmentum
903 4325 1157 4369 sumunt;
1190 4322 1247 4368 ut
1277 4314 1319 4368 si
1346 4328 1498 4368 amor
1527 4311 1965 4382 concupiscentia
1988 4325 2117 4367 con-

530 4408 799 4463 ventionis
824 4416 925 4462 est.
958 4407 1089 4462 Nam
1120 4408 1289 4477 magis
1316 4420 1503 4461 amans
1532 4421 1636 4460 non
1667 4405 1835 4475 magis
1863 4406 2117 4475 concupi-

529 4500 631 4553 scit
675 4500 1114 4565 conventionem;
1146 4514 1313 4568 quare
1354 4514 1457 4553 non
1493 4497 1653 4552 simul
1692 4508 1916 4567 utraque
1941 4498 2114 4552 susei-

2226 3302 2464 3362 est,aut
2490 3295 2642 3365 cujus
2669 3297 2837 3366 gratia
2875 3298 2979 3353 alia
3019 3310 3170 3366 sunt;
3200 3302 3483 3357 dicendum
3528 3302 3692 3373 igitur
3720 3315 3825 3360 aut

2225 3384 2517 3453 optimum,
2554 3399 2641 3442 aut
2671 3388 2915 3444 ultimum
2940 3430 2954 3456 ,
2984 3401 3040 3446 ut
3066 3394 3549 3463 concupiscentiam
3575 3410 3685 3451 non
3718 3397 3822 3453 de-

2224 3474 2521 3544 lectabilis,
2564 3463 2661 3533 sed
2702 3479 3104 3551 delectationis,
3135 3499 3255 3538 nam
3301 3495 3518 3555 propter
3557 3485 3730 3553 hanc,
3762 3498 3823 3543 et

2224 3566 2542 3624 delectabile
2583 3570 2849 3641 eligimus.
2890 3573 3343 3630 Considerandum
3373 3585 3430 3631 et
3454 3578 3500 3630 si
3530 3582 3820 3648 generatio

2223 3665 2307 3711 est
2349 3657 2417 3711 ad
2447 3658 2590 3726 quod
2616 3659 2935 3731 assignavit,
2968 3665 3052 3719 vel
3079 3676 3250 3719 actus.
3278 3666 3417 3721 Nihil
3444 3668 3587 3722 e‘nim
3623 3669 3817 3723 talium

2225 3747 2368 3815 ﬁnis,
2401 3764 2524 3805 nam
2551 3753 2720 3822 magis
2746 3754 2887 3823 quod
2918 3764 3001 3809 est
3028 3758 3199 3827 egisse
3249 3768 3304 3813 et
3348 3772 3639 3829 generasse
3662 3759 3814 3825 ﬁnis;

2222 3857 2383 3912 quam
2412 3844 2525 3899 fieri
2553 3854 2607 3900 et
2636 3861 2815 3916 agere.
2863 3851 2945 3903 An
2986 3864 3092 3905 non
3132 3851 3185 3904 in
3213 3851 3461 3907 omnibus
3490 3867 3681 3907 verum
3713 3854 3817 3906 hu~

2218 3939 2491 4008 jusmodi?
2538 3954 2675 4010 pene
2697 3944 2839 3998 enim
2884 3944 3096 4013 plurimi
3136 3945 3390 4002 delectari
3421 3948 3591 4018 magis
3620 3948 3815 4001 volunt

2221 4046 2380 4100 quam
2425 4033 2695 4089 destitisse
2722 4035 3010 4101 delectari;
3041 4052 3204 4105 quare
3243 4054 3401 4109 agere
3442 4040 3612 4109 magis
3646 4040 3814 4095 ﬁnem

2220 4125 2344 4194 quis
2389 4133 2588 4180 statuat
2631 4141 2789 4196 quam
2829 4129 3023 4199 egisse.
3070 4129 3302 4185 Rursum
3331 4133 3383 4186 in
3412 4132 3734 4200 quibusdam
3767 4132 3815 4185 si

2224 4231 2329 4273 non
2354 4218 2732 4275 determinavit
2753 4223 2966 4291 quanti,
2998 4224 3081 4278 vel
3110 4224 3312 4293 qualis,
3343 4223 3542 4278 velubi
3563 4263 3578 4289 ,
3612 4224 3696 4277 vel
3724 4239 3814 4278 se.

2221 4309 2451 4365 eundum
2482 4311 2613 4365 alias
2640 4310 2968 4367 differentias
2994 4328 3010 4366 :
3043 4324 3100 4368 ut
3132 4314 3448 4369 ambitiosus
3468 4356 3483 4381 ,
3512 4325 3565 4369 et
3592 4314 3812 4384 qualis,

2223 4409 2277 4455 et
2301 4402 2483 4470 quanti
2512 4412 2767 4471 appetens
2798 4413 2880 4458 est
2909 4404 3156 4471 honoris,
3185 4420 3307 4459 nam
3336 4420 3523 4460 omnes
3548 4416 3815 4475 appetunt

2223 4490 2517 4557 honorem;
2546 4506 2714 4562 quare
2743 4509 2849 4548 non
2876 4494 3075 4550 sufﬁcit
3117 4497 3457 4552 ambitiosum
3488 4496 3671 4551 dicere
3712 4497 3812 4567 qui

531 4590 684 4658 piunt
728 4591 921 4659 magis,
951 4599 1006 4645 at
1046 4599 1340 4657 oporteret,
1373 4590 1421 4645 si
1451 4589 1591 4643 idem
1619 4599 1818 4644 essent.
1852 4589 2116 4658 Amplius,
2149 4575 2198 4634 Ι)
2224 4588 2427 4656 appetit
2464 4588 2759 4655 honorem,
2799 4591 2894 4645 sed
2939 4590 3139 4646 addere
3184 4600 3394 4661 oportet
3440 4591 3613 4647 dictas
3651 4590 3813 4645 diﬂe-

531 4683 576 4734 si
619 4680 829 4736 duobus
858 4682 1176 4750 quibusdam
1221 4681 1529 4750 propositis,
1566 4680 1634 4734 de
1671 4694 1777 4749 quo
1819 4693 1905 4734 res
1947 4684 2119 4748 magis

528 4774 747 4841 dicitur,
778 4773 828 4828 id
859 4774 1000 4843 quod
1029 4781 1113 4828 est
1134 4773 1424 4827 secundum
1455 4773 1753 4826 orationem
1782 4771 1957 4825 minus
1986 4769 2119 4827 dici-

531 4876 616 4918 tur
645 4881 659 4918 :
687 4875 743 4918 ut
769 4866 812 4920 si
843 4865 978 4933 ignis
1005 4873 1089 4919 est
1114 4879 1308 4932 corpus
1339 4862 1771 4928 subtilissimum,
1806 4862 1942 4930 ignis
1971 4861 2114 4914 enim

457 5012 463 5019 ,
527 4958 700 5027 magis
727 4958 937 5011 ﬂamma
963 4972 1118 5026 quam
1143 4956 1253 5021 lux,
1284 4971 1480 5024 corpus
1505 4966 1683 5010 autem
1706 4954 2114 5010 subtilissimum

467 5068 472 5073 ·
504 5051 707 5104 ηιιιὶηυε
736 5050 949 5104 ﬂamma
976 5065 1131 5119 quam
1159 5048 1278 5112 lux;
1302 5059 1512 5118 oportet
1539 5058 1715 5103 autem
1745 5057 1970 5118 utraque
2001 5063 2116 5101 ma-

452 5170 465 5213 ;
528 5143 609 5209 gis
637 5144 813 5197 inesse
842 5142 1037 5199 eidem.
1075 5140 1338 5209 siquidem
1382 5140 1568 5194 eadem
1610 5140 1738 5193 sint.
1787 5139 2042 5204 Rursum,
2073 5142 2117 5193 si

528 5239 631 5289 hoc
661 5235 875 5304 quidem
916 5236 1165 5288 similiter
1196 5236 1436 5303 utrisque
1464 5237 1602 5289 inest
1634 5235 1940 5305 propositis,
1971 5236 2116 5290 aliud

526 5334 706 5378 autem
740 5340 845 5379 non
879 5324 1123 5379 similiter
1154 5325 1411 5395 utrisque,
1444 5326 1539 5380 sed
1570 5326 1724 5380 alteri
1762 5326 1952 5393 magis.
1987 5327 2116 5380 Am—

526 5416 689 5483 plius,
716 5416 761 5469 si
788 5417 854 5471 ad
881 5416 988 5472 duo
1013 5418 1174 5471 deflui
1201 5418 1377 5473 iunem
1423 5418 1778 5487 assignaverit
1818 5418 2109 5473 secundum

530 5518 818 5580 utrumque
844 5530 857 5565 :
884 5519 942 5564 ut
967 5513 1166 5566 bonum
1198 5512 1339 5581 quod
1378 5527 1469 5578 per
1500 5513 1670 5565 visum
1701 5520 1794 5564 aut
1824 5526 1917 5579 per
1963 5510 2111 5563 audi-

526 5613 637 5656 tum
671 5602 1011 5669 delectabile,
1046 5614 1103 5659 et
1157 5620 1255 5658 ens
1293 5604 1433 5673 quod
1482 5603 1734 5671 possibile
1764 5611 1846 5655 est
1885 5603 1989 5669 pati
2021 5612 2109 5653 aut

523 5694 724 5757 facere,
745 5694 902 5746 simul
929 5695 1072 5748 enim
1100 5695 1239 5748 idem
1263 5704 1317 5749 et
1337 5695 1534 5748 bonum
1557 5702 1611 5747 et
1652 5708 1757 5745 non
1779 5692 1978 5746 bonum
2003 5700 2105 5755 est,

524 5783 768 5842 similiter
801 5793 977 5843 autem
1004 5797 1059 5842 et
1087 5802 1183 5843 ens
1206 5798 1260 5842 et
1289 5801 1393 5843 non
1418 5799 1514 5842 ens
1546 5802 1558 5837 :
1591 5798 1714 5842 nam
1746 5800 1840 5856 per
1870 5783 2106 5841 auditum

2226 4678 2447 4733 rentias.
2474 4676 2736 4735 Similiter
2777 4688 2951 4733 autem
2997 4689 3052 4734 et
3089 4694 3317 4746 avarus,
3347 4689 3575 4751 quantas
3604 4679 3817 4748 appetit

2227 4770 2511 4838 pecunias;
2544 4780 2635 4824 aut
2661 4770 3051 4840 intemperans,
3083 4772 3225 4827 circa
3251 4772 3434 4842 quales
3461 4771 3769 4841 voluptates
3793 4786 3811 4824 :

2224 4879 2330 4918 non
2363 4862 2507 4918 enim
2538 4865 2682 4934 quia
2714 4866 2948 4933 qualibet
2972 4866 3243 4932 voluptate
3272 4875 3504 4929 tenetur,
3543 4866 3815 4933 intempeo

2225 4970 2349 5009 rans
2372 4955 2585 5019 dicitur.
2614 4956 2707 5012 sed
2734 4956 2823 5026 qui
2850 4957 2918 5011 ab
2942 4957 3139 5026 aliqua.
3166 4957 3271 5011 Aut
3290 4971 3522 5022 rursum,
3553 4954 3648 5024 qui
3670 4957 3812 5010 deli-

2225 5050 2357 5104 nivit
2396 5058 2607 5104 noctem
2637 5050 2875 5104 umbram
2908 5058 3067 5104 terra:
3089 5089 3106 5114 ,
3136 5058 3228 5103 aut
3256 5048 3656 5104 succussionem
3692 5062 3814 5101 mo-

2227 5149 2337 5196 tum
2372 5153 2552 5209 terrm,
2578 5152 2669 5198 aut
2698 5142 2892 5198 nubem
2924 5142 3242 5197 densitatem
3267 5142 3438 5208 aeris,
3465 5149 3558 5197 aut
3582 5148 3811 5195 ventum

2226 5244 2429 5289 motum
2458 5235 2620 5299 aeris,
2645 5233 2945 5289 addendum
2972 5233 3113 5291 enim
3137 5234 3320 5304 quanti
3344 5241 3400 5289 et
3419 5232 3612 5304 qualis,
3639 5233 3727 5288 ubi
3754 5242 3813 5289 et

2221 5339 2250 5378 a
2281 5340 2405 5395 quo.
2438 5326 2694 5381 Similiter
2716 5335 2895 5381 autem
2926 5334 2981 5381 et
3006 5327 3057 5381 in
3082 5326 3291 5380 caeteris
3318 5324 3649 5394 huiusmodi,
3680 5338 3810 5378 nam

2220 5418 2473 5473 omittens
2502 5416 2856 5471 diﬁ‘erentiam
2893 5410 3211 5487 quamlibet,
3256 5430 3361 5470 non
3407 5415 3535 5469 dicit
3565 5415 3690 5484 quid
3722 5424 3810 5468 est

2219 5524 2338 5565 esse
2360 5550 2374 5572 ,
2406 5516 2619 5575 oportet
2643 5517 2820 5562 autem
2846 5521 3058 5576 semper
3088 5507 3153 5561 ad
3183 5508 3232 5562 id
3264 5523 3369 5577 quo
3398 5506 3597 5576 indiget
3637 5519 3805 5574 argu-

2220 5601 2467 5654 mentari.
2496 5599 2610 5653 Non
2641 5599 2782 5654 enim
2804 5599 3049 5667 quolibet
3080 5599 3238 5653 modo
3267 5609 3405 5653 terra
3431 5610 3595 5663 mota,
3627 5612 3809 5665 neque

2217 5700 2626 5762 quantacunque
2654 5680 2928 5746 successio
2974 5692 3108 5754 erit;
3142 5691 3387 5747 similiter
3417 5698 3593 5744 autem
3627 5704 3807 5756 neque

2216 5799 2345 5842 aere
2393 5783 2630 5855 quolibet
2678 5784 2872 5852 modo,
2926 5798 3097 5855 neque
3146 5794 3560 5857 quantocunque
3605 5790 3801 5847 moto.
