4022 6330
218 352 225 363 ,
278 292 379 351 981

1179 281 1570 342 ἹῸΡΙΟΟΒΠΜ
1610 278 2062 339 ARISTOTELIS
2100 275 2699 338 lNTEllPRETATlO.'

3426 276 3530 333 982

281 415 471 466 ventus
496 405 622 462 erit.
656 402 902 473 Amplius
929 402 983 457 in
1014 401 1335 473 appetitibus
1354 443 1368 465 ,
1413 402 1457 454 si
1490 416 1596 455 non
1635 400 1857 471 apponi-
1884 401 1939 461 Α
1961 402 2221 470 Amplius,
2250 404 2327 457 sic
2356 402 2697 458 deﬁnientem
2726 416 2945 459 necesse
2964 408 3044 458 est
3070 415 3133 456 eo
3165 400 3305 471 quod
3335 398 3531 453 deﬁni.

202 498 213 549 Γ
282 511 368 554 tur
395 500 538 571 quod
566 506 819 569 apparet,
849 506 902 553 et
930 498 983 551 in
1012 496 1334 566 quibuslibet
1361 494 1476 549 aliis
1503 494 1777 564 congruit,
1804 500 1862 547 ut

281 593 532 665 quoniam
562 590 808 678 voluntas
837 587 1104 675 appetitus
1130 586 1278 650 boni,
1307 582 1736 653 concupiscentia
1766 597 1862 636 au-

284 694 390 740 tem
412 673 678 752 appetitus
709 673 1113 743 delectationis,
1141 675 1235 731 sed
1259 690 1362 729 non
1409 675 1715 744 apparentia
1738 673 1862 728 boni

195 808 204 824 ο
283 777 372 833 vel
399 772 790 840 delectationis,
822 772 1132 841 plerumque
1170 769 1312 824 enim
1353 768 1484 822 latet
1521 776 1860 836 appetentes,

284 868 534 938 quoniam
551 866 746 919 bonum
770 870 858 917 aut
877 859 1193 916 delectabile
1214 868 1314 925 est,
1344 872 1509 928 quare
1530 873 1636 912 non
1679 871 1866 913 neces-

286 933 484 1012 sarium
527 957 723 1010 bonum
773 953 857 1007 vel
899 951 1217 1006 delectabile
1266 964 1418 1012 esse.
1464 950 1559 1005 sed
1603 963 1867 1019 apparens
1917 933 1925 950 ’

286 1049 492 1115 solum;
515 1046 795 1116 oportebat
818 1060 944 1114 ergo
966 1044 1042 1097 sic
1061 1051 1116 1097 et
1143 1041 1553 1111 assignationem
1584 1040 1779 1097 facere.
1809 1041 1867 1095 Si

286 1150 464 1196 autem
486 1147 539 1194 et
561 1138 852 1207 assignavit
880 1134 1017 1205 quod
1047 1134 1247 1187 dictum
1277 1142 1377 1198 est,
1412 1133 1467 1186 in
1495 1132 1637 1202 ipsas
1660 1132 1868 1203 species

288 1230 591 1288 ducendum
626 1244 756 1303 eum
800 1227 889 1297 qui
939 1226 1086 1295 ponit
1130 1223 1277 1279 ideas
1303 1239 1443 1280 esse.
1473 1224 1588 1281 Non
1615 1225 1757 1280 enim
1787 1232 1872 1279 est

290 1323 413 1379 idea
443 1321 603 1377 ullius
631 1320 937 1389 apparentis
958 1358 973 1384 ,
1023 1317 1138 1385 ipsa
1167 1323 1344 1370 autem
1372 1316 1578 1386 species
1606 1314 1672 1369 ad
1700 1314 1869 1384 ipsam

289 1411 523 1482 speciem
568 1409 780 1465 videtur
823 1406 963 1473 dici,
994 1414 1052 1460 ut
1081 1405 1193 1473 ipsa
1224 1406 1653 1475 concupiscentia
1704 1403 1871 1472 ipsius

291 1506 663 1562 delectationis
688 1548 702 1572 ,
734 1512 790 1560 et
817 1503 929 1573 ipsa
953 1500 1197 1558 voluntas
1224 1500 1389 1573 ipsius
1417 1499 1563 1555 boni.
1596 1499 1872 1569 Apparen-

293 1599 362 1653 tis
399 1599 558 1668 igitur
587 1596 713 1651 boni
756 1609 863 1650 non
890 1594 990 1648 erit
1016 1595 1126 1664 ipsa
1172 1595 1416 1649 voluntas
1438 1634 1453 1657 ,
1488 1606 1662 1662 neque
1708 1606 1872 1660 appa-

292 1690 462 1746 rentis
500 1688 868 1745 delectationis
914 1688 1025 1757 ipsa
1064 1686 1492 1759 concupiscentia
1539 1703 1551 1739 :
1582 1685 1870 1741 absurdum

1965 499 2049 546 tur
2075 494 2171 548 uti.
2204 493 2356 547 Patet
2381 504 2556 549 autem
2600 497 2736 562 hoc,
2782 496 2826 551 si
2857 495 3145 562 accipiatur
3175 508 3276 563 pro
3315 492 3535 547 nomine

1964 583 2136 637 oratio
2159 602 2171 635 :
2198 599 2320 638 nam
2346 586 2465 654 quia
2498 586 2569 640 nil
2597 585 2760 641 refert
2785 586 2964 641 dicere
2990 584 3399 653 inmqualitatem
3430 582 3538 650 pri-

1965 675 2231 730 vationem
2262 677 2583 746 aequalitatis
2605 720 2620 745 ,
2653 679 2755 732 erit
2784 678 3057 747 aequalitas
3082 676 3405 730 contrarium
3429 674 3538 743 pri-

1966 766 2163 821 vatinni
2193 768 2538 837 aequalitatis,
2563 783 2728 838 quare
2754 770 2942 823 eodem
2972 769 3074 823 erit
3101 782 3247 822 usus.
3272 766 3329 821 Si
3359 773 3536 819 autem

1968 868 2214 913 neutrum
2257 860 2644 913 contrariorum
2687 859 2977 913 secundum
3022 858 3370 927 privationem
3399 855 3543 908 dica-

1971 957 2073 1012 tur,
2125 949 2424 1017 assignetnr
2468 955 2647 1002 autem
2693 949 2868 1002 oratio
2911 947 3187 1011 similiter,
3239 954 3296 998 ut
3342 944 3541 998 bonum

1968 1041 2293 1097 contrarium
2324 1040 2496 1107 malo,
2524 1038 2858 1094 manifestum
2903 1040 3151 1107 quoniam
3184 1036 3379 1091 malum
3407 1048 3541 1087 con-

1972 1132 2191 1186 trarium
2234 1131 2371 1185 bono
2412 1130 2516 1184 erit
2557 1146 2572 1185 :
2605 1143 2726 1184 nam
2768 1129 2845 1183 sic
2874 1126 3264 1183 contrariorum
3298 1124 3544 1178 similiter

1972 1224 2143 1278 oratio
2186 1214 2540 1293 assignanda;
2573 1237 2733 1292 quare
2772 1235 2980 1274 rursum
3021 1234 3085 1274 eo
3114 1220 3254 1287 quod
3295 1218 3546 1272 deﬁnitur

1973 1313 2168 1368 accidit
2197 1313 2272 1368 uti
2294 1352 2308 1377 ,
2336 1315 2474 1368 inest
2498 1313 2640 1368 enim
2668 1314 2717 1366 in
2744 1311 2868 1365 mali
2890 1311 3132 1366 oratione
3157 1310 3372 1365 bonum.
3402 1309 3545 1375 Quo-

1974 1405 2113 1458 circa
2143 1405 2392 1474 quoniam
2425 1404 2621 1459 bonum
2661 1412 2743 1459 est
2780 1404 2920 1457 malo
2958 1402 3278 1457 contrarium
3300 1443 3315 1468 ,
3346 1402 3542 1455 malum

1974 1505 2151 1550 autem
2180 1495 2318 1550 nihil
2349 1495 2553 1561 dill‘ert,
2587 1496 2671 1551 vel
2712 1494 2852 1564 quod
2880 1502 2962 1548 est
3001 1495 3140 1547 bono
3177 1493 3504 1548 contrarium
3524 1529 3542 1555 ,

1976 1588 2077 1642 erit
2106 1588 2303 1641 bonum
2331 1588 2655 1642 contrarium
2678 1628 2690 1651 ,
2724 1586 2846 1640 boni
2882 1585 3174 1641 contrario.
3202 1577 3546 1652 Perspicuum

1978 1678 2139 1746 igitur
2161 1678 2411 1745 quoniam
2439 1678 2627 1733 eodem
2654 1692 2780 1732 usus
2803 1686 2903 1732 cst.
2930 1676 3173 1745 Amplius
3192 1716 3207 1740 ,
3229 1675 3274 1730 si
3300 1674 3439 1743 quod
3465 1688 3553 1729 se-

294 1781 441 1837 enim
468 1788 553 1835 est
596 1793 718 1835 esse
760 1779 932 1848 ipsum
975 1786 1239 1847 apparens
1282 1777 1483 1831 bonum
1524 1776 1606 1830 vel
1637 1775 1873 1830 delecta-
1902 1776 1949 1834 Β
1977 1768 2208 1822 cundum
2239 1768 2593 1838 privationem
2620 1768 2812 1822 dicitur
2836 1767 3113 1837 assignans
3136 1807 3150 1831 ,
3178 1781 3284 1819 non
3313 1767 3549 1833 assigna-

291 1871 421 1928 bile.
451 1870 725 1941 Amplius,
749 1869 795 1924 si
822 1870 891 1924 sit
916 1869 1128 1938 quidem
1160 1869 1370 1924 habitus
1396 1868 1635 1923 deﬁnitio
1654 1910 1669 1934 ,
1697 1868 1872 1922 consi-

293 1960 592 2018 derandum
638 1961 692 2015 in
735 1958 996 2026 habente,
1039 1959 1086 2014 si
1126 1958 1340 2029 quidem
1386 1958 1662 2023 habentis,
1694 1957 1751 2010 in
1781 1957 1873 2010 ha-

293 2055 431 2110 bitu.
479 2052 736 2108 Similiter
780 2059 954 2106 autem
999 2061 1052 2106 et
1093 2052 1146 2105 in
1193 2051 1403 2106 czeteris
1450 2050 1644 2104 talibus
1680 2067 1693 2104 :
1742 2058 1799 2103 ut
1826 2048 1873 2103 si

296 2144 586 2201 delectatio
619 2152 703 2199 est
724 2142 961 2211 juvantia
980 2182 996 2209 ,
1027 2156 1082 2197 et
1109 2141 1423 2197 delectabile
1443 2140 1697 2209 juvabile.

368 2234 751 2291 Universaliter
774 2242 953 2288 autem
983 2232 1235 2299 dicendo,
1268 2233 1320 2286 in
1360 2231 1663 2301 hujusmodi
1688 2229 1876 2285 deﬁni-

298 2323 567 2389 tionibus,
609 2322 1039 2393 quodammodo,
1074 2337 1180 2376 uno
1222 2322 1370 2392 plura
1417 2322 1612 2376 accidit
1637 2335 1759 2375 eum
1787 2319 1877 2389 qui

298 2416 487 2473 deﬁnit
530 2415 771 2471 delinire.
822 2415 954 2469 Nam
1002 2414 1091 2483 qui
1121 2415 1398 2469 scientiam
1430 2412 1701 2478 deﬁnivit,
1748 2428 1880 2482 quo-

299 2507 587 2564 dammodo
630 2516 687 2563 et
714 2506 1064 2577 ignorantiam
1093 2505 1369 2570 deﬁnivit;
1418 2505 1664 2560 similiter
1702 2513 1878 2558 autem

299 2608 356 2654 et
402 2597 571 2653 scium
614 2607 668 2652 ct
710 2597 971 2663 inscium,
1013 2605 1069 2651 et
1113 2595 1250 2651 scire
1311 2603 1367 2650 et
1418 2595 1701 2665 ignorare,
1759 2609 1879 2649 nan-

302 2692 478 2763 primo
504 2690 737 2751 dilucido
765 2690 924 2753 iacto,
972 2698 1027 2745 et
1073 2690 1276 2758 reliqua
1306 2688 1703 2759 quodammodo
1741 2687 1882 2742 dilu-

300 2786 422 2842 cida
470 2783 623 2839 ﬁunt.
674 2781 1071 2851 Inspiciendum
1116 2782 1278 2849 igitur
1306 2782 1357 2835 in
1388 2780 1638 2836 omnibus
1667 2780 1879 2843 talibus,

302 2890 373 2932 ne
419 2874 708 2946 quidquam
755 2872 1020 2937 dissonet,
1067 2871 1265 2926 utendo
1311 2870 1593 2927 elementis
1638 2884 1703 2925 ex
1756 2884 1885 2922 con-

301 2964 485 3019 trariis
527 2973 580 3018 et
608 2962 919 3032 conjugatis.
959 2963 1222 3030 Amplius,
1255 2962 1308 3017 in
1344 2962 1426 3016 his
1453 2976 1572 3030 quae
1594 2960 1659 3013 ad
1686 2959 1884 3029 aliquid

302 3064 459 3119 sunt,
486 3054 930 3115 considerandum
958 3054 1000 3108 si
1029 3053 1095 3107 ad
1124 3053 1262 3123 quod
1289 3068 1456 3123 genus
1483 3054 1803 3122 assignatur,
1831 3059 1885 3105 et

1978 1859 2055 1913 vit
2083 1859 2235 1928 cujus
2265 1868 2349 1914 est
2384 1861 2628 1929 privatio.
2659 1859 2727 1914 Ut
2756 1859 2999 1924 habitus,
3029 1866 3120 1912 aut
3147 1856 3426 1916 contrarii.
3460 1867 3552 1909 aut

1976 1946 2339 2021 cujuscunque
2363 1958 2446 2004 est
2475 1949 2722 2018 privatio.
2754 1949 2820 2002 Et
2843 1950 2886 2003 si
2914 1964 3018 2002 non
3048 1948 3100 2002 in
3127 1963 3233 2013 quo
3261 1956 3441 2001 natum
3471 1956 3557 2000 est

1979 2043 2095 2096 ﬁeri
2125 2042 2350 2106 addidit,
2371 2045 2451 2097 vel
2479 2042 2813 2111 simpliciter,
2841 2044 2923 2097 vel
2954 2043 3007 2096 in
3038 2057 3142 2110 quo
3170 2041 3341 2109 primo
3369 2049 3551 2093 natum

1978 2146 2059 2192 est
2089 2136 2225 2192 ﬁeri.
2256 2137 2324 2193 Ut
2360 2138 2404 2192 si
2436 2138 2785 2207 ignorantiam
2813 2139 2995 2192 dicens
3036 2138 3412 2205 privationem,
3448 2147 3556 2187 non

1978 2230 2218 2286 scientia:
2251 2230 2598 2298 privationem
2625 2231 2794 2296 dixit,
2820 2240 2911 2284 aut
2937 2231 2980 2285 si
3011 2244 3112 2284 non
3141 2228 3344 2283 addidit
3372 2228 3423 2282 in
3448 2241 3564 2297 quo.

1981 2331 2163 2376 natum
2205 2333 2285 2376 est
2317 2322 2467 2386 ﬁeri,
2501 2333 2592 2377 aut
2618 2323 2820 2377 addens
2850 2339 2955 2377 non
2990 2323 3039 2377 in
3068 2337 3174 2392 quo
3213 2322 3386 2391 primo
3424 2320 3560 2374 assi-

1980 2415 2189 2482 gnavit,
2223 2422 2279 2466 ut
2301 2413 2441 2481 quod
2471 2429 2574 2468 non
2602 2414 2655 2468 in
2689 2415 2969 2480 rationali,
2998 2415 3092 2469 sed
3143 2416 3193 2469 in
3222 2414 3436 2469 homine
3470 2411 3564 2466 vel

1983 2506 2036 2559 in
2062 2505 2239 2558 anima
2264 2520 2277 2556 :
2302 2518 2425 2558 nam
2452 2505 2497 2558 si
2523 2504 2799 2574 quodlibet
2822 2506 3009 2559 horum
3036 2506 3270 2570 omittat,
3298 2504 3557 2574 peccavit.

1984 2595 2245 2651 Similiter
2274 2606 2449 2650 autem
2481 2608 2535 2651 et
2563 2598 2610 2650 Si
2645 2607 2936 2651 caecitatem
2969 2611 3072 2651 non
3115 2597 3260 2650 visus
3304 2596 3561 2666 privatioa

1986 2703 2106 2743 nem
2133 2689 2182 2741 in
2207 2688 2363 2742 oculo
2385 2689 2547 2754 dixit;
2577 2699 2787 2757 oportet
2813 2697 2987 2743 autem
3018 2688 3153 2742 bene
3177 2688 3560 2757 assignantem,

1986 2779 2112 2849 quid
2140 2788 2242 2844 est,
2273 2787 2326 2834 et
2351 2780 2502 2849 cujus
2528 2788 2611 2834 est
2638 2782 2863 2850 privatio
2894 2780 3199 2849 assignare,
3230 2787 3284 2833 ct
3310 2764 3563 2848 quidnam

1986 2880 2070 2925 est
2104 2869 2243 2936 quod
2288 2872 2550 2939 privatum
2582 2880 2684 2925 est.
2732 2870 3024 2925 Videndum
3063 2881 3243 2925 autem
3280 2879 3334 2925 et
3371 2870 3415 2924 si
3457 2883 3565 2924 non

1989 2960 2278 3014 secundum
2309 2960 2657 3029 privationem
2688 2962 2884 3016 dictum
2906 3002 2921 3025 ,
2965 2962 3264 3030 privatione
3303 2947 3563 3035 definivit.

1993 3049 2059 3104 Ut
2099 3057 2153 3104 et
2198 3051 2248 3103 in
2282 3050 2575 3119 ignorantia
2608 3052 2871 3105 videbitur
2895 3059 3014 3107 eSse
3047 3052 3350 3122 hujusmodi
3380 3066 3568 3121 pecca-

303 3145 515 3210 species
541 3146 606 3196 ad
632 3142 758 3196 illud
786 3142 1050 3212 quoddam
1078 3143 1375 3212 assignetur
1406 3158 1421 3198 :
1454 3153 1511 3197 ut
1536 3144 1581 3197 si
1610 3142 1789 3213 opinio
1818 3140 1885 3195 ad
1915 3149 1959 3211 ρ
1995 3148 2102 3193 tum
2128 3180 2143 3205 ,
2176 3140 2241 3194 iis
2267 3141 2354 3209 qui
2384 3155 2489 3195 non
2526 3142 2820 3196 secundum
2851 3144 3183 3213 negatiOneiu
3213 3143 3567 3212 ignorantiam

254 3300 257 3303 ἢ
306 3234 578 3302 opinatum
598 3273 613 3299 ,
640 3241 696 3286 et
720 3232 961 3303 quaidam
988 3233 1170 3302 Opinio
1196 3232 1264 3288 ad
1289 3232 1556 3303 quoddam
1585 3234 1883 3303 opinatum,

304 3330 364 3380 et
386 3324 432 3378 si
464 3322 738 3392 multiplex
767 3321 833 3377 ad
862 3324 1171 3393 multiplex,
1202 3331 1257 3378 et
1297 3323 1567 3393 quoddam
1611 3323 1888 3392 multiplex

308 3412 377 3467 ad
402 3412 668 3481 quoddam
700 3412 1107 3482 submultiplex;
1140 3412 1182 3468 si
1211 3420 1386 3467 autem
1414 3429 1523 3467 non
1547 3413 1624 3467 sic
1650 3414 1891 3482 assigna-

308 3510 415 3566 tur,
444 3501 783 3555 manifestum
832 3501 1082 3570 quoniam
1130 3509 1401 3569 peccatur.
1458 3500 1754 3556 \‘idendum
1797 3516 1893 3554 au-

309 3603 418 3647 tem
446 3601 500 3647 et
526 3592 572 3645 si
597 3570 1094 3660 Oppositi'opposita
1128 3572 1367 3653 d‘eﬁditio
1398 3608 1410 3643 :
1442 3599 1501 3644 ut
1527 3592 1572 3645 si
1601 3590 1804 3645 dimidii
1828 3605 1892 3645 ea

313 3682 385 3736 sit
413 3696 533 3751 qua:
560 3680 804 3751 opposita
832 3688 914 3735 est
942 3681 990 3735 ei
1021 3696 1138 3749 quae
1166 3689 1249 3735 est
1287 3680 1539 3750 duplicis,
1572 3696 1692 3735 nam
1724 3684 1765 3734 si
1792 3680 1893 3734 du-

310 3774 430 3842 plex
475 3782 556 3828 est
594 3771 735 3842 quod
766 3775 816 3826 in
848 3772 1041 3841 aequali
1070 3783 1284 3842 superat
1317 3773 1614 3836 dimidium,
1648 3784 1702 3829 et
1734 3772 1895 3827 dimi-

313 3864 472 3936 diun‘t
504 3863 645 3933 quod
686 3863 740 3917 in
769 3864 961 3933 aequali
991 3873 1294 3933 superatur.
1328 3865 1385 3920 In
1414 3866 1694 3920 contrariis
1719 3874 1896 3919 autem

312 3956 582 4011 similiter.
613 3954 746 4011 Nam
773 3955 1039 4010 contraria
1067 3957 1320 4011 COlill‘nl'll
1350 3957 1522 4012 oratio
1555 3958 1676 4023 erit,
1712 3972 1897 4013 secun-

322 4049 451 4103 dum
486 4062 645 4102 unam
676 4049 958 4117 quamdam
1004 4050 1431 4119 complexionem
1477 4053 1893 4118 contrariorum,

316 4148 374 4194 ut
399 4140 444 4194 si
474 4139 767 4210 adjutivum
799 4139 1013 4208 quidem
1042 4140 1346 4195 ell’ectivum
1372 4142 1493 4196 boni
1519 4152 1624 4209 est,
1651 4145 1896 4198 nocivum

315 4228 618 4285 ell'ectivum
675 4227 839 4295 mali,
889 4238 981 4283 aut
1034 4231 1396 4298 corruptivum
1457 4232 1614 4297 boni;
1671 4235 1897 4288 alterum

238 4376 247 4391 ,
317 4322 461 4376 enim
488 4321 676 4376 horum
700 4321 1063 4376 necessarium
1086 4331 1169 4377 est
1189 4322 1515 4379 contrarium
1541 4339 1660 4379 esse
1680 4326 1727 4379 ei
1757 4326 1898 4394 quod

314 4428 381 4468 ex
425 4412 686 4482 principio
726 4411 928 4467 dictum
968 4421 1072 4469 est.
1117 4414 1175 4469 Si
1214 4416 1374 4484 igitur
1404 4424 1648 4470 neutrum
1680 4425 1898 4471 contra-

1993 3232 2177 3286 dicunt
2208 3250 2221 3286 :
2266 3247 2385 3287 nam
2422 3233 2564 3303 quod
2596 3249 2704 3288 non
2734 3234 2892 3289 habet
2918 3235 3193 3290 scientiam
3226 3249 3330 3289 non
3362 3234 3571 3289 videtur

1994 3323 2259 3393 ignorare,
2287 3322 2382 3377 sed
2402 3325 2568 3393 magis
2592 3324 2732 3393 quod
2755 3324 3033 3394 deceptum
3058 3334 3160 3393 est,
3186 3334 3402 3394 pr0pter
3427 3324 3571 3395 quod

1994 3431 2169 3485 neque
2198 3416 2519 3481 inanimata,
2567 3432 2741 3485 neque
2786 3432 2980 3486 pueros
3027 3418 3253 3471 dicimus
3292 3418 3569 3486 ignorare;

1995 3522 2162 3576 quare
2184 3521 2290 3560 non
2317 3505 2608 3560 secundum
2634 3507 2981 3575 privationem
3013 3505 3247 3560 scientia:
3274 3504 3569 3574 ignorantia

1996 3596 2208 3650 dicitur.
2257 3595 2538 3663 Amplius,
2567 3596 2610 3649 si
2656 3595 2917 3650 similibus
2965 3595 3197 3649 nominis
3250 3595 3460 3647 casibus
3498 3593 3571 3647 si-

1998 3687 2151 3741 miles
2190 3686 2447 3741 orationis
2488 3702 2645 3742 casus
2675 3696 2954 3754 aptantur,
2989 3696 3046 3741 ut
3086 3688 3129 3742 si
3171 3686 3459 3756 adjutivutn
3490 3696 3575 3741 est

1998 3776 2299 3832 cliectivum
2331 3778 2603 3844 sanitatis,
2632 3777 2865 3848 adjutive
2904 3783 2987 3833 εει
3024 3778 3267 3832 sanitatis
3296 3775 3567 3840 eﬁective,

1998 3877 2052 3923 et
2076 3867 2332 3938 adjuvans
2359 3867 2597 3923 efﬁciens
2625 3869 2924 3923 sanitatem.
2953 3866 3407 3923 Considerandum
3436 3875 3490 3921 et
3519 3866 3570 3919 in

2000 3961 2152 4027 idea,
2196 3961 2242 4015 si
2281 3962 2544 4030 aptabitur
2585 3960 2757 4016 dictus
2799 3964 3078 4016 terminus.
3107 3962 3237 4015 Nam
3272 3962 3324 4015 in
3356 3961 3573 4030 quibus»

1999 4051 2119 4106 dam
2150 4066 2254 4106 non
2293 4053 2525 4121 accidit,
2561 4062 2617 4107 ut
2644 4053 3087 4122 quemadmodum
3121 4053 3273 4107 Plato
3299 4053 3569 4119 deﬁnivit,

2000 4145 2226 4201 mortale
2274 4145 2475 4199 addens
2522 4146 2576 4199 in
2624 4146 2932 4201 animalium
2983 4145 3417 4211 deﬁnitionibus,
3459 4128 3573 4199 idea

2000 4234 2143 4288 enim
2192 4250 2296 4289 non
2342 4237 2446 4289 erit
2495 4237 2763 4301 mortalis,
2810 4246 2866 4289 ut
2895 4236 3009 4307 ipse
3057 4236 3243 4300 homo;
3274 4252 3439 4305 quare
3470 4252 3574 4290 non

1976 4325 2271 4392 raptabitur
2311 4325 2377 4379 ad
2423 4325 2595 4381 ideam
2644 4326 2909 4381 deﬁnitio.
2956 4327 3278 4396 Simpliciter
3315 4336 3490 4381 autem
3526 4327 3578 4385 in

2004 4415 2195 4483 quibus
2236 4415 2517 4485 apponitur
2543 4415 2843 4471 etl‘ectivum
2889 4425 2981 4471 aut
3030 4417 3327 4487 passivum;
3359 4432 3577 4473 necessia

314 4505 451 4559 rium
478 4511 560 4558 est
584 4503 634 4559 ei
658 4505 799 4573 quod
828 4519 892 4559 ev
925 4504 1185 4574 principio
1208 4506 1404 4561 dictum
1427 4516 1531 4572 est,
1557 4507 1896 4563 manifestum
1928 4515 1981 4576 Ι)
2005 4516 2089 4560 εει
2118 4505 2395 4561 dissonare
2419 4507 2469 4559 in
2496 4506 2612 4561 idea
2644 4507 2963 4573 terminum,
2994 4522 3113 4562 nam
3145 4508 3497 4577 impassibiles
3527 4516 3581 4562 et

314 4595 565 4664 quoniam
591 4602 779 4649 neutra
804 4596 906 4650 erit
927 4611 1107 4651 earum
1133 4598 1272 4667 (qua:
1295 4598 1561 4667 posterius
1584 4598 1892 4671 assignatas)

314 4686 569 4742 contrarii
602 4688 805 4753 oratio;
840 4704 1003 4757 quare
1032 4705 1203 4758 neque
1229 4706 1348 4760 qua:
1374 4706 1438 4747 ex
1472 4693 1736 4761 principio
1765 4695 1899 4748 assi-

315 4786 471 4847 gnata
486 4785 568 4832 est
586 4776 851 4842 deﬁnitio,
869 4787 1011 4833 recte
1033 4780 1300 4849 assignata
1319 4792 1420 4835 est.
1439 4782 1697 4849 Quoniam
1720 4792 1897 4840 autem

314 4865 563 4935 quaedam
593 4867 984 4921 contrariorum
1028 4868 1325 4937 privatione
1362 4871 1581 4926 alterius
1627 4872 1894 4939 dicuntur,

316 4963 372 5009 ut
414 4954 749 5025 inaequalitas
781 4956 1005 5025 privatio
1039 4959 1358 5026 mqualitatis
1390 4960 1594 5015 videtur
1619 4978 1735 5018 esse
1768 4965 1786 5033 (
1813 4965 1893 5018 in-

314 5045 536 5115 :cqualia
584 5045 763 5111 enim,
794 5060 914 5115 quae
962 5060 1068 5100 non
1117 5048 1342 5116 aequalia
1382 5062 1536 5118 sunt,
1578 5052 1889 5125 dicuntur),

314 5138 656 5205 perspicuum
708 5138 957 5207 quoniam
1010 5138 1151 5207 quod
1204 5141 1493 5196 secundum
1543 5134 1891 5213 privationem

312 5227 531 5295 quidem
561 5228 756 5283 dicitur
781 5229 1137 5297 contrarium,
1172 5234 1532 5288 necessarium
1563 5246 1645 5291 est
1674 5237 1894 5295 deﬁnire

313 5334 408 5389 per
431 5318 654 5373 alterum
676 5364 690 5389 ,
722 5320 985 5390 reliquum
1016 5334 1145 5375 vero
1172 5336 1277 5375 non
1300 5323 1412 5391 jam
1442 5337 1685 5396 Oportet,
1718 5346 1812 5399 per
1839 5332 1891 5386 id

310 5408 453 5478 quod
473 5409 763 5463 secundum
787 5410 1137 5479 privationem
1161 5409 1372 5468 dicitur.
1398 5413 1512 5469 Non
1537 5418 1679 5472 enim
1700 5420 1895 5475 accidit

311 5500 624 5556 alterutrum
662 5516 754 5571 per
783 5502 1096 5557 alterutrum
1131 5506 1403 5576 cognosci.
1437 5506 1893 5568 Considerandum

313 5592 474 5660 igitur
513 5592 564 5648 in
605 5592 886 5647 contrariis
926 5592 1571 5671 ltujusmodicpeccatum,
1609 5611 1664 5654 ut
1703 5604 1744 5655 si
1776 5605 1894 5672 quis

314 5682 549 5737 deﬁnivit
587 5683 944 5753 aequalitatem
990 5687 1314 5739 contrarium
1355 5689 1725 5758 inmqnalitati,
1772 5708 1893 5747 nam

316 5786 408 5843 per
432 5774 530 5829 hoc
551 5773 692 5843 quod
714 5776 1001 5831 secundum
1027 5774 1373 5846 privationem
1398 5780 1609 5850 dicitur,
1634 5782 1890 5840 deﬁnivit.

2003 4594 2306 4650 immobiles
2350 4594 2598 4651 videntur
2628 4610 2748 4651 esse
2795 4596 2931 4651 idem
2968 4596 3032 4652 iis
3077 4598 3165 4667 qui
3206 4597 3389 4651 dicunt
3434 4596 3581 4650 ideas

2002 4702 2123 4742 esse
2141 4702 2169 4751 ;ο
2191 4686 2475 4743 adversum
2507 4687 2605 4743 hos
2657 4697 2835 4744 autem
2868 4697 2921 4743 et
2952 4690 3081 4743 tales
3122 4691 3389 4744 orationes
3420 4687 3579 4742 utiles

2000 4791 2143 4835 sunt.

2612 4871 2835 4928 CAPUT
2879 4873 2938 4928 V.

2456 4961 2533 5015 De
2562 4962 2853 5031 deﬁnitione
2890 4965 2990 5019 loci
3020 4965 3131 5019 alii.

2073 5053 2338 5124 Amplius,
2364 5054 2407 5109 si
2433 5069 2616 5109 eorum
2643 5073 2759 5126 qua:
2787 5059 3076 5113 secundum
3102 5056 3575 5128 aequivocationem

2006 5142 2284 5210 dicuntur,
2342 5161 2501 5200 unam
2551 5146 2911 5204 deﬁnitionem
2961 5150 3198 5204 omnium
3235 5162 3577 5204 communem

2006 5237 2319 5306 assignavit.
2347 5238 2582 5295 Univoca
2627 5242 2790 5306 enim,
2818 5257 3039 5312 quorum
3063 5258 3162 5295 una
3188 5252 3268 5296 cst
3288 5241 3575 5295 secundum

2005 5344 2200 5384 nomen
2232 5333 2435 5397 oratio;
2459 5348 2625 5402 quare
2655 5334 2853 5390 nullius
2875 5349 3057 5390 eorum
3090 5350 3208 5404 qua:
3235 5335 3333 5390 sub
3362 5336 3578 5389 nomine

2009 5429 2164 5489 sunt,
2198 5424 2498 5491 assignatus
2527 5433 2610 5479 est
2640 5425 2929 5490 terminus,
2964 5441 3029 5479 eo
3062 5426 3201 5495 quod
3242 5426 3485 5480 similiter
3510 5426 3576 5479 ad

2007 5524 2197 5575 omne,
2226 5513 2553 5581 atquivocutn
2586 5514 2883 5584 adaptatur.
2916 5515 3108 5569 Passus
3138 5525 3313 5571 autem
3343 5515 3443 5570 hoc
3469 5526 3574 5578 est,

2006 5609 2060 5654 et
2108 5601 2342 5672 Dionysii
2395 5604 2517 5659 vita:
2563 5605 2855 5667 terminus,
2896 5605 3155 5674 siquidem
3187 5621 3247 5662 ea
3280 5616 3455 5661 motus
3494 5616 3578 5659 est

2003 5695 2184 5761 generi
2222 5680 2493 5751 nntriendi
2537 5696 2845 5750 naturaliter
2885 5698 3175 5754 inserviens
3200 5740 3215 5766 ,
3263 5699 3386 5753 nihil
3428 5701 3571 5757 enim

2005 5787 2105 5841 hoc
2135 5788 2302 5857 magis
2325 5788 2637 5842 animalibus
2663 5802 2817 5857 quam
2842 5790 3032 5860 plantis
3061 5791 3228 5859 inest;
3262 5793 3362 5847 vita
3393 5801 3577 5847 autem
