4022 6330
431 998 449 1025 ἦ

435 1036 449 1119 ξ

494 283 599 339 $83

1708 282 1823 338 AN.
1863 282 2070 338 MANL.
2110 271 2265 337 δεῖν.
2308 282 2531 339 ΒΟΕΤΙΙ

3671 293 3780 349 984

493 415 602 454 non
625 398 916 456 secundum
940 412 1098 455 unam
1127 398 1363 468 speciem
1389 396 1601 454 videtur
1626 396 1754 464 dici,
1783 398 1878 453 sed
1906 398 2072 454 altera
2102 405 2153 460 Α
2180 398 2223 452 si
2252 408 2307 452 et
2338 412 2430 468 per
2464 398 2727 468 ignotiora
2758 399 2984 456 nomina
3008 402 3487 463 commutationem
3533 414 3727 464 munt
3759 428 3777 463 :

493 490 707 560 quidem
737 490 1093 557 animalibus,
1141 490 1309 544 altera
1360 489 1558 558 plantis
1588 488 1748 545 inest.
1804 490 2080 559 Coutingit

494 583 653 648 igitur
696 592 751 637 et
794 579 1086 635 secundum
1114 579 1430 635 electionem
1467 581 1547 634 sic
1584 582 1858 650 assignare
1888 584 2076 636 termi-

493 688 659 734 num,
709 687 773 727 ac
819 673 866 727 si
914 672 1179 737 nnivoca,
1211 679 1266 727 et
1306 671 1599 726 secundum
1639 689 1798 729 unam
1842 676 2077 745 speciem

454 750 665 839 inmitis
695 764 801 818 vita
848 763 1131 818 diceretur.
1184 760 1325 816 Nihil
1354 771 1532 818 autem
1562 765 1810 833 prohibet
1850 775 1905 823 et
1952 782 2076 822 eum

451 860 457 877 ‘
488 856 578 922 qui
604 856 876 927 conspicit
901 855 1378 926 mquivocationem
1404 900 1418 923 ,
1449 865 1503 911 et
1546 858 1765 913 alterius
1804 860 1918 914 vult
1946 861 2079 915 deﬁ-

432 960 449 1018 ;
488 948 747 1001 nitionem
781 948 1084 1018 assignare,
1116 948 1285 1002 latere
1309 962 1415 1002 non
1446 951 1717 1018 propriam
1741 991 1755 1016 ,
1790 952 1885 1007 sed
1928 967 2076 1009 com-

490 1053 707 1095 munem
769 1039 1010 1108 utrisqne
1058 1039 1358 1094 orationem
1424 1041 1698 1110 assignare
1730 1082 1745 1108 ,
1796 1043 1889 1098 sed
1942 1046 2074 1101 nihil

431 1126 444 1143 ‘
489 1130 669 1185 minus
706 1130 751 1184 si
796 1130 1000 1185 utrovis
1030 1128 1190 1184 modo
1235 1130 1451 1197 iecerit,
1480 1132 1741 1201 peccavit.
1785 1133 2074 1206 Postquam

487 1231 667 1276 autem
700 1222 944 1292 quaedam
996 1223 1168 1278 latent
1214 1223 1614 1292 arquivucorum
1647 1266 1663 1290 ,
1724 1218 2073 1297 inte'rroganti

486 1312 702 1380 quidem
734 1322 793 1368 ut
823 1313 1064 1369 univocis
1097 1314 1375 1369 utendum.
1411 1314 1540 1369 Nam
1584 1331 1690 1371 non
1733 1317 2075 1387 adaptabitur

486 1404 711 1459 alterius
758 1404 1017 1459 terminus
1047 1405 1113 1461 ad
1158 1405 1420 1472 alterum,
1473 1421 1637 1475 quare
1671 1407 1934 1464 videbitur
1968 1425 2073 1466 non

487 1496 922 1567 distinguendum
975 1497 1076 1552 hoc
1134 1505 1323 1567 pacto,
1379 1507 1590 1567 oportet
1631 1499 1774 1554 enim
1822 1500 1873 1555 in
1914 1516 2075 1559 omne

492 1573 776 1643 nnivdcum
809 1586 1079 1657 adaptari,
1123 1586 1300 1643 eidem
1331 1596 1508 1643 autem
1540 1589 1885 1659 respondenti
1908 1634 1922 1655 ,
1964 1592 2075 1647 dis-

490 1680 838 1751 tinguendum
890 1688 993 1735 est.
1044 1679 1307 1745 Quoniam
1365 1691 1544 1736 autem
1591 1682 1807 1750 quidam
1853 1698 2074 1753 reapon-

2186 498 2244 541 ut
2293 503 2390 556 pio
2421 489 2639 545 homine
2663 490 2806 555 albo,
2846 491 3168 562 terrigenam
3196 494 3547 563 candentem;
3595 496 3779 568 neque

2187 579 2331 633 enim
2361 580 2620 646 deﬁnivit,
2663 596 2784 637 cum
2815 583 2995 639 minus
3024 584 3095 639 sit
3115 585 3318 642 clarum
3349 590 3491 655 quod
3517 590 3600 645 sic
3638 590 3779 647 dici-

2186 678 2292 725 tur.
2318 671 2780 728 Cousiderandum
2810 683 2990 728 autem
3021 685 3075 730 et
3104 678 3149 730 si
3172 693 3270 747 per
3293 682 3774 739 commutationem

2182 764 2459 819 nominum
2483 805 2498 832 ,
2530 779 2635 820 non
2666 766 2808 822 idem
2833 767 2945 838 jam
2976 769 3263 839 signiﬁcat.
3298 770 3366 827 Ut
3400 774 3493 842 qui
3522 784 3776 830 contem-

2181 858 2434 928 plativam
2502 860 2830 929 scientiam,
2909 862 3220 933 opinionem
3264 852 3774 936 'coutemplativam

2179 950 2342 1017 dixit;
2376 966 2499 1006 nam
2548 952 2732 1021 Opinio
2767 953 3010 1010 scientiae
3041 969 3147 1010 non
3176 956 3318 1011 idem
3347 958 3427 1030 (at
3449 968 3702 1027 oportet,
3730 960 3776 1015 si

2177 1042 2362 1109 debet,
2406 1053 2462 1100 et
2515 1053 2685 1100 totum
2724 1045 2866 1101 idem
2896 1044 3071 1116 esse);
3120 1061 3244 1102 nam
3289 1049 3775 1120 contemplativum

2177 1134 2396 1206 quidem
2440 1151 2727 1192 commune
2775 1137 2829 1192 in
2859 1139 3102 1208 utrisque
3128 1139 3464 1194 orationibus
3490 1149 3609 1206 est,
3640 1142 3775 1197 reli-

2148 1243 2340 1299 quum
2372 1243 2502 1285 vero
2528 1229 2803 1286 differens.
2836 1230 3086 1301 Amplius
3107 1276 3122 1301 ,
3153 1233 3199 1286 si
3226 1232 3449 1288 alterius
3488 1235 3775 1290 nominum

2178 1323 2655 1379 commutationem
2682 1324 2906 1390 iaciens,
2932 1339 3039 1379 non
3067 1324 3407 1391 dLﬁ‘erentiaz,
3432 1327 3525 1381 sed
3554 1329 3775 1397 generis

2176 1416 2655 1471 commutationem
2688 1416 2815 1472 fecit
2860 1433 2873 1469 :
2908 1424 2969 1471 ut
2998 1417 3053 1471 in
3090 1431 3157 1473 eo
3187 1419 3327 1487 quod
3361 1434 3532 1489 nuper
3562 1420 3772 1476 dictum

2178 1515 2302 1571 est.
2353 1507 2588 1577 ignotins
2619 1508 2763 1563 enim
2808 1508 3229 1578 contemplativa
3275 1526 3435 1580 quam
3473 1513 3713 1567 scientia
3757 1529 3774 1568 :

2177 1613 2299 1653 nam
2358 1599 2459 1653 hoc
2504 1600 2719 1670 quidem
2768 1615 2971 1669 genus,
3014 1601 3144 1656 illud
3191 1612 3369 1657 autem
3420 1602 3771 1669 differentia,

2176 1688 2428 1744 omnibus
2455 1699 2634 1746 autem
2660 1691 2839 1745 notius
2863 1706 3057 1761 genus,
3082 1707 3206 1748 nam
3234 1696 3569 1762 communis;
3602 1712 3773 1767 quare

488 1772 728 1829 dentium
761 1773 1044 1827 univocum
1072 1773 1287 1844 quidem
1319 1775 1507 1829 dicunt
1542 1789 1664 1830 esse
1707 1778 2070 1845 :cquivucum,
2105 1786 2153 1848 Β
2180 1794 2286 1836 non
2322 1782 2570 1851 generis,
2595 1784 2690 1839 sed
2717 1783 3036 1840 differentia:
3063 1787 3347 1857 oportebat
3384 1790 3770 1845 contmutatio-

487 1864 701 1935 quando
716 1878 820 1918 non
839 1864 1273 1919 accommodatur
1295 1864 1362 1919 ad
1386 1880 1546 1919 omne
1574 1866 1843 1935 assignata
1869 1868 2068 1934 oratio,

487 1955 817 2025 mquivocum
857 1966 1033 2010 autem
1066 1956 1383 2023 univocum,
1437 1957 1645 2011 etiamsi
1675 1956 1742 2012 ad
1786 1970 2073 2029 utrumque

486 2047 946 2115 accommodetur,
980 2049 1427 2118 praeconfessione
1446 2050 1701 2105 utendqu
1729 2066 1827 2121 pro
1846 2053 2069 2117 talibus,

485 2148 579 2194 aut
632 2140 1101 2211 pratcolligendum
1140 2141 1281 2212 quod
1329 2142 1699 2211 tequivocum,
1752 2144 1837 2199 vel
1887 2145 2073 2200 univo-

486 2248 649 2300 cum,
703 2242 793 2289 aut
835 2245 1123 2307 atrumque
1172 2234 1351 2291 fuerit.
1394 2235 1556 2306 Magis
1585 2236 1729 2291 enim
1771 2241 2074 2295 concedunt

486 2341 593 2381 non
651 2329 1043 2398 prmvidentes,
1096 2330 1238 2400 quod
1272 2332 1507 2385 futurum
1539 2341 1623 2386 est
1663 2342 1719 2387 ut
1744 2335 1971 2391 accidat.
2015 2336 2070 2393 Si

484 2429 665 2477 autem
702 2437 807 2478 non
836 2422 973 2478 facta
1022 2423 1360 2479 confessione
1404 2425 1603 2482 dixerit
1639 2428 1833 2499 aliquis
1883 2410 2074 2485 univo-

485 2526 608 2565 cum
636 2514 968 2583 :equivocum
992 2527 1133 2579 esse,
1155 2528 1221 2569 eo
1249 2515 1390 2585 quod
1417 2532 1522 2571 non
1554 2520 1992 2576 accommodetur
2018 2532 2073 2577 et

485 2601 540 2655 in
572 2600 673 2657 hoc
697 2604 964 2674 assignala
986 2606 1180 2671 oratio,
1203 2607 1651 2663 considerandum
1682 2611 1727 2665 si
1768 2611 1925 2681 hujus
1947 2629 2074 2668 ora-

486 2687 563 2746 tio
576 2695 1079 2750 atcumntodaturet
1096 2696 1161 2751 ad
1177 2697 1399 2768 reliqua.
1422 2698 1552 2753 Nam
1580 2699 1918 2755 manifestum
1946 2718 2075 2773 quo-

487 2784 631 2840 niam
668 2787 953 2843 univocum
983 2788 1092 2843 erit
1142 2788 1394 2857 reliquis;
1434 2790 1479 2843 si
1510 2799 1690 2845 autem
1722 2806 1826 2845 non
1848 2832 1862 2855 ,
1897 2792 2075 2862 plures

485 2880 996 2935 eruutdeﬁnitiones
1011 2877 1232 2948 reliquis
1252 2898 1266 2935 :
1283 2895 1402 2934 nam
1431 2880 1548 2936 dua:
1566 2882 1860 2936 secundum
1880 2897 2073 2938 nomen

485 2970 761 3025 orationes
788 2970 1346 3026 accommodabuntur
1372 2972 1438 3026 ad
1461 2972 1705 3028 eamdem
1730 3012 1745 3039 ,
1788 2989 1905 3045 qua:
1929 2969 2078 3045 prior

486 3064 759 3133 assignata
817 3073 937 3131 est,
992 3073 1048 3119 et
1097 3078 1220 3134 quae
1268 3067 1558 3135 posterior.
1593 3066 1825 3123 Rursum
1871 3070 1916 3124 si
1956 3072 2077 3141 quis

385 3230 403 3240 _
487 3158 758 3212 deﬁniens
788 3157 987 3228 aliquid
1015 3172 1203 3213 eorum
1250 3174 1371 3228 quae
1402 3158 1772 3229 multipliciter
1801 3162 2071 3231 dicuntur,
2102 3165 2147 3227 Ο
2179 3175 2263 3221 est
2313 3181 2420 3235 quo
2471 3175 2627 3236 pacto
2669 3164 2907 3221 medium
2959 3165 3248 3222 habentem

492 3259 548 3304 et
575 3251 748 3305 oratio
778 3266 885 3306 non
914 3252 1351 3306 accommodatur
1375 3252 1443 3306 ad
1475 3254 1675 3318 omnia,
1699 3262 1753 3311 et
1772 3257 1895 3325 quia
1917 3256 2075 3326 aequi-

488 3358 683 3399 vocum
730 3358 854 3402 esse
882 3361 988 3402 non
1032 3346 1327 3413 concedat,
1360 3361 1557 3403 nomen
1587 3348 1746 3403 etiam
1780 3348 1926 3403 dicat
1968 3363 2073 3404 non

490 3436 557 3492 ad
586 3440 765 3494 omnia
796 3438 1215 3507 accommodari,
1246 3440 1501 3510 quoniam
1532 3454 1631 3494 nec
1656 3440 1860 3515 oratio,
1893 3440 2076 3497 dicen-

491 3527 619 3584 dum
651 3531 716 3586 ad
745 3531 1033 3601 ejusmodi,
1058 3530 1202 3601 quod
1227 3530 1593 3587 nominatione
1618 3530 1834 3602 quidem
1864 3542 2076 3602 oportet

489 3624 568 3679 uti
598 3640 717 3693 quae
742 3624 934 3679 tradita
960 3633 1091 3691 est,
1124 3636 1179 3680 et
1206 3640 1327 3695 qua:
1355 3625 1626 3693 sequitur,
1662 3634 1717 3681 et
1746 3641 1852 3680 non
1895 3626 2077 3681 dimo-

486 3732 616 3774 vere
644 3734 762 3789 qua:
796 3718 920 3773 talia
968 3730 1125 3786 sunt,
1158 3718 1371 3774 tametsi
1403 3720 1667 3773 nonnulla
1699 3718 1928 3775 dicenda
1970 3734 2075 3775 non

489 3812 596 3864 sint
639 3809 892 3864 similiter
935 3810 1286 3865 multitudini.
1330 3810 1388 3867 Si
1440 3818 1621 3865 autem
1653 3811 1878 3881 alicujus
1928 3826 2077 3866 com-

492 3903 769 3969 plexurum
814 3901 1117 3970 assignetur
1149 3902 1450 3968 terminus,
1497 3902 1945 3957 considerandum
1994 3912 2078 3958 est

490 3992 784 4048 auferendo
805 3995 1027 4049 alterius
1050 4008 1237 4050 eorum
1267 4010 1385 4063 qua:
1415 3994 1846 4065 complectuntur
1874 3996 2074 4051 oratio-

489 4104 639 4157 nem,
671 4088 716 4142 si
747 4098 828 4143 est
855 4097 911 4144 et
941 4087 1142 4159 reliqua
1167 4088 1386 4158 reliqui.
1413 4087 1544 4143 Nam
1575 4088 1619 4144 si
1667 4104 1769 4143 non
1794 4129 1809 4154 ,
1850 4090 2076 4147 manife—

488 4188 631 4232 stum
671 4180 921 4248 quoniam
980 4194 1151 4250 neque
1198 4188 1307 4235 tota
1360 4181 1568 4237 totius:
1605 4188 1661 4235 ut
1707 4183 1750 4235 si
1810 4181 2076 4252 quispiam

490 4272 733 4326 deﬁnivit
762 4273 954 4327 lineam
991 4272 1204 4327 ﬁnalem
1228 4280 1454 4339 rectam,
1476 4273 1635 4328 ﬁnem
1665 4275 1809 4343 plani
1832 4275 2078 4332 habentis

492 4364 625 4416 lines
648 4403 664 4428 ,
695 4363 849 4431 cujus
882 4364 1113 4418 medium
1146 4364 1527 4435 superaddilur
1563 4365 1787 4433 ﬁnibus,
1818 4368 1862 4422 si
1903 4367 2078 4423 ﬁnalis

491 4454 645 4509 linem
699 4455 871 4510 oratiu
917 4464 1017 4519 est,
1063 4456 1184 4510 ﬁnis
1238 4455 1380 4525 plani
1431 4456 1678 4511 habentis
1716 4458 1871 4526 ﬁnes,
1914 4469 2076 4514 recta:

2175 1888 2298 1928 nem
2350 1875 2465 1930 ﬁeri
2495 1916 2511 1943 ,
2557 1890 2624 1932 eo
2652 1878 2796 1948 quod
2840 1878 3075 1947 ignotior
3114 1878 3218 1934 est’.
3268 1881 3352 1936 An
3394 1881 3507 1937 hac
3549 1882 3769 1952 quidem

2175 1964 2399 2021 ridicula
2435 1967 2821 2035 reprehensio?
2863 1970 2999 2025 nihil
3042 1971 3186 2025 enim
3231 1970 3478 2040 prohibet
3506 1972 3772 2029 diﬂeren-

2177 2054 2302 2110 tiam
2345 2058 2560 2127 quidem
2602 2059 2887 2135 notissimo
2914 2060 3131 2115 nomine
3172 2060 3312 2127 dici,
3362 2076 3534 2131 genus
3585 2073 3768 2119 autem

2177 2164 2308 2202 non.
2363 2148 2454 2204 Sic
2516 2160 2697 2205 autem
2736 2150 2900 2206 rebus
2951 2166 3012 2205 se
3057 2150 3379 2207 habentibus
3425 2154 3770 2210 manifestum

2176 2240 2428 2310 quoniam
2457 2243 2673 2312 generis
2694 2284 2708 2307 ,
2748 2251 2800 2298 et
2831 2256 2937 2299 non
2968 2242 3288 2299 diﬁerentia:
3325 2247 3625 2302 secundum
3667 2263 3770 2304 ne-

2178 2348 2300 2387 men
2340 2335 2692 2389 commutatio
2723 2334 2994 2402 iacienda;
3030 2336 3077 2392 si
3103 2345 3282 2391 autem
3306 2352 3413 2391 non
3440 2353 3639 2394 nomen
3673 2355 3770 2409 pro

2177 2424 2427 2490 nomine,
2476 2425 2569 2479 sed
2600 2425 2900 2480 orationem
2931 2441 3026 2495 pro
3048 2426 3264 2481 nomine
3291 2438 3622 2493 commutat,
3651 2444 3775 2485 ma-

2180 2517 2434 2571 uiiestum
2468 2517 2738 2585 quoniam
2782 2516 3106 2573 d‘iﬁ'erentite
3143 2518 3314 2588 magis
3350 2534 3512 2588 quam
3555 2519 3775 2589 generis

2180 2607 2424 2662 deﬁnitio
2453 2608 2777 2679 assignanda
2809 2616 2912 2676 est,
2948 2623 3014 2665 eo
3036 2609 3179 2678 quod
3204 2610 3571 2679 cognoscendi
3602 2612 3771 2681 gratia

2180 2699 2421 2755 deﬁnitio
2440 2702 2763 2772 assignatur,
2800 2716 2922 2755 nam
2946 2703 3124 2756 minus
3152 2701 3455 2758 diti‘erentia
3486 2719 3647 2773 quam
3674 2719 3771 2775 ge-

2182 2811 2281 2850 nus
2311 2806 2460 2852 nota.
2490 2796 2548 2850 Si
2574 2806 2751 2851 autem
2776 2796 3098 2850 ditl'erentir'e
3132 2798 3420 2851 terminum
3450 2796 3772 2867 assignavit,

2180 2888 2632 2945 considerandum
2681 2890 2727 2945 si
2784 2898 2841 2945 et
2882 2889 3113 2959 alicujus
3151 2891 3289 2946 alius
3335 2892 3640 2946 communis
3694 2900 3775 2948 est

2182 2981 2483 3051 assignatus
2533 2984 2794 3039 terminus
2828 3002 2842 3037 :
2876 2992 2934 3039 ut
2978 2999 3100 3039 cum
3148 2985 3409 3053 imparem
3451 3000 3773 3049 numerum,

2183 3090 2463 3130 numerum
2490 3074 2727 3130 medium
2752 3074 3042 3130 habentem
3065 3074 3280 3142 dixerit,
3299 3075 3773 3131 determinandum

3303 3184 3317 3221 ἓ
3362 3184 3425 3221 ua
3434 3183 3486 3222 ω
3516 3183 3778 3224 numerus

2179 3258 2396 3329 quidem
2423 3258 2728 3315 communis
2773 3259 2827 3314 iu
2869 3258 3113 3329 utrisque
3151 3259 3489 3314 orationibus
3516 3270 3626 3314 est.
3674 3260 3779 3314 im-

2180 3352 2324 3421 paris
2366 3361 2545 3407 autem
2591 3363 2933 3421 coassumpta
2980 3360 3063 3407 est
3086 3352 3301 3416 oratio;
3344 3349 3549 3407 habent
3592 3359 3776 3405 autem

2179 3451 2234 3495 et
2283 3441 2424 3497 linea
2455 3450 2508 3496 et
2536 3456 2733 3511 corpus
2764 3441 3024 3510 medium,
3058 3457 3182 3496 cum
3214 3443 3471 3511 non_siut
3511 3441 3778 3511 imparia,

2180 3549 2345 3604 quare
2374 3550 2480 3590 non
2504 3535 2687 3605 utique
2707 3535 2810 3614 erit
2827 3534 3071 3589 deﬁnitio
3102 3534 3218 3589 haec
3246 3535 3488 3605 imparis.
3514 3533 3577 3589 Si
3599 3545 3780 3592 autem

2181 3627 2552 3696 multipliciter
2569 3627 2765 3682 dicitur
2785 3626 3026 3682 medium
3056 3626 3283 3693 habens,
3307 3626 3779 3681 determinandum

2180 3718 2451 3789 quomodo
2488 3719 2722 3774 medium
2754 3718 2988 3783 habens,
3020 3716 3219 3787 alioqui
3250 3718 3613 3786 reprehensio
3640 3717 3775 3782 erit,

2180 3821 2272 3865 aut
2315 3810 2658 3882 syllogismus
2682 3852 2697 3877 ,
2730 3810 2871 3880 quod
2913 3825 3019 3864 non
3065 3811 3325 3864 deﬁnivit.
3362 3809 3601 3863 Rursum
3639 3809 3690 3863 si
3728 3809 3781 3863 id

2180 3901 2335 3972 Cujus
2362 3902 2580 3971 quidem
2621 3902 2917 3956 orationem
2962 3899 3259 3971 assignavit
3290 3910 3374 3955 est
3418 3915 3610 3954 eorum
3658 3914 3780 3967 qua

2180 4002 2343 4061 sunt,
2400 3992 2543 4060 quod
2586 4002 2763 4047 autem
2812 3993 2912 4048 sub
2954 3993 3233 4053 oratione.
3278 4006 3383 4045 non
3424 4006 3618 4045 eorum
3658 4007 3782 4058 quas

2184 4094 2309 4140 staut
2342 4095 2441 4138 :ut
2466 4085 2528 4140 ,si
2559 4085 2738 4139 album
2778 4084 3045 4154 quispiam
3097 4084 3345 4138 deﬁnivit
3369 4084 3616 4139 colorem
3667 4083 3778 4153 igni

2181 4176 2528 4245 permixtum,
2585 4175 2922 4245 impossibile
2963 4176 3109 4230 enim
3150 4176 3530 4245 incorporeum
3562 4174 3783 4245 corpori

2182 4259 2526 4339 permisceri;
2571 4284 2739 4338 quare
2764 4285 2869 4322 nou
2908 4270 3011 4323 erit
3036 4270 3186 4323 color
3208 4269 3314 4338 igni
3344 4267 3667 4339 permixtus,
3699 4277 3783 4322 ato

2182 4372 2359 4417 tamen
2390 4363 2571 4417 album
2606 4371 2710 4418 est.
2746 4363 3015 4432 Amplius,
3042 4362 3350 4432 quicunque
3382 4376 3490 4416 non
3529 4360 3783 4415 dividunt
3806 4384 3821 4404 ι

2180 4454 2234 4508 in
2265 4453 2332 4508 iis
2377 4469 2496 4524 qua:
2524 4464 2646 4508 sunt
2673 4454 2739 4508 ad
2780 4453 2984 4523 aliquid
3034 4453 3102 4508 ad
3142 4453 3285 4523 quod
3315 4452 3539 4519 dicitur,
3582 4452 3681 4507 sed
3728 4452 3782 4506 in

490 4556 704 4612 oportet
732 4562 853 4602 esse
891 4549 1149 4618 reliquum
1170 4590 1186 4615 ,
1223 4549 1376 4617 cujus
1417 4548 1650 4603 medium
1698 4550 2075 4617 superaddilur
2105 4546 2157 4605 υ
2187 4546 2427 4615 pluribus
2456 4546 2979 4615 comprehendentes
3010 4545 3222 4611 dicunt,
3253 4553 3345 4599 aut
3374 4545 3636 4610 omnino,
3690 4555 3784 4599 aut

496 4638 721 4703 ﬁnibus;
772 4638 867 4693 sed
915 4639 1119 4694 inlinita
1180 4656 1355 4711 neque
1412 4640 1646 4696 medium
1716 4656 1891 4713 neque
1943 4644 2078 4697 ﬁnes

492 4732 694 4795 habet,
752 4742 897 4788 recta
955 4744 1133 4789 autem
1186 4744 1300 4800 est;
1360 4751 1527 4804 quare
1573 4753 1678 4791 non
1734 4748 1818 4792 est
1875 4736 2076 4806 reliqua

489 4825 677 4894 reliqui
702 4826 895 4881 oratio.
923 4826 1188 4893 Amplius,
1219 4827 1264 4882 si
1294 4844 1415 4881 eum
1446 4828 1516 4881 sit
1540 4829 1897 4898 compositum
1922 4828 2065 4897 quod

489 4918 768 4980 delinitur,
818 4918 1219 4987 aequimembris
1258 4919 1432 4973 oratio
1458 4918 1761 4989 assignetur
1803 4918 2071 4974 deﬁnitio.

489 5010 912 5081 Aiquimembris
936 5022 1111 5066 autem
1136 5011 1329 5085 dicitur
1352 5011 1527 5065 oratio
1557 5026 1677 5066 esse.
1707 5012 1923 5081 quando
1944 5019 2078 5081 quot

490 5104 687 5159 iuerint
710 5105 1031 5174 composita,
1064 5113 1137 5158 tot
1168 5113 1222 5158 et
1245 5105 1296 5157 in
1319 5104 1568 5158 oratione
1591 5105 1807 5158 nomina
1834 5112 1886 5158 et
1911 5104 2077 5159 verba

488 5196 715 5251 fuerint:
739 5211 962 5251 necesse
978 5206 1059 5251 est
1073 5197 1215 5251 enim
1240 5197 1291 5251 in
1327 5196 1521 5251 talibus
1541 5196 1777 5262 ipsorum
1794 5189 2071 5253 nominum

486 5293 962 5346 commutationem
1000 5291 1114 5346 ﬁeri
1143 5302 1233 5346 aut
1263 5291 1501 5344 omnium
1536 5298 1624 5343 aut
1656 5290 1982 5359 aliquorum,
2010 5306 2077 5346 eo

486 5384 629 5453 quod
661 5387 787 5439 nihil
811 5386 963 5455 plura
982 5398 1122 5439 nunc
1145 5400 1303 5453 quam
1332 5384 1479 5453 prius
1505 5382 1718 5437 nomina
1748 5383 1890 5438 dicta
1914 5392 2071 5449 sunt;

468 5464 673 5531 ’Vernm
697 5486 909 5545 Oportet
934 5492 1057 5533 eum
1086 5476 1174 5547 qui
1198 5476 1408 5542 deﬁnit,
1442 5475 1741 5530 orationem
1774 5490 1872 5546 pro
1902 5476 2075 5531 nomi~
2108 5544 2113 5547 _

486 5567 644 5624 nil'us
665 5568 969 5638 assignare,
1004 5569 1236 5623 maxime
1269 5567 1489 5639 quidem
1516 5567 1800 5633 omnibus,
1837 5567 1979 5636 quod
2027 5568 2073 5622 si

488 5675 615 5726 non,
664 5670 717 5714 at
743 5663 933 5716 saltent
968 5662 1020 5715 in
1053 5661 1314 5731 plurimis.
1345 5660 1435 5716 Sic
1465 5661 1609 5716 enim
1638 5669 1693 5714 et
1722 5660 1775 5713 in
1805 5659 2068 5728 simplici-

489 5751 589 5805 bus
636 5753 728 5819 qui
758 5769 951 5806 nomen
983 5762 1309 5818 commutat,
1355 5769 1459 5807 non
1491 5752 1810 5807 deﬁniturus
1842 5760 1925 5806 est
1969 5767 1982 5802 :
2017 5759 2073 5805 ut

489 5854 587 5909 pro
620 5841 792 5896 tunica
824 5850 1046 5896 vestem.
1081 5840 1323 5913 Amplius
1348 5851 1522 5899 autem
1547 5842 1720 5912 majus
1752 5847 2063 5910 peccatum,

2186 4639 2237 4692 in
2261 4640 2442 4708 aliquo
2467 4639 2656 4693 falsum
2687 4637 2875 4693 dicunt
2900 4654 2916 4693 :
2948 4647 3005 4693 ut
3032 4640 3078 4693 si
3108 4638 3230 4707 quis
3260 4636 3585 4693 medicinam
3618 4637 3786 4693 disci-

2184 4731 2379 4799 plinam
2404 4731 2543 4785 entis
2572 4731 2728 4786 dixit.
2766 4729 2897 4785 Nam
2939 4730 2986 4785 si
3023 4730 3221 4785 nullius
3249 4732 3455 4785 entium
3486 4729 3765 4784 medicina

2181 4834 2263 4877 est
2290 4823 2593 4892 disciplina,
2620 4823 2967 4878 manifestum
2999 4822 3253 4893 quoniam
3285 4830 3391 4877 tota
3416 4822 3593 4876 oratio
3624 4837 3785 4877 men-

2183 4916 2281 4969 dax
2311 4924 2421 4980 est;
2450 4915 2497 4970 si
2540 4926 2715 4970 autem
2756 4914 2985 4985 alicujus
3036 4915 3288 4985 quidem,
3321 4914 3549 4983 alicujus
3594 4923 3781 4970 aute

2189 5024 2327 5075 non,
2355 5007 2410 5063 in
2438 5008 2616 5079 aliquo
2655 5008 2885 5063 mendax
2926 5026 2939 5060 :
2974 5023 3098 5061 nam
3144 5016 3359 5077 oportet
3386 5006 3455 5061 de
3487 5006 3675 5075 omni,
3709 5008 3784 5061 si.

2186 5101 2417 5172 quidem.
2450 5115 2544 5169 per
2588 5114 2681 5167 se,
2727 5109 2780 5156 et
2830 5114 2938 5154 non
2991 5100 3291 5155 secundum
3323 5099 3576 5155 accidens
3633 5101 3783 5157 entis

2185 5206 2305 5247 esse
2349 5190 2576 5261 dicitur,
2608 5184 3062 5263 quemadmodum
3110 5192 3163 5246 in
3209 5192 3326 5269 aliis
3366 5207 3425 5248 se
3465 5178 3669 5246 habent
3713 5210 3778 5249 ea

2185 5300 2305 5355 quae
2352 5285 2419 5338 ad
2472 5285 2675 5355 aliquid
2719 5294 2889 5351 sunt,
2948 5301 3071 5339 nam
3128 5299 3297 5355 ,omne
3362 5284 3776 5353 disciplinatum

2185 5378 2252 5433 ad
2293 5376 2630 5448 disciplinam
2661 5377 2879 5432 dicitur.
2929 5378 3186 5434 Similiter
3231 5386 3409 5432 autem
3445 5378 3580 5431 etin
3619 5376 3777 5441 aliis,

2179 5485 2244 5523 eu
2272 5467 2414 5537 quod
2443 5478 2830 5543 convertuntur
2852 5469 3032 5523 omnia
3062 5470 3128 5523 ad
3173 5469 3394 5539 aliquid.
3424 5468 3598 5523 Omne
3624 5468 3775 5523 enim

2181 5564 2212 5617 d
2238 5563 2612 5633 sciplinatum,
2642 5562 2710 5618 ad
2740 5564 2960 5635 aliquid.
2994 5563 3262 5619 Cxterum
3309 5563 3354 5616 si
3412 5564 3458 5617 is
3502 5562 3615 5633 (qui
3663 5578 3777 5618 non

2183 5670 2276 5724 per
2324 5668 2422 5723 se,
2500 5655 2594 5709 sed
2668 5655 2962 5711 secundum
3034 5655 3283 5710 accidens
3350 5654 3774 5725 assignationem

2181 5746 2328 5815 fecit)
2378 5755 2523 5802 recte
2545 5746 2859 5819 assignavit,
2890 5762 2996 5802 non
3035 5748 3101 5802 ad
3131 5763 3295 5801 unum
3318 5790 3331 5813 ,
3380 5746 3476 5801 Sed
3507 5746 3575 5800 ad
3617 5746 3774 5815 plura

2183 5840 2601 5911 unumquodque
2628 5857 2811 5901 eorum
2844 5858 2961 5913 qua:
2995 5842 3059 5897 ad
3090 5840 3290 5912 aliquid
3318 5840 3599 5910 dicuntur,
3632 5839 3773 5894 assi-
