4064 6336
311 307 416 363 985

1193 305 1586 377 TOPICORUM
1627 308 2078 367 ARISTOTELIS
2118 308 2694 369 INTERPRETATIO.

3481 311 3585 372 986

312 425 515 496 gnavit,
542 422 675 481 nihil
704 423 847 481 enim
880 418 1133 493 prohibet
1159 421 1333 489 idem,
1377 431 1431 478 et
1457 437 1576 488 ens,
1607 429 1661 476 et
1685 422 1897 488 album,
1927 428 1983 491 Α
2009 421 2104 478 sed
2149 422 2293 493 quod
2323 437 2390 478 ex
2439 422 2527 483 his
2555 430 2660 492 est,
2713 414 2849 479 dixit
2893 421 3096 480 ldesse
3133 421 3276 494 quod
3305 422 3582 492 deﬁnitur,

312 529 367 574 et
398 519 598 573 bonum
636 530 788 581 esse;
829 529 995 585 quare
1019 513 1111 584 qui
1140 513 1208 569 ad
1250 513 1523 583 quodlibet
1546 512 1734 569 borum
1763 513 1901 568 assi-

313 610 514 680 gnavit,
545 618 695 663 recte
735 606 1063 677 assignavit,
1104 605 1369 674 siquidem
1399 604 1447 660 is
1477 605 1570 676 qui
1606 604 1899 660 secundum

311 702 567 758 accidens
594 701 924 773 assignavit,
954 708 1103 755 recte
1130 697 1440 767 assignavit.
1489 698 1756 754 Praeterea
1802 712 1903 752 au—

316 808 426 855 tem
454 796 790 868 impossibile
817 805 900 852 est
925 795 1235 867 huiusmodi
1271 798 1573 852 orationem
1628 794 1900 865 propriam

282 960 289 967 VA
314 890 575 961 assignati
602 904 748 955 esse,
773 904 896 945 nam
927 904 1037 945 non
1068 890 1242 945 solum
1267 888 1533 945 medicina
1550 930 1566 957 ,
1592 888 1686 943 sed
1719 888 1904 958 plures

316 983 545 1038 aliarum
574 980 981 1051 disciplinarum
1010 980 1079 1036 ad
1127 995 1225 1035 ens
1257 980 1511 1051 dicuntur
1553 996 1566 1035 :
1595 993 1761 1049 quare
1798 993 1904 1034 una

315 1088 543 1144 quaque
562 1042 1014 1144 entia-disciplina
1042 1071 1180 1138 erit;
1213 1042 1552 1127 manifesuiim
1574 1042 1736 1141 igitur
1764 1085 1904 1140 quo-

316 1167 460 1222 niam
484 1166 608 1222 talis
647 1164 850 1221 nullius
876 1173 962 1222 est
990 1164 1287 1235 disciplina:
1317 1162 1590 1230 deﬁnitio,
1631 1162 1904 1232 propriam

316 1261 459 1316 enim
487 1268 670 1316 etnon
700 1272 1046 1315 communem
1092 1264 1307 1327 oportet
1346 1255 1715 1311 deﬁnitionem
1758 1267 1902 1309 esse.

316 1351 654 1421 Quandoque
674 1359 856 1407 autem
886 1348 1149 1405 deﬁniunt
1173 1362 1278 1404 non
1302 1360 1446 1412 rem,
1473 1345 1570 1403 sed
1603 1359 1716 1401 rem
1765 1344 1905 1400 bene

316 1458 378 1500 se
408 1444 693 1501 habentem
723 1452 817 1499 aut
848 1442 1162 1513 perfectam.
1194 1441 1341 1497 Talis
1381 1449 1561 1496 autem
1591 1448 1646 1495 et
1669 1438 1905 1495 rhetoris

315 1548 373 1594 et
395 1538 528 1594 furis
549 1537 835 1603 terminus,
850 1536 894 1591 si
916 1536 984 1591 sit
1005 1535 1192 1590 rhetor
1208 1534 1444 1605 quidem,
1460 1532 1548 1603 qui
1568 1539 1743 1602 potest
1761 1529 1904 1601 quod

318 1634 375 1686 in
432 1642 753 1700 unoquoque
799 1637 881 1684 est
908 1625 1206 1682 verisimile
1248 1623 1632 1689 considerare,
1678 1632 1733 1678 et
1772 1620 1905 1676 nihil

318 1720 762 1792 praetermittere;
819 1719 905 1773 tur
934 1724 1113 1771 autem
1151 1715 1244 1783 qui
1273 1716 1411 1770 clam
1439 1713 1607 1769 sumit
1639 1729 1653 1767 :
1699 1711 1905 1782 perspi-

314 1828 478 1869 cuum
508 1811 652 1867 enim
684 1810 936 1881 quoniam
967 1822 1088 1863 cum
1120 1806 1240 1873 talis
1268 1818 1522 1876 uterque,
1570 1803 1656 1859 hic
1683 1803 1902 1873 quidem

2021 1848 2205 1908 punlur
2250 1850 2447 1909 partes.

316 1906 493 1960 bonus
520 1904 724 1967 rhetbr,
758 1902 849 1956 ille
877 1908 1055 1955 autem
1101 1898 1275 1953 bonus
1305 1897 1387 1950 iur
1414 1895 1519 1952 erit
1549 1911 1564 1949 :
1606 1909 1715 1949 non
1758 1894 1905 1950 enim

314 1996 409 2065 qui
454 1994 594 2050 clam
632 1993 827 2061 sumit,
859 1990 955 2046 sed
994 1989 1088 2061 qui
1116 1988 1226 2043 vult
1249 1988 1387 2043 clam
1419 2000 1634 2041 sumere
1672 1984 1757 2040 l'ur
1797 1995 1904 2041 est.

314 2087 550 2142 Rursum
574 2085 620 2141 si
643 2085 785 2155 quod
807 2092 1026 2153 propter
1043 2096 1103 2137 se
1128 2078 1434 2150 eligendum
1458 2086 1566 2143 est,
1590 2087 1646 2132 ut
1670 2077 1905 2131 activum

316 2182 403 2235 vel
434 2178 768 2243 eﬂ‘ectivum,
796 2176 881 2232 vel
908 2175 1152 2247 quolibet
1179 2174 1340 2227 modo
1377 2179 1598 2240 propter
1623 2170 1765 2225 aliud
1802 2168 1907 2225 eli-

314 2269 554 2339 gendum
571 2268 865 2339 assignavit
890 2285 904 2322 :
928 2276 984 2322 ut
1007 2268 1098 2336 qui
1119 2264 1383 2334 justitiam
1411 2263 1587 2332 legum
1609 2276 1906 2317 conserva-

318 2363 484 2419 tivam
504 2361 658 2424 dixit,
676 2369 765 2415 aut
786 2359 1104 2428 sapientiam
1127 2356 1426 2412 eliectivam
1454 2350 1753 2409 felicitatis:
1784 2366 1907 2407 nam

317 2454 752 2513 conservativum
779 2462 833 2507 et
854 2450 1155 2507 eﬂ‘ectivum
1178 2463 1364 2504 eorum
1392 2455 1518 2502 sunt
1538 2461 1658 2516 quae
1687 2454 1911 2516 propter

319 2549 467 2604 aliud
517 2549 809 2618 eliguntur.
869 2548 953 2601 An
1011 2544 1143 2599 nihil
1198 2542 1415 2613 quidem
1466 2540 1714 2610 prohibet
1764 2538 1909 2609 quod

321 2648 545 2711 propter
569 2653 629 2695 se
659 2637 966 2707 eligendum
996 2642 1101 2705 est,
1153 2645 1208 2690 et
1236 2643 1456 2704 propter
1481 2632 1629 2687 aliud
1660 2645 1783 2688 esse
1811 2630 1912 2697 eli;

320 2732 590 2804 gendum;
642 2739 879 2786 attamen
907 2728 1039 2784 nihil
1070 2728 1247 2783 minus
1273 2725 1512 2797 peccavit
1533 2724 1624 2796 qui
1653 2725 1732 2779 sic
1770 2722 1911 2778 deﬁ-

320 2829 458 2886 nivit
478 2826 622 2899 quod
647 2835 863 2897 propter
887 2839 948 2881 se
965 2835 1050 2881 est
1073 2822 1378 2892 eligendum
1410 2837 1425 2875 :
1459 2834 1582 2874 nam
1627 2817 1912 2887 unicuique

320 2921 627 2989 optimum,
681 2918 734 2972 in
786 2914 1087 2973 substantia
1138 2914 1413 2978 maxime,
1474 2904 1679 2966 melius
1730 2918 1913 2969 autem

323 3013 472 3083 quod
533 3021 756 3082 propter
800 3025 860 3066 se
906 3008 1248 3079 eligendum,
1292 3018 1453 3078 quam
1496 3004 1639 3076 quod
1691 3013 1916 3075 propter

324 3104 505 3168 aliud;
540 3118 710 3173 quare
741 3101 797 3157 id
826 3111 889 3173 et,
906 3099 1276 3156 deﬁnitionem
1303 3096 1576 3168 oportebit
1631 3095 1800 3168 magis
1837 3095 1916 3152 si-

322 3195 600 3267 gniﬁcare.

934 3282 1162 3341 CAPUT
1220 3282 1308 3340 Vl.

777 3397 857 3454 De
884 3398 1181 3468 deﬁnitione
1218 3395 1318 3451 loci
1345 3395 1458 3451 alii.

399 3514 860 3573 Considerandum
889 3524 1067 3569 autem
1100 3522 1183 3568 est
1208 3519 1263 3566 et
1291 3511 1336 3566 si
1368 3510 1415 3567 is
1446 3508 1537 3580 qui
1567 3506 1795 3577 alicujus
1819 3505 1919 3561 de-

329 3610 628 3665 ﬁnitionem
656 3608 971 3678 assignavit,
1009 3614 1101 3659 aut
1136 3605 1273 3667 haec,
1305 3610 1396 3657 aut
1426 3602 1565 3672 quod
1594 3606 1766 3655 estex
1802 3598 1916 3667 his,

330 3710 423 3755 aut
454 3700 557 3755 hoc
586 3714 705 3753 cum
733 3698 825 3753 illo
847 3695 1112 3752 deﬁnivit.
1137 3694 1268 3749 Nam
1302 3694 1345 3747 si
1378 3693 1490 3747 haec
1519 3690 1756 3760 quidem,
1786 3687 1923 3744 acci-

329 3793 428 3847 det
456 3792 697 3861 utrisque
726 3799 781 3846 et
802 3788 974 3844 neutri
1008 3790 1206 3852 inesse,
1244 3793 1302 3839 ut
1324 3785 1367 3839 si
1392 3784 1678 3854 justitiam,
1718 3792 1923 3850 tempe-

330 3886 561 3940 rantiam
589 3892 643 3938 et
660 3881 1024 3937 fortitudinem
1052 3877 1383 3944 deﬁniverit;
1432 3890 1552 3929 nam
1583 3874 1628 3928 si
1658 3874 1768 3927 sint
1792 3871 1921 3935 duo,

334 3985 566 4046 uterque
595 3985 776 4028 autem
817 3975 1047 4027 alterum
1079 3970 1274 4025 habeat
1295 4008 1311 4033 ,
1348 3967 1561 4034 utrique
1583 3963 1713 4034 justi
1742 3968 1919 4028 erunt,

334 4075 391 4124 ct
415 4077 628 4132 neuter,
654 4081 721 4122 eo
752 4064 892 4136 quod
924 4064 1134 4133 utrique
1154 4060 1367 4131 quidem
1403 4058 1603 4113 habent
1633 4054 1922 4126 justitiam,

335 4172 561 4231 uterque
593 4170 772 4215 autem
815 4174 922 4213 non
975 4156 1153 4210 habet.
1186 4155 1243 4210 Si
1292 4162 1471 4207 autem
1505 4150 1741 4206 nondum
1782 4148 1925 4218 quod

336 4250 540 4307 dictum
568 4258 652 4305 est
674 4248 962 4303 admodum
998 4244 1290 4300 absurdum
1332 4243 1566 4306 videtur,
1615 4254 1681 4293 eo
1706 4238 1849 4309 quod
1873 4246 1928 4292 et

334 4343 391 4399 in
423 4341 543 4397 aliis
569 4341 775 4396 accidat
798 4336 1106 4410 hnjusmodi
1138 4334 1291 4404 (nihil
1314 4334 1455 4389 enim
1480 4330 1726 4402 prohibet
1753 4339 1929 4384 utros-

337 4452 444 4508 que
499 4436 699 4489 habere
745 4447 929 4497 unam,
982 4444 1102 4485 cum
1156 4437 1344 4483 neuter
1390 4422 1631 4491 habeat),
1683 4430 1920 4475 attamen

337 4528 607 4584 contraria
639 4528 817 4581 inesse
841 4524 1038 4589 eidem,
1080 4522 1299 4577 omnino
1339 4516 1628 4573 absurdum
1654 4515 1927 4571 videbitur

2006 516 2241 586 primum
2277 516 2493 585 quidem
2541 516 2987 575 considerandum
3027 518 3073 573 si
3121 532 3230 573 non
3280 527 3461 574 natum
3500 526 3590 575 est

2004 606 2276 676 quidpiam
2307 622 2470 663 unum
2499 605 2615 664 ﬁeri
2636 623 2703 664 ex
2742 608 2810 664 iis
2840 625 2959 679 qua;
2991 610 3127 665 dicta
3159 618 3306 665 sunt.
3327 610 3584 677 Quaedam

2004 700 2149 754 enim
2172 699 2250 754 sic
2275 712 2337 755 se
2365 698 2567 755 habent
2593 700 2658 754 ad
2685 701 2935 766 invicem,
2966 710 3023 756 ut
3052 703 3182 756 nihil
3210 716 3279 756 ex
3315 704 3393 756 eis
3418 718 3584 759 unum

2006 790 2278 861 quidpiam
2309 792 2421 859 ﬁat,
2453 801 2512 847 ut
2534 792 2675 847 linea
2718 801 2774 848 et
2809 808 3083 848 numerus.
3114 794 3380 865 Amplius,
3409 794 3454 848 si
3495 795 3590 849 de-

2005 880 2220 937 ﬁnitum
2245 881 2465 951 quidem
2496 882 2551 937 in
2582 897 2689 938 uno
2718 883 2899 953 aliquo
2929 894 3111 938 natum
3136 895 3219 940 est
3248 885 3421 954 primo
3446 883 3586 951 ﬁeri,

2005 987 2076 1028 ex
2104 972 2300 1043 quibus
2318 981 2497 1028 autem
2524 973 2660 1028 dixit
2702 974 2874 1043 ipsum
2905 989 3047 1043 esse,
3072 991 3178 1030 non
3205 976 3257 1030 in
3280 989 3388 1030 uno
3417 968 3591 1045 primo

2005 1073 2132 1121 nata
2168 1074 2296 1120 sunt
2324 1064 2463 1132 ﬁeri,
2487 1065 2583 1122 sed
2623 1074 2908 1137 utrumque
2946 1068 3000 1123 in
3041 1076 3286 1138 utroque.
3317 1067 3449 1124 Nam
3478 1084 3594 1124 ma-

2006 1154 2259 1211 nifestum
2291 1156 2547 1226 quoniam
2592 1172 2699 1212 non
2749 1158 2855 1212 erit
2882 1173 2948 1213 ex
2978 1159 3045 1215 iis
3095 1159 3262 1226 illud;
3314 1160 3365 1214 in
3397 1160 3593 1230 quibus

2006 1246 2150 1302 enim
2175 1256 2377 1318 partes,
2406 1257 2462 1305 et
2488 1256 2658 1304 totum
2686 1264 2910 1307 necesse
2931 1261 3014 1306 est
3052 1252 3261 1317 inesse;
3287 1267 3454 1319 quare
3482 1267 3580 1308 nor

2006 1339 2063 1397 in
2096 1354 2202 1397 uno
2232 1348 2400 1396 totum
2452 1342 2629 1413 primo
2676 1357 2828 1409 esse,
2868 1342 2963 1398 sed
3020 1343 3073 1398 in
3105 1344 3366 1415 pluribus.

2080 1470 2137 1528 Si
2160 1483 2339 1528 autem
2365 1482 2418 1529 et
2449 1482 2628 1545 partes
2651 1482 2707 1529 et
2737 1483 2908 1529 totum
2944 1474 2997 1529 in
3049 1489 3156 1529 uno
3185 1474 3364 1545 aliquo
3392 1476 3590 1546 primo,

2007 1566 2457 1621 considerandum
2489 1566 2537 1621 si
2568 1581 2673 1621 non
2703 1568 2755 1621 in
2784 1566 2995 1635 eodem,
3017 1566 3109 1622 sed
3135 1567 3187 1620 in
3210 1566 3376 1622 altero
3397 1576 3590 1632 totum,

2009 1658 2143 1713 etin
2173 1657 2345 1713 altero
2392 1665 2591 1728 partes.
2636 1656 2769 1711 Nam
2820 1658 2873 1711 in
2904 1672 3013 1726 quo
3060 1665 3259 1722 totum,
3312 1659 3366 1711 in
3409 1658 3498 1711 illo
3539 1667 3594 1711 et

2010 1756 2189 1817 partes
2214 1762 2334 1803 esse
2375 1748 2644 1803 videntur.
2691 1748 2945 1813 Rursum,
2974 1747 3019 1801 si
3062 1761 3183 1802 cum
3212 1753 3324 1801 toto
3353 1760 3593 1800 corrum-

2491 1838 2535 1893 E
2583 1853 2847 1895 converso
2888 1838 3031 1893 enim
3090 1845 3302 1907 oportet
3328 1836 3590 1903 accidere,

2008 1929 2249 2000 partibus
2294 1930 2583 1999 corruptis,
2617 1937 2789 1985 totum
2827 1929 3128 1999 corrumpi;
3164 1936 3274 1983 toto
3313 1943 3440 1983 vero
3469 1942 3595 1982 eor-

2010 2031 2190 2093 rupto,
2240 2037 2346 2077 non
2379 2029 2602 2077 necesse
2631 2029 2715 2077 est
2755 2030 2811 2076 et
2852 2029 3041 2092 partes.
3059 2018 3350 2089 corrumpi.
3395 2020 3501 2072 Aut
3546 2017 3597 2073 si

2010 2125 2181 2172 totum
2213 2116 2429 2188 quidem
2460 2115 2657 2171 bonum
2684 2115 2766 2170 vel
2797 2115 3021 2183 malum,
3047 2121 3226 2184 partes
3256 2121 3434 2167 autem
3467 2126 3597 2167 neu-

2011 2219 2140 2275 trae;
2170 2218 2261 2263 aut
2293 2224 2324 2264 e
2350 2223 2635 2276 converso,
2666 2220 2847 2278 partes
2874 2206 3088 2275 quidem
3119 2205 3277 2260 bona:
3307 2204 3391 2258 vel
3417 2202 3595 2267 malae,

2012 2307 2182 2355 totum
2213 2306 2391 2354 autem
2417 2292 2684 2353 neutrum.
2717 2297 2849 2352 Nam
2878 2311 3051 2367 neque
3080 2311 3146 2351 ex
3174 2294 3380 2350 neutris
3418 2292 3594 2363 possi-

2010 2387 2121 2445 bile
2142 2390 2344 2461 bonum
2371 2388 2644 2459 quidpiam
2663 2389 2746 2443 vel
2771 2388 2985 2447 malum,
3001 2387 3138 2452 ﬁeri,
3158 2400 3331 2457 neque
3348 2400 3413 2439 ex
3442 2384 3603 2439 bonis

2011 2487 2098 2539 vel
2129 2482 2286 2539 malis
2332 2491 2613 2540 neutrum.
2663 2481 2773 2536 Aut
2814 2480 2862 2534 si
2913 2480 3083 2550 magis
3116 2479 3330 2549 quidem
3371 2477 3603 2531 alterum

2013 2575 2214 2631 bonum
2246 2590 2407 2645 quam
2453 2575 2679 2630 alterum
2720 2573 2941 2639 malum,
2975 2572 3117 2642 quod
3156 2581 3334 2625 autem
3370 2584 3438 2625 ex
3485 2568 3599 2633 his,

2013 2682 2121 2724 non
2153 2670 2323 2737 magis
2349 2667 2548 2722 bonum
2579 2679 2739 2737 quam
2786 2664 3016 2729 malum,
3051 2670 3111 2718 ut
3151 2662 3197 2717 si
3240 2659 3602 2731 imprudentia

2014 2774 2082 2815 ex
2114 2758 2433 2816 fortitudine
2452 2766 2509 2814 et
2537 2756 2670 2812 falsa
2702 2754 2986 2827 opinione;
3020 2752 3192 2824 magis
3230 2752 3375 2807 enim
3405 2749 3605 2804 bonum

2016 2851 2276 2909 fortitudo
2300 2867 2461 2923 quam
2491 2850 2690 2906 malum
2732 2849 2866 2903 falsa
2916 2846 3118 2917 opinio.
3160 2846 3381 2915 Oportet
3404 2854 3531 2911 ergo
3553 2847 3609 2894 et

2016 2944 2161 3018 quod
2192 2961 2257 3001 ex
2286 2944 2369 3000 his
2412 2953 2496 3001 est
2525 2943 2677 3013 sequi
2708 2940 2838 2997 illud
2868 2939 3011 3011 quod
3058 2937 3227 3006 magis
3253 2945 3367 3004 est,
3406 2943 3459 2988 et
3485 2945 3606 2986 esse

2016 3039 2103 3095 vel
2130 3037 2451 3109 simpliciter
2482 3038 2706 3105 bonum,
2745 3033 2830 3089 vel
2861 3032 3033 3103 magis
3062 3030 3262 3085 bonum
3297 3042 3454 3097 quam
3494 3040 3609 3079 ma-

2022 3131 2154 3186 lum.
2180 3133 2263 3186 An
2284 3130 2387 3185 hoc
2406 3126 2625 3200 quidem
2653 3141 2759 3182 non
2784 3124 3170 3188 necessarium,
3197 3121 3298 3176 nisi
3320 3130 3607 3185 utrumque

2018 3224 2091 3280 sit
2117 3238 2212 3294 per
2247 3238 2307 3278 se
2337 3222 2537 3277 bonum
2569 3219 2653 3275 vel
2690 3217 2928 3273 malum?
2959 3216 3127 3272 multa
3158 3214 3302 3270 enim
3331 3210 3609 3267 eﬁ'ectivo-

2020 3331 2139 3371 rum
2166 3330 2261 3385 per
2287 3329 2347 3369 se
2376 3313 2590 3383 quidem
2621 3324 2725 3365 non
2757 3319 2883 3364 sunt
2910 3308 3073 3372 bona,
3102 3305 3267 3360 mixta
3290 3311 3467 3358 autem
3490 3299 3609 3371 qui-

2019 3409 2249 3465 busdam
2277 3408 2409 3462 ﬁunt
2437 3407 2600 3471 bona,
2620 3404 2710 3457 ant
2731 3418 2763 3458 e
2791 3414 3054 3456 converso
3079 3408 3363 3467 utrumque
3391 3394 3607 3465 quidem

2021 3501 2243 3564 bonum,
2277 3498 2442 3552 mixta
2474 3504 2658 3550 autem
2688 3492 2889 3547 malum
2929 3489 3014 3545 vel
3054 3496 3327 3542 neutrum.
3378 3485 3606 3539 Maxime

2022 3601 2201 3647 autem
2229 3587 2571 3644 manifestum
2602 3583 2745 3654 quod
2777 3595 2917 3636 nunc
2938 3579 3138 3634 dictum
3168 3584 3250 3631 cst
3279 3578 3333 3629 in
3376 3572 3614 3628 salubri-

2023 3684 2123 3738 bus
2150 3689 2207 3737 et.
2236 3678 2550 3744 morliiﬁcis,
2580 3691 2703 3730 nam
2734 3672 2977 3745 quedam
3000 3670 3511 3727 medicamentorum
3533 3664 3615 3718 sic

2024 3790 2085 3832 se
2116 3773 2335 3836 habent,
2364 3778 2424 3826 ut
2451 3779 2740 3838 utrumque
2771 3765 2984 3835 quidem
3016 3766 3089 3818 sit
3117 3762 3339 3825 bonum,
3364 3758 3612 3812 siautem

2025 3877 2258 3937 utraque
2306 3862 2726 3937 denturmixta,
2757 3857 2978 3913 malum.
3010 3855 3264 3919 Rursum,
3297 3850 3342 3906 si
3386 3850 3526 3920 quod
3550 3862 3617 3905 ex

2026 3936 2254 4018 meliore
2282 3968 2337 4015 et
2373 3936 2558 4028 pejore
2587 3965 2691 4021 est,
2724 3968 2828 4007 non
2857 3960 2941 4006 est
2966 3960 3133 4005 totum
3164 3945 3347 4017 pejore
3396 3940 3614 4014 quidem

2027 4053 2241 4118 melius,
2269 4048 2493 4103 meliore
2517 4053 2694 4100 autem
2724 4043 2899 4114 pejus.
2932 4042 3014 4095 An
3038 4053 3211 4107 neque
3235 4036 3336 4089 hoc
3362 4044 3618 4087 necessa-

2030 4149 2189 4209 rium,
2219 4143 2320 4197 nisi
2358 4156 2455 4211 per
2491 4154 2550 4194 se
2582 4139 2692 4193 sint
2731 4151 2796 4190 ex
2823 4133 3019 4205 quibus
3049 4128 3408 4199 componitur,
3428 4121 3616 4179 bona?

2030 4251 2153 4292 nam
2186 4236 2241 4290 in
2273 4235 2337 4289 iis
2369 4247 2487 4302 qua:
2520 4246 2625 4286 non
2658 4243 2755 4297 per
2777 4240 2838 4282 se
2878 4233 3005 4279 sunt
3049 4224 3211 4290 bona,
3245 4218 3380 4273 nihil
3426 4215 3619 4286 probi-

2030 4327 2123 4382 bet
2144 4335 2315 4381 totum
2344 4338 2450 4377 non
2477 4321 2593 4377 ﬁeri
2623 4316 2843 4382 bonum,
2876 4323 2934 4369 ut
2957 4316 3010 4369 io
3042 4313 3108 4368 iis
3138 4326 3257 4381 qua:
3286 4308 3445 4364 modo
3474 4308 3619 4362 dicta

2032 4430 2177 4475 sunt.
2209 4418 2453 4486 Amplius
2474 4456 2489 4483 ,
2534 4415 2581 4469 si
2621 4410 2943 4483 cognomine
2974 4414 3059 4462 est
3098 4413 3266 4460 totum
3297 4401 3475 4461 alteri.
3504 4399 3620 4453 Non

2033 4518 2248 4581 oportet
2277 4509 2445 4571 enim,
2478 4516 2536 4559 ut
2576 4517 2750 4573 neque
2779 4501 2834 4554 in
2855 4498 3121 4570 syllabis:
3153 4494 3285 4550 nulli
3325 4494 3467 4548 enim
3513 4492 3624 4546 ele-

337 4635 479 4676 esse.
512 4618 735 4675 Accidct
762 4627 940 4672 autem
974 4618 1097 4681 hoc,
1116 4614 1160 4670 si
1184 4612 1269 4668 hic
1291 4611 1507 4685 quidem
1533 4611 1770 4678 ipsorum
1795 4617 1930 4662 tem-
1953 4583 2009 4644 Ῑ)
2036 4610 2338 4657 mentorum
2363 4613 2429 4652 ex
2454 4595 2649 4666 quibus
2672 4591 3016 4661 componitur
3039 4585 3243 4658 syllaba
3281 4582 3620 4655 cognominis

338 4710 638 4781 perantiam
670 4718 724 4764 et
754 4706 1092 4763 timiditatem
1127 4704 1313 4770 habet,
1363 4701 1453 4757 ille
1480 4708 1659 4756 autem
1712 4699 1930 4753 fortitu-

338 4804 517 4858 dinem
569 4812 623 4857 et
667 4801 1121 4871 prodigalitatem,
1154 4812 1277 4851 nam
1311 4795 1521 4865 utrique
1574 4801 1629 4848 et
1664 4790 1928 4861 justitiam

338 4908 394 4953 et
430 4897 745 4966 iujustitiam
788 4893 1007 4949 habent.
1042 4890 1175 4946 Nam
1206 4890 1249 4943 si
1279 4887 1515 4958 justitia,
1564 4882 1926 4953 temperantia

339 5005 396 5049 et
421 4990 677 5046 fortitudo
697 4997 801 5054 est,
835 4996 890 5041 et
917 4983 1179 5055 iniustitia
1209 4981 1471 5036 timiditas
1495 4989 1548 5033 et
1577 4975 1927 5046 prodigalitas

338 5083 467 5150 erit,
502 5090 558 5136 et
582 5081 801 5135 omnino
828 5088 1163 5147 quaecunque
1209 5072 1275 5127 ad
1305 5067 1785 5140 argumentandum
1817 5066 1932 5122 ido-

340 5193 443 5234 nea
472 5176 614 5249 quod
644 5191 749 5229 non
794 5173 935 5229 idem
966 5178 1091 5225 sunt
1129 5175 1183 5224 et
1229 5173 1404 5237 partes
1432 5174 1486 5219 et
1525 5173 1718 5227 totum,
1751 5158 1931 5214 omnia

336 5270 493 5325 utilia
525 5268 591 5323 ad
622 5268 673 5322 id
726 5265 867 5336 quod
911 5264 1111 5319 dictum
1139 5270 1255 5325 est;
1289 5258 1499 5313 videtur
1523 5263 1700 5309 autem
1732 5252 1822 5321 qui
1850 5251 1933 5307 sic

342 5361 532 5417 detinit
578 5369 780 5431 partes,
814 5357 909 5413 toti
941 5354 1157 5412 easdem
1188 5351 1370 5406 dicere
1397 5362 1537 5403 esse.
1574 5344 1808 5401 Maxime
1838 5357 1933 5397 au-

340 5466 448 5509 tem
481 5448 897 5507 accommodata:
941 5450 1073 5502 ﬁunt
1101 5445 1395 5509 orationes,
1446 5442 1498 5495 in
1524 5438 1933 5510 quibuscunque

340 5547 623 5604 manifesta
656 5546 884 5615 partium
916 5552 999 5598 est
1024 5536 1369 5608 compositio,
1393 5530 1844 5605 quemadmodum
1877 5530 1931 5585 in

338 5645 502 5695 domo
528 5649 583 5694 et
623 5639 676 5693 in
710 5634 924 5692 caeteris
961 5633 1189 5696 talibus;
1223 5626 1569 5685 manifestum
1610 5624 1756 5681 enim
1791 5636 1931 5694 quo-

339 5734 486 5791 niam
517 5748 637 5789 cum
694 5732 805 5787 sint
854 5736 1066 5799 partes,
1112 5725 1243 5781 nihil
1295 5721 1545 5794 prohibet
1597 5728 1767 5775 totum
1824 5731 1933 5772 non

340 5839 487 5891 esse,
515 5839 683 5897 quare
710 5837 819 5881 non
847 5820 986 5880 idem
1011 5826 1191 5890 partes
1213 5815 1331 5876 tati.
1354 5815 1410 5874 Si
1441 5820 1619 5871 autem
1651 5825 1758 5868 non
1789 5808 1930 5879 hac,

2036 4703 2141 4747 est.
2184 4690 2465 4760 Amplius,
2510 4688 2557 4743 si
2589 4700 2694 4741 non
2736 4683 2879 4739 dixit
2930 4681 3145 4737 modum
3197 4676 3619 4747 compositionis.

2038 4786 2155 4842 Non
2186 4784 2332 4840 enim
2354 4782 2630 4837 sufﬁciens
2651 4787 2735 4834 est
2762 4767 2829 4831 ait
2851 4770 3283 4846 cognoscendum
3314 4766 3455 4839 quod
3480 4766 3626 4819 dicat

2039 4895 2106 4934 ex
2138 4879 2222 4932 his
2254 4894 2269 4931 :
2301 4889 2425 4930 nam
2451 4888 2560 4928 non
2582 4870 2722 4942 quod
2756 4884 2823 4925 ex
2855 4867 2958 4932 his,
3016 4865 3111 4921 sed
3141 4861 3282 4935 quod
3323 4860 3401 4913 sic
3426 4872 3495 4912 ex
3517 4856 3622 4918 his,

2035 4980 2118 5025 est
2139 4968 2403 5039 cujusque
2450 4964 2870 5034 compositorum
2899 4956 3217 5019 substantia,
3249 4960 3308 5006 ut
3336 4952 3388 5005 in
3425 4949 3624 5012 domo;

2039 5077 2147 5118 non
2187 5062 2330 5117 enim
2357 5062 2403 5116 si
2431 5057 2676 5130 quolibet
2723 5055 2897 5111 modo-
2921 5055 3315 5120 componantur
3344 5045 3483 5106 hate,
3525 5042 3626 5096 do-

2039 5172 2159 5213 mus
2187 5165 2289 5211 est.
2321 5155 2378 5209 Si
2406 5163 2587 5209 autem
2618 5152 2719 5206 hoc
2753 5162 2876 5204 cum
2906 5146 3000 5200 illo
3024 5139 3338 5211 assignavit,
3392 5136 3621 5205 primum

2038 5249 2255 5321 quidem
2282 5247 2568 5304 dicendum
2596 5242 2739 5313 quod
2763 5238 3016 5296 cumhoc
3042 5235 3134 5289 illo
3158 5240 3251 5288 aut
3280 5230 3381 5284 hoc
3408 5238 3461 5282 et
3494 5226 3623 5281 illud

2039 5343 2259 5412 dicitur,
2290 5350 2381 5395 aut
2413 5338 2556 5409 quod
2604 5351 2669 5393 es
2704 5326 2829 5390 illis.
2875 5331 3005 5385 Nam
3035 5326 3126 5397 qui
3155 5324 3288 5379 dicit
3336 5321 3446 5376 mel
3498 5334 3623 5374 cum

2040 5446 2175 5506 aqua
2200 5449 2216 5500 ;
2239 5434 2319 5490 vel
2344 5433 2447 5487 mel
2477 5442 2533 5487 et
2556 5441 2746 5499 aquam
2791 5422 2940 5485 ditit,
2970 5419 3054 5475 vel
3097 5416 3238 5488 quod
3266 5429 3331 5469 ex
3362 5412 3525 5468 melle
3572 5418 3630 5464 et

2044 5504 2203 5598 aqua,
2235 5541 2402 5597 quare
2423 5527 2468 5580 si
2510 5520 2729 5578 cuilibet
2758 5529 2945 5572 eorum
2974 5527 3095 5583 qua:
3136 5510 3275 5566 dicta
3322 5514 3453 5598 sunt
3479 5504 3621 5598 idem

2041 5595 2380 5678 conﬁtebitur
2407 5630 2529 5673 esse
2560 5615 2663 5668 hoc
2692 5624 2813 5666 cum
2848 5606 2962 5671 illo,
3006 5604 3194 5660 eadem
3232 5596 3517 5657 conveniet
3545 5595 3599 5649 di

2042 5727 2169 5771 cere
2207 5727 2329 5784 qua:
2373 5708 2593 5781 quidem
2636 5703 2700 5759 ad
2728 5712 3015 5769 utrumque
3058 5698 3251 5752 horum
3295 5693 3442 5764 prius
3482 5689 3627 5745 dicta

2041 5813 2186 5865 sunt.
2221 5802 2484 5874 Amplius,
2510 5795 2766 5856 dividenti
2790 5791 3001 5865 quoties
3019 5788 3215 5848 dicitur
3245 5786 3473 5843 alterum
3502 5792 3626 5837 cum
