4022 6330
329 332 433 389 989

1222 325 1615 384 TOPICORUM
1656 320 2108 383 ARiSTOTELlS
2150 324 2718 387 INTERPRETATIO.

3493 335 3596 392 990

328 440 785 507 Lacedaemonios,
816 441 863 495 si
896 454 1002 496 non
1032 438 1374 495 continentur
1401 439 1555 494 alteri
1601 439 1669 494 ab
1709 438 1913 501 alteris.
1944 440 1994 498 Δ
2024 446 2200 505 Potest
2226 438 2451 494 alterum
2481 440 2598 496 sine
2626 442 2795 497 altero
2825 456 2974 511 esse,
3030 461 3136 503 non
3161 456 3264 504 erit
3287 448 3431 506 enim
3452 445 3595 503 idem

328 551 450 591 nam
480 534 732 589 omnibus
756 532 976 604 reliquis
999 541 1124 588 sunt
1149 532 1420 588 meliores.
1446 531 1708 587 Similiter
1734 542 1911 586 autem

326 635 380 686 et
399 625 840 682 Laceda-monios
870 638 1090 679 necesse
1116 633 1201 678 est
1227 623 1480 678 meliores
1505 638 1625 678 esse
1647 623 1913 693 Polopon-

326 716 521 781 nesiis,
556 731 679 770 nam
716 723 771 769 et
812 715 898 769 isti
938 715 1187 769 omnibus
1217 714 1430 769 caeteris
1472 723 1596 769 sunt
1635 714 1910 784 meliores,

327 822 492 878 quare
532 823 592 863 se
634 807 864 861 invicem
914 806 1167 861 meliores
1210 804 1362 860 ﬁunt.
1405 804 1741 860 Manifestum
1785 820 1915 875 ergo

324 901 581 969 quoniam
620 916 782 954 unum
814 915 1043 954 numero
1072 913 1193 954 esse
1223 908 1459 968 oportet,
1486 900 1626 967 quod
1654 902 1912 968 optimum

322 1002 378 1047 et
423 992 711 1045 maximum
763 989 996 1054 dicitur,
1049 990 1094 1043 si
1145 989 1341 1043 debeat
1391 988 1535 1058 quod
1591 987 1733 1044 idem
1807 991 1914 1044 sint

320 1087 554 1144 ostendi.
587 1088 810 1157 Propter
834 1086 975 1156 quod
1002 1083 1332 1140 Xenocrates
1358 1099 1466 1138 non
1497 1082 1640 1139 idem
1671 1083 1913 1152 assignas

320 1180 433 1235 vit:
467 1194 575 1235 non
605 1178 751 1234 enim
799 1193 905 1232 uno
949 1191 1175 1232 numero
1218 1176 1370 1231 beata
1400 1184 1454 1230 et
1495 1173 1731 1229 studiosa
1779 1176 1907 1241 vita,

320 1265 647 1346 quapro'pter
679 1287 785 1326 non
826 1270 1186 1343 necessarium
1225 1268 1468 1323 eamdem
1501 1280 1644 1333 esse,
1674 1281 1740 1321 eo
1769 1266 1911 1335 quod

319 1366 493 1421 amba:
545 1366 779 1420 maxime
834 1363 1129 1433 eligendae,
1189 1361 1284 1416 sed
1337 1361 1506 1414 altera
1561 1358 1661 1412 sub
1716 1358 1907 1413 altera.

316 1458 551 1512 Rursum
584 1454 1035 1511 considerandum
1090 1455 1134 1508 si
1166 1453 1254 1509 cui
1296 1453 1524 1507 alterum
1557 1450 1719 1514 idem,
1751 1459 1805 1504 et
1836 1450 1912 1503 al-

316 1560 515 1605 terum.
543 1548 676 1603 Nam
708 1548 752 1602 si
779 1563 884 1603 non
909 1555 1037 1602 sunt
1063 1547 1221 1601 ambo
1250 1545 1422 1600 cidem
1452 1543 1661 1608 eadem,
1690 1546 1911 1601 manife—

312 1650 457 1696 stum
491 1641 743 1710 quoniam
788 1654 887 1694 nec
925 1638 1029 1693 sibi
1059 1638 1307 1693 invicem.
1354 1636 1597 1708 Amplius
1634 1649 1810 1695 autem
1840 1654 1921 1701 ex,

311 1733 381 1787 iis
408 1746 530 1801 qua:
561 1731 646 1785 bis
674 1729 951 1797 accidunt,
980 1737 1035 1784 et
1062 1729 1257 1799 quibus
1288 1729 1403 1783 haec
1432 1730 1696 1795 accidunt,
1727 1731 1905 1785 consi-

2019 528 2084 582 ad
2110 528 2274 585 idem.
2301 531 2462 602 igitur
2484 532 2589 590 loci
2621 542 2698 589 tot
2725 534 2995 591 dicuntur.

2647 648 2875 706 CAPUT
2913 651 2978 706 11.

2377 736 2455 791 De
2480 738 2659 794 eadem
2686 742 2984 811 deﬁnitione
3012 742 3112 797 loci
3133 743 3244 798 alii.

2088 823 2268 880 Palam
2326 838 2505 883 autem
2550 844 2613 884 ex
2662 831 2728 885 iis
2771 848 2891 901 quae
2938 833 3078 889 dicta
3130 843 3289 902 sunt,
3345 837 3599 906 quoniam

2015 932 2203 973 omnes
2233 918 2325 989 qui
2365 920 2432 974 ad
2473 921 2611 976 idem
2641 930 2765 977 sunt
2793 923 3105 980 destructivi
3139 924 3274 991 loci,
3300 935 3355 981 et
3388 928 3454 982 ad
3492 936 3601 983 ter-

2014 1010 2218 1065 minum
2245 1011 2401 1066 utiles
2429 1021 2575 1079 sunt,
2609 1017 3056 1084 quemadmodum
3088 1019 3234 1087 prius
3264 1019 3463 1075 dictum
3492 1029 3597 1078 est.

2013 1100 2145 1154 Nam
2186 1102 2232 1156 si
2260 1118 2366 1157 non
2400 1103 2547 1159 idem
2590 1104 2790 1161 indicet
2828 1118 2882 1162 et
2913 1124 3107 1164 nomen
3137 1118 3204 1171 ,et
3249 1112 3450 1177 oratio,
3485 1128 3600 1168 ma-

2013 1193 2263 1250 nifestum
2290 1199 2543 1266 quoniam
2569 1217 2675 1256 non
2706 1204 2809 1258 erit
2838 1204 3078 1261 deﬁnitio
3106 1209 3373 1276 assignato
3399 1208 3593 1263 oratio.

2012 1285 2506 1347 Constructivorum
2559 1303 2742 1349 autem
2795 1296 3036 1351 locorum
3103 1298 3280 1352 nullus
3338 1300 3479 1353 utilis
3528 1300 3596 1354 ad

2014 1382 2319 1438 terminum.
2373 1385 2490 1441 Non
2536 1388 2679 1442 enim
2720 1388 2917 1444 sufﬁcit
2956 1392 3241 1447 ostendere
3280 1393 3420 1448 idem
3450 1392 3594 1462 quod

2010 1472 2110 1527 sub
2131 1475 2372 1533 oratione
2398 1487 2451 1532 et
2480 1481 2697 1535 nomine
2718 1481 2887 1536 estad
2907 1483 3320 1537 construendum
3342 1485 3593 1555 quoniam

2008 1562 2269 1631 definitio,
2321 1566 2416 1622 sed
2468 1579 2525 1624 et
2570 1571 2672 1625 alia
2720 1580 2934 1641 oportet
2981 1574 3160 1629 omnia
3208 1574 3405 1631 habere
3454 1576 3596 1643 (qua:

2012 1664 2273 1723 prtecepta
2303 1657 2453 1727 sunt)
2482 1658 2881 1729 deﬁnitionem;
2926 1664 3233 1719 interimere
3278 1665 3437 1735 igitur
3465 1664 3595 1720 deﬁ-

2009 1744 2266 1801 nitionem
2288 1748 2366 1802 sic
2385 1759 2439 1804 et
2465 1767 2563 1821 per
2585 1751 2702 1809 haec
2726 1769 2943 1824 semper
2974 1754 3306 1810 tentandum.
3335 1756 3392 1813 Si
3412 1764 3593 1813 autem

308 1823 633 1881 derandum.
665 1822 797 1876 Nam
827 1814 1161 1892 quacunque
1186 1820 1338 1875 alteri
1370 1820 1638 1885 accidunt,
1670 1830 1722 1876 et
1752 1821 1892 1874 alter

2010 1847 2323 1894 construere
2354 1841 2637 1910 volumus,
2680 1845 2908 1914 primum
2948 1846 3160 1916 quidem
3206 1847 3346 1902 scire
3383 1856 3594 1916 oportet

307 1926 525 1988 oportet
554 1916 840 1984 accidere,
873 1925 927 1972 et
956 1916 1149 1986 quibus
1196 1915 1421 1971 alterum
1463 1930 1650 1972 eorum
1684 1916 1895 1981 accidit,

306 2019 366 2065 et
390 2010 616 2064 alterum
647 2023 833 2064 eorum
863 2016 1075 2076 oportet
1103 2006 1384 2073 accidere;
1417 2010 1461 2063 si
1490 2018 1667 2064 autem
1699 2009 1898 2080 aliquid

306 2117 498 2157 eorum
542 2102 823 2166 dissonet,
874 2100 1167 2156 dilucidum
1222 2102 1472 2171 quoniam
1525 2118 1629 2157 non
1685 2103 1895 2158 eadem.

307 2192 621 2248 Videndum
657 2200 836 2248 autem
875 2200 927 2247 et
957 2192 1004 2247 si
1035 2207 1143 2246 non
1174 2192 1226 2246 in
1258 2208 1365 2247 uno
1393 2207 1591 2262 genere
1635 2193 1896 2259 prtcdica-

307 2284 479 2340 menli
510 2292 752 2354 utraque,
792 2270 887 2339 sed
929 2282 1030 2337 hoc
1074 2282 1290 2352 quidem
1319 2283 1506 2352 quale,
1540 2283 1673 2337 illud
1717 2293 1895 2337 autem

304 2383 589 2443 quantum,
621 2374 708 2428 vel
738 2372 804 2428 ad
848 2372 1049 2442 aliquid
1097 2373 1318 2428 indicet.
1369 2374 1625 2440 ltursum,
1655 2375 1700 2429 si
1732 2390 1896 2444 genus

305 2466 552 2535 utrisque
596 2480 703 2519 non
754 2465 918 2526 idem,
967 2463 1060 2518 sed
1109 2463 1210 2519 hoc
1241 2465 1453 2534 quidem
1496 2466 1717 2531 bonum,
1764 2466 1894 2521 illud

300 2565 487 2612 autem
525 2557 747 2621 malum,
787 2565 878 2610 aut
910 2556 1009 2610 hoc
1042 2555 1257 2625 quidem
1302 2557 1493 2621 virtus,
1537 2556 1666 2610 illud
1717 2566 1893 2612 autem

301 2649 552 2703 scientia.
601 2649 707 2702 Aut
733 2648 775 2701 si
807 2662 974 2717 genus
1004 2646 1217 2716 quidem
1247 2646 1410 2713 idem,
1444 2646 1762 2702 diﬁ‘erentize
1802 2664 1897 2702 au-

301 2752 415 2796 tem
443 2755 548 2795 non
580 2739 784 2795 eaedem
815 2738 883 2794 de
910 2749 1137 2807 utroque
1165 2738 1545 2805 praedicantur,
1574 2739 1670 2793 sed
1701 2739 1767 2794 de
1795 2738 1896 2793 hoc

297 2833 519 2902 quidem
583 2831 836 2903 quoniam
903 2829 1321 2899 contemplativa
1366 2830 1624 2897 scientia,
1680 2830 1748 2885 de
1801 2831 1895 2885 illo

297 2933 499 2979 autem.
531 2925 785 2994 quoniam
830 2922 1037 2988 activa;
1086 2921 1332 2977 similiter
1370 2929 1550 2976 autem
1585 2931 1639 2977 et
1669 2922 1723 2977 in
1751 2922 1891 2977 aliis.

295 3013 551 3083 Amplius
577 3023 753 3068 autem
777 3027 844 3067 ex
865 3013 1054 3083 magis,
1086 3012 1130 3066 si
1161 3012 1264 3067 hoc
1290 3012 1504 3079 quidem
1534 3012 1756 3081 suscipit
1783 3028 1895 3066 ma-

291 3106 403 3178 gis,
429 3105 556 3160 illud
586 3113 763 3161 autem
796 3121 924 3173 non,
948 3113 1040 3160 aut
1067 3103 1112 3160 si
1138 3104 1298 3160 ambo
1329 3105 1628 3175 suscipiunt
1654 3106 1890 3176 quidem,

1999 1931 2251 1997 quoniam
2304 1935 2483 1991 nullus
2524 1939 2607 1993 vel
2662 1942 2819 2009 pauci
2875 1940 3261 2010 disputantium
3303 1934 3591 1998 termi’uum

1997 2022 2309 2094 syllogismo
2347 2026 2629 2099 colligunt,
2672 2033 2767 2087 sed
2819 2048 3009 2089 omnes
3069 2035 3393 2104 principium
3446 2036 3590 2106 quod

1999 2118 2104 2171 tale
2146 2128 2229 2172 est
2266 2121 2557 2192 accipiunt,
2594 2131 2651 2177 ut
2678 2124 2768 2194 qui
2815 2127 2956 2181 circa
2997 2128 3365 2196 geometriam,
3392 2138 3447 2182 et
3490 2143 3591 2183 nu-

1998 2220 2201 2274 meros,
2229 2219 2283 2264 et
2320 2212 2454 2267 alias
2500 2214 2805 2284 bujusmodi
2845 2218 3181 2288 disciplinas.
3214 2219 3422 2273 Deinde
3452 2234 3587 2289 quo-

1998 2299 2139 2355 niam
2198 2312 2388 2359 exacte
2449 2307 2665 2376 quidem
2732 2310 2953 2366 alterius
3020 2320 3103 2368 est
3185 2313 3386 2383 negotii
3448 2314 3586 2367 assi-

1996 2403 2182 2459 gnare,
2217 2402 2272 2448 et
2309 2394 2436 2463 quid
2474 2407 2572 2452 est
2625 2400 2907 2468 terminus,
2936 2411 2991 2456 et
3038 2403 3306 2472 quomodo
3362 2402 3587 2458 deﬁnire

1996 2493 2227 2550 Oportet.
2260 2486 2412 2542 Nunc
2456 2501 2658 2558 autem,
2712 2504 2968 2562 quantum
3015 2495 3209 2550 sufﬁcit
3246 2496 3314 2549 ad
3351 2510 3587 2564 praesen-

2000 2581 2105 2628 tem
2153 2577 2458 2646 utilitatem,
2510 2590 2715 2636 tantum
2767 2584 2942 2638 solum
2991 2585 3274 2640 dicendum
3331 2586 3584 2654 quoniam

1998 2667 2251 2736 possibile
2300 2671 2415 2725 ﬁeri
2459 2671 2821 2742 deﬁnitionis,
2869 2684 2926 2731 et
2970 2675 3087 2745 ejus
3128 2676 3270 2746 quod
3308 2677 3434 2745 quid
3475 2686 3580 2744 est,

1997 2772 2117 2814 esse
2176 2760 2567 2831 syllogismum.
2643 2764 2775 2819 Nam
2838 2767 2884 2822 si
2950 2767 3210 2823 terminus
3270 2776 3353 2823 est
3409 2767 3583 2822 oratio

1997 2863 2117 2917 quae
2155 2850 2282 2920 quid
2322 2859 2405 2906 est
2444 2868 2564 2909 esse
2608 2856 2685 2909 rei
2735 2855 2958 2923 indicat,
2999 2868 3053 2911 et
3096 2865 3306 2925 oportet
3353 2872 3417 2913 ea
3462 2872 3583 2927 qua:

2005 2940 2058 2993 in
2085 2944 2313 2997 termino
2344 2954 2631 3013 ponuntur,
2685 2950 2738 3001 in
2770 2962 2835 3002 eo
2856 2948 2996 3017 quod
3027 2948 3153 3019 quid
3176 2957 3261 3004 est
3289 2948 3356 3004 de
3381 2963 3439 3004 re
3468 2948 3581 3004 sola

1999 3032 2299 3101 praedicari,
2333 3036 2690 3104 praedicantur
2738 3048 2916 3093 autem
2962 3040 3075 3094 sola
3101 3040 3154 3094 in
3181 3054 3247 3095 eo
3276 3040 3415 3110 quod
3454 3039 3583 3109 quid

1997 3133 2099 3191 est,
2124 3139 2317 3194 genera
2346 3138 2399 3181 et
2421 3126 2753 3183 differentiae.
2770 3129 3372 3208 Manifestumquoniam
3393 3130 3438 3184 si
3461 3130 3581 3200 quis

294 3214 409 3255 non
452 3199 613 3253 simul
660 3208 858 3257 autem.
912 3200 982 3257 Ut
1024 3200 1113 3271 qui
1159 3200 1328 3271 magis
1368 3208 1537 3268 amat,
1582 3216 1689 3256 non
1720 3201 1889 3271 magis

1997 3226 2168 3271 sumat
2187 3232 2250 3271 ea
2280 3234 2398 3288 qua:
2422 3219 2596 3274 solum
2625 3221 2692 3275 de
2720 3201 2779 3276 re
2813 3222 2867 3276 in
2898 3237 2962 3277 eo
2991 3199 3289 3292 quodquid
3312 3231 3396 3277 est
3437 3236 3578 3291 pra:-

294 3293 635 3362 concupiscit
664 3308 949 3362 venerem,
980 3310 1150 3364 quare
1182 3311 1291 3351 non
1327 3296 1468 3350 idem
1493 3310 1646 3350 amor
1680 3304 1734 3351 et
1763 3309 1893 3351 con-

294 3383 632 3451 cupiscentia
684 3385 923 3442 veneris.
998 3385 1243 3456 Amplius
1299 3402 1366 3441 ex
1419 3386 1785 3456 appositione,
1844 3388 1891 3442 si

292 3477 476 3534 eidem
519 3488 803 3551 utrumque
842 3480 1170 3549 appositum,
1201 3495 1308 3535 non
1352 3481 1478 3536 facit
1522 3481 1663 3537 idem
1696 3490 1888 3537 totum.

293 3570 405 3627 Aut
443 3568 489 3623 si
519 3569 712 3625 eodem
736 3568 823 3625 'ab
854 3580 1085 3639 utroque
1122 3571 1366 3637 sublato,
1398 3572 1540 3640 quod
1574 3572 1891 3641 relinquitur

232 3686 236 3689 Α
294 3668 382 3714 est
408 3661 658 3716 alterum.
710 3660 780 3716 Ut
821 3660 868 3715 si
904 3660 1127 3731 duplum
1158 3661 1366 3716 dimidii
1392 3671 1447 3718 et
1476 3663 1777 3732 multiplum
1810 3665 1891 3719 di-

295 3750 455 3806 midii
500 3752 641 3807 idem
682 3752 880 3808 dixerit
908 3767 1070 3807 esse:
1112 3751 1323 3807 sublato
1360 3753 1503 3809 enim
1547 3753 1616 3808 ab
1663 3765 1889 3823 utroque

291 3842 546 3910 dimidio,
576 3845 780 3915 reliqua
808 3844 946 3899 idem
983 3853 1256 3914 oporteret
1297 3843 1570 3911 indicare;
1616 3858 1723 3899 non
1752 3845 1889 3900 indi-

292 3942 423 3988 cant
457 3943 661 4003 autem,
704 3948 829 3991 nam
857 3935 1076 4006 duplum
1107 3942 1164 3994 et
1202 3934 1504 4006 multiplum
1545 3950 1653 3991 non
1697 3936 1884 3991 eadem

297 4026 626 4095 signiﬁcant.

369 4136 829 4195 Considerandum
871 4148 1048 4194 autem
1083 4154 1190 4195 non
1236 4141 1407 4195 solum
1454 4140 1501 4195 si
1545 4139 1654 4209 jam
1683 4139 1883 4209 aliquid

294 4228 493 4284 accidit
536 4230 869 4299 impossibiie
898 4246 995 4300 per
1024 4232 1378 4301 positionem,
1409 4231 1502 4285 sed
1542 4239 1597 4285 et
1638 4232 1683 4285 si
1717 4233 1885 4300 possi-

295 4321 402 4377 bile
429 4323 500 4378 sit
528 4337 592 4377 ex
620 4324 989 4392 suppositione
1012 4323 1263 4379 existere.
1324 4322 1786 4390 Quemadmodum
1818 4324 1883 4376 iis

292 4414 385 4482 qui
415 4429 643 4470 vacuum
671 4425 726 4471 et
754 4416 969 4484 plenum
995 4430 1121 4471 aere
1151 4415 1290 4470 idem
1336 4415 1517 4470 dicunt
1561 4429 1712 4480 esse;
1761 4431 1881 4468 nam

250 4570 255 4573 _
295 4507 640 4563 manifestum
686 4511 937 4578 quoniam
978 4511 1024 4565 si
1063 4520 1218 4566 exeat
1252 4525 1368 4576 aer,
1403 4524 1628 4565 vacuum
1668 4510 1880 4579 quidem

1994 3306 2161 3385 dicari
2190 3320 2423 3378 oportet,
2476 3312 2615 3381 quod
2658 3313 2772 3366 btec
2816 3312 3021 3368 babens
3064 3314 3271 3378 oratio,
3314 3312 3575 3367 terminus

1995 3412 2061 3452 ex
2082 3400 2402 3455 necessitate
2429 3402 2549 3467 erit,
2578 3417 2683 3455 non
2714 3404 2857 3457 enim
2881 3405 3141 3472 contingit
3162 3403 3306 3458 aliud
3333 3418 3453 3459 esse
3471 3412 3580 3458 ter-

1992 3493 2217 3558 minum,
2243 3506 2309 3547 eo
2340 3492 2483 3561 quod
2520 3493 2653 3548 nihil
2681 3494 2824 3548 aliud
2874 3495 2926 3549 in
2963 3510 3028 3549 eo
3058 3496 3200 3564 quod
3230 3495 3353 3563 quid
3397 3505 3480 3551 est
3508 3495 3576 3550 de

1990 3598 2049 3639 re
2079 3583 2427 3652 praedicatur;
2454 3585 2592 3654 quod
2626 3585 2788 3654 igitur
2828 3586 3080 3655 possibile
3111 3597 3292 3641 estex
3345 3586 3577 3641 termino

1990 3673 2355 3745 syllogismum
2386 3675 2501 3730 ﬁeri
2530 3675 2890 3730 manifestum.
2909 3676 2984 3731 Ex
3006 3676 3197 3740 quibus
3217 3685 3394 3730 autem
3416 3690 3578 3745 opor-

1994 3780 2068 3826 tet
2116 3780 2452 3838 coustruere,
2508 3771 2921 3843 determinatum
2965 3781 3048 3827 est
3099 3771 3315 3843 quidem
3363 3770 3420 3825 in
3455 3770 3578 3826 aliis

1989 3862 2323 3932 diligentius,
2373 3862 2439 3916 ad
2488 3842 2812 3932 propositam
2860 3872 3038 3919 autem
3070 3842 3381 3918 methodum
3412 3860 3577 3917 iidem

1992 3955 2095 4010 loci
2126 3955 2305 4010 utiles.
2332 3955 2729 4025 inspiciendum
2746 3957 2887 4010 enim
2917 3958 2966 4010 in
2999 3956 3280 4011 contrariis
3296 3964 3351 4012 et
3379 3955 3430 4009 in
3454 3954 3576 4011 aliis

1988 4047 2274 4116 oppositis,
2317 4056 2371 4100 et
2414 4056 2553 4100 totas
2596 4049 2888 4113 orationes,
2936 4055 2993 4101 et
3043 4045 3334 4101 secundum
3367 4056 3573 4114 partem

1989 4137 2373 4191 consideranti.
2404 4136 2534 4190 Nam
2564 4139 2611 4191 si
2630 4139 2875 4206 opposita
2898 4138 3178 4207 oppositae,
3202 4145 3255 4191 et
3280 4151 3398 4191 eam
3431 4136 3573 4210 (quae

1989 4226 2126 4280 dicta
2151 4223 2256 4295 est)
2292 4228 2549 4295 propositi
2592 4242 2811 4281 necesse
2832 4236 2914 4280 est
2938 4242 3083 4282 esse.
3104 4227 3364 4292 Quoniam
3393 4234 3572 4282 autem

1988 4317 2381 4371 contrariorum
2412 4319 2613 4386 ,plures
2657 4318 3075 4386 complexiones,
3098 4318 3357 4373 sumenda
3378 4326 3462 4374 est
3503 4334 3573 4375 ex

1987 4412 2273 4464 contrariis
2305 4410 2691 4480 qualiscunque
2720 4412 2952 4466 maxime
2982 4412 3259 4481 apparebit
3297 4412 3569 4467 contraria

1986 4506 2253 4572 deﬁnitio;
2285 4516 2421 4562 totas
2453 4508 2608 4576 igitur
2627 4508 2989 4574 deﬁnitiones,
3008 4507 3456 4577 quemadmodum
3482 4506 3565 4561 di-

292 4613 403 4652 non
430 4598 638 4665 minus,
670 4599 763 4654 sed
793 4602 962 4670 magis
991 4601 1123 4668 erit,
1153 4601 1369 4670 plenum
1406 4609 1584 4656 autem
1615 4615 1741 4655 aere
1777 4615 1881 4654 non
1911 4599 1965 4658 .D
1990 4611 2133 4655 ctum
2164 4612 2265 4667 est,
2300 4601 2775 4657 considerandum.
2808 4602 3110 4658 Secundum
3144 4613 3347 4672 partem
3389 4613 3569 4657 autem

291 4691 522 4761 amplius
550 4692 683 4759 erit;
713 4707 878 4763 quare
906 4695 1183 4764 supposito
1230 4695 1409 4764 aliquo
1436 4695 1556 4750 sine
1581 4709 1732 4760 vero,
1762 4693 1881 4747 sive

292 4782 430 4838 falso
485 4782 641 4856 (nihil
694 4785 836 4841 enim
884 4785 1095 4857 refert),
1152 4786 1199 4843 si
1255 4789 1484 4843 alterum
1537 4786 1876 4853 interimitur,

288 4873 519 4929 alterum
560 4885 740 4930 autem
782 4892 916 4942 non,
962 4880 1207 4946 profecto
1237 4894 1344 4934 non
1375 4879 1515 4935 idem
1546 4888 1689 4934 sunt.
1751 4877 1879 4933 Uni-

291 4965 575 5022 versaliter
603 4976 780 5022 autem
808 4967 1036 5023 dicendo
1064 4985 1132 5024 ex
1161 4969 1224 5025 iis
1251 4986 1371 5041 quae
1398 4969 1586 5041 quovis
1618 4970 1779 5025 modo
1806 4969 1874 5025 de

292 5066 518 5125 utroque
545 5058 923 5128 praedicantur,
955 5069 1008 5115 et
1036 5060 1103 5117 de
1130 5062 1321 5130 quibus
1349 5062 1463 5117 bzcc
1495 5062 1873 5130 prtedicantur,

290 5148 741 5205 considerandum
764 5151 809 5205 si
835 5151 1031 5209 alicubi
1059 5152 1356 5209 dissonent.
1387 5153 1517 5208 Nam
1546 5169 1875 5224 quaecunque

291 5238 362 5295 de
390 5240 563 5297 altero
591 5242 971 5312 prmdicantur,
1012 5254 1066 5300 et
1105 5244 1173 5302 de
1201 5246 1370 5301 altero
1399 5245 1674 5313 praedicari
1713 5262 1873 5317 opor-

293 5339 390 5400 tet,
440 5342 497 5388 et
537 5334 604 5390 de
644 5335 841 5404 quibus
879 5336 1107 5393 alterum
1151 5338 1493 5407 praedicatur,
1543 5349 1597 5395 et
1644 5339 1872 5393 alterum

292 5422 571 5491 praedicari
611 5436 842 5495 oportet.
875 5427 1140 5497 Amplius,
1173 5430 1295 5498 quia
1338 5429 1702 5498 multipliciter
1734 5431 1872 5485 idem

289 5512 507 5580 dicitur,
550 5516 1002 5573 considerandum
1045 5520 1088 5574 si
1123 5522 1418 5576 secundum
1449 5522 1612 5575 alium
1643 5522 1872 5592 aliquem

291 5605 506 5660 modum
539 5610 729 5663 eadem
761 5619 904 5664 sunt.
957 5610 1088 5666 Nam
1119 5613 1302 5682 specie
1325 5613 1407 5669 vel
1436 5628 1633 5684 genere
1662 5615 1871 5678 eadem,

292 5710 397 5747 non
436 5712 658 5754 necesse
688 5708 771 5754 est
801 5715 1025 5756 numero
1051 5703 1240 5758 eadem
1281 5718 1430 5771 esse;
1471 5704 1874 5759 consideramus

290 5794 466 5842 autem
516 5794 691 5849 utrum
739 5791 815 5849 sic
864 5792 1074 5860 eadem,
1120 5810 1186 5851 au
1232 5811 1336 5853 non
1386 5795 1483 5852 sic.
1531 5797 1798 5867 Amplius.
1827 5798 1872 5855 si

1990 4694 2093 4750 boc
2123 4704 2301 4763 pacto,
2335 4694 2562 4763 primum
2594 4694 2807 4764 quidem
2839 4698 3089 4764 quoniam
3122 4697 3443 4764 assignatum
3473 4709 3567 4765 ge-

1988 4799 2089 4839 nus
2118 4792 2266 4841 recte
2295 4786 2622 4855 assignatum
2651 4794 2754 4840 est.
2775 4785 2908 4840 Nam
2938 4786 3327 4853 sicontrarium
3359 4787 3410 4839 in
3434 4799 3567 4840 con-

1990 4877 2175 4944 trario,
2210 4878 2542 4946 propOsitum
2575 4885 2748 4931 autem
2797 4892 2905 4933 non
2942 4888 3024 4933 est
3048 4878 3101 4932 in
3145 4878 3359 4940 eodem,
3397 4874 3567 4930 mani-

1988 4971 2187 5027 festum
2216 4969 2472 5040 quoniam
2506 4970 2556 5023 in
2596 4970 2868 5025 contrario
2904 4971 3028 5035 erit,
3051 4985 3117 5025 eo
3154 4968 3295 5039 quod
3346 4981 3565 5022 necesse

1981 5072 2064 5117 est
2078 5063 2350 5117 contraria
2380 5062 2434 5116 in
2466 5062 2655 5117 eodem
2683 5048 2885 5132 genere
2919 5062 3001 5117 vel
3042 5063 3094 5115 in
3142 5058 3424 5115 contrariis
3472 5074 3565 5129 ge-

1983 5155 2201 5210 neribus
2230 5170 2372 5210 esse.
2417 5154 2483 5208 Et
2508 5154 2834 5209 dilferentias
2884 5155 3098 5225 quidem
3145 5151 3442 5207 contrarias
3493 5151 3564 5205 de

1983 5247 2272 5302 contrariis
2299 5247 2625 5303 arbitramur
2649 5247 2949 5316 praedicari,
2984 5255 3041 5300 ut
3065 5244 3132 5300 de
3157 5243 3278 5297 albo
3294 5252 3348 5296 et
3369 5243 3522 5311 nigro
3545 5259 3560 5297 :

1983 5358 2107 5397 nam
2138 5341 2265 5397 illud
2300 5342 2516 5411 quidem
2543 5342 2975 5413 disgregalivum,
3002 5339 3102 5392 hoc
3132 5346 3308 5391 autem
3334 5350 3561 5405 congre-

1981 5435 2215 5503 gativum
2248 5437 2386 5489 visus
2415 5450 2431 5502 ;
2456 5450 2620 5505 quate
2652 5435 2697 5489 si
2724 5434 2789 5488 de
2817 5432 3086 5487 contrario
3115 5429 3399 5486 contraria:
3422 5444 3563 5498 prte-

1982 5525 2255 5593 dicantur,
2281 5524 2347 5580 de
2380 5526 2657 5595 proposito
2678 5539 2797 5593 qua:
2823 5522 3105 5592 assignatze
3140 5530 3262 5575 sunt
3303 5519 3563 5601 praedica-

1984 5617 2213 5682 buntur;
2272 5626 2600 5687 quaprOpter
2656 5616 2776 5685 quia
2828 5624 2881 5669 et
2929 5630 3098 5683 genus
3150 5624 3204 5669 et
3242 5614 3555 5669 diﬁ‘erentite

1983 5718 2125 5765 recte
2154 5708 2421 5779 assignata
2470 5718 2613 5775 sunt,
2648 5705 2986 5762 manifestum
3020 5708 3270 5776 quoniam
3308 5706 3552 5761 deﬁnitio

1984 5802 2086 5860 erit
2127 5814 2246 5871 qua:
2282 5798 2550 5870 assignato
2582 5807 2685 5854 est.
2719 5800 2927 5858 Annon
2965 5799 3324 5863 necessarium
3363 5808 3446 5856 est
3491 5800 3560 5875 de
