4064 6336
432 317 532 378 991

1681 303 1791 362 ΑΝ.
1834 254 2057 359 nam.
2085 293 2237 355 sev.
2280 298 2504 356 socru

3611 315 3718 372 992

432 434 722 492 contrariis
753 428 1086 487 differentias
1120 422 1427 496 praedicari,
1473 421 1572 475 nisi
1607 420 1660 475 in
1691 421 1881 476 eodem
1933 430 2021 486 ge-
2050 412 2106 472 Δ
2132 424 2335 484 ponunt
2364 398 2513 471 ideas
2552 429 2693 483 esse,
2722 418 3167 487 quemadmodum
3199 421 3349 493 prius
3376 422 3577 482 dictum
3608 422 3736 483 est.’

440 542 573 585 nere
593 528 701 582 sint
727 520 1034 580 contraria?
1063 513 1289 589 quorum
1313 525 1488 569 autem
1522 528 1717 584 genera
1753 522 1876 566 sunt
1897 525 2025 566 con-

436 621 619 687 traria,
654 616 784 672 nihil
820 612 1068 683 prohibet
1096 609 1342 666 eamdem
1374 606 1728 662 differentiam
1760 604 1827 658 de
1858 604 2025 658 utris-

437 728 544 785 que
568 710 694 776 dici,
726 716 783 762 ut
812 707 880 761 de
906 704 1110 776 justitia
1143 712 1203 758 et
1229 703 1515 781 iujustitia‘:
1544 716 1664 755 nam
1691 700 1778 753 illa
1809 697 2024 768 quidem

438 805 632 867 virtus,
667 802 780 853 haec
805 807 982 854 autem
1010 796 1196 851 vilium
1224 795 1434 849 animae.
1479 793 1656 860 Quare
1696 791 1747 846 id
1778 789 1921 861 quod
1943 799 2027 845 est

439 897 636 959 anima,
671 892 972 947 differentia
1013 889 1081 945 de
1120 889 1362 959 utrisque
1411 886 1628 956 dicitur,
1673 901 1738 941 eo
1793 884 1933 954 quod
1974 893 2028 938 et

443 989 687 1060 corporis
734 996 817 1041 est
847 986 1019 1041 virtus
1048 992 1103 1039 et
1137 982 1359 1047 vitium;
1393 980 1488 1037 sed
1534 979 1637 1035 hoc
1672 993 1859 1034 verum
1884 976 2027 1048 quod

440 1083 864 1146 contrariorum,
894 1086 986 1133 adt
1013 1076 1317 1141 contrarize,
1343 1084 1435 1129 aut
1464 1073 1671 1129 emdem
1710 1071 2029 1135 differentia:

447 1183 602 1239 sunt;
631 1172 674 1227 si
704 1187 833 1249 ergo
859 1171 928 1226 de
957 1169 1232 1225 contrario
1263 1165 1533 1222 contraria
1579 1163 1921 1235 prmdicatur,
1963 1162 2032 1217 de'

442 1267 551 1323 hoc
572 1276 749 1322 autem
787 1280 919 1330 non,
948 1264 1293 1319 manifestum
1334 1259 1585 1331 quoniam
1611 1272 1730 1329 qua:
1778 1255 1918 1309 dicta
1948 1260 2033 1309 est

442 1357 513 1412 de
545 1357 646 1411 hoc
675 1352 1503 1427 praedicabitur.‘Universaliter
1552 1360 1734 1404 autem
1776 1346 2031 1412 dicendo,

445 1450 491 1505 si
519 1449 761 1504 definitio
788 1457 873 1504 est
896 1464 960 1503 ex
987 1461 1185 1516 genere
1208 1456 1263 1501 et
1290 1443 1627 1508 differentiis,
1660 1442 1705 1497 si
1732 1442 2035 1496 sitcontra-

442 1541 513 1599 ril
560 1541 805 1595 definitio
844 1540 1162 1607 manifesta,
1227 1547 1282 1592 et
1328 1552 1448 1607 qua:
1491 1534 1750 1605 propositi
1792 1530 2034 1587 definitio

445 1631 728 1687 manifesta
758 1630 882 1685 erit.
912 1628 1044 1683 Nam
1077 1626 1332 1699 quoniam
1363 1626 1692 1681 contrarium
1743 1624 1797 1678 iu
1840 1624 2032 1678 eodem

446 1738 670 1793 genere,
694 1727 779 1777 vel
811 1722 865 1776 in
897 1722 1191 1784 contrario,
1215 1720 1462 1775 similiter
1487 1726 1665 1772 autem
1706 1724 1760 1770 et
1782 1716 2036 1770 differen-

2126 507 2391 576 Amplius,
2422 507 2467 562 si
2499 523 2595 579 per
2617 509 2981 579 metaphoram
3022 511 3156 567 dixit
3186 529 3381 571 nomen
3407 556 3425 584 ,
3455 518 3541 573 vel
3570 520 3713 574 idem

2127 601 2195 656 de
2225 601 2415 655 eodem
2458 601 2769 672 praedicavit
2816 613 2875 657 ut
2916 604 3213 676 diversum,
3247 618 3301 663 et
3341 611 3385 664 si
3432 610 3549 680 quis
3580 612 3717 668 alius

2130 693 2434 747 communis
2462 701 2515 747 et
2539 692 2731 749 efficax
2756 693 3021 764 locorum,
3048 697 3140 754 illo
3169 700 3448 755 utendum.

2745 832 2972 888 CAPUT
3012 833 3098 889 ΙΙΙ.

2170 918 2249 975 De
2276 924 2665 978 constructione
2695 934 2741 979 et
2768 905 3107 982 destructione
3135 930 3534 1000 praedicatorem
3559 931 3681 986 loci.

2203 1055 2468 1123 Quoniam
2522 1069 2700 1114 autem
2750 1059 3025 1118 difficilius
3067 1072 3149 1118 est
3195 1075 3511 1123 construere
3559 1084 3721 1139 quam

2131 1144 2412 1202 destruere
2442 1149 2755 1217 terminum,
2788 1165 2852 1206 ex
2876 1151 2939 1206 iis
2963 1168 3081 1223 qua:
3112 1165 3293 1225 postea
3316 1157 3582 1224 dicentur,
3606 1175 3723 1215 ma-

2136 1237 2414 1293 nifestum.
2448 1239 2579 1294 Nam
2612 1256 2771 1297 nosse
2798 1244 2969 1313 ipsum
2992 1287 3006 1310 ,
3049 1255 3104 1301 et
3131 1262 3348 1304 sumere
3383 1251 3449 1306 ab
3488 1250 3721 1308 interm-

2132 1331 2381 1401 gantibus
2408 1332 2715 1402 hujusmodi
2740 1337 3136 1406 propositiones
3159 1355 3264 1394 non
3292 1338 3470 1408 facile,
3494 1352 3551 1397 ut
3581 1345 3724 1413 quod

2136 1437 2327 1478 eorum
2381 1440 2500 1494 qua:
2550 1436 2678 1480 sunt
2708 1428 2759 1481 in
2793 1429 3061 1498 assignata
3094 1432 3336 1487 oratione
3377 1434 3481 1491 hoc
3508 1437 3724 1506 quidem

2137 1531 2325 1587 genus,
2352 1518 2482 1573 illud
2507 1531 2685 1574 autem
2718 1520 3038 1590 differentia,
3064 1533 3118 1579 et
3138 1526 3347 1595 quodin
3371 1543 3437 1582 eo
3461 1529 3590 1598 quid
3619 1545 3721 1595 est,

2136 1624 2306 1679 genus
2333 1619 2388 1667 et
2411 1611 2731 1667 differentia:
2763 1614 3142 1683 praedicantur.
3188 1617 3317 1674 Sine
3346 1618 3429 1673 his
3468 1636 3597 1676 vero
3627 1623 3727 1677 im-

2138 1704 2396 1774 possibile
2446 1715 2529 1761 est
2556 1706 2883 1763 definitionis
2932 1710 3299 1781 syllogismum
3345 1714 3484 1782 fieri,
3531 1717 3729 1772 namsi

448 1816 537 1869 tite
561 1826 651 1870 aut
679 1814 968 1869 contraria:
1000 1813 1066 1868 de
1096 1813 1404 1879 contrariis,
1460 1820 1549 1865 aut
1594 1809 1795 1864 eaedem
1845 1808 2038 1877 praedi-

2159 1797 2389 1866 1ucedam
2420 1809 2470 1855 et
2502 1799 2606 1854 alia
2634 1800 2686 1854 in
2710 1817 2774 1856 eo
2792 1802 2933 1870 quod
2964 1804 3090 1873 quid
3116 1813 3199 1860 est
3227 1806 3294 1862 de
3322 1822 3381 1862 re
3412 1809 3727 1877 praedicant,

448 1915 657 1971 cantur,
681 1906 975 1960 dilucidum
1023 1905 1278 1975 quoniam
1320 1903 1388 1959 de
1430 1901 1726 1973 preposito,
1759 1910 1851 1954 aut
1894 1901 2037 1957 idem

453 2015 623 2070 genus
660 1999 1039 2070 prmdicabitur
1080 1999 1224 2070 quod
1276 1999 1343 2054 de
1372 1998 1670 2062 contrario;
1722 1996 2037 2052 differentia:

451 2102 634 2145 autem
690 2091 995 2157 contrariae,
1024 2092 1110 2146 vel
1141 2104 1353 2158 omnes,
1409 2089 1499 2143 vel
1545 2089 1766 2154 aliquae;
1817 2088 2039 2157 reliqua:

452 2192 631 2238 autem
654 2183 853 2238 eaedem
878 2193 969 2239 aut
988 2192 1200 2250 contra,
1220 2182 1538 2238 differentia:
1566 2182 1779 2253 quidem
1809 2177 2038 2248 easdem,

452 2291 655 2346 genera
683 2292 812 2332 vero
834 2277 1126 2344 contraria,
1155 2278 1420 2331 autambo
1447 2276 1737 2343 contraria,
1760 2283 1816 2331 et
1844 2289 2041 2346 genera

450 2367 831 2424 etdifferentias
858 2387 870 2421 :
906 2384 1025 2424 nam
1048 2368 1236 2425 eadem
1260 2384 1382 2425 esse
1410 2361 1570 2424 ambb
1602 2384 1707 2424 non
1738 2370 2038 2439 contingit;

453 2457 502 2512 si
533 2468 710 2513 autem
742 2474 932 2524 secus,
975 2440 1218 2516 definitio
1262 2462 1451 2515 eadem
1483 2462 1879 2515 contrariorum
1917 2462 2040 2516 erit.

455 2552 721 2621 Amplius,
752 2567 817 2607 ex
859 2554 1073 2608 casibus
1101 2562 1155 2609 et
1183 2553 1503 2624 conjugatis.
1536 2554 1770 2610 Necesse
1791 2561 1876 2609 est
1897 2554 2040 2609 enim

455 2648 715 2714 consequi
750 2662 945 2716 genera
987 2649 1296 2718 generibus,
1328 2658 1383 2703 et
1409 2649 1666 2704 terminos
1697 2648 1961 2715 terminis,
1988 2640 2071 2704 ut—

456 2737 502 2792 si
531 2736 731 2792 oblivio
772 2747 855 2793 est
881 2738 1123 2794 scientiae
1163 2740 1405 2809 amissio,
1439 2749 1494 2796 et
1531 2740 1771 2806 oblivisci
1798 2742 2046 2795 amittere

455 2828 736 2883 scientiam
775 2830 905 2894 erit,
944 2839 999 2884 et
1042 2831 1266 2885 oblitum
1303 2846 1426 2887 esse
1468 2832 1713 2886 amisisse
1738 2832 2042 2887 scientiam.

456 2918 578 2976 Uno
621 2920 781 2990 igitur
811 2920 1047 2986 quolibet
1078 2937 1264 2977 eorum
1291 2938 1411 2992 quae
1452 2924 1589 2977 dicta
1618 2932 1739 2979 sunt
1770 2924 2046 2990 confesso,

458 3027 682 3069 necesse
711 3022 794 3067 est
822 3023 874 3067 et
904 3013 1111 3083 reliqua
1140 3015 1407 3069 confiteri.
1434 3016 1693 3071 Similiter
1722 3026 1899 3071 autem
1932 3025 1985 3071 et
2004 3017 2049 3070 si

458 3103 737 3171 corruptio
761 3102 1046 3158 dissolutio
1084 3104 1430 3170 substantiae,
1476 3116 1529 3160 et
1560 3120 1906 3176 corrumpere
1934 3106 2048 3161 dis-

2145 1888 2411 1944 incertum
2443 1898 2714 1955 utrumne,
2737 1909 2860 1964 quae
2884 1895 3026 1951 dicta
3063 1906 3169 1961 est,
3200 1912 3274 1953 an
3316 1900 3420 1954 alia
3448 1901 3567 1970 ejus
3596 1902 3732 1957 deﬁ-

2143 1983 2280 2037 nitio
2323 1991 2426 2053 est,
2476 1999 2542 2039 eo
2570 1985 2713 2056 quod
2759 1985 2999 2043 definitio
3049 2000 3132 2045 est
3161 1991 3331 2047 oratio
3359 1992 3503 2063 quod
3529 2004 3611 2049 est
3642 1996 3730 2050 in-

2143 2076 2352 2132 dicans.
2409 2078 2747 2135 Manifestum
2794 2093 2975 2138 autem
3024 2092 3080 2140 et
3128 2086 3288 2141 etiam
3334 2102 3399 2142 ex
3440 2087 3559 2155 his,
3603 2105 3731 2144 nam

2144 2169 2353 2227 facilius
2395 2188 2559 2226 unum
2594 2173 2925 2231 concludere
2964 2191 3124 2245 quam
3166 2178 3362 2244 multa,
3398 2179 3733 2235 iuterimenti

2144 2264 2358 2334 quidem
2382 2265 2581 2321 sufficit
2601 2267 2667 2320 ad
2687 2282 2850 2322 unum
2882 2266 3171 2324 disserere.
3199 2270 3369 2326 Unum
3392 2272 3534 2326 enim
3558 2273 3733 2343 quod-

2146 2373 2374 2429 cumque
2403 2360 2495 2425 sit,
2531 2359 2887 2425 destruentes,
2916 2362 3290 2433 interempturi
3325 2380 3512 2421 sumus
3544 2368 3736 2422 termi—

2144 2467 2304 2517 num;
2339 2459 2393 2506 at
2423 2453 2775 2520 construenti,
2801 2455 2983 2509 omnia
3025 2470 3250 2512 necesse
3288 2467 3370 2512 est
3407 2469 3733 2516 construere

2148 2545 2291 2616 quod
2327 2546 2513 2614 insint,
2564 2562 2686 2617 qua:
2736 2548 2789 2601 in
2832 2550 3062 2604 termino
3107 2559 3252 2606 sunt.
3304 2552 3568 2623 Amplius,
3606 2569 3737 2609 con-

2149 2638 2376 2695 struenti
2416 2638 2630 2709 quidem
2679 2640 3055 2697 uni'versaliter
3099 2643 3441 2699 statuendum
3488 2646 3741 2717 syllogis-

2149 2747 2298 2787 mum
2345 2731 2494 2801 (nam
2542 2741 2758 2802 oportet
2779 2733 2847 2789 de
2872 2735 3040 2805 omni,
3069 2735 3135 2790 de
3160 2751 3266 2807 quo
3289 2752 3509 2803 nomen,
3542 2738 3742 2807 pradi-

2141 2824 2263 2880 -cari
2293 2832 2347 2878 et
2382 2824 2703 2889 terminum,
2733 2835 2787 2881 et
2825 2828 2990 2881 etiam
3027 2828 3203 2883 adhuc
3230 2831 3468 2884 converti
3517 2830 3586 2885 de
3635 2846 3745 2901 quo

2152 2914 2450 2970 orationem
2480 2923 2533 2971 et
2562 2930 2779 2982 nomen,
2806 2918 2853 2972 si
2874 2918 3064 2983 debeat
3086 2921 3340 2990 proprius
3362 2937 3484 2977 esse
3504 2923 3749 2992 assignao

2156 3015 2242 3062 tus
2267 3007 2577 3077 terminus),
2604 3007 2900 3065 destruenti
2923 3026 3049 3065 vero
3072 3028 3177 3066 non
3205 3027 3429 3069 necesse
3457 3014 3750 3070 ostendere

2154 3097 2541 3153 universaliter
2570 3112 2582 3152 ε
2613 3100 2812 3155 sufficit
2840 3090 2987 3156 enim}
3013 3102 3302 3159 ostendere
3332 3104 3475 3173 quod
3500 3104 3568 3159 de
3615 3119 3750 3175 quo-

458 3193 674 3248 solrere
719 3194 1112 3262 substantiam,
1160 3204 1216 3249 et
1262 3198 1569 3266 corruptive
1611 3198 1961 3264 dissolutive,
2000 3196 2049 3252 si
2077 3183 2123 3246 C
2155 3191 2297 3260 piam
2328 3205 2515 3247 eorum
2554 3207 2677 3261 qua!
2718 3192 2835 3247 sub'
2869 3194 3088 3249 nomine
3141 3204 3267 3249 sunt
3314 3197 3487 3250 oratio
3517 3210 3626 3250 non
3654 3210 3747 3251 ve-

464 3276 832 3353 cOrruptivum
877 3285 1256 3341 dissolutivum
1288 3287 1601 3343 substantiae
1626 3328 1641 3354 ,
1682 3297 1738 3345 et
1774 3292 2053 3360 corruptio

463 3376 784 3433 substantiae
833 3377 1137 3433 dissolutio.
1181 3379 1441 3436 Similiter
1489 3390 1666 3435 autem
1713 3388 1763 3435 et
1813 3382 1865 3435 in
1910 3381 2052 3438 aliis.

466 3469 646 3538 Quare
687 3486 793 3539 uno
833 3471 1022 3542 quovis
1049 3482 1264 3543 sumpto
1288 3515 1303 3539 ,
1335 3482 1390 3528 et
1434 3474 1642 3545 reliqua
1672 3474 1851 3530 omnia
1880 3476 2053 3531 confi-

466 3568 684 3617 teantur
723 3573 956 3632 oportet.
1008 3564 1075 3619 Et
1119 3580 1188 3619 ex
1242 3566 1492 3621 similiter
1529 3582 1588 3621 se
1628 3567 1944 3623 habentibus
1988 3568 2055 3623 ad

465 3650 718 3711 invicem.
761 3655 892 3710 Nam
923 3656 968 3711 si
1000 3656 1219 3712 salubre
1246 3667 1326 3712 est
1354 3658 1657 3714 effectivum
1692 3659 1937 3714 sanitatis
1959 3701 1974 3725 ,
2003 3668 2059 3715 et

466 3745 646 3802 habile
666 3746 971 3801 effectivum
995 3747 1151 3803 bona:
1174 3748 1655 3827 babitudinis.erit,
1680 3761 1734 3805 et
1759 3752 2057 3820 adjutivum

466 3838 771 3894 effectivum
796 3840 920 3893 boni
949 3855 1104 3894 :nam
1137 3842 1386 3897 similiter
1415 3844 1834 3913 unumquodque
1870 3859 2058 3899 eorum

468 3941 589 3997 qua:
629 3926 771 3983 dicta
821 3938 949 3983 sunt
1001 3930 1066 3983 ad
1110 3944 1268 3985 suum
1305 3933 1463 3987 finem
1495 3947 1554 3987 se
1584 3932 1769 3998 habet;
1816 3948 1987 4003 quare
2015 3936 2060 3988 si

471 4020 632 4073 unius
669 4034 855 4074 eorum
888 4021 1130 4076 definitio
1178 4032 1260 4077 est
1301 4023 1609 4079 effectivum
1650 4039 1772 4081 esse
1818 4026 1966 4092 finis,
2007 4035 2064 4082 et

472 4111 803 4179 reliquorum
833 4112 1091 4181 cujusque
1142 4114 1221 4168 sic
1258 4115 1358 4169 erit
1382 4114 1647 4170 definitio.
1678 4117 1922 4186 Amplius
1949 4158 1963 4180 ,
1994 4132 2060 4173 ex

473 4215 540 4255 eo
564 4201 704 4271 quod
736 4211 820 4257 est
849 4205 1019 4271 magis
1059 4214 1114 4259 et
1156 4207 1404 4262 similiter
1426 4248 1442 4272 ,
1485 4209 1627 4278 quod
1658 4220 1741 4263 est
1777 4211 2059 4277 similiter,

472 4294 685 4362 quoties
714 4296 977 4365 contingit
1001 4308 1318 4353 construere
1345 4290 1479 4353 duas
1510 4299 1574 4353 ad
1599 4300 1706 4354 duo
1742 4315 2064 4371 comparan-

477 4396 611 4441 tem.
654 4387 722 4442 Ut
748 4390 791 4441 si
818 4394 987 4458 magis
1018 4392 1133 4445 haec
1163 4391 1321 4460 hujus
1351 4408 1508 4462 quant
1550 4395 1649 4447 ista
1679 4396 1832 4449 istius
1877 4396 2066 4452 defini-

479 4478 574 4545 tio,
608 4477 709 4531 ista
737 4486 916 4533 autem
941 4495 1062 4549 qua:
1092 4482 1291 4545 minus,
1320 4483 1560 4538 definitio
1586 4495 1686 4549 est,
1717 4495 1772 4540 et
1798 4486 1914 4541 bare
1944 4503 2065 4557 qua:

477 4568 648 4636 magis
675 4608 690 4634 ,
728 4578 781 4623 et
811 4570 856 4623 si
886 4571 1135 4627 similiter
1160 4572 1276 4627 hazc
1308 4573 1466 4642 hujus
1488 4617 1502 4641 ,
1545 4583 1601 4629 et
1646 4576 1748 4629 ista
1797 4578 1947 4632 istius
1973 4618 1986 4641 ,
2020 4579 2066 4633 si
2094 4558 2148 4618 Ῑ)

477 4658 646 4714 altera
674 4661 930 4725 alterius,
963 4673 1017 4718 et
1044 4663 1250 4734 reliqua
1293 4666 1541 4735 reliqum.
1577 4666 1692 4721 lina
1722 4678 1901 4723 autem
1939 4668 2070 4723 defi-

478 4751 610 4804 nitio
638 4751 705 4806 ad
727 4752 833 4807 duo
857 4763 1190 4823 comparata,
1225 4766 1314 4810 aut
1336 4756 1545 4813 duabus
1573 4758 1977 4814 definitionibus
2002 4761 2069 4815 ad

480 4858 665 4910 unum,
690 4845 998 4916 neutiquam
1021 4847 1168 4902 utilis
1191 4862 1253 4902 ea
1280 4864 1399 4919 qua:
1423 4865 1488 4904 ex
1523 4852 1689 4921 magis
1714 4862 1795 4907 est
1823 4852 2069 4908 conside-

478 4939 634 4991 ratio.
681 4937 815 4993 Nam
855 4955 1028 5010 neque
1057 4956 1217 4995 unam
1247 4943 1472 4997 duorum
1495 4986 1508 5010 ,
1543 4960 1716 5013 neque
1742 4946 1877 5000 duas
1927 4947 2073 5017 ejus-

480 5028 604 5083 dem
627 5030 967 5086 definitiones
991 5034 1248 5101 possibile
1264 5044 1499 5091 estesse.
1524 5035 1659 5092 Sunt
1682 5048 1859 5093 autem
1879 5053 2077 5109 oppor-

483 5121 749 5176 tunissimi
777 5123 1013 5178 locorum
1039 5167 1053 5191 ,
1085 5138 1139 5180 et
1171 5128 1260 5195 qui
1293 5143 1433 5182 nunc
1463 5129 1591 5183 dieti
1620 5140 1778 5197 sunt,
1805 5138 1858 5185 et
1888 5130 1979 5201 Qui
2009 5146 2076 5186 ex

481 5215 723 5286 casibus,
770 5225 825 5270 et
855 5219 943 5286 qui
987 5233 1050 5272 ex
1095 5221 1430 5290 conjugatis,
1473 5224 1724 5291 quocirca
1768 5232 1821 5277 et
1862 5231 2079 5291 oportet

484 5307 718 5367 maxime
746 5307 995 5365 detinere
1023 5320 1075 5365 et
1102 5322 1375 5382 promptos
1410 5314 1610 5371 habere
1641 5315 1762 5370 hos.
1793 5314 2078 5371 Utilissimi

483 5400 628 5453 enim
652 5400 717 5455 ad
742 5402 993 5471 plurima.
1026 5406 1269 5460 Aliorum
1297 5416 1475 5462 autem
1502 5408 1555 5463 hi
1589 5410 1676 5478 qui
1702 5411 1931 5465 maxime
1953 5417 2081 5465 sunt

484 5504 821 5546 communes.
872 5493 1002 5548 Nam
1051 5497 1124 5551 illi
1175 5500 1408 5554 maxime
1449 5500 1777 5569 reliquorum
1820 5501 2084 5556 efﬁcacis-

486 5581 609 5635 simi
636 5626 651 5649 ,
681 5592 739 5637 ut
777 5585 1043 5654 inspicere
1079 5589 1131 5641 in
1170 5590 1530 5660 singularibus
1554 5630 1572 5656 ,
1617 5598 1670 5644 et
1709 5590 1761 5644 in
1798 5590 2083 5660 speciebus

492 5673 843 5730 considerare
861 5718 874 5742 ,
908 5679 949 5731 si
980 5672 1266 5734 conveniat
1295 5682 1536 5735 definitio
1558 5724 1571 5749 ,
1598 5695 1663 5735 eo
1690 5682 2083 5751 quod-univoca

490 5760 708 5832 species
757 5776 871 5832 est;
921 5779 1004 5824 est
1048 5782 1224 5827 autem
1274 5774 1417 5829 utilis
1463 5772 1550 5830 hic
1600 5772 1747 5830 locus
1776 5772 1841 5831 ad
1870 5787 1965 5831 eos
1995 5774 2089 5845 qui

2156 3285 2422 3354 rilicatur,
2440 3293 2494 3340 et
2525 3287 2742 3341 tametsi
2799 3286 3105 3341 universale
3151 3295 3403 3358 oporteat
3443 3286 3751 3352 destruere,

2156 3394 2263 3434 non
2296 3386 2476 3433 tamen
2500 3376 2742 3443 converti
2773 3377 3138 3433 necessarium
3188 3387 3243 3434 et
3287 3379 3344 3433 in
3384 3379 3753 3438 destruendo;

2159 3486 2281 3526 nam
2315 3470 2514 3527 sufficit
2553 3470 2855 3526 destruenti
2889 3470 3216 3533 universale,
3275 3471 3565 3526 ostendere
3612 3470 3757 3540 quod

2159 3563 2227 3619 de
2256 3563 2436 3634 aliquo
2457 3574 2645 3617 eorum
2675 3562 2741 3617 de
2768 3562 2964 3632 quibus
2995 3577 3192 3618 nomen
3234 3562 3557 3633 pradicatur
3580 3561 3757 3617 oratio

2162 3673 2268 3712 non
2315 3657 2661 3727 prtedicatur,
2694 3665 2749 3710 at
2793 3671 2824 3711 e
2848 3644 3109 3713 converso
3148 3670 3253 3711 non
3301 3656 3670 3711 necessarium
3702 3662 3763 3707 ut

2161 3749 2497 3815 ostendatur,
2544 3751 2688 3819 quod
2727 3747 2796 3802 de
2828 3748 3023 3818 quibus
3047 3749 3222 3803 oratio
3250 3762 3357 3801 non
3407 3747 3758 3824 praedicatur,

2164 3856 2338 3911 neque
2372 3855 2566 3896 nomen
2593 3840 2937 3909 praedicetur.
2967 3840 3210 3910 Amplius
3240 3840 3426 3906 etiam,
3453 3840 3498 3892 si
3530 3839 3678 3893 omni
3708 3838 3763 3893 ei

2166 3933 2306 3988 inest
2328 3931 2472 4003 quod
2500 3933 2600 3988 sub
2629 3934 2847 3987 nomine
2869 3942 2969 3997 cst,
3012 3940 3069 3986 at
3106 3948 3212 3986 non
3263 3932 3386 3995 soli,
3436 3931 3766 3999 interempta

2165 4034 2249 4080 est
2274 4025 2553 4080 definitio:
2586 4024 2839 4079 similiter
2875 4033 3054 4078 autem
3101 4032 3157 4079 et
3185 4024 3327 4078 circa
3376 4024 3659 4092 proprium
3711 4032 3767 4074 et

2167 4133 2335 4189 genus
2380 4131 2441 4173 se
2473 4118 2655 4175 habet.
2691 4117 2746 4171 lu
2805 4118 3045 4186 utrisque
3089 4117 3233 4172 enim
3292 4116 3570 4171 destruere
3603 4130 3766 4185 quam

2168 4219 2482 4267 construere
2515 4210 2720 4264 facilius
2764 4210 2877 4263 est.
2920 4208 2994 4263 De
3022 4208 3245 4277 proprio
3296 4207 3511 4277 quidem
3543 4206 3770 4259 manife-

2168 4300 2433 4365 stum,'ex
2464 4300 2543 4355 iis
2580 4315 2700 4370 quae
2739 4292 2884 4353 dicta
2934 4309 3081 4364 sunt,
3131 4313 3255 4352 nam
3290 4307 3349 4350 ut
3374 4296 3669 4366 plurimum
3715 4296 3771 4348 in

2169 4394 2545 4464 complexione
2569 4394 2847 4463 proprium
2887 4393 3215 4461 assignatur,
3266 4404 3435 4460 quare
3481 4390 3773 4444 destruere

2171 4486 2385 4556 quidem
2433 4494 2537 4551 est,
2572 4501 2736 4539 unum
2779 4483 3129 4546 interimenti,
3181 4482 3512 4536 construenti
3562 4489 3772 4545 autem,

2176 4578 2354 4633 omnia
2386 4576 2798 4632 ratiocinatione
2828 4576 3087 4647 colligere
3116 4590 3337 4631 necesse
3365 4582 3470 4629 est.
3501 4573 3651 4627 Pene
3682 4588 3777 4625 au-

2180 4682 2284 4727 tem
2313 4679 2368 4725 et
2396 4670 2602 4740 reliqua
2629 4669 2809 4725 omnia
2840 4684 3179 4740 quaacunque
3215 4668 3279 4721 ad
3317 4666 3691 4739 definitionem
3724 4676 3779 4719 et

2177 4766 2243 4820 ad
2308 4763 2582 4834 proprium
2623 4761 2908 4817 conveniet
2949 4761 3077 4829 dici,
3131 4776 3253 4815 nam
3291 4768 3347 4814 et
3385 4759 3530 4812 omni
3562 4767 3780 4827 oportet

2179 4858 2320 4929 quod
2366 4858 2466 4912 sub
2517 4856 2737 4912 nomine
2766 4863 2869 4919 est,
2914 4854 3249 4910 construenti
3285 4860 3590 4908 monstrare
3644 4865 3781 4921 quo-

2182 4952 2326 5006 niam
2358 4952 2524 5017 incSt,
2552 4948 2860 5004 destruenti
2910 4955 3087 5001 autem
3132 4945 3329 5000 sufficit
3360 4943 3656 4999 ostendere
3684 4942 3779 4996 uni

2182 5058 2286 5097 non
2318 5042 2528 5108 inesse;
2559 5041 2602 5096 si
2636 5055 2764 5095 vero
2793 5048 2846 5094 et
2873 5039 3020 5093 omni
3046 5040 3206 5103 inest,
3237 5032 3423 5090 at‘non
3455 5035 3579 5099 soli,
3611 5036 3779 5089 etiam

2183 5135 2229 5190 si
2260 5134 2587 5190 destructum
2621 5132 2701 5199 fit,
2749 5129 2973 5202 perinde
3007 5145 3069 5185 ac
3120 5139 3172 5184 et
3204 5130 3256 5183 in
3290 5128 3608 5209 definitione
3637 5127 3784 5180 dice-

2182 5228 2357 5283 batur.
2384 5227 2467 5281 De
2495 5240 2695 5297 genere
2711 5233 2911 5293 autem,
2942 5222 3190 5294 quoniam
3216 5230 3532 5278 construere
3562 5219 3780 5290 quidem

2181 5332 2407 5388 necesse
2439 5326 2523 5373 est
2548 5332 2653 5372 uno
2673 5316 2853 5381 modo,
2879 5316 2968 5386 qui
2995 5315 3140 5370 omni
3167 5313 3402 5369 ostendit
3446 5312 3649 5375 inesse,
3682 5312 3779 5365 de-

2188 5410 2422 5466 struenti
2448 5414 2631 5465 autem
2655 5408 2962 5477 dupliciter,
2989 5423 3112 5462 nam
3141 5406 3254 5460 sive
3285 5404 3440 5469 nulli,
3472 5404 3593 5458 sive
3622 5402 3782 5455 alicui

2190 5508 2469 5559 ostensum
2497 5504 2568 5557 sit
2598 5517 2704 5557 non
2729 5502 2928 5568 inesse,
2982 5501 3362 5569 interemptum
3409 5506 3494 5553 est
3536 5496 3679 5565 quod
3726 5497 3781 5548 in

2191 5596 2477 5665 principio.
2508 5594 2639 5651 Item
2666 5592 3004 5650 construcnti
3030 5591 3248 5663 quidem
3278 5606 3386 5646 non
3418 5588 3624 5645 sufficit
3652 5603 3784 5658 quo.

2193 5687 2335 5743 niam
2363 5686 2507 5743 inest
2527 5685 2834 5751 ostendere,
2857 5685 2951 5740 sed
2986 5693 3040 5741 et
3067 5682 3320 5755 quoniam
3357 5690 3417 5737 ut
3447 5696 3619 5753 genus
3646 5680 3784 5734 inest

2194 5778 2611 5850 ostendendum,
2659 5778 2958 5836 destruenti
3012 5784 3190 5833 autem
3242 5773 3442 5834 sufficit
3492 5769 3781 5831 ostendere
