4022 6330
347 271 451 330 993

1219 263 1616 357 TOPICORUM
1653 260 2104 322 ARISTOTELIS
2138 260 2716 320 INTLRPRETATIO.

3515 272 3620 328 994

347 406 454 443 non
494 389 691 452 inesse,
737 386 819 441 vel
873 383 1048 450 alicui,
1098 382 1182 438 vel
1242 381 1395 437 nulli.
1446 381 1667 436 Videtur
1713 386 1918 472 autem,
1954 380 2276 472 Atantum,
2304 394 2478 472 quare
2516 395 2623 472 non
2671 382 2926 452 possibile
2954 399 3023 443 ex
3061 388 3183 448 aliis
3212 392 3281 450 ad
3325 395 3429 454 alia
3461 415 3620 472 argu-

346 478 796 552 qucmadmodum
824 477 875 531 in
899 477 1038 542 aliis,
1064 489 1416 542 corrumpere
1443 489 1604 545 quam
1636 473 1815 528 facere
1836 471 1926 527 fa-

343 574 523 640 cilius,
547 575 624 629 sic
659 582 712 628 et
761 573 813 627 in
848 572 953 637 his,
979 574 1260 626 destruere
1289 582 1445 640 quam
1492 578 1829 623 construere.
1875 567 1931 621 ln

343 668 622 723 accidente
643 681 772 721 vero
798 666 1106 720 universale
1135 664 1348 733 quidem
1398 662 1609 717 facilius
1652 661 1932 715 destruere

343 775 505 828 quam
528 770 859 814 construere.
884 755 1015 810 Nam
1040 754 1375 811 construenti
1401 753 1616 824 quidem
1641 750 1932 806 ostenden-

344 851 470 905 dum
508 852 761 921 quoniam
793 850 961 914 omni,
996 847 1292 902 destruenti
1322 848 1500 901 autem
1528 847 1724 901 sufficit
1750 854 1931 899 osten-

342 940 472 995 dere
498 942 585 994 uui
620 955 723 994 non
767 941 962 993 inesse.
1015 938 1344 994 Particulare
1393 954 1521 992 vero
1565 952 1595 992 e
1643 950 1929 999 converso,

344 1047 465 1085 nam
500 1031 708 1087 facilius
733 1039 1048 1084 construere
1075 1045 1233 1096 quam
1259 1028 1558 1083 destruere.
1587 1024 1931 1082 Construenti

342 1122 486 1176 enim
508 1130 592 1178 sat
622 1130 705 1175 est
736 1121 1021 1175 ostendere
1048 1119 1207 1172 alicui
1239 1119 1437 1184 inesse,
1481 1116 1783 1172 destruenli
1832 1132 1933 1170 au-

347 1224 452 1268 tem
478 1208 866 1268 ostendendum
917 1213 1172 1281 quoniam
1204 1210 1337 1265 nulli
1370 1212 1530 1264 inest.
1592 1209 1930 1264 Manifestum

345 1317 522 1359 autem
551 1314 653 1374 qua
685 1305 752 1359 de
791 1319 954 1358 causa
976 1303 1219 1357 omnium
1261 1300 1569 1355 facillimum
1611 1310 1695 1355 est
1751 1301 1933 1354 termi-

344 1410 472 1449 num
496 1396 795 1451 destruere.
830 1396 1064 1450 Plurima
1113 1393 1255 1448 enim
1288 1401 1415 1447 sunt
1440 1393 1557 1461 ipso
1587 1392 1709 1446 data
1745 1392 1933 1446 multo-

342 1502 464 1540 rum
486 1486 775 1553 dictorum,
807 1502 871 1541 ex
916 1485 1155 1554 pluribus
1181 1495 1359 1539 autem
1389 1486 1546 1539 citius
1595 1483 1652 1537 fit
1682 1483 1932 1555 syllogis-

341 1593 483 1643 mus,
513 1593 634 1631 nam
662 1576 959 1633 verisimile
984 1578 1035 1630 in
1065 1576 1245 1630 multis
1274 1576 1443 1644 magis
1469 1589 1628 1645 quam
1663 1574 1715 1628 in
1746 1573 1931 1643 paucis

338 1678 618 1738 peccatum
642 1668 784 1722 ﬁeri.
811 1666 1076 1735 Amplius,
1111 1665 1177 1719 ad
1221 1665 1507 1719 terminum
1532 1664 1768 1733 .quidetn
1801 1678 1931 1717 con-

2040 468 2287 533 mentari,
2317 470 2418 524 nisi
2466 470 2520 526 in
2550 471 2864 530 definitione
2904 476 3100 535 solum.
3148 482 3484 544 Manifestum
3518 468 3620 563 igi-

2034 566 2121 612 tur
2146 561 2396 630 quoniam
2416 561 2983 623 facillimumomnium
3005 580 3105 637 est,
3126 578 3411 635 terminum
3437 561 3621 641 interi-

2036 665 2216 717 mere,
2263 663 2577 711 construere
2606 669 2785 715 autem
2825 660 3234 737 difficillimum,
3269 686 3391 727 nam
3436 685 3491 730 et
3530 677 3619 733 illa

2035 748 2248 807 Oportet
2271 744 2450 798 omnia
2479 748 2888 809 ratiocinatione
2931 757 3205 829 colligere,
3238 772 3292 817 et
3342 768 3485 835 quod
3533 769 3619 825 in-

2034 842 2160 887 sunt
2190 849 2308 903 qua:
2335 835 2473 891 dicta
2504 851 2651 907 sunt,
2674 853 2728 897 et
2756 846 2896 913 quod
2922 863 3088 918 genus
3115 853 3256 921 quod
3286 858 3618 927 assignatum

2034 937 2136 991 est,
2166 930 2415 1000 quodque
2445 937 2659 1005 propria
2687 937 2948 1009 deﬁnitio,
2978 955 3031 1000 et
3057 947 3233 1003 adhuc
3279 964 3476 1018 prmter
3505 959 3620 1014 haec

2032 1022 2179 1119 quod
2211 1022 2411 1119 indicat
2436 1027 2567 1119 quid
2593 1038 2807 1086 estesse
2830 1036 3023 1102 oratio,
3052 1048 3107 1093 et
3132 1040 3245 1095 haec
3262 1045 3428 1112 probe
3452 1042 3616 1119 Opor-

2035 1118 2112 1165 tet
2142 1110 2357 1210 fecisse.
2385 1115 2629 1172 Aliorum
2660 1131 2836 1177 autem
2868 1129 3141 1197 proprium
3173 1110 3404 1191 masime
3432 1110 3619 1210 hujus-

2035 1203 2200 1296 modi.
2234 1202 2366 1258 Nam
2412 1206 2720 1265 interimere
2764 1213 2981 1283 quidem
3023 1218 3253 1292 facilius,
3288 1240 3355 1280 eo
3383 1202 3618 1296 quodex

2033 1292 2278 1360 pluribus
2299 1296 2618 1369 plerumque
2649 1300 2729 1359 ﬁt.
2760 1302 3089 1365 Construere
3133 1322 3313 1368 autem
3362 1292 3619 1376 difficilli-

2035 1402 2200 1449 mum,
2247 1391 2498 1459 quoniam
2548 1395 2713 1451 multa
2754 1409 2969 1468 oportet
3022 1413 3289 1475 astruere,
3336 1419 3393 1467 et
3443 1415 3617 1471 adhuc

2032 1479 2287 1545 quoniam
2314 1482 2416 1537 soli
2450 1482 2611 1551 inest,
2643 1496 2692 1542 et
2722 1491 2974 1559 quoniam
3011 1501 3312 1555 conversim
3363 1505 3619 1569 praedica-

2034 1576 2122 1622 tur
2148 1569 2216 1625 de
2244 1586 2325 1627 re.
2389 1571 2723 1632 Facillimum
2780 1591 2959 1637 autem
3012 1589 3249 1645 omnium
3303 1606 3619 1654 construere

2031 1662 2302 1719 accidens.
2328 1666 2460 1722 Nam
2489 1670 2543 1725 in
2566 1672 2687 1727 aliis
2705 1675 2918 1743 quidem
2951 1693 3055 1734 non
3086 1682 3259 1738 solum
3289 1685 3484 1755 inesse,
3521 1691 3616 1746 sed

340 1761 517 1829 tingit,
550 1769 603 1815 et
633 1775 730 1828 per
758 1759 860 1813 alia
892 1758 1255 1829 argumentari
1310 1759 1448 1827 (sive
1491 1760 1633 1812 enim
1675 1772 1780 1811 non
1806 1773 1931 1826 pro-
1957 1793 2006 1853 Β
2034 1766 2087 1808 et
2144 1757 2393 1826 quoniam
2432 1761 2510 1815 sic
2563 1762 2708 1818 inest
2751 1768 3179 1838 ostendendum,
3230 1775 3282 1829 in
3339 1779 3618 1838 accidente

340 1853 457 1922 pria
481 1851 551 1905 sit
576 1850 839 1917 definitio,
881 1851 995 1905 sive
1064 1866 1170 1904 non
1214 1856 1382 1919 genus
1420 1850 1559 1919 quod
1599 1849 1919 1919 assignatur,

338 1946 454 2001 sive
483 1961 588 2000 non
621 1946 759 1999 inest
781 1943 996 2014 aliquod
1015 1959 1199 1998 eorum
1222 1959 1341 2013 quae
1363 1952 1487 1997 sunt
1514 1943 1565 1996 in
1589 1941 1920 2009 definitione,

338 2038 662 2107 interempta
690 2038 749 2092 fit
775 2035 1061 2106 definitio),
1084 2036 1151 2090 ad
1181 2036 1286 2091 alia
1318 2046 1496 2090 autem
1524 2050 1694 2105 neque
1714 2050 1776 2091 ea
1803 2051 1923 2105 qua!

338 2150 407 2189 ex
424 2133 685 2198 terminis,
714 2147 889 2201 neque
915 2132 1018 2186 alia
1043 2132 1304 2201 contingit
1333 2130 1512 2185 omnia
1534 2130 1919 2199 argumentari,

338 2226 454 2281 sola
478 2225 622 2280 enim
647 2238 710 2278 ea
732 2239 852 2294 qua:
880 2222 947 2277 ad
986 2222 1255 2286 accidens,
1279 2222 1582 2276 communia
1602 2229 1727 2275 sunt
1750 2221 1924 2275 omni-

338 2316 442 2371 bus
490 2315 779 2385 prtedictis.
825 2300 1007 2369 Inesse
1048 2314 1189 2367 enim
1238 2321 1455 2381 oportet
1506 2313 1922 2380 unumquodque

337 2422 522 2463 eorum
545 2421 665 2477 qua:
690 2405 830 2461 dicta
851 2412 1004 2467 sunt;
1023 2405 1068 2457 si
1093 2414 1274 2458 autem
1299 2420 1402 2457 non
1420 2413 1476 2457 ut
1491 2403 1765 2472 proprium
1784 2403 1925 2457 inest

336 2513 528 2569 genus,
581 2498 822 2554 nondum
870 2497 1254 2564 interemptum
1301 2504 1385 2549 est
1439 2509 1627 2563 genus.
1663 2494 1923 2550 Similiter

336 2599 518 2646 autem
544 2598 599 2645 et
629 2589 901 2660 proprium
930 2601 1039 2641 non
1068 2588 1430 2642 necessarium
1462 2596 1698 2657 utgenus
1722 2588 1917 2652 inesse,

337 2696 513 2753 neque
554 2682 807 2737 accidens
848 2690 907 2736 ut
947 2695 1117 2751 genus
1145 2688 1238 2734 aut
1264 2680 1561 2748 prepriutn,
1600 2680 1694 2734 sed
1740 2679 1920 2733 inesse

1420 2810 3443 2840 ..___._____________________

2034 1863 2163 1903 vero
2192 1850 2443 1920 quoniam
2469 1854 2608 1909 inest
2640 1857 2923 1926 duntaxat,
2958 1863 3157 1919 sufficit
3188 1872 3495 1927 ostendere.
3518 1874 3621 1930 De-

2033 1953 2247 1999 struere
2276 1956 2455 2002 autem
2483 1948 2853 2007 difficillimum
2893 1964 2977 2010 est
3006 1958 3275 2030 accidens,
3310 1964 3433 2031 quia
3459 1983 3616 2035 quam

2033 2041 2357 2109 paucissima
2376 2041 2428 2096 in
2449 2056 2516 2097 eo
2542 2044 2664 2098 data
2681 2054 2827 2111 sunt,
2851 2064 2959 2103 non
2989 2051 3131 2105 enim
3164 2038 3535 2126 consignificat
3560 2062 3618 2116 in

2034 2132 2319 2188 accidente
2343 2135 2613 2203 quomodo
2637 2136 2796 2192 inest.
2829 2138 3007 2205 Quare
3034 2143 3087 2196 in
3125 2145 3250 2199 aliis
3279 2147 3493 2217 quidem
3519 2152 3619 2206 du-

2035 2224 2247 2292 pliciter
2295 2226 2607 2281 interimere
2648 2229 2929 2301 contingit,
2985 2234 3071 2288 vel
3112 2239 3447 2295 ostendendo
3474 2244 3617 2312 quod

2030 2330 2136 2369 non
2166 2317 2327 2383 inest,
2353 2317 2434 2372 vel
2463 2318 2605 2387 quod
2630 2333 2736 2374 non
2768 2322 2847 2376 sic
2873 2322 3047 2391 inest;
3078 2325 3134 2382 in
3175 2332 3454 2390 accidente
3485 2351 3617 2392 vero

2031 2421 2137 2461 non
2168 2409 2430 2478 contingit
2457 2410 2767 2469 interimere
2811 2415 2913 2470 nisi
2944 2420 3279 2477 ostendendo
3326 2426 3468 2494 quod
3507 2444 3615 2484 non

2030 2497 2190 2553 inest.
2224 2497 2353 2554 Loci
2383 2516 2477 2568 per
2505 2516 2640 2571 quos
2664 2504 2868 2575 copiosi
2906 2509 3111 2564 erimus
3140 2511 3207 2565 ad
3234 2514 3445 2581 singula
3467 2533 3614 2587 quaa-

2032 2604 2135 2658 que
2166 2590 2559 2657 problematum
2581 2596 2967 2663 argumentari,
2997 2597 3112 2655 fere
3130 2600 3465 2660 sufficienter
3503 2622 3611 2662 an-

2032 2681 2296 2736 numerati
2327 2690 2473 2739 sunt.

1477 2844 1821 2959 LIBER
1893 2874 2471 2961 OCTAVUS.

1856 3018 2081 3031 _

860 3083 1085 3142 CAPUT
1118 3079 1401 3138 PRIMUM.

587 3180 711 3235 Loci
736 3179 805 3233 ad
843 3176 1201 3231 instruendum
1247 3177 1667 3242 interrogantem.

406 3271 535 3330 Post
562 3272 675 3327 haec
701 3281 879 3325 autem
910 3269 977 3323 de
1010 3267 1200 3322 ordine
1235 3274 1290 3319 et
1309 3278 1543 3334 quonam
1573 3270 1729 3331 pacto
1759 3274 1923 3330 opor-

335 3375 412 3423 tet
436 3370 790 3434 interrogare,
835 3362 1142 3417 dicendum.
1187 3360 1419 3429 Oportet
1469 3366 1648 3410 autem
1690 3355 1920 3424 primum

335 3459 552 3528 quidem
583 3472 705 3512 eum
754 3456 841 3525 qui
887 3454 1223 3521 interrogare
1260 3451 1421 3504 debet
1454 3448 1631 3503 locum
1676 3447 1919 3502 invenire

336 3548 478 3604 unde
504 3548 572 3601 sit
601 3545 1083 3615 argumentandum
1110 3559 1124 3607 ;
1148 3542 1446 3595 secundum
1477 3549 1655 3594 autem
1686 3539 1922 3592 interro-

336 3653 463 3709 gare
491 3651 544 3694 et
571 3638 826 3691 ordinare
879 3635 1088 3705 singula
1137 3632 1277 3702 apud
1330 3632 1601 3700 seipsum;
1658 3631 1921 3699 reliquum

337 3747 466 3786 vero
493 3740 549 3786 et
572 3736 786 3784 tertium
816 3729 999 3783 dicere
1025 3728 1140 3796 jam
1172 3725 1361 3779 eadem
1388 3725 1456 3779 ad
1488 3725 1739 3778 alterum.
1767 3721 1922 3789 Quod

335 3834 513 3879 autem
545 3823 783 3878 inveniat
813 3822 1011 3887 locum,
1046 3818 1301 3875 similiter
1330 3817 1634 3887 philosophi
1666 3827 1722 3871 et
1748 3815 1920 3871 diale-

336 3916 458 3971 ctici
488 3914 875 3978 consideratio,
906 3911 1136 3966 subinde
1168 3925 1294 3965 vero
1336 3910 1426 3964 illa
1467 3907 1723 3964 ordinare
1761 3915 1816 3963 et
1848 3908 1922 3962 in-

340 4017 632 4077 terrogare,
687 4004 958 4075 proprium
1012 3985 1316 4068 dialectici;
1358 4001 1423 4055 ad
1485 4001 1712 4055 alterum
1774 4000 1919 4053 enim

338 4113 501 4158 omne
544 4098 685 4169 quod
723 4099 829 4152 tale
863 4105 965 4151 est.
1017 4094 1343 4164 Philosophe
1366 4103 1544 4148 autem
1575 4100 1631 4147 et
1658 4091 1921 4161 quaerenti

340 4204 438 4261 per
466 4192 699 4260 seipsum
735 4189 866 4245 nihil
892 4204 1036 4243 cura:
1064 4195 1149 4243 est
1195 4187 1239 4241 si
1280 4200 1406 4241 vera
1438 4184 1654 4255 quidem
1706 4184 1817 4238 sint
1866 4194 1922 4239 et

337 4290 468 4337 nota
496 4296 593 4350 per
621 4296 741 4350 qua:
780 4278 1144 4351 syllogismus,
1170 4286 1225 4332 et
1254 4289 1361 4330 non
1397 4283 1559 4345 ponat
1588 4288 1650 4329 ea
1681 4288 1800 4344 qua:
1830 4288 1920 4329 re-

339 4373 592 4444 :pondet,
622 4389 688 4428 eo
714 4372 856 4444 quod
888 4371 1183 4441 propinqua
1232 4369 1341 4423 sint
1386 4368 1495 4422 illis,
1541 4382 1660 4437 quae
1702 4376 1915 4423 suntex

1946 3088 1994 3152 ς,
2025 3087 2196 3135 terum
2219 3087 2320 3146 est,
2352 3092 2575 3138 necesse
2601 3091 2684 3138 est
2706 3091 2763 3139 et
2789 3084 2892 3140 illis
2913 3087 3013 3143 uti.
3036 3087 3379 3145 Necessarias
3420 3090 3607 3160 igitur,

2028 3189 2126 3243 per
2155 3190 2289 3245 quas
2312 3176 2369 3229 fit
2396 3176 2756 3247 syllogismus,
2783 3194 2889 3233 non
2906 3182 3086 3235 statim
3116 3183 3607 3251 praeordinandum,

2021 3266 2118 3322 sed
2161 3266 2467 3322 abeundum
2517 3268 2586 3323 ad
2641 3285 2891 3338 suprema
2929 3290 2941 3323 :
2975 3280 3032 3326 ut
3083 3287 3187 3327 non
3229 3275 3463 3342 postulet
3492 3278 3610 3343 quis

2022 3359 2418 3413 contrariorum
2462 3360 2710 3414 eamdem
2765 3360 3128 3431 disciplinam,
3162 3365 3205 3417 si
3250 3363 3351 3420 hoc
3378 3367 3609 3422 voluerit

2023 3464 2262 3515 sumere,
2293 3452 2388 3505 sed
2427 3453 2836 3520 oppositorum;
2869 3454 3046 3521 posito
3068 3456 3209 3509 enim
3242 3455 3363 3522 hoc,
3393 3468 3446 3511 et
3473 3474 3610 3527 quo-

2027 3542 2169 3596 niam
2208 3542 2601 3596 contrariorum
2634 3542 2825 3597 eadem
2854 3544 3134 3613 disciplina
3165 3547 3477 3615 syllogismo
3497 3550 3611 3602 col-

2027 3634 2178 3704 liget,
2208 3648 2275 3689 eo
2295 3634 2438 3703 quod
2466 3649 2532 3689 ex
2557 3637 2820 3705 oppositis
2874 3645 3003 3690 sunt
3052 3640 3341 3692 contraria.
3396 3641 3453 3694 Si
3484 3656 3612 3695 vero

2026 3728 2171 3782 illam
2196 3743 2303 3781 non
2337 3736 2498 3795 ponat
2545 3743 2643 3795 per
2687 3727 3071 3793 inductionem,
3120 3731 3442 3785 sumendum
3479 3748 3610 3800 pro-

2025 3818 2245 3890 ponenti
2268 3822 2322 3874 in
2343 3820 2753 3890 particularibus
2778 3822 3087 3877 Contrariis.
3117 3823 3248 3877 Nam
3275 3834 3366 3879 aut
3386 3841 3478 3894 per
3501 3826 3612 3896 syl-

2024 3911 2335 3979 logismum,
2364 3919 2456 3965 aut
2503 3926 2604 3981 per
2631 3911 2994 3968 inductionem
3019 3914 3354 3969 necessarias
3396 3930 3613 3970 sumen-

2023 4005 2179 4071 dum,
2213 4016 2305 4060 aut
2336 4007 2431 4060 has
2452 4007 2667 4075 quidem
2710 4006 3041 4073 inductione,
3078 4007 3198 4063 illas
3228 4019 3405 4065 autem
3445 4012 3612 4082 syllo-

2023 4099 2217 4169 gismo.
2244 4098 2590 4168 Quacunque
2618 4108 2795 4154 autem
2820 4099 2975 4155 valde
2996 4099 3295 4156 manifestae
3321 4111 3465 4169 sunt,
3493 4104 3610 4158 illas

2024 4203 2236 4257 quoque
2263 4197 2474 4257 oportet
2508 4203 2857 4258 praeponere,
2903 4205 3025 4244 nam
3076 4192 3489 4248 immanifestius
3525 4202 3613 4249 est

2025 4294 2241 4349 semper
2287 4280 2338 4335 in
2360 4280 2613 4337 abscessu
2649 4292 2705 4337 et
2748 4282 3061 4339 inductione
3117 4284 3259 4354 quod
3299 4296 3609 4342 secuturum

2025 4378 2127 4436 est,
2158 4381 2215 4425 et
2243 4371 2404 4427 simul
2431 4373 2576 4442 ipsas
2597 4375 2926 4430 necessarias
2952 4390 3273 4446 proponere,
3306 4386 3361 4433 et
3386 4378 3474 4447 qui
3501 4395 3610 4435 non

339 4464 624 4533 principio,
670 4472 726 4518 et
772 4461 1059 4531 pra’videat
1099 4459 1240 4530 quod
1270 4458 1614 4514 subsecutum
1668 4466 1774 4522 est.
1823 4457 1917 4511 sed
1947 4460 2001 4521 D
2026 4470 2202 4533 potest
2230 4463 2323 4518 illo
2349 4464 2533 4530 modo,
2562 4478 2781 4521 sumere
2800 4480 2923 4521 esse
2951 4476 3217 4536 paratum,
3244 4484 3362 4538 qua:
3392 4484 3523 4525 vero
3543 4470 3609 4524 ad

337 4554 570 4610 fortasse
593 4565 647 4610 et
669 4554 906 4609 studiose
932 4564 1074 4623 aget,
1128 4549 1379 4622 quoniam
1409 4549 1644 4604 maxime
1694 4559 1833 4604 nota:
1860 4560 1914 4603 et

337 4647 656 4717 prOpinqua:
694 4653 819 4700 sunt
853 4645 1161 4714 dignitates,
1192 4658 1256 4697 ex
1307 4642 1415 4697 illis
1457 4642 1602 4696 enim
1636 4640 1918 4695 scientifici

337 4735 660 4805 syllogismi.
720 4734 849 4789 Loci
882 4734 1041 4802 igitur
1085 4733 1227 4787 unde
1256 4739 1503 4801 oporteat
1529 4745 1746 4799 sumere
1786 4729 1920 4785 dicti

336 4837 461 4882 sunt
487 4830 651 4895 prius.
681 4826 757 4879 De
785 4826 971 4879 ordine
992 4833 1171 4879 autem
1200 4832 1254 4879 et
1277 4822 1691 4891 interrogatione
1726 4821 1913 4877 dicen-

336 4918 463 4971 dum
509 4904 797 4972 dividendo
830 4917 1230 4985 propositiones
1254 4929 1587 4985 quarcunque
1650 4914 1925 4969 sumenda:

338 5021 462 5066 sunt
492 5012 558 5065 ad
581 5011 941 5077 necessarias,
984 5011 1310 5065 necessaria:
1340 5018 1517 5063 autem
1549 5008 1799 5063 dicuntur
1827 5024 1922 5077 per

339 5119 472 5174 quas
499 5104 840 5175 syllogismus
870 5102 953 5157 lit.
1010 5102 1140 5169 Qua:
1189 5109 1368 5156 autem
1399 5100 1467 5153 ab
1495 5099 1579 5153 his
1618 5110 1919 5173 sumuntur,

338 5216 568 5275 quatuor
594 5214 740 5260 sunt.
771 5206 881 5262 Aut
904 5204 1050 5260 enim
1079 5202 1251 5273 gratia
1296 5201 1640 5266 inductionis,
1682 5211 1743 5255 ut
1769 5201 1920 5255 vide.

340 5307 425 5351 tur
456 5297 780 5361 universale,
812 5306 904 5351 aut
938 5296 1005 5350 ad
1035 5293 1456 5365 magnitudinem
1510 5292 1789 5358 orationis,
1830 5303 1921 5346 aut

339 5390 408 5446 ad
435 5392 846 5446 occultationem
877 5387 1260 5453 conclusionis,
1284 5396 1376 5441 aut
1400 5386 1684 5439 dilucidior
1716 5386 1773 5439 lit
1801 5399 1921 5440 ora-

342 5482 453 5548 tio;
484 5491 679 5547 prteter
705 5483 800 5537 has
823 5491 1000 5536 autem
1042 5480 1183 5533 nulla
1215 5489 1293 5533 est
1328 5476 1649 5532 assumenda
1680 5478 1922 5546 proposi-

340 5576 436 5643 tio,
465 5579 559 5632 sed
606 5593 701 5647 per
740 5576 839 5630 has
886 5589 1080 5645 augere
1107 5582 1164 5629 et
1212 5574 1540 5639 interrogare
1587 5570 1917 5625 tentandum.

340 5672 476 5724 Sunt
496 5680 674 5724 autem
690 5686 821 5741 quae
840 5668 907 5723 ad
925 5667 1360 5732 occultationem,
1393 5663 1704 5721 certaminis
1731 5665 1923 5732 gratia,

339 5761 435 5817 sed
459 5763 582 5831 qui)
606 5777 765 5817 omne
787 5761 950 5832 (quod
981 5758 1285 5830 huiusmodi
1316 5757 1419 5828 est)
1453 5756 1723 5827 negotium
1753 5754 1819 5812 ad
1842 5757 1922 5810 al-

2023 4557 2120 4610 has
2147 4566 2376 4626 sumpta:
2398 4566 2544 4623 sunt,
2575 4557 2899 4625 accipiendae
2920 4559 3134 4629 quidem
3179 4560 3392 4615 illarum
3415 4562 3608 4632 gratia.

2022 4647 2367 4719 Unaqureque
2397 4657 2575 4703 autem
2629 4663 2814 4704 earum
2855 4648 2958 4705 hoc
2986 4651 3144 4706 modo
3186 4652 3442 4707 utendum
3466 4652 3612 4707 iudu‘

2023 4750 2231 4795 centem
2260 4739 2475 4810 quidem
2508 4755 2537 4795 a
2584 4741 2940 4811 singularibus
2993 4742 3061 4797 ad
3111 4744 3463 4808 universalia,
3495 4753 3550 4797 et
3576 4760 3604 4796 a

2027 4833 2169 4887 notis
2198 4832 2264 4887 ad
2296 4833 2498 4903 ignota,
2545 4844 2668 4886 nuta
2717 4841 2894 4887 autem
2943 4835 3112 4903 magis
3138 4851 3260 4904 qua:
3308 4836 3598 4892 secundum

2029 4939 2268 4987 sensum,
2298 4923 2380 4978 vel
2402 4924 2739 4993 simpliciter,
2764 4925 2849 4981 vel
2882 4927 3266 4993 multipliciter,
3300 4927 3383 4981 vel
3417 4926 3601 4979 inulti-

2029 5017 2220 5071 tudini.
2244 5016 2611 5072 Occultantem
2642 5032 2773 5073 vero
2797 5019 3205 5073 ratiocinatione
3240 5017 3607 5087 praecelligere

2026 5100 2238 5178 oportet
2255 5124 2321 5163 ea
2371 5123 2468 5177 per
2490 5124 2609 5178 quae
2631 5109 2972 5181 syllogismus
2999 5109 3118 5179 ejus
3143 5109 3285 5178 quod
3313 5123 3378 5163 ex
3408 5109 3611 5178 princi-

2026 5202 2115 5269 pio
2144 5208 2229 5256 est
2256 5200 2415 5256 debet
2443 5201 2577 5268 fieri,
2606 5211 2660 5256 et
2688 5200 2802 5256 haec
2830 5211 2889 5256 ut
2916 5204 3221 5269 plurimum.
3265 5201 3381 5255 Erit
3428 5210 3605 5257 autem

2026 5294 2147 5358 hoc.
2176 5296 2221 5349 si
2253 5294 2373 5364 quis
2426 5310 2531 5350 non
2572 5295 2745 5351 solum
2791 5296 3140 5359 necessarias,
3193 5295 3285 5351 sed
3336 5306 3389 5350 et
3421 5311 3603 5351 earum

2026 5386 2183 5459 (qua:
2233 5386 2299 5441 ad
2350 5386 2466 5442 illas
2515 5396 2639 5443 sunt
2688 5388 2882 5456 utiles)
2918 5387 3147 5457 aliquam
3192 5388 3605 5458 syllogizaverit.
3674 5396 3679 5401 '

2025 5476 2294 5543 Amplius,
2326 5478 2699 5534 conclusiones
2722 5492 2827 5532 non
2859 5476 3065 5542 dicere,
3096 5478 3189 5531 sed
3223 5489 3406 5546 postea
3444 5480 3608 5532 ratio.

2030 5570 2301 5624 cinatione
2323 5568 2580 5638 colligere
2626 5567 2946 5632 subitarias,
3003 5568 3081 5621 sic
3115 5568 3257 5621 enim
3299 5568 3607 5637 longissime

2028 5663 2283 5719 abscedet
2304 5652 2461 5718 ab'ea
2490 5661 2633 5733 (quae
2661 5675 2726 5715 ea
2758 5658 3042 5729 principio)
3070 5660 3367 5729 positione;
3392 5662 3607 5713 univer-

2028 5757 2213 5813 saliter
2243 5764 2422 5811 autem
2452 5750 2701 5819 dicendo,
2733 5750 2810 5808 sic
2855 5760 3066 5823 oportet
3110 5765 3232 5810 eum
3271 5750 3610 5821 interrogare
