4064 6336
372 278 379 285 κ
467 216 569 271 995

1688 206 1799 262 AN.
1841 208 2047 263 MANL.
2088 207 2238 263 SEV.
2281 209 2497 267 BOETII

3628 212 3732 269 996

455 330 545 399 qui
568 306 779 386 occulte
802 325 1115 396 interrogat,
1141 330 1202 379 ut
1240 321 1567 391 interrogata
1590 319 1735 374 omni
1775 320 2040 387 oratione,
2070 319 2123 378 Α
2149 319 2399 376 similiter
2427 336 2494 377 ex
2526 320 2627 377 hoc
2655 321 2997 380 manifestum
3049 323 3121 381 sit
3142 324 3282 397 quod
3311 338 3733 383 consecuturum

455 431 512 477 et
542 437 607 478 eo
631 421 841 477 dicente
861 416 1282 480 conclusionem,
1307 422 1581 484 quaeratur
1618 420 1838 482 propter
1878 410 2036 481 quid;

458 515 513 570 id
542 526 720 568 autem
750 512 850 566 erit
880 508 1113 563 maxime
1144 522 1238 577 per
1269 505 1598 562 antedictum
1632 504 1847 561 modum
1880 518 2040 559 :nam

461 608 575 663 sola
619 607 801 663 ultima
844 603 985 657 dicta
1036 600 1404 665 conclusione,
1446 596 1858 652 immanifestum
1902 612 2039 666 quo-

459 697 621 754 modo
649 695 863 759 accidit,
892 708 958 749 eo
988 692 1129 762 quod
1160 707 1265 746 non
1304 689 1554 761 praevidit
1581 690 1919 757 respondens
1973 703 2041 745 ex

459 789 654 859 quibus
677 786 889 850 accidit,
938 800 1042 839 non
1073 799 1171 853 per
1221 782 1467 838 membra
1505 781 1731 850 digestis
1771 780 2042 851 prioribus

458 878 816 953 syllogismis;
862 877 1084 931 minime
1130 884 1311 930 autem
1365 889 1463 944 per
1518 873 1758 929 membra
1784 873 2043 942 digeritur

459 970 802 1042 syllogismus
825 968 1196 1035 conclusione,
1229 981 1350 1021 cum
1396 981 1505 1020 non
1555 965 1671 1033 ejus
1711 964 2044 1033 sumptiones

418 1046 423 1051 ﬁ
460 1070 753 1132 ponuntur,
783 1061 877 1116 sed
908 1073 1028 1114 cum
1054 1059 1142 1113 illa
1177 1066 1461 1112 sumuntur
1490 1071 1518 1108 a
1557 1055 1748 1121 quibus
1796 1055 2047 1126 syllogis-

458 1170 579 1209 mus
604 1154 681 1208 ﬁt.
717 1154 857 1209 Utile
880 1161 1059 1207 autem
1092 1160 1147 1206 et
1188 1166 1292 1207 non
1344 1147 1594 1203 continua
1646 1147 1907 1215 postulata
1956 1162 2045 1200 su-

459 1260 631 1310 mere,
658 1260 722 1299 ex
754 1244 951 1312 quibus
979 1239 1295 1312 syllogismi,
1330 1239 1425 1292 sed
1454 1238 1689 1292 vicissim
1718 1235 1782 1289 ad
1809 1236 1963 1288 aliam
1993 1244 2047 1291 et

464 1336 530 1391 ad
556 1337 715 1389 aliam
746 1334 1168 1389 conclusionem.
1210 1330 1343 1385 Nam
1378 1330 1565 1399 positis
1605 1328 2048 1383 convenientibus

457 1428 612 1496 juxta
642 1441 701 1481 se
734 1425 981 1489 invicem,
1009 1424 1177 1492 magis
1204 1421 1345 1491 quod
1376 1420 1575 1474 accidit
1607 1435 1669 1473 ex
1712 1420 1843 1487 ipsis
1880 1419 2050 1473 mani-

460 1517 677 1573 festum.
702 1516 927 1584 Oportet
955 1524 1132 1568 autem
1167 1522 1220 1567 et
1241 1512 1552 1565 deﬁnitione
1578 1525 1792 1565 sumere
1820 1511 1903 1580 (in
1926 1510 2049 1579 qui-

463 1609 564 1664 bus
589 1606 839 1678 possibile
864 1606 966 1674 est)
998 1604 1353 1659 universalem
1383 1602 1825 1673 propositionem,
1857 1616 1963 1655 non
1996 1601 2048 1655 in

2143 422 2246 479 est,
2270 423 2324 468 et
2348 423 2563 484 sumpto
2606 414 2731 482 hoc,
2754 428 3025 488 sumptum
3060 427 3146 474 est
3179 427 3237 474 et
3263 419 3417 474 illud.
3453 418 3519 474 Et
3561 419 3615 474 id
3647 421 3737 475 ui-

2145 507 2276 561 timo
2315 507 2646 576 interrogare
2690 508 2832 577 quod
2875 510 3110 565 maxime
3152 512 3263 564 vult
3313 526 3550 566 sumere.
3595 509 3732 566 Nam

2149 594 2383 650 maxime
2405 597 2575 663 prima
2602 604 2855 661 renuunt,
2887 612 2951 652 eo
2981 598 3125 668 quod
3157 599 3371 669 plurimi
3397 601 3734 671 interrogan-

2151 689 2284 745 tium
2317 692 2485 760 prima
2513 692 2861 761 interrogant,
2893 692 3035 748 circa
3074 708 3194 764 qua:
3240 694 3323 749 vel
3353 694 3585 749 maxime
3613 703 3731 749 stu-

2145 781 2295 837 dent.
2328 780 2408 836 Ad
2441 782 2698 851 quosdam
2727 791 2901 836 autem
2932 785 3100 851 prima
3132 800 3251 853 qum
3272 786 3422 839 tttilia
3449 794 3573 839 sunt
3604 800 3735 856 pro-

2149 886 2372 940 ponere.
2408 871 2539 925 Nam
2574 873 2806 938 protervi
2832 874 3063 929 maxime
3094 875 3264 943 prima
3287 874 3597 945 admittunt,
3630 875 3733 931 nisi

2146 962 2366 1014 omnino
2388 960 2728 1015 manifestum
2753 960 2821 1015 sit
2848 962 2990 1029 quod
3021 972 3328 1017 secuturum
3378 972 3481 1028 est,
3522 961 3578 1016 in
3627 963 3734 1019 ﬁne

2147 1061 2324 1106 autem
2349 1053 2703 1122 proterviunt.
2730 1052 2989 1107 Similiter
3014 1061 3192 1108 autem
3215 1064 3267 1109 et
3298 1056 3603 1124 quicunque
3637 1069 3732 1108 ar-

2149 1141 2414 1196 bitrantur
2440 1143 2582 1196 acuti
2611 1145 2806 1199 essein
2832 1146 3232 1214 respondendo,
3290 1157 3551 1216 ponentes
3587 1148 3732 1203 enim

2150 1234 2341 1300 prima,
2374 1234 2426 1288 in
2452 1234 2557 1289 fine
2577 1244 2878 1302 recantant,
2908 1246 3157 1305 tanquam
3201 1237 3329 1291 nihil
3368 1238 3626 1295 acciderit
3663 1256 3733 1295 ex

2151 1326 2214 1379 iis
2238 1340 2356 1394 qua:
2388 1325 2559 1395 posita
2605 1335 2762 1393 sunt;
2799 1337 3003 1396 ponunt
3025 1338 3203 1382 autem
3248 1339 3515 1399 prompte,
3558 1329 3732 1386 confi-

2151 1416 2338 1471 dentes
2366 1416 2593 1483 ltabitui,
2628 1428 2682 1474 et
2725 1419 3047 1475 arbitrantes
3079 1421 3204 1475 nihil
3227 1436 3285 1477 se
3310 1438 3431 1477 esse
3458 1438 3730 1493 passuros.

2157 1507 2419 1577 Amplius,
2454 1511 2772 1579 prolongare
2808 1520 2861 1564 ct
2900 1511 3245 1581 interponere
3297 1528 3415 1584 quae.
3443 1514 3574 1569 nihil
3611 1525 3735 1569 sunt

2152 1599 2270 1651 usui
2324 1598 2389 1653 ad
2422 1599 2741 1668 orationem,
2796 1600 3256 1670 quemadmodum
3304 1604 3731 1675 pseudographia

459 1701 609 1770 ipsis,
640 1699 734 1754 sed
759 1699 809 1752 in
850 1697 1170 1765 coniugatis.
1204 1695 1339 1749 Nam
1386 1695 1666 1763 decipiunt
1713 1694 1847 1749 falsa
1880 1697 2047 1749 ratio-
2076 1707 2125 1766 Β
2154 1700 2382 1745 utentes.
2430 1681 2557 1744 Nam
2582 1706 2701 1745 cum
2729 1692 2832 1745 sint
2857 1693 3029 1761 plura,
3055 1693 3472 1747 immanifestum
3516 1695 3568 1749 in
3622 1711 3734 1764 quo

460 1791 729 1846 cinatione
756 1789 960 1855 seipsos
989 1786 1221 1857 (quando
1260 1785 1313 1838 in
1338 1785 1622 1854 conjugato
1662 1785 1890 1838 sumitur
1904 1784 2040 1839 deﬁ-

461 1882 640 1951 nitio),
666 1882 710 1935 si
740 1894 840 1934 non
868 1876 1168 1933 universale
1198 1875 1499 1931 concedunt
1522 1893 1534 1927 :
1561 1886 1619 1929 ut
1640 1876 1683 1928 si
1711 1885 1923 1944 oportet
1953 1892 2043 1930 su-

461 1988 609 2029 mere
638 1973 777 2041 quod
835 1970 921 2039 qui
970 1970 1215 2023 irascitur
1255 1969 1462 2036 appetit
1520 1982 1757 2037 pcenam,
1803 1977 2045 2022 sumatur

358 2064 363 2069 ’
461 2072 642 2117 autem
685 2061 760 2113 ira
788 2060 1060 2128 appetitus
1094 2073 1214 2113 esse
1243 2072 1416 2127 prensa
1448 2066 1669 2128 pmpter
1701 2067 2044 2126 apparentem

460 2152 950 2224 parvipensioncm,
1004 2148 1344 2203 manifestum
1389 2157 1569 2203 autem
1638 2150 1889 2218 quoniam
1937 2150 2041 2205 hoc

460 2253 675 2313 sumpto
695 2242 1013 2296 habebimus
1040 2240 1337 2294 universale
1369 2240 1510 2308 quod
1561 2242 1959 2311 praeelegimus;
1993 2251 2048 2296 at

459 2335 541 2388 eis
567 2334 654 2402 qni
685 2333 737 2387 in
785 2332 913 2401 ipsis
964 2339 1271 2400 proponunt
1319 2345 1462 2399 sa'pe
1507 2331 1701 2385 aecidit
1750 2341 1809 2385 ut
1851 2332 2049 2386 abnuat

460 2422 812 2491 respondens,
845 2437 909 2476 eo
958 2421 1100 2490 quod
1133 2420 1301 2491 magis
1328 2436 1387 2476 se
1430 2421 1622 2476 habeat
1654 2423 1706 2476 in
1754 2438 1818 2477 ea
1869 2439 1927 2477 re
1970 2425 2050 2478 itt-

459 2514 676 2579 stantia,
704 2524 759 2568 nt
788 2514 928 2584 quod
958 2529 1064 2569 non
1093 2515 1270 2567 omnis
1299 2514 1393 2584 qui
1422 2513 1672 2569 irascitur
1700 2518 1902 2585 appetit
1936 2533 2046 2586 pm-

460 2620 607 2671 natn,
639 2620 760 2657 nam
785 2604 1089 2672 parentibus
1130 2604 1412 2658 irascimur
1448 2605 1689 2675 quidem,
1718 2621 1821 2659 tton
1871 2617 2046 2661 autem

458 2713 671 2767 pmnam
701 2696 1023 2767 appetimus.
1050 2695 1300 2750 Fortasse
1323 2705 1502 2751 autem
1552 2714 1656 2751 non
1699 2713 1823 2752 vera
1855 2699 2048 2751 instan-

456 2788 531 2842 tia
559 2795 660 2852 est,
693 2801 812 2840 nam
845 2801 874 2838 a
906 2785 1223 2854 quibusdam
1270 2786 1549 2841 sufﬁciens
1608 2803 1767 2856 paena
1811 2797 1910 2853 est,
1955 2789 2048 2842 tri-

458 2881 588 2934 stari
616 2879 811 2940 solum,
843 2888 897 2933 et
931 2878 1106 2932 facere
1138 2879 1417 2946 paenitere,
1471 2891 1838 2934 verumtamen
1883 2881 2049 2935 habet

459 2971 662 3041 aliquid
690 2969 1008 3037 verisimile,
1043 2977 1103 3023 ut
1158 2985 1263 3023 non
1314 2970 1560 3026 videatur
1607 2973 2049 3027 irrationabiliter

460 3077 658 3130 negare
681 3061 1035 3129 propositum,
1069 3061 1121 3112 in
1162 3059 1256 3113 irae.
1286 3071 1461 3115 autem
1480 3062 1815 3127 deﬁnitione,
1839 3078 1944 3117 non
1973 3064 2046 3117 si-
2074 3098 2119 3160 C

459 3153 661 3207 militer
686 3151 846 3205 facile
874 3151 1180 3204 instantiam
1230 3151 1490 3207 invenire.
1542 3152 1807 3209 Praeterea
1852 3169 2045 3223 propo-

458 3261 589 3299 nere
640 3260 733 3312 par
776 3253 881 3310 est,
914 3258 1022 3296 non
1047 3252 1104 3297 ut
1152 3253 1378 3312 propter
1430 3246 1624 3314 ipsum,
1681 3246 1774 3301 sed
1827 3247 2044 3301 alterius

459 3335 635 3407 gratia
664 3350 787 3389 eum
817 3335 908 3404 qui
954 3336 1231 3404 proponit.
1278 3334 1409 3390 Nam
1434 3336 1678 3391 devitant
1721 3353 1782 3391 ea
1813 3353 1933 3406 qua:
1980 3337 2046 3391 ad

460 3425 786 3493 positionem
842 3433 968 3478 sunt
1019 3425 1187 3479 utilia.
1231 3424 1556 3494 Simpliciter
1596 3438 1770 3484 autem
1796 3429 2043 3495 dicendo,

455 3531 616 3585 quam
639 3515 874 3570 maxime
903 3516 1078 3570 facere
1100 3516 1322 3570 dubium
1386 3527 1563 3573 utrum
1613 3520 1754 3589 quod
1796 3520 2047 3590 proponi-

457 3619 567 3675 tur,
591 3626 657 3663 an
687 3610 990 3679 oppositum
1022 3623 1238 3664 sumere
1268 3610 1397 3664 vult.
1424 3611 1555 3665 Nam
1587 3612 1753 3667 dubio
1781 3613 2047 3669 existente

457 3702 713 3772 quidnam
738 3701 803 3755 ad
829 3700 1149 3771 positionem
1182 3711 1265 3756 est
1293 3702 1443 3768 utile,
1469 3704 1640 3772 magis
1669 3704 1812 3772 quod
1834 3704 1936 3759 sibi
1968 3706 2048 3758 vi-

458 3794 618 3848 detur
646 3802 870 3863 ponunt.
926 3792 1173 3860 Amplius
1228 3807 1326 3862 per
1364 3793 1770 3849 similitudinem
1816 3794 2048 3850 interro-

460 3907 613 3962 gare.
632 3891 762 3946 Nam
787 3900 841 3944 et
871 3889 1181 3957 verisimile,
1222 3898 1279 3945 et
1326 3892 1454 3946 latet
1498 3892 1668 3961 magis
1718 3892 2043 3962 universale,

464 3992 525 4038 ut
552 3983 695 4052 quod
725 3981 1175 4056 quemadmodum
1219 3982 1447 4038 scientia
1496 3992 1551 4038 et
1596 3984 1899 4054 ignorantia
1920 4000 2049 4039 con-

459 4074 745 4129 trariorum
779 4074 988 4139 eadem,
1042 4072 1123 4128 sic
1170 4080 1226 4128 et
1254 4088 1447 4128 sensus
1468 4075 1862 4130 contrariorum
1880 4076 2044 4146 idem,

463 4148 605 4221 aute
628 4179 911 4231 conversi»,
941 4174 1220 4235 postquam
1244 4178 1436 4221 sensus
1463 4166 1604 4222 idem
1623 4168 2045 4234 contrariorum,

461 4269 518 4316 et
534 4259 787 4324 scientia;
816 4259 918 4314 hoc
948 4270 1126 4314 autem
1151 4268 1236 4314 est
1263 4260 1441 4315 simile
1471 4260 1789 4328 inductioni,
1816 4275 1921 4315 non
1961 4268 2046 4315 ta-

459 4366 586 4407 men
616 4350 788 4415 idem;
819 4365 941 4404 nam
973 4351 1082 4405 illic
1109 4351 1324 4421 quidem
1354 4366 1384 4404 a
1430 4351 1793 4421 singularibus
1831 4352 2049 4407 univer-

460 4444 573 4498 sale
587 4441 835 4505 sumitur,
855 4441 908 4495 in
924 4442 1186 4496 similibus
1198 4452 1375 4496 autem
1404 4458 1509 4505 non
1534 4451 1617 4498 est
1636 4442 1780 4512 quod
1814 4444 2045 4498 sumitur

462 4534 785 4599 universale,
802 4534 899 4587 sub
920 4548 1023 4603 quo
1041 4534 1220 4587 omnia
1236 4533 1427 4588 similia
1441 4543 1587 4588 sunt.
1614 4537 1838 4603 Oportet
1866 4543 2048 4590 autem

460 4636 515 4680 et
530 4626 704 4695 ipsum
725 4625 940 4679 sibimet
954 4624 1273 4694 quandoque
1290 4624 1595 4679 instantiam
1615 4624 1777 4679 ferre.
1800 4624 1933 4680 Nam
1963 4625 2051 4679 in-

460 4727 713 4789 suspecte
745 4732 806 4773 se
837 4717 1035 4772 habent
1059 4715 1448 4785 reSpondentes
1474 4715 1541 4770 ad
1570 4730 1664 4770 eos
1686 4718 1774 4786 qui
1805 4717 2055 4772 videntur

456 4812 601 4879 juste
634 4808 1015 4880 argumentari.
1064 4808 1206 4863 Utile
1230 4818 1407 4863 autem
1437 4808 1619 4863 dicere
1646 4808 1788 4878 quod
1826 4824 2055 4865 consue-

460 4911 598 4967 tum,
628 4910 683 4957 et
728 4901 869 4971 quod
898 4900 1094 4954 dicitur
1127 4899 1251 4953 tale.
1284 4898 1416 4954 Nam
1445 4901 1755 4970 pigrescunt
1779 4902 1922 4970 quod
1963 4914 2053 4956 so-

460 4995 610 5047 litum
642 5001 726 5048 est
748 4992 1047 5056 dimovere,
1069 4990 1375 5044 instantiam
1410 5006 1517 5045 non
1566 4991 1849 5063 habentes,
1882 4993 2046 5049 simul

458 5094 638 5141 autem
666 5094 721 5140 et
748 5084 870 5154 quia
910 5092 1131 5137 utuntur
1153 5092 1209 5138 et
1232 5082 1330 5152 ipsi
1363 5084 1581 5153 talibus,
1623 5084 1915 5141 cavent'ea
1957 5086 2045 5141 di-

460 5191 697 5232 movere.
733 5174 997 5246 Amplius,
1031 5189 1137 5229 non
1188 5173 1376 5230 sedule
1422 5191 1613 5245 agere,
1669 5177 1775 5234 etsi
1826 5178 2046 5233 omnino

461 5267 592 5322 utile
616 5267 706 5321 sit.
734 5266 867 5321 Nam
894 5266 1154 5321 adversus
1181 5265 1374 5321 sedule
1408 5276 1651 5337 agentes,
1695 5268 1865 5337 magis
1903 5268 2049 5324 reni-

461 5371 665 5414 tuntur.
694 5359 762 5415 Et
796 5359 935 5414 utin
994 5358 1342 5413 similitudine
1384 5374 1689 5429 proponere
1734 5362 1875 5430 quod
1921 5376 2045 5431 pro-

462 5458 581 5517 pter
627 5449 770 5504 aliud
802 5447 999 5517 aliquid
1042 5450 1378 5517 proponitur,
1434 5457 1488 5503 et
1541 5464 1649 5503 non
1700 5463 1918 5519 prOpter
1954 5467 2044 5507 se-

465 5544 656 5610 ipsnm,
673 5539 803 5594 utile
826 5547 1025 5608 ponent
1042 5539 1230 5609 magis.
1257 5540 1522 5610 Amplius,
1543 5555 1647 5595 non
1670 5541 1722 5595 id
1746 5557 2045 5612 proponere

464 5637 602 5700 quod
632 5642 840 5699 opontet
867 5646 1101 5698 sumere,
1132 5631 1225 5685 sed
1255 5632 1343 5685 cui
1384 5632 1742 5700 consequens,
1792 5634 1840 5687 id
1871 5645 1952 5689 est
1978 5652 2042 5691 ex

466 5724 795 5778 necessitate.
828 5724 959 5778 Nam
982 5732 1034 5780 et
1065 5725 1231 5793 magis
1260 5725 1585 5791 concedunt,
1637 5740 1702 5781 eu
1748 5727 1892 5795 quod
1927 5740 2032 5784 non

2153 1782 2345 1837 falsum
2377 1784 2467 1849 sit,
2501 1799 2668 1853 quare
2722 1796 2775 1838 et
2822 1785 3090 1839 occultant
3132 1785 3455 1856 quandoque
3501 1787 3734 1841 interro-

2152 1884 2358 1943 gantcs,
2388 1876 2440 1928 in
2477 1874 2741 1929 absconso
2769 1885 3127 1944 proponentes
3168 1891 3230 1931 ea
3269 1894 3387 1946 qua:
3409 1892 3503 1946 per
3524 1891 3583 1933 se
3616 1893 3740 1947 pro-

2155 1964 2324 2032 posita
2391 1979 2494 2017 non
2544 1974 2910 2032 ponerentur;
2976 1965 3041 2020 ad
3109 1966 3518 2022 occultationem
3577 1966 3739 2038 igitur

2156 2051 2311 2107 dictis
2341 2063 2422 2107 est
2450 2054 2723 2108 utendum.

2774 2165 3001 2225 CAPUT
3043 2169 3104 2225 ll.

2387 2276 2495 2333 Pro
2520 2279 2849 2334 instructione
2882 2281 3235 2352 respondentis
3263 2283 3362 2337 loci
3392 2283 3505 2339 alii.

2225 2394 2305 2450 Ad
2319 2405 2563 2451 ornatum
2580 2412 2707 2453 vero
2730 2399 3035 2454 inductione
3054 2409 3107 2455 et
3128 2399 3389 2457 divisione
3413 2417 3600 2458 eorum
3615 2419 3738 2473 quae

2154 2486 2331 2542 affinia
2347 2497 2488 2543 sunt.
2504 2490 2743 2545 lnductio
2765 2491 2928 2561 igitur
2947 2493 3103 2561 quale
3124 2493 3250 2561 quid
3262 2504 3345 2548 est
3373 2495 3735 2560 manifestum,

2152 2578 2391 2634 dividere
2420 2589 2597 2635 autem
2623 2581 2947 2650 hujusmodi,
2983 2593 3037 2636 ut
3067 2585 3342 2639 scientiam
3366 2586 3587 2640 scientia
3618 2601 3739 2640 esse

2154 2671 2453 2737 meliorem,
2470 2682 2636 2727 autco
2649 2674 2788 2743 quod
2802 2675 3041 2730 exactior
3053 2684 3154 2741 est,
3169 2678 3410 2747 autquod
3428 2678 3736 2745 meliorum,

2152 2773 2207 2819 et
2229 2765 2369 2833 quod
2388 2767 2730 2822 scientiarum
2762 2768 2883 2823 alia:
2896 2769 3111 2838 quidem
3138 2772 3735 2841 suntcoutemplativae,

2151 2858 2273 2911 alia:
2302 2867 2479 2913 autem
2512 2859 2713 2925 activa,
2746 2861 2865 2914 alia:
2894 2875 3057 2930 porro
3088 2861 3367 2930 effectivae,
3390 2878 3513 2918 nam
3544 2880 3739 2918 unum-

2152 2951 2401 3022 quodque
2442 2953 2624 3007 talium
2657 2964 2884 3007 coornat
2914 2954 3129 3023 quidem
3162 2956 3482 3021 orationem,
3529 2966 3584 3011 at
3631 2972 3737 3010 non

2152 3044 2514 3099 necessarium
2543 3054 2626 3101 est
2648 3054 2705 3100 ut
2732 3046 2940 3101 dicatur
2969 3047 3034 3101 ad
3051 3047 3471 3103 conclusionem.
3489 3048 3567 3103 Ad
3597 3048 3737 3103 dilu-

2153 3135 2426 3190 ciditatem
2445 3145 2622 3191 autem
2641 3138 2888 3207 exempla
2912 3147 2966 3193 et
2986 3138 3363 3195 similitudines
3382 3140 3734 3196 aﬁerendum.

2148 3227 2406 3298 Exempla
2434 3242 2613 3284 autem
2650 3231 3076 3297 accommodata,
3106 3240 3161 3287 et
3194 3247 3261 3288 ex
3288 3233 3479 3303 quibus
3510 3234 3733 3299 scimus,

2146 3320 2324 3387 qualia
2354 3321 2640 3388 Homerus,
2674 3337 2779 3377 non
2809 3324 2983 3393 qualia
3010 3324 3291 3391 Cberilus;
3323 3325 3401 3381 sic
3450 3328 3593 3381 enim
3626 3328 3737 3382 cla-

2147 3410 2260 3465 rius
2284 3410 2384 3465 erit
2416 3412 2556 3481 quod
2590 3416 2927 3482 proponitur.
2970 3414 3240 3472 Utendum
3270 3427 3447 3474 autem
3477 3419 3531 3474 in
3559 3420 3737 3475 disse-

2148 3503 2339 3567 rendo,
2368 3504 2676 3574 syllogismo
2706 3504 2919 3575 quidem
2945 3506 3012 3562 ad
3040 3508 3350 3565 dialecticos
3370 3511 3541 3582 magis
3575 3526 3736 3581 quam

2148 3594 2214 3649 ad
2239 3595 2666 3661 multitudinem;
2699 3597 3007 3653 inductione
3033 3614 3163 3654 vero
3187 3609 3371 3656 contra
3400 3602 3466 3657 ad
3499 3603 3741 3658 multitu—

2148 3686 2328 3741 dinem
2352 3690 2539 3758 magis.
2568 3688 2777 3743 Dictum
2802 3698 2883 3745 est
2904 3700 3079 3746 autem
3102 3702 3157 3748 et
3179 3692 3246 3748 de
3272 3694 3356 3749 bis
3375 3705 3429 3751 et
3454 3696 3620 3765 prius.
3648 3697 3742 3751 Est

2148 3790 2326 3835 autem
2352 3780 2403 3835 in
2432 3780 2697 3850 aliquibus
2726 3782 2944 3852 quidem
2977 3784 3251 3841 inducenti
3281 3788 3534 3857 possibile
3569 3790 3738 3845 inter-

2149 3890 2338 3944 rogare
2374 3876 2701 3941 universale,
2737 3877 2791 3931 in
2837 3877 3105 3953 aliquibus
3132 3894 3261 3936 vero
3306 3895 3413 3937 non
3456 3881 3634 3948 facile,
3673 3897 3740 3939 eo

2149 3968 2291 4038 quod
2328 3984 2434 4025 non
2489 3971 2724 4038 positum
2764 3972 2833 4025 sit
2861 3972 3299 4030 similitudinibus
3330 3990 3523 4031 nomen
3565 3978 3741 4032 omni-

2148 4060 2249 4116 bus
2263 4057 2571 4128 c'ommune,
2597 4061 2691 4117 sed
2712 4063 2926 4132 quando
2943 4073 3156 4133 oportet
3175 4066 3475 4121 universale
3496 4082 3736 4133 sumere,

2150 4153 2228 4206 sic
2268 4152 2323 4207 in
2362 4152 2612 4206 omnibus
2657 4154 2853 4209 talibus
2890 4170 3009 4210 esse
3038 4155 3241 4212 dicunt.
3272 4156 3327 4212 Id
3354 4167 3533 4213 autem
3558 4159 3740 4215 deter-

2151 4244 2357 4299 minare
2387 4244 2758 4300 difﬁcillimum
2803 4255 2916 4312 est,
2963 4249 3137 4316 qualia
3178 4257 3304 4305 sunt
3324 4262 3385 4305 ea
3413 4265 3533 4320 quae
3566 4253 3744 4321 profe-

2151 4342 2344 4388 runtur
2374 4334 2701 4404 hujusmodi,
2733 4345 2787 4391 et
2807 4337 2983 4408 qualia
3014 4354 3145 4408 non,
3176 4349 3229 4395 et
3261 4336 3477 4412 propter
3504 4342 3607 4398 hoc
3643 4359 3745 4400 sa:-

2150 4441 2446 4496 penumero
2469 4427 2733 4483 dissident
2779 4427 2829 4482 in
2860 4429 3336 4503 disputationibus,
3388 4434 3476 4489 alii
3522 4434 3741 4505 quidem

2155 4517 2392 4573 dicentes
2417 4518 2609 4573 similia
2636 4533 2760 4575 esse
2789 4535 2908 4589 qua:
2938 4524 3046 4577 non
3075 4531 3202 4578 sunt
3232 4526 3449 4592 similia,
3481 4527 3573 4582 alii
3613 4543 3745 4583 vero

2156 4610 2462 4666 dubitantes
2482 4626 2601 4680 qua:
2646 4621 2773 4666 sunt
2801 4612 2995 4667 similia
3034 4629 3141 4670 non
3172 4630 3293 4672 esse
3324 4617 3537 4672 similia.
3566 4619 3746 4685 Quare

2158 4703 2469 4760 tentandum
2500 4703 2552 4758 in
2588 4704 2840 4760 omnibus
2877 4705 3071 4763 talibus
3109 4708 3283 4778 ipsum
3330 4711 3546 4765 nomina
3588 4710 3745 4767 efﬁno
3796 4752 3800 4754 γ

2156 4813 2305 4868 gere,
2327 4807 2387 4852 ut
2428 4812 2601 4868 neque
2625 4798 2970 4869 respondenti
3001 4800 3158 4857 liceat
3178 4803 3423 4860 dubitare
3462 4806 3605 4875 quod
3637 4822 3744 4862 non

2158 4889 2404 4944 similiter
2438 4890 2579 4959 quod
2633 4890 2880 4957 infertur,
2906 4892 3121 4960 dicitur,
3171 4910 3345 4965 neque
3392 4896 3744 4968 interroganti

2153 4984 2490 5051 calumniari,
2514 4993 2571 5039 ut
2600 4985 2849 5041 similiter
2874 4985 3043 5055 dicto,
3088 5003 3153 5042 eo
3175 4990 3317 5057 quod
3368 4990 3519 5057 plura
3551 5006 3738 5046 eorum

2153 5094 2274 5149 qua:
2315 5094 2421 5135 non
2452 5080 2705 5139 similiter
2745 5081 3017 5150 dicuntur,
3064 5085 3313 5139 similiter
3341 5084 3590 5140 videntur
3610 5086 3738 5142 dici.

2154 5173 2378 5240 Quando
2399 5183 2577 5231 autem
2601 5176 2873 5233 inducenti
2896 5180 2947 5231 in
2980 5178 3223 5246 pluribus
3253 5194 3358 5235 non
3386 5179 3603 5236 dederit
3623 5182 3740 5236 uni-

2153 5265 2383 5332 versalc,
2414 5273 2537 5321 tunc
2562 5266 2764 5338 justum
2807 5277 2892 5324 est
2933 5269 3228 5339 efﬂagitare
3252 5271 3585 5338 instantiam,
3631 5287 3736 5327 non

2154 5356 2366 5412 dicente
2406 5367 2584 5414 autem
2618 5360 2733 5427 ipso
2763 5360 2816 5415 in
2847 5361 3115 5431 aliquibus
3143 5362 3243 5427 sic,
3281 5376 3387 5417 non
3423 5348 3739 5431 justum‘est

2152 5452 2467 5521 efﬂagitare,
2502 5453 2553 5507 in
2597 5454 2869 5524 aliquibus
2897 5471 3002 5509 non
3044 5454 3141 5508 sic.
3167 5454 3393 5523 Oportet
3418 5455 3564 5510 enim
3588 5454 3738 5509 indu-

2153 5553 2361 5599 centem
2386 5546 2530 5615 prius
2550 5548 2628 5602 sic
2647 5547 2954 5602 instantiam
2985 5548 3299 5618 efﬂagitare.
3323 5546 3730 5617 Elﬁagitandum

2152 5647 2326 5694 autem
2359 5640 2642 5696 instantias
2674 5658 2783 5697 non
2830 5642 2883 5697 in
2924 5657 2990 5698 eo
3020 5645 3159 5712 quod
3202 5642 3521 5713 proponitur
3568 5641 3731 5705 ferre,

2153 5730 2253 5786 nisi
2282 5746 2445 5788 unum
2477 5741 2681 5789 tantum
2714 5735 2781 5791 sit
2809 5733 3130 5805 hujusmodi,
3165 5743 3221 5791 ut
3246 5734 3476 5793 dualitas
3528 5738 3731 5807 parium
