4064 6336
0 2692 13 2727 ,ιξ

0 2786 11 2819 I

0 2880 13 2913 ς

0 2976 13 3010 E

0 3072 9 3103 ὃ

0 3178 13 3199 μ

345 510 512 562 instat
540 509 594 562 in
621 510 791 563 altero
818 506 1124 561 instantiam
1150 507 1312 576 ferre,
1340 516 1433 561 aut
1460 506 1637 562 dicere
1659 507 1798 577 quod
1824 508 1924 563 hoc

343 605 519 654 solum
553 602 655 655 tale
697 608 797 653 est.
830 600 908 655 Ad
942 615 1034 654 eos
1063 610 1237 654 autem
1266 601 1352 668 qui
1392 600 1920 667 instantuniversali,

344 708 453 745 non
483 693 533 744 in
562 680 747 744 eodem
778 702 955 745 autem
985 691 1288 744 instantiam
1315 690 1514 756 ferunt,
1548 692 1639 746 sed
1670 692 1721 745 in
1754 693 1923 762 arqui-

244 830 267 849 .
343 800 480 839 voco
502 785 581 856 (ut
608 784 748 853 quod
781 784 971 838 habeat
1001 783 1193 852 aliquis
1228 800 1329 836 non
1362 799 1516 837 suum
1547 786 1803 850 colorem,
1836 784 1922 838 vel

346 879 565 945 pedem,
601 877 682 931 vel
713 892 948 939 manum,
985 876 1201 930 habebit
1230 876 1371 929 enim
1406 876 1573 944 pictor
1618 890 1724 931 non
1769 892 1921 931 suum

328 971 602 1034 ‘colorem,
620 980 671 1023 et
694 984 853 1024 cocus
876 969 1064 1037 pedem
1091 986 1192 1021 non
1216 968 1416 1037 suum),
1436 969 1719 1023 dividendo
1739 984 1923 1024 revera

328 1063 402 1119 'in
428 1065 618 1118 talibus
649 1063 1080 1132 interrogandum
1108 1072 1209 1118 est.
1244 1061 1371 1115 Nam
1407 1063 1603 1116 latente
1626 1062 1926 1132 tequivoca-

262 1190 265 1193 ν
346 1156 516 1219 tione,
542 1154 677 1208 bene
699 1153 1009 1207 viderentur
1035 1152 1237 1207 instare
1267 1153 1637 1221 propositioni.
1662 1153 1719 1207 Si
1747 1162 1923 1207 autem

348 1262 456 1299 non
485 1245 538 1298 in
567 1247 859 1314 :equivoco,
902 1243 994 1297 sed
1052 1244 1104 1297 in
1136 1246 1326 1297 eodem
1374 1245 1579 1299 instans
1630 1246 1925 1314 praepediat

346 1336 841 1406 interrogationem,
886 1343 1098 1402 Oportet
1147 1323 1486 1389 auferentem
1538 1336 1587 1388 id
1622 1335 1675 1389 in
1705 1352 1811 1405 quo
1839 1338 1923 1391 in-

345 1428 539 1483 stantia
563 1436 661 1494 est,
688 1440 987 1495 proponere
1015 1425 1300 1494 reliquum,
1331 1425 1632 1480 universale
1653 1426 1919 1492 faciendo,

345 1519 518 1572 donec
564 1528 735 1571 sumat
764 1514 905 1585 quod
955 1517 1083 1571 utile
1127 1526 1229 1568 est.
1263 1514 1327 1571 Ut
1353 1516 1404 1568 in
1452 1515 1743 1581 oblivione,
1774 1523 1829 1570 et
1871 1516 1923 1570 in

346 1610 568 1664 oblitum
603 1624 741 1673 es~c,
777 1622 882 1661 non
930 1607 1071 1661 enim
1104 1607 1403 1661 concedunt
1457 1622 1577 1660 eum
1612 1607 1700 1676 qui
1746 1606 1926 1661 amisit

346 1700 704 1769 disciplinam,
755 1698 976 1752 oblitum
1020 1714 1161 1762 esse,
1216 1713 1282 1751 eo
1330 1697 1470 1767 quod
1504 1707 1817 1753 transeunte
1866 1712 1925 1752 re

345 303 448 359 997
1219 302 1607 360 TOPICORUM
1647 304 2097 363 ARISTOTELIS
2137 286 2709 369 tarsumenno.
3495 288 3600 373 998

264 394 265 397 η
328 408 695 471 numerorum
726 414 870 470 solus
894 414 1119 485 primus.
1151 414 1282 470 Nam
1323 424 1532 487 Oportet
1573 424 1626 471 et
1672 430 1794 472 cum
1829 400 1994 486 qui
2024 420 2235 488 quidem
2262 422 2535 490 accidere,
2583 424 2951 495 interrogabit,
3000 425 3087 483 ille
3126 436 3303 484 autem
3357 428 3592 497 negabit.

2024 512 2241 565 omnino
2268 526 2373 565 non
2419 514 2629 569 videtur
2677 516 2789 572 fieri
2840 519 3208 588 syllogismus.
3254 520 3369 575 Non
3416 528 3596 573 autem

2024 617 2181 657 omne
2220 604 2519 659 universale
2548 606 2827 663 dialectica
2869 610 3162 679 propositio
3209 626 3349 670 esse.
3386 620 3441 664 ut
3471 610 3599 680 quid

2024 706 2106 751 est
2133 696 2328 751 homo?
2348 706 2440 751 aut
2481 708 2611 769 quot
2640 703 2810 755 modis
2842 702 3039 757 dicitur
3064 703 3298 757 bonum?
3342 714 3424 758 est
3452 705 3596 757 enim

2024 786 2296 841 dialectica
2344 790 2657 857 propositio,
2708 792 2773 845 ad
2823 809 2977 862 quam
3029 803 3112 848 est
3140 796 3486 863 rependere,
3520 793 3601 847 sic

2027 878 2110 932 vel
2142 894 2280 944 non;
2311 878 2375 931 ad
2420 881 2587 934 dictas
2626 891 2802 937 autem
2852 899 2957 939 non
2990 895 3102 947 est;
3136 900 3302 955 quare
3332 900 3436 938 non
3478 895 3603 939 sunt

2024 967 2317 1023 dialectica:
2348 969 2648 1038 hujusmodi
2696 973 3162 1044 interrogationes,
3216 976 3318 1030 nisi
3352 976 3466 1045 ipse
3509 976 3601 1030 de-

2025 1061 2319 1115 terminans
2348 1061 2427 1116 vel
2460 1062 2704 1118 dividens
2732 1065 2899 1131 dicat,
2932 1077 3011 1135 ut,
3044 1078 3270 1137 putasne
3292 1069 3488 1123 bonum
3520 1068 3600 1123 sic

2024 1151 2108 1205 vel
2140 1166 2244 1205 non
2276 1151 2352 1207 sic
2392 1154 2623 1208 dicitur?
2667 1172 2789 1210 nam
2831 1158 2897 1212 ad
2935 1159 3055 1213 talia
3085 1159 3253 1215 facilis
3300 1162 3598 1231 responsio,

2025 1242 2107 1295 vel
2139 1243 2475 1311 affirmando,
2511 1246 2595 1300 vel
2627 1248 2899 1325 negando;
2936 1260 3262 1321 quapropter
3288 1254 3599 1307 tentandum

2026 1334 2103 1388 sic
2147 1350 2447 1405 proponere
2489 1337 2795 1408 hujusmodi
2835 1345 3278 1411 propositionum.
3311 1345 3604 1401 Simul‘au-

2028 1434 2131 1480 tem
2164 1436 2217 1481 et
2240 1430 2443 1497 justum
2471 1428 2702 1486 fortasse
2726 1431 2792 1487 ab
2822 1434 2910 1489 illo
2942 1434 3292 1505 interrogare,
3331 1447 3461 1507 quot
3489 1452 3604 1494 mo-

2028 1518 2107 1572 dis
2137 1516 2331 1573 dicitur
2362 1520 2581 1588 bonum,
2616 1523 2828 1592 quando
2860 1523 2962 1579 hoc
3009 1525 3280 1582 dividente
3327 1536 3381 1583 et
3408 1544 3604 1599 propo-

2029 1620 2207 1677 nente,
2234 1612 2378 1665 nulla
2401 1614 2559 1669 modo
2580 1617 2925 1671 concesserit.
2959 1617 3207 1687 Quisquis
3237 1629 3411 1673 autem
3440 1635 3600 1675 unam

2029 1706 2323 1759 orationem
2346 1706 2511 1773 multo
2530 1716 2769 1776 tempore
2792 1710 3104 1780 interrogat,
3126 1712 3266 1765 male
3288 1711 3599 1782 interrogat.

344 1793 525 1847 amisit
563 1790 775 1860 quidem
820 1789 1175 1857 disciplinam,
1220 1790 1415 1843 oblitus
1462 1799 1636 1841 autem
1671 1801 1773 1843 n‘on
1805 1797 1915 1856 est;
1954 1811 2001 1871 Β
2029 1796 2157 1851 Nam
2183 1798 2223 1851 si
2249 1799 2571 1868 respondeat
2597 1802 2808 1870 quidem
2834 1802 2881 1856 ei
2905 1803 3250 1874 interrogatio
3277 1806 3415 1872 quod
3442 1805 3605 1858 inter-

346 1883 629 1939 dicendum
670 1892 846 1936 autem
901 1881 1163 1949 auferenti
1212 1883 1261 1934 id
1312 1884 1362 1935 in
1395 1898 1498 1950 quo
1528 1882 1776 1935 instantia
1819 1892 1920 1949 est,

336 1975 609 2044 'relitjuutn
647 1990 659 2023 :
695 1982 751 2025 nt
780 1973 823 2026 si
874 1982 1217 2040 permanente
1248 1987 1307 2025 re
1357 1973 1535 2025 amisit
1564 1973 1919 2039 disciplinam,

345 2066 547 2120 idcirco
576 2064 797 2119 oblitum
827 2077 965 2117 esse.
996 2063 1254 2118 Similiter
1302 2075 1479 2117 autem
1529 2073 1583 2117 et
1627 2073 1814 2116 contra
1845 2064 1926 2116 in-

343 2166 571 2222 stantes,
607 2155 856 2224 quoniam
905 2155 1093 2222 majori
1128 2158 1266 2209 bono
1298 2155 1467 2223 majus
1490 2154 1775 2222 opponitur
1805 2169 1925 2208 ma-

348 2250 483 2317 lum,
531 2250 806 2318 proferunt
850 2248 991 2301 enim
1024 2247 1271 2315 quoniam
1306 2247 1517 2299 sanitati
1546 2246 1734 2299 minori
1782 2245 1925 2299 bono

347 2357 505 2413 quam
537 2343 671 2396 bona
716 2339 967 2394 habitudo
988 2381 1002 2403 ,
1034 2339 1203 2407 majus
1234 2340 1428 2392 malum
1463 2340 1767 2407 opponitur,
1801 2353 1924 2391 nam

332 2432 722 2506 'atgritudinem
771 2432 943 2500 majus
990 2446 1108 2484 esse
1155 2431 1351 2483 malum
1401 2432 1538 2483 mala
1596 2430 1921 2484 habitudine.

332 2522 712 2578 ’Auferendum
741 2514 899 2591 igitur
921 2532 975 2575 et
1002 2522 1052 2574 in
1074 2520 1172 2574 hoc
1195 2522 1370 2590 inquo
1396 2521 1646 2573 instantia
1674 2531 1776 2588 est,
1803 2536 1923 2574 nam

338 2616 548 2680 ablato,
581 2615 745 2683 magis
774 2625 953 2683 ponet,
989 2624 1045 2667 ut
1085 2614 1335 2683 quoniam
1364 2615 1554 2683 majori
1588 2614 1728 2669 bono
1757 2614 1926 2684 majus

345 2704 549 2763 malum
578 2708 888 2777 Opponitur,
921 2706 1022 2759 nisi
1057 2706 1297 2760 conferat
1325 2706 1551 2759 alterum
1582 2709 1647 2759 ad
1672 2708 1922 2773 alterum,

347 2799 794 2870 quemadmodum
820 2799 957 2865 bona
990 2796 1241 2851 habitudo
1261 2796 1327 2851 ad
1357 2797 1661 2852 sanitatem.
1688 2798 1801 2851 Non
1834 2812 1925 2851 so-

351 2897 459 2947 lum
489 2905 665 2947 autem
697 2907 761 2947 eo
794 2893 1024 2945 instante
1055 2893 1155 2944 hoc
1177 2889 1505 2955 faciendum,
1536 2889 1629 2943 sed
1663 2900 1715 2943 et
1741 2891 1786 2943 si
1810 2889 1927 2943 sine

349 2986 603 3040 instantia
653 2994 827 3054 negat,
871 3000 937 3038 eo
964 2983 1104 3053 quod
1156 2983 1448 3053 praevideat
1477 2983 1679 3052 aliquid
1717 2983 1923 3036 talium.

352 3078 483 3132 Nam
510 3076 685 3130 ablato
715 3092 780 3130 eo
810 3078 861 3129 in
888 3091 993 3145 quo
1024 3075 1277 3129 instantia
1308 3086 1420 3141 est,
1446 3075 1803 3144 compelletur
1828 3090 1927 3143 po-

2028 1898 2266 1958 rogatur,
2294 1890 2637 1946 manifestum
2665 1893 2805 1962 quod
2832 1895 3027 1949 multas
3053 1896 3491 1965 interrogationes
3522 1898 3605 1952 in-

2028 1987 2286 2050 terrogat,
2315 1992 2407 2036 aut
2431 1984 2738 2051 frequenter
2767 1988 3015 2053 easdem;
3044 2005 3209 2058 quare
3239 1997 3331 2043 aut
3353 2002 3603 2059 nugatur,

2027 2081 2119 2127 aut
2140 2088 2244 2127 non
2277 2074 2435 2129 habet
2456 2076 2846 2146 syllogismum,
2874 2095 2994 2133 nam
3017 2096 3078 2134 ex
3100 2082 3280 2150 paucis
3302 2072 3477 2136 omnis
3498 2084 3608 2154 syl-

2026 2164 2303 2232 logismus.
2336 2166 2393 2221 Si
2425 2182 2554 2221 vero
2587 2184 2695 2223 non
2722 2172 3063 2239 respondeat,
3089 2172 3212 2239 quid
3262 2182 3352 2227 aut
3383 2189 3486 2227 non
3518 2174 3603 2228 in-

2026 2265 2228 2324 crepat,
2252 2266 2345 2311 aut
2372 2258 2631 2315 discedit?
2655 2263 2750 2316 Est
2776 2272 2951 2319 autem
2979 2268 3335 2334 argumentari
3367 2268 3605 2334 difﬁcile,

2028 2357 2081 2403 et
2120 2350 2386 2405 sustinere
2423 2352 2574 2406 facile
2622 2354 2762 2423 ipsas
2804 2358 3219 2426 suppositiones.
3253 2360 3387 2417 Sunt
3430 2370 3605 2416 autem

2028 2441 2181 2508 talia,
2215 2452 2269 2497 et
2305 2459 2424 2513 quae
2454 2453 2638 2499 natura
2670 2457 2794 2501 sunt
2823 2452 3023 2516 prima,
3056 2459 3110 2505 et
3156 2466 3273 2520 quae
3316 2461 3607 2521 postrema.

2027 2533 2159 2594 Nam
2186 2535 2352 2603 prima
2375 2537 2586 2605 quidem
2613 2540 2841 2605 termino
2860 2550 3037 2611 egent,
3066 2551 3334 2612 postrema
3361 2559 3487 2598 vero
3513 2561 3609 2615 per

2030 2625 2194 2679 multa
2227 2628 2582 2682 terminantur
2610 2628 2807 2684 volenti
2851 2633 3162 2687 continuum
3192 2650 3403 2689 sumere
3441 2651 3471 2688 a
3499 2639 3607 2705 pri-

2028 2718 2153 2784 mis,
2188 2729 2278 2772 aut
2318 2720 2624 2789 sophisticae
2654 2721 2901 2777 videntur
2943 2727 3469 2794 argumentationes:
3502 2728 3606 2780 im-

2028 2809 2280 2878 possibile
2298 2810 2437 2864 enim
2462 2811 2831 2867 demonstrare
2852 2815 3122 2884 quidpiam
3147 2825 3229 2872 est
3247 2834 3367 2871 eum
3392 2819 3478 2887 qtti
3504 2834 3605 2874 non

2028 2902 2211 2969 incipit
2251 2916 2279 2955 a
2324 2903 2550 2971 propriis
2580 2903 2882 2973 principiis,
2928 2916 2983 2959 et
3033 2909 3302 2962 connectit
3332 2924 3500 2979 usque
3538 2910 3604 2965 ad

2028 2994 2213 3047 ultima
2248 3011 2262 3049 :
2296 2995 2519 3050 definire
2549 3007 2726 3052 autem
2769 2998 2919 3053 nihili
2952 2999 3154 3054 ducunt
3192 3003 3603 3071 respondentes,

2031 3100 2202 3154 neque
2224 3086 2271 3140 si
2294 3086 2629 3157 interrogans
2657 3088 2944 3154 definierit,
2971 3090 3251 3145 advertunt
3278 3109 3291 3157 ;
3327 3095 3467 3162 atqtti
3502 3109 3607 3149 non

353 3186 505 3234 nere,
550 3184 615 3223 eo
660 3167 797 3238 quod
831 3184 934 3221 non
988 3165 1276 3236 prtevideat
1308 3167 1359 3219 in
1390 3165 1617 3234 reliquo,
1670 3167 1721 3219 in
1750 3166 1927 3235 aliquo
1956 3160 2000 3222 C
2034 3173 2172 3229 facto
2220 3176 2503 3230 manifesto
2534 3176 2785 3246 quidnam
2830 3187 2914 3233 est
2956 3179 3094 3247 quod
3148 3160 3471 3250 proposftnin
3502 3192 3605 3249 est,

353 3279 461 3318 non
508 3262 585 3316 sic
614 3277 754 3315 esse.
798 3262 854 3315 Si
894 3270 1070 3314 autem
1118 3274 1221 3313 non
1256 3268 1433 3328 ponat,
1477 3258 1796 3327 efﬂagitatus
1848 3262 1931 3313 in-

353 3356 627 3417 stantiam,
656 3370 757 3409 non
795 3353 1011 3407 habebit
1037 3352 1327 3422 assignare.
1358 3352 1495 3407 Sunt
1525 3362 1700 3405 autem
1744 3352 1931 3421 hujus-

356 3450 498 3503 modi
566 3446 982 3517 propositionum
1033 3460 1151 3514 qua:
1206 3444 1258 3497 in
1325 3444 1504 3512 aliquo
1573 3444 1716 3497 talsaa
1764 3452 1930 3509 sunt,

356 3540 412 3592 in
462 3538 638 3606 aliquo
686 3544 862 3590 autem
913 3551 1096 3601 verte,
1150 3535 1199 3588 in
1227 3535 1308 3614 his
1356 3535 1501 3588 enim
1556 3548 1648 3602 par
1697 3544 1781 3587 est
1839 3550 1934 3587 au-

359 3632 521 3694 ferre,
572 3628 829 3696 reliquum
880 3634 1055 3679 autem
1108 3640 1290 3680 verum
1356 3626 1677 3695 relinquere.
1730 3626 1785 3679 Si
1839 3641 1935 3678 au-

360 3731 468 3774 tem
518 3723 567 3773 in
624 3719 802 3772 multis
849 3718 1165 3787 proponenti
1234 3732 1341 3770 non
1400 3717 1537 3770 ferat
1602 3718 1930 3784 instantiam,

356 3810 735 3881 postulandum
769 3818 849 3862 est
898 3822 1115 3878 ponere.
1147 3807 1279 3861 Nam
1311 3807 1591 3861 dialectica
1630 3817 1710 3861 est
1740 3824 1935 3876 propo-

361 3903 485 3956 sitio
511 3902 576 3955 ad
617 3917 774 3971 quam
819 3901 897 3954 sic
927 3900 976 3952 in
1005 3898 1246 3967 pluribus
1274 3913 1336 3952 se
1383 3899 1661 3953 habentem
1708 3913 1813 3951 non
1855 3907 1938 3954 est

361 3994 638 4049 instantia.
668 3991 893 4058 Quando
922 3999 1096 4043 autem
1123 3990 1382 4059 contingit
1425 3988 1565 4043 idem
1608 3997 1662 4043 et
1691 3990 1806 4044 sine
1832 3989 1936 4043 im-

364 4085 611 4157 possibili
666 4093 718 4137 et
772 4098 865 4153 per
920 4081 1248 4151 impossibile
1294 4080 1647 4151 syllogizare,
1710 4082 1937 4136 demon-

364 4177 556 4231 stranti
582 4175 795 4245 quidem
826 4182 881 4229 et
911 4189 1015 4227 non
1042 4173 1351 4237 disserenti,
1387 4173 1519 4226 nihil
1550 4173 1713 4226 refert
1744 4173 1827 4226 vel
1859 4173 1938 4227 sic

365 4268 450 4322 vel
491 4267 582 4321 illo
611 4265 768 4319 modo
797 4265 1104 4336 syllogismo
1134 4263 1406 4331 colligere,
1434 4262 1705 4317 dill‘ereuti
1756 4275 1938 4320 autem

366 4370 474 4413 non
522 4367 604 4412 est
631 4356 885 4412 utendum
934 4370 1029 4425 per
1056 4354 1384 4421 impossibile
1425 4354 1762 4424 syllogismo.
1795 4354 1928 4410 Nam

365 4456 414 4509 si
455 4454 572 4507 sine
614 4448 927 4519 impossibili
967 4448 1182 4518 quidem
1233 4447 1543 4517 syllogismo
1573 4446 1810 4516 colligat,
1842 4450 1940 4503 mi-

2034 3283 2139 3321 non
2168 3267 2322 3322 facile
2355 3280 2436 3323 est
2460 3270 2840 3338 argumentari.
2872 3270 3099 3326 Maxime
3126 3282 3307 3327 autem
3335 3274 3475 3344 quod
3504 3276 3609 3329 tale

2034 3367 2113 3412 est
2138 3359 2278 3413 circa
2307 3359 2565 3429 principia
2598 3361 2790 3415 accidit
2814 3378 2826 3413 :
2857 3377 2978 3414 nam
3002 3363 3102 3416 alia
3126 3364 3340 3432 quidem
3372 3380 3465 3433 per
3494 3366 3610 3421 haec

2034 3460 2418 3517 monstrantur,
2466 3453 2575 3521 ipsa
2625 3467 2753 3507 vero
2796 3469 2899 3506 non
2941 3455 3198 3521 contingit
3229 3469 3322 3522 per
3344 3456 3463 3516 alia,
3515 3458 3610 3511 sed

2035 3557 2257 3597 necesse
2284 3553 2365 3597 est
2399 3544 2709 3597 definitione
2741 3544 2921 3596 talium
2965 3546 3380 3613 unumquodque
3408 3560 3608 3614 cogno-

2036 3648 2207 3689 scere.
2236 3635 2369 3689 Sunt
2398 3645 2575 3688 autem
2607 3634 2827 3689 difficile
2876 3637 3342 3703 argumentabilia,
3394 3647 3448 3692 et
3492 3654 3613 3707 qua:

2036 3725 2191 3780 valde
2220 3726 2515 3794 prOpinqua
2544 3734 2670 3779 sunt
2714 3726 2998 3794 principio.
3033 3726 3145 3780 Non
3187 3727 3328 3781 enim
3354 3728 3615 3796 contingit

2039 3823 2217 3892 plures
2246 3822 2312 3875 ad
2346 3821 2462 3876 ha~c
2490 3822 2725 3876 rationes
2756 3822 3017 3887 invenire,
3043 3836 3163 3876 cum
3189 3823 3296 3874 sint
3319 3837 3482 3889 pauca
3503 3836 3617 3875 me-

2039 3915 2147 3981 dia,
2178 3915 2473 3984 horumque.
2497 3914 2985 3988 et‘principiorum,
3018 3929 3111 3984 per
3148 3930 3266 3984 qua:
3289 3930 3507 3970 necesse
3534 3924 3620 3971 est

2040 4021 2339 4064 monsuare
2371 4024 2432 4062 ea
2457 4023 2577 4078 quae
2603 4016 2721 4076 post
2741 4008 2830 4062 illa
2854 4018 2997 4063 sunt.
3031 4008 3404 4063 Terminorum
3434 4017 3614 4064 autem

2041 4100 2260 4155 dilticlle
2280 4098 2729 4168 argumentabiles
2752 4098 2786 4152 ii
2811 4099 3048 4152 omnium
3078 4100 3308 4152 maxime
3335 4107 3481 4167 sunt,
3504 4100 3622 4167 qni-

2042 4207 2251 4260 cunque
2281 4199 2501 4245 utuntur
2530 4189 2727 4244 talibus
2752 4190 3076 4255 nominibus,
3108 4204 3228 4259 quae
3252 4191 3478 4258 primum
3500 4190 3620 4259 qui-

2044 4281 2163 4337 dem
2210 4281 2563 4335 immanifesta
2610 4289 2754 4344 sunt,
2803 4280 3188 4349 simpliciterne
3236 4280 3503 4346 dicantur,
3548 4295 3616 4335 an

2045 4371 2432 4441 multipliciter,
2468 4372 2642 4425 adhuc
2687 4381 2865 4425 autem
2897 4386 3016 4439 qua:
3073 4387 3245 4440 neque
3290 4382 3412 4426 nota
3444 4382 3621 4428 utrum

2052 4466 2291 4532 proprie,
2338 4478 2404 4516 an
2443 4462 2735 4519 secundum
2779 4462 3145 4529 metaphoram
3188 4461 3256 4516 de
3290 4463 3510 4519 definito
3541 4464 3626 4518 di-

368 4549 514 4602 nime
538 4548 628 4601 fiet
648 4556 704 4600 υι
724 4546 1001 4609 dubitent;
1033 4554 1088 4597 at
1116 4542 1331 4612 quando
1356 4559 1450 4612 per
1474 4545 1805 4611 impossibile
1832 4546 1943 4614 syl-
1975 4515 2026 4576 Β
2053 4515 2261 4610 ἓίιῃιιιιιι,
2280 4515 2432 4610 'Nam
2472 4557 2592 4623 quia
2640 4556 2865 4609 obscura
2914 4515 3062 4617 s'unt,
3110 4571 3213 4608 non
3261 4555 3421 4610 habet
3467 4572 3625 4626 argi]-

370 4641 605 4711 logizant
630 4639 761 4708 (nisi
790 4636 941 4690 valde
971 4634 1312 4690 manifestum
1336 4637 1404 4689 sit
1428 4636 1617 4689 falsum
1642 4635 1812 4703 esse),
1838 4651 1946 4690 non

370 4731 704 4801 impossibile
733 4729 917 4784 dicunt
942 4734 1086 4789 esse,
1118 4741 1286 4796 quare
1316 4742 1421 4781 non
1470 4726 1529 4780 lit
1568 4726 1950 4795 interroganti-

371 4825 473 4878 bus
495 4822 636 4891 quod
664 4820 870 4874 volunt.
903 4818 1125 4887 Oportet
1150 4829 1326 4871 autem
1361 4832 1659 4887 proponere
1687 4832 1945 4887 qumcun-

372 4930 479 4985 que
507 4914 559 4967 in
594 4913 830 4982 pluribus
863 4911 1075 4980 quidem
1111 4911 1190 4965 sic
1227 4926 1287 4966 se
1314 4911 1527 4966 habent.
1564 4912 1822 4966 lnstamia
1855 4927 1951 4967 au-

374 5022 485 5067 tem
534 5019 624 5063 aut
648 5010 867 5063 omnino
899 5022 1005 5059 non
1046 5017 1148 5070 esr,
1181 5015 1272 5058 aut
1313 5020 1419 5059 non
1451 5005 1504 5059 in
1551 5005 1835 5075 superficie
1869 5014 1954 5060 est

374 5103 711 5171 conSpicere,
752 5114 876 5154 nam
905 5097 992 5168 qui
1022 5112 1129 5151 non
1159 5106 1379 5165 possunt
1408 5097 1722 5165 conspicere
1746 5096 1951 5167 in'qui-

378 5197 482 5248 bus
512 5207 615 5245 non
662 5192 765 5257 sic,
812 5200 1063 5258 tanquam
1105 5203 1287 5243 verum
1334 5187 1549 5257 quidem
1581 5188 1673 5255 sit,
1725 5197 1950 5257 ponunt.

378 5289 496 5341 Non
519 5293 730 5352 oportet
760 5293 938 5336 autem
965 5280 1362 5335 conclusionem
1384 5281 1855 5349 interrogationem
1882 5282 1959 5335 fa-

378 5391 527 5434 cere.
559 5374 807 5445 Alioquin
840 5384 1038 5440 autem,
1074 5388 1138 5426 eo
1169 5381 1445 5437 renuente,
1477 5387 1581 5433 non
1608 5372 1816 5427 videtur
1844 5372 1959 5426 fieri

381 5466 744 5538 syIIOgismus,
787 5479 908 5519 nam
937 5474 991 5518 et
1019 5479 1161 5532 stupe
1193 5480 1312 5517 cum
1360 5478 1464 5517 non
1514 5465 1831 5532 interrogat,
1865 5464 1960 5519 sed

385 5569 441 5613 ut
471 5573 701 5627 sequens
731 5558 911 5621 infert,
942 5563 1156 5625 negant,
1204 5565 1257 5610 et
1313 5557 1414 5609 hoc
1461 5555 1718 5610 facientes
1749 5570 1852 5609 non
1884 5555 1963 5609 νίς

385 5650 591 5701 dentur
611 5648 853 5717 redargui
879 5648 943 5702 iis
980 5646 1069 5716 qui
1099 5662 1200 5701 non
1230 5647 1566 5715 conspiciunt
1595 5649 1734 5718 quod
1767 5632 1963 5704 ac’cidit

386 5758 451 5796 es
489 5742 549 5795 iis
580 5756 700 5811 qute
751 5741 919 5812 posita
964 5749 1105 5795 sunt.
1138 5739 1360 5808 Quando
1413 5742 1572 5814 igitur
1619 5758 1724 5798 non
1778 5741 1962 5797 dicens

2054 4658 2254 4715 menta,
2300 4650 2423 4718 quia
2472 4664 2598 4703 vero
2650 4649 2961 4718 ignorantur
2999 4648 3045 4702 si
3075 4647 3275 4717 absque
3316 4653 3626 4717 metaphora

2052 4740 2244 4794 dicitur
2270 4740 2411 4805 quod
2440 4740 2545 4795 tale
2588 4751 2690 4805 eSt,
2723 4754 2828 4793 non
2857 4738 3015 4798 habet
3043 4740 3184 4807 quod
3217 4739 3475 4808 increpet.
3503 4740 3629 4796 0m-

2054 4831 2181 4885 nino
2226 4840 2401 4886 autem
2452 4845 2611 4885 omne
2656 4831 2930 4899 problema
2961 4832 3173 4899 quando
3220 4830 3436 4884 difficile
3464 4845 3628 4898 argu-

2056 4922 2367 4988 mentabile,
2395 4921 2481 4975 vel
2502 4922 2729 4975 termino
2757 4921 2998 4990 indigere
3027 4919 3392 4975 arbitrantium
3421 4905 3523 4985 est,
3544 4920 3629 4973 vel

2059 5020 2141 5065 est
2183 5026 2366 5065 eorum
2395 5026 2511 5080 qua:
2542 5011 2927 5079 multipliciter,
2958 5012 3040 5065 vel
3068 5026 3251 5065 eorum
3280 5026 3395 5078 quae
3437 5024 3631 5065 secun-

2060 5100 2184 5154 dum
2231 5100 2593 5168 metaphoram
2625 5100 2692 5155 de
2721 5100 2939 5155 definito
2962 5114 3080 5155 esse
3111 5101 3376 5165 dicantur,
3411 5100 3491 5154 vel
3524 5115 3632 5156 non

2064 5190 2218 5259 longe
2246 5206 2276 5243 a
2324 5190 2619 5259 principiis,
2659 5192 2738 5246 vel
2770 5193 2893 5261 quia
2925 5207 3029 5244 non
3058 5189 3393 5244 manifestum
3421 5199 3501 5244 est
3527 5192 3635 5259 pri-

2064 5297 2207 5335 mum
2249 5280 2401 5335 nobis
2458 5280 2560 5335 hnc
2610 5281 2775 5346 idem,
2824 5280 3114 5337 secundum
3162 5295 3318 5349 quem
3367 5279 3633 5337 dictorum

2065 5371 2343 5427 modorum
2374 5384 2457 5428 est
2492 5373 2631 5443 quod
2673 5374 3056 5428 dubitationem
3088 5382 3321 5442 prastat.
3352 5374 3482 5428 Nam
3513 5390 3643 5429 cum

2066 5474 2149 5518 est
2173 5464 2483 5520 manifestus
2514 5466 2726 5532 modus,
2761 5465 3094 5519 manifestum
3126 5466 3376 5534 quoniam
3411 5477 3501 5521 aut
3539 5468 3639 5522 de-

2068 5555 2224 5611 finire
2246 5558 2531 5625 oportebit,
2564 5566 2654 5611 aut
2683 5555 2942 5622 dividere,
2972 5564 3064 5610 aut
3087 5556 3288 5611 medias
3319 5558 3642 5626 propositio-

2072 5666 2166 5707 nes
2210 5652 2465 5708 invcnirc.
2498 5650 2626 5706 Nam
2661 5666 2755 5720 per
2792 5649 2905 5705 hzec
2956 5659 3323 5705 monstrantur
3348 5650 3557 5705 ultima.
3590 5652 3643 5707 lu

2074 5744 2253 5801 multis
2280 5753 2455 5800 autem
2491 5743 2842 5814 positionibus
2877 5742 3002 5813 (non
3036 5742 3170 5798 bene
3216 5742 3479 5813 assignata
3511 5742 3641 5799 deti-
