4064 6336
556 245 658 302 999

1809 246 1921 304 AN.
1960 245 2167 303 MANE.
2207 245 2360 303 SEV.
2405 248 2626 305 BOETII

3598 213 3821 306 ἰοοο

555 364 783 436 ultione)
826 380 931 421 non
980 364 1136 420 facile
1180 362 1456 434 disputare
1504 376 1567 417 ac
1618 362 2024 432 argumentari,
2076 373 2133 419 ut
2163 364 2390 431 Apacto
2433 371 2680 433 oporteat
2722 361 3037 431 conjectam’
3058 362 3511 435 respondentem,
3540 382 3597 419 e.
3634 364 3812 434 qualia

555 466 734 514 utrum
761 461 850 513 uni
872 459 1311 522 contrarium,'an
1334 453 1777 526 plurai'lleﬁnitis
1799 464 1977 512 autem
2003 470 2133 512 con-

558 552 739 605 trariis
767 551 941 619 aliquo
963 548 1143 612 modo,
1176 548 1330 603 facile
1371 558 1454 604 est
1482 547 1766 604 ostendere
1795 557 1971 602 utrum
2002 562 2132 602 cou-

560 645 712 712 tingit
742 642 895 711 plura
939 641 1114 696 cidem
1164 656 1285 696 esse
1313 640 1599 708 contraria,
1653 654 1718 694 an
1763 655 1891 695 non.
1928 638 2131 694 Eodem

557 746 735 791 autem
767 734 923 788 modo
947 743 1001 788 et
1030 735 1081 787 in
1122 734 1241 787 aliis
1287 732 1600 787 deﬁnitione
1630 730 2010 800 indigentibus.
2041 729 2133 784 Vi-

556 828 750 882 dentur
771 837 948 881 autem
972 836 1025 881 et
1050 827 1105 880 in
1126 824 1425 893 disciplinis
1446 822 1688 891 qumdam
1716 824 1785 877 ob
1806 821 2129 877 deﬁnitionis

554 920 820 975 defectum
866 935 972 975 non
1008 918 1162 974 facile
1191 919 1443 984 describi,
1476 926 1534 972 ut
1561 927 1616 971 et
1638 915 1889 985 quoniam
1915 929 2035 983 quae
2060 911 2128 968 ad

554 1011 693 1065 latus
722 1019 869 1065 secat
894 1012 1104 1080 planum
1138 1010 1307 1075 linea,
1353 1007 1599 1062 similiter
1626 1006 1813 1060 dividit
1840 1015 1895 1060 et
1932 1005 2128 1075 lineam

552 1113 610 1158 ct
638 1105 832 1167 locum,
860 1101 1170 1156 deﬁnitione
1194 1108 1372 1154 autem
1394 1098 1555 1161 dicta,
1584 1097 1760 1152 statim
1786 1096 2127 1152 manifestum

552 1194 802 1264 estquod
851 1193 1066 1247 dicitur.
1099 1190 1231 1245 Nam
1262 1190 1505 1245 eamdem
1558 1189 1879 1244 oblationem
1932 1189 2129 1245 habent

551 1286 666 1340 loca
693 1294 748 1339 et
770 1284 953 1348 linere;
982 1290 1064 1337 est
1089 1291 1266 1335 autem
1297 1280 1538 1334 definitio
1564 1280 1679 1349 ejus
1704 1280 1965 1336 orationis
1989 1283 2125 1335 haec.

548 1374 876 1443 Simpliciter
901 1380 1078 1425 autem
1112 1370 1280 1440 prima
1324 1369 1740 1433 elementorum,
1788 1369 1974 1437 positis
2004 1367 2125 1437 qui-

548 1468 669 1521 dem
700 1462 1096 1520 deﬁnitionibus
1148 1464 1226 1531 (ut
1253 1462 1376 1530 quid
1408 1460 1547 1515 linea
1577 1461 1663 1515 vel
1692 1461 1817 1530 quid
1850 1461 2122 1530 circulus),

544 1557 855 1612 facillimum
904 1551 1212 1617 ostendere,
1238 1567 1423 1606 verum
1465 1549 1570 1605 n’on
1609 1552 1792 1624 multis
1834 1551 1899 1605 ad
1934 1567 2124 1605 unum-

2235 453 2384 518 dare,
2414 462 2469 508 et
2493 453 2669 523 qualia
2701 468 2841 520 non,
2886 454 2951 508 ad
3000 456 3135 510 bene
3172 465 3266 509 aut
3293 469 3396 510 non
3428 455 3567 510 bene
3597 469 3816 509 servan—

2235 543 2355 598 dam
2388 544 2743 615 positionem;
2783 546 3034 615 quoniam
3083 546 3342 615 ,inquam,
3374 545 3509 599 nihil
3552 545 3809 600 habemus

2234 636 2487 691 traditum
2516 637 2583 691 ab
2622 636 2762 702 aliis,
2794 636 2895 706 ipsi
2928 638 3126 707 aliquid
3168 638 3350 693 dicere
3389 646 3680 692 tentemus.
3710 635 3814 690 Ne-

2233 739 2386 787 cesse
2418 738 2501 783 est
2529 737 2707 782 autem
2740 730 3154 797 respondentem
3185 730 3455 785 sustinere
3483 730 3809 791 orationem,

2233 817 2479 886 ponendo
2507 827 2599 872 aut
2628 818 2990 888 probabilem,
3023 829 3117 874 aut
3146 820 3552 890 improbabilem
3588 819 3809 887 positio-

2230 924 2386 973 nem,
2424 920 2516 965 aut
2557 921 2835 980 neutram,
2864 923 2917 967 et
2953 922 3045 967 aut
3082 913 3399 983 simpliciter
3443 913 3807 981 probabilem,

2231 1011 2323 1056 aut
2347 1002 2751 1072 improbabilem
2769 1046 2784 1071 ,
2811 1014 2901 1059 aut
2927 1005 3364 1069 iudeterminate.
3389 1015 3450 1060 ut
3478 1006 3602 1060 huic
3626 1005 3809 1068 alicui,

2230 1094 2312 1149 vel
2338 1094 2448 1148 alii.
2480 1095 2622 1149 Nihil
2660 1106 2838 1151 autem
2866 1099 3027 1152 refert
3048 1098 3553 1167 quomodocunque,
3586 1097 3716 1152 dum
3746 1112 3808 1152 ea

2229 1187 2521 1256 probabilis
2558 1197 2650 1243 aut
2693 1189 3061 1258 improbabilis
3113 1192 3212 1256 sit;
3256 1206 3377 1245 nam
3424 1191 3566 1245 idem
3620 1190 3810 1244 modus

2228 1279 2330 1333 erit
2368 1280 2506 1335 bene
2545 1282 2940 1349 respOudendi,
2987 1284 3071 1338 vel
3118 1283 3313 1350 dandi,
3359 1283 3445 1337 vel
3491 1299 3599 1337 non
3650 1281 3811 1337 dandi

2227 1368 2367 1439 quod
2411 1369 2791 1439 interrogatum
2823 1382 2943 1426 est:
2974 1387 3097 1426 nam
3144 1388 3269 1428 cum
3313 1373 3691 1441 improbabilis
3731 1381 3810 1427 est

2227 1462 2443 1531 positio,
2470 1478 2691 1519 necesse
2713 1474 2799 1519 cst
2819 1474 2873 1520 et
2894 1465 3293 1520 conclusionem
3320 1465 3650 1534 probabilem
3676 1465 3805 1529 ﬁeri,

2226 1567 2347 1608 cum
2378 1569 2507 1609 vero
2537 1556 2851 1625 probabilis,
2882 1556 3311 1626 improbabilem.
3346 1557 3480 1612 Nam
3503 1558 3805 1627 Oppositum

544 1647 795 1718 quodque
812 1638 1006 1699 eorum
1037 1642 1531 1711 estarguruentari,
1588 1656 1652 1695 co
1681 1641 1821 1711 quod
1867 1656 1970 1696 non
1999 1650 2125 1696 sunt
2224 1660 2438 1714 semper
2484 1647 2765 1716 positionis
2811 1648 3147 1719 interrogans
3193 1649 3507 1714 concludet;
3546 1650 3592 1703 si
3630 1659 3805 1703 autem

544 1739 709 1794 multa
740 1736 942 1801 media;
976 1736 1021 1791 si
1058 1743 1235 1789 autem
1278 1748 1384 1788 non
1434 1744 1699 1803 ponantur
1738 1735 2118 1804 principiorum
2153 1734 2196 1795 Β
2226 1752 2399 1807 neque
2431 1738 2726 1805 probabile,
2771 1754 2946 1809 neque
2996 1739 3347 1808 improbabile
3386 1739 3530 1809 quod
3577 1740 3808 1808 positum

541 1833 900 1897 definitiones,
943 1830 1184 1896 difﬁcile,
1212 1829 1437 1885 fortasse
1466 1836 1643 1882 autem
1671 1828 1889 1882 omnino
1919 1829 2121 1898 impos-

541 1926 713 1981 sibile.
745 1925 1001 1980 Similiter
1023 1932 1202 1978 autem
1248 1923 1331 1977 liis
1377 1931 1430 1977 et
1472 1921 1524 1975 in
1556 1921 1767 1991 iisquae
1814 1930 1939 1976 sunt
1981 1922 2123 1977 circa

538 2018 811 2073 orationes
836 2032 894 2071 se
915 2015 1096 2070 habet.
1124 2014 1238 2069 Non
1271 2014 1429 2082 igitur
1451 2013 1621 2068 latere
1650 2022 1880 2082 Oportet,
1906 2014 2121 2082 quando

537 2110 756 2165 difﬁcile
802 2106 1239 2178 argumentabilis
1284 2115 1366 2160 est
1398 2105 1611 2174 positio,
1650 2104 1790 2175 quod
1839 2119 1992 2174 passa
2037 2114 2120 2160 est

536 2200 735 2271 aliquid
758 2214 943 2255 eorum
975 2214 1096 2269 quae
1116 2198 1257 2253 dicta
1290 2205 1437 2263 sunt,
1470 2195 1683 2264 quando
1711 2204 1890 2277 autem
1918 2198 2020 2252 erit
2052 2195 2118 2250 ad

534 2293 856 2363 dignitatem
885 2299 939 2345 et
989 2289 1432 2360 propositionem,
1462 2288 1633 2358 major
1663 2288 1817 2343 labor
1844 2290 2118 2358 disputare

534 2398 693 2452 quam
718 2382 785 2438 ad
807 2382 1150 2452 positionem.
1180 2379 1433 2436 Dubitare
1449 2390 1625 2434 autem
1658 2380 1827 2450 possit
1849 2382 2113 2451 quispiam

532 2487 709 2534 utrum
741 2477 984 2547 ponenda
1006 2476 1116 2530 sint
1138 2475 1283 2539 talia,
1307 2490 1376 2530 an
1402 2488 1508 2529 non
1532 2491 1544 2526 :
1572 2488 1692 2528 nam
1722 2473 1768 2527 si
1797 2488 1897 2529 non
1931 2483 2113 2543 ponat,

531 2568 627 2624 sed
678 2578 863 2638 poscat
909 2575 964 2622 et
1008 2566 1078 2622 ad
1124 2567 1215 2622 illa
1267 2566 1563 2636 diéputare,
1615 2566 1788 2634 majus
1836 2555 2115 2636 prmcipiet

527 2675 687 2730 quam
717 2661 858 2731 quod
886 2661 938 2714 in
967 2658 1229 2731 principio
1272 2660 1501 2728 positum
1532 2668 1646 2723 est;
1695 2659 1741 2712 si
1770 2673 1899 2713 vero
1927 2667 2110 2727 ponat,

526 2753 712 2811 credet
740 2768 807 2809 ex
851 2753 1029 2808 minus
1066 2750 1439 2806 credibilibus.
1470 2749 1529 2805 Si
1560 2749 1721 2819 igitur
1758 2760 1970 2819 oportet
2002 2766 2109 2805 non

523 2844 794 2901 difﬁcilius
825 2845 1097 2915 problema
1124 2842 1323 2907 facere,
1360 2842 1701 2912 ponendum;
1733 2843 1776 2897 si
1804 2852 1983 2897 autem
2014 2857 2110 2912 per

522 2945 730 2997 notiora
764 2938 1100 3010 syllogizare,
1125 2952 1231 2991 non
1262 2936 1587 3005 ponendum.
1624 2939 1707 2989 An
1738 2935 1966 2990 discenti
1987 2936 2107 3004 qui-

519 3032 643 3088 dem
685 3047 796 3087 non
822 3029 1160 3099 ponendum,
1192 3027 1294 3081 nisi
1327 3028 1500 3082 notius
1530 3031 1619 3091 sit,
1648 3032 1943 3082 exercitato
1975 3043 2103 3084 vero

2226 1836 2333 1893 est,
2364 1837 2420 1882 et
2444 1828 2714 1883 conclusio
2737 1830 2841 1884 erit
2864 1830 3003 1883 talis.
3033 1832 3297 1897 Quoniam
3327 1840 3503 1885 autem
3533 1831 3676 1886 bene
3699 1831 3808 1901 syl-

2225 1923 2482 1992 logizans,
2519 1938 2587 1977 ex
2636 1923 3088 1992 probabilioribus
3127 1935 3181 1980 et
3229 1925 3557 1997 notioribus,
3599 1942 3803 1998 propri-

2224 2015 2383 2070 situm
2431 2017 2797 2081 demonstrat,
2841 2018 3184 2074 manifestum
3227 2029 3312 2074 est
3359 2020 3537 2090 quod,
3588 2021 3806 2090 quando

2222 2107 2536 2176 simpliciter
2583 2116 2666 2164 est
2720 2110 3070 2178 improbabile
3117 2110 3258 2179 quod
3309 2112 3648 2181 proponitur,
3698 2127 3804 2165 non

2222 2199 2454 2254 dandum
2482 2209 2564 2255 est
2588 2201 2961 2270 respondenti,
2991 2216 3092 2256 nec
3121 2203 3266 2273 quod
3295 2217 3403 2258 non
3437 2204 3650 2257 videtur
3678 2207 3805 2257 sim-

2221 2291 2459 2360 pliciter,
2510 2305 2611 2346 nec
2658 2291 2801 2359 quod
2855 2291 3065 2347 videtur
3109 2294 3356 2363 quidem,
3402 2293 3577 2348 minus
3624 2304 3803 2349 autem

2219 2382 2567 2437 conclusione
2608 2381 2840 2438 videtur.
2871 2384 3003 2438 Nam
3046 2397 3166 2438 cum
3200 2373 3567 2455 improbabilis
3592 2395 3680 2439 est
3710 2397 3803 2453 po~

2219 2474 2375 2541 sitio,
2415 2475 2710 2544 probabilis
2751 2487 2835 2531 est
2874 2476 3171 2531 conclusio.
3209 2478 3386 2544 Quare
3423 2486 3641 2547 oportet
3683 2492 3801 2547 quae

2216 2578 2499 2624 sumuntur
2530 2568 2826 2638 probabilia
2865 2583 2987 2624 esse
3016 2570 3192 2624 omnia
3222 2577 3277 2624 et
3306 2568 3471 2639 magis
3496 2568 3798 2637 probabilia

2215 2677 2374 2721 uuam
2417 2664 2561 2732 quod
2600 2662 2939 2733 proponitur,
2981 2663 3027 2717 si
3068 2662 3227 2718 debet
3268 2677 3362 2732 per
3392 2664 3616 2725 notiora
3654 2663 3796 2735 quod

2212 2756 2388 2809 minus
2420 2764 2602 2809 notum
2632 2764 2715 2810 est
2752 2754 3023 2810 concludi.
3056 2754 3234 2822 Quare
3271 2755 3317 2809 si
3347 2769 3520 2821 neque
3558 2757 3667 2811 tale
3711 2766 3796 2811 est

2210 2846 2483 2915 quidpiam
2524 2860 2710 2901 eorum
2739 2859 2859 2915 quae
2887 2845 3303 2915 interrogantur,
3344 2861 3450 2901 non
3483 2846 3792 2916 ponendum

2209 2945 2295 2993 est
2337 2936 2704 3006 respondenti.
2749 2936 3080 3007 Simpliciter
3106 2945 3281 2993 autem
3312 2938 3359 2993 si
3386 2946 3470 2992 est
3498 2938 3792 3006 probabitis

2208 3034 2424 3104 positio,
2457 3034 2748 3090 dilucidum
2772 3044 2884 3100 est,
2908 3036 3157 3106 quoniam
3180 3034 3453 3090 conclusio
3474 3035 3791 3102 simpliciter

521 3122 850 3193 ponendum,
881 3120 926 3174 si
956 3132 1143 3174 verum
1184 3116 1359 3171 solum
1405 3117 1682 3171 videatur?
1708 3118 1887 3185 Quare
1933 3118 2100 3173 mani-

2207 3125 2595 3195 improbabilis,
2630 3126 2936 3196 ponendum
2975 3128 3134 3197 igitur
3164 3138 3215 3180 et
3246 3141 3365 3196 qua:
3395 3126 3646 3180 videntur
3674 3140 3787 3177 om-

516 3215 711 3270 festum
738 3212 989 3282 quoniam
1021 3225 1128 3264 non
1156 3208 1405 3264 similiter
1434 3217 1489 3263 et
1532 3208 1879 3276 interroganti
1910 3218 1963 3264 et
2002 3210 2099 3263 do-

513 3304 659 3360 centi
686 3300 1100 3359 existimandum
1128 3314 1249 3355 esse
1274 3297 1601 3368 ponendum.
1622 3300 1739 3364 Quo
1762 3308 1915 3367 pacto
1940 3298 2101 3368 igitur

511 3398 853 3466 interrogare
871 3404 926 3452 et
953 3393 1205 3450 ordinare
1234 3399 1473 3462 oportet,
1506 3403 1646 3461 pene
1672 3389 1948 3445 sufficiunt
1976 3403 2096 3461 qua:

509 3488 651 3546 dicta
679 3497 825 3545 sunt.

1120 3597 1350 3654 CAPUT
1385 3597 1475 3655 Ill.

989 3713 1111 3769 Loci
1136 3729 1230 3785 pro
1256 3713 1614 3785 respondente.

484 3814 493 3849 i
573 3806 651 3862 De
668 3806 1019 3874 responsione
1039 3814 1216 3860 autem
1242 3807 1469 3874 primum
1487 3806 1702 3875 quidem
1725 3806 2086 3865 determinan-

501 3897 631 3952 dum
670 3897 938 3964 quodnam
970 3905 1053 3952 est
1101 3912 1234 3965 opus
1271 3898 1408 3951 bene
1448 3899 1851 3967 respondentis,
1894 3918 2087 3972 quem-

499 3986 788 4042 admodum
821 3986 957 4041 bene
988 3988 1389 4056 interrogantis.
1418 3989 1513 4043 Est
1542 3998 1721 4044 autem
1751 3990 2090 4060 interrogan-

497 4079 571 4133 tis
595 4080 809 4149 quidem
835 4080 913 4133 sic
939 4079 1206 4134 deducere
1232 4079 1527 4133 orationem
1544 4120 1559 4145 ,
1590 4089 1645 4134 ut
1672 4080 1831 4136 faciat
1858 4097 2084 4151 respon-

497 4172 714 4227 dentem
751 4171 932 4225 dicere
961 4170 1371 4241 inopinabiliora
1399 4184 1558 4241 quam
1587 4185 1650 4226 ea
1692 4187 1814 4241 quae
1860 4182 2086 4243 propter

497 4263 813 4333 positionem
843 4272 970 4318 sunt
1001 4262 1331 4328 necessaria;
1366 4262 1745 4331 respondentis
1792 4278 1924 4319 vero
1966 4279 2076 4321 non

496 4364 712 4427 propter
737 4371 797 4411 se
825 4371 1103 4425 apparere,
1134 4356 1376 4412 accidere
1415 4355 1772 4424 impossibile,
1805 4365 1897 4411 aut
1933 4357 2077 4428 quod

495 4459 691 4520 praeter
716 4449 1021 4519 Opinionem
1051 4457 1166 4513 est,
1195 4448 1289 4503 sed
1322 4456 1542 4517 propter
1563 4448 1881 4517 positionem
1908 4467 1921 4501 :
1953 4465 2075 4505 nam
2107 4488 2157 4551 υ

493 4541 718 4596 alterum
765 4540 993 4595 fortasse
1039 4548 1351 4610 peccatum,
1399 4553 1602 4609 ponere
1654 4539 1883 4608 primum
1932 4542 2074 4611 quod

494 4648 600 4688 non
632 4641 877 4702 oportet,
907 4640 963 4687 et
1003 4632 1236 4701 positum
1284 4645 1389 4685 non
1430 4644 1647 4685 servare
1683 4631 1864 4701 aliquo
1891 4632 2071 4687 modo.

491 4724 624 4791 Quia
652 4733 828 4778 autem
858 4731 983 4778 sunt
1012 4721 1424 4777 indeterminata
1454 4721 1522 4777 iis
1551 4723 1639 4791 qui
1673 4732 1896 4791 propter
1917 4740 2076 4779 exer-

490 4817 797 4872 citationem
828 4827 879 4872 et
924 4815 1308 4882 experientiam
1349 4816 1623 4870 orationes
1672 4814 1875 4870 faciunt
1924 4818 2072 4887 (nam

487 4923 597 4963 non
635 4909 840 4965 eaedem
884 4908 1345 4963 considerationes
1385 4916 1439 4962 et
1470 4908 1835 4973 discentibus,
1869 4917 1923 4963 ct
1971 4908 2073 4965 do-

487 5000 766 5065 centibus,
810 5010 864 5054 et
907 5000 1363 5063 concertantibus,
1426 5013 1599 5068 neque
1646 4999 1728 5053 his
1766 5009 1819 5053 et
1864 4999 1932 5054 iis
1975 5002 2069 5070 qui

486 5100 747 5145 exercent
789 5106 848 5144 se
892 5088 1120 5145 invicem
1170 5089 1520 5159 inspectionis
1563 5091 1773 5160 gratia:
1813 5105 1936 5146 nam
1983 5092 2068 5147 di-

485 5183 657 5237 scenti
686 5181 899 5252 quidem
918 5180 1161 5251 ponenda
1183 5191 1307 5235 sunt
1323 5196 1535 5251 semper
1563 5197 1624 5236 ea
1643 5197 1763 5251 qua:
1779 5181 2065 5249 videntur;

484 5286 657 5342 neque
695 5273 837 5327 enim
887 5281 1112 5326 conatur
1154 5269 1348 5351 falsum
1395 5274 1536 5327 ullus
1583 5272 1801 5337 docere,
1834 5288 2063 5329 concer-

482 5366 705 5420 tantium
749 5380 877 5419 vero
908 5366 1321 5435 interrogantem
1372 5366 1587 5435 quidem
1632 5365 1801 5420 videri
1848 5368 2055 5438 aliquid

482 5454 658 5511 facere
702 5464 913 5523 Oportet
955 5458 1193 5521 omnino,
1237 5456 1651 5525 respondentem
1694 5465 1871 5512 autem
1918 5457 2052 5514 nihil

481 5550 648 5604 videri
669 5549 892 5618 pati),et
914 5550 963 5602 in
996 5549 1285 5605 dialecticis
1306 5547 1775 5619 congressionibus
1800 5565 1919 5619 qua:
1948 5565 2055 5605 non

477 5638 890 5692 concertationis
918 5640 1113 5707 gratia,
1144 5637 1238 5692 sed
1268 5638 1627 5706 experimenti
1665 5648 1719 5691 et
1761 5639 2059 5707 inspectio-

479 5730 561 5784 nis
588 5731 858 5785 orationes
901 5729 1128 5799 faciunt,
1173 5730 1409 5787 nondum
1453 5731 1789 5787 enucleatum
1822 5726 1905 5786 est
1950 5748 2057 5801 quo

2202 3218 2312 3285 nia,
2339 3228 2395 3273 et
2421 3234 2606 3272 eorum
2636 3234 2755 3288 quae
2794 3234 2901 3272 non
2930 3219 3200 3283 videntur,
3230 3231 3561 3286 qumcunque
3607 3216 3784 3270 minus

2197 3326 2326 3373 sunt
2354 3315 2728 3386 improbabilia
2757 3315 3126 3370 conclusione.
3163 3314 3296 3369 Nam
3341 3314 3677 3369 sufﬁcienter
3706 3316 3784 3369 sic

2199 3408 2468 3463 videbitur
2498 3407 2854 3476 disceptatum
2882 3422 3026 3463 esse.
3052 3407 3310 3461 Similiter
3339 3416 3519 3461 autem
3558 3406 3697 3473 erit,
3727 3414 3782 3460 et

2197 3499 2245 3553 si
2275 3514 2451 3570 neque
2492 3499 2882 3569 improbabilis,
2916 3514 3088 3568 neque
3118 3499 3408 3568 probabilis
3436 3507 3521 3553 est
3561 3498 3779 3567 positio.

2193 3596 2327 3652 Nam
2366 3598 2446 3652 sic
2481 3609 2536 3652 et
2561 3612 2681 3667 qua:
2710 3598 2956 3653 videntur
2991 3599 3171 3651 omnia
3196 3596 3463 3663 dandum,
3492 3605 3550 3651 et
3589 3609 3777 3651 eorum

2193 3703 2314 3756 qua:
2347 3702 2452 3743 non
2497 3688 2768 3755 videntur,
2807 3703 3140 3759 quaecunque
3184 3689 3359 3741 minus
3399 3696 3525 3742 sunt
3566 3688 3776 3756 impro-

2192 3778 2388 3833 babilia
2430 3781 2802 3845 conclusione,
2844 3780 2923 3835 sic
2968 3781 3109 3834 enim
3155 3778 3543 3849 probabiliores
3581 3780 3777 3835 accidit

2190 3873 2463 3928 orationes
2501 3872 2638 3928 ﬁeri.
2671 3874 2728 3929 Si
2773 3873 2933 3943 igitur
2968 3874 3283 3943 simpliciter
3309 3873 3524 3943 quidem
3570 3874 3775 3943 proba-

2190 3965 2300 4021 bile
2336 3965 2425 4021 vel
2454 3966 2809 4036 improbabile
2847 3968 2987 4035 quod
3035 3966 3271 4036 ponitur,
3302 3967 3368 4020 ad
3412 3981 3474 4021 ea
3520 3982 3647 4036 quae
3686 3966 3771 4019 vi-

2187 4057 2382 4113 dentur
2422 4057 2739 4127 simpliciter
2788 4060 3114 4128 comparatio
3164 4058 3425 4114 facienda.
3470 4058 3530 4115 Si
3589 4068 3772 4112 autern

2187 4163 2295 4203 non
2332 4148 2648 4218 simpliciter
2676 4150 2955 4219 probabile
2992 4151 3077 4206 vel
3121 4150 3480 4220 improbabile
3508 4150 3581 4205 sit
3627 4150 3774 4221 quod

2185 4244 2423 4313 ponitur,
2451 4243 2544 4299 sed
2576 4243 2948 4313 respondenti,
2976 4245 3043 4298 ad
3066 4244 3327 4315 seipsum,
3354 4244 3502 4314 quod
3527 4243 3765 4313 videtur,

2185 4345 2239 4391 et
2284 4339 2425 4407 quod
2483 4352 2589 4393 non
2638 4337 2848 4392 videtur
2903 4337 3224 4407 judicando,
3276 4336 3621 4407 pariendum,
3679 4337 3765 4392 vel

2186 4441 2293 4481 non
2336 4429 2660 4496 ponendum.
2699 4427 2757 4483 Si
2787 4442 2915 4482 vero
2942 4428 3163 4483 alterius
3205 4428 3515 4497 opinionem
3562 4436 3767 4483 tutetur

2183 4521 2540 4590 respondens,
2586 4519 2929 4576 manifestum
2973 4520 3226 4591 quoniam
3270 4520 3338 4574 ad
3376 4520 3523 4577 illius
3563 4519 3768 4575 intelli-

2179 4613 2415 4682 gentiam
2446 4613 2775 4683 aspiciendo,
2803 4628 3002 4682 ponere
3023 4614 3233 4682 singula
3258 4613 3420 4669 debet
3443 4622 3502 4669 et
3530 4629 3761 4685 negare;

2178 4720 2346 4777 quare
2376 4714 2431 4760 et
2468 4707 2556 4775 qui
2589 4716 2780 4761 curant
2824 4716 3108 4762 extraneas
3136 4708 3418 4776 opiniones
3447 4713 3534 4774 (ut
3558 4707 3764 4762 bonum

2179 4808 2231 4853 et
2265 4798 2463 4851 malum
2499 4812 2621 4853 esse
2661 4797 2834 4866 idem,
2862 4798 3313 4869 quemadmodum
3346 4799 3653 4854 Heraclitus
3682 4800 3767 4855 in-

2177 4890 2315 4960 quit)
2343 4906 2447 4945 non
2493 4890 2623 4946 dant
2662 4905 2768 4945 non
2814 4893 3004 4946 adesse
3031 4893 3187 4945 simul
3230 4892 3500 4947 contraria
3541 4894 3757 4956 eidem,

2177 4998 2283 5039 non
2311 4983 2563 5038 videntur
2590 4983 2669 5039 eis
2711 4983 2847 5045 haec,
2873 4983 2969 5038 sed
3010 4985 3131 5053 quia
3175 4985 3469 5039 secundum
3515 4985 3769 5040 Heracli~

2177 5084 2290 5130 tum
2326 5075 2405 5129 sic
2440 5074 2747 5129 dicendum.
2782 5074 3009 5130 Faciunt
3038 5076 3141 5130 hoc
3174 5087 3352 5131 autem
3392 5087 3447 5131 et
3475 5077 3567 5145 qui
3594 5081 3773 5132 susci-

2174 5168 2327 5237 piunt
2355 5167 2424 5221 ab
2452 5166 2679 5221 invicem
2711 5166 3025 5236 positiones,
3049 5167 3353 5236 conjectant
3376 5168 3523 5222 enim
3546 5182 3615 5222 ac
3639 5168 3684 5222 si
3719 5169 3765 5223 is

2171 5259 2316 5312 dicat
2340 5259 2432 5326 qui
2474 5258 2653 5326 ponit;
2701 5257 3040 5312 manifestum
3091 5258 3253 5333 igitur.
3287 5274 3407 5327 qua:
3434 5258 3758 5328 conjectan-

2169 5349 2295 5403 dum
2341 5348 2711 5418 respondenti,
2760 5349 2873 5402 sive
2909 5331 3588 5419 simpliciter'probabile,
3640 5331 3769 5405 sive.

2166 5447 2323 5501 alicui
2352 5450 2583 5517 positum
2605 5455 2707 5502 est.
2735 5447 2999 5514 Quoniam
3027 5457 3206 5503 autem
3227 5459 3310 5504 est
3339 5465 3564 5505 necesse
3588 5468 3752 5507 omne

2166 5545 2307 5616 quod
2368 5546 2727 5615 interrogatur
2781 5555 2877 5599 aut
2919 5546 3341 5635 probabileOaut
3385 5550 3748 5620 improbabile
3796 5532 3799 5547 ι

2165 5654 2306 5705 csse,
2346 5650 2435 5693 aut
2483 5648 2763 5705 neutrum,
2824 5650 2880 5695 et
2917 5640 2982 5695 ad
3026 5643 3326 5698 orationem
3380 5654 3470 5699 aut
3524 5662 3630 5701 non
3683 5647 3753 5701 ad

2165 5733 2458 5789 orationem
2501 5733 2728 5790 attinere
2761 5733 2905 5804 quod
2939 5734 3319 5808 interrogatur,
3354 5738 3396 5793 si
3429 5740 3502 5794 sit
3532 5739 3753 5809 quidem
