4022 6330
1967 237 2008 257 (Χ

248 348 372 414 mo:
713 321 719 325 “
865 362 870 366 ο
1098 330 1492 393 TOPICORUM
1533 325 1988 388 ARISTOTELIS
2025 319 2604 381 mrsurnmmo.
2710 328 2724 364 -.
3367 321 3511 378 5002

227 469 368 540 quod
398 465 625 530 videtur,
655 469 712 518 et
739 474 844 516 non
871 459 939 514 ad
982 457 1276 514 orationem
1297 497 1311 523 ,
1342 453 1574 510 dandum
1607 460 1692 507 est
1719 449 1803 505 di-
1835 452 1890 512 Α
1912 445 2216 502 contrarias
2248 442 2532 506 habemus,
2562 454 2698 512 quas
2723 441 2942 500 difficile
2965 446 3052 500 est
3089 441 3327 510 solvere,
3356 442 3509 498 velut

225 554 397 613 cendo
439 555 579 624 quod
624 553 855 610 videtur.
901 551 1017 606 Non
1058 550 1200 606 enim
1231 547 1554 604 interimitur
1602 545 1807 616 (posito

225 658 308 719 eo)
339 647 480 718 quod
513 647 568 700 in
609 644 895 717 principio.
938 643 992 698 Si
1024 656 1150 697 vero
1193 655 1298 696 non
1323 640 1556 706 videtur,
1601 646 1658 691 et
1700 651 1807 691 non

225 743 288 797 ad
325 740 647 804 orationem,
677 736 910 792 dandum
938 733 1176 804 quidem,
1207 740 1262 786 et
1287 729 1809 802 consignificandum
1865 795 1876 805 ⁴

1873 893 1880 902 Ι
1918 819 2151 874 mentari
2180 818 2373 888 habet,
2405 832 2580 887 neque
2604 817 2830 881 instare,
2860 830 2966 871 non
2999 814 3148 885 ponit
3178 815 3468 869 dilucidum
3490 858 3507 880 ,

1854 917 1862 924 '
1917 912 2171 980 quoniam
2199 910 2480 980 protervit.
2517 909 2615 964 Est
2642 909 2787 964 enim
2820 907 2874 962 in
2905 905 3356 978 disputationibus
3385 920 3510 974 pro-

225 832 361 902 quod
403 845 510 885 non
553 829 786 893 videtur,
820 826 888 880 ad
928 825 1310 880 devitationem
1357 821 1725 877 absurditatis.
1753 819 1811 876 Si

226 936 350 978 vero
379 920 449 974 sit
476 918 543 973 ad
592 918 913 980 orationem,
945 923 999 971 et
1043 914 1309 981 videatur,
1343 912 1628 968 dicendum
1674 925 1813 981 quo-

227 1013 362 1069 niam
394 1011 603 1068 videtur
624 1010 862 1080 quidem,
896 1008 992 1063 sed
1021 1006 1175 1062 valde
1203 1005 1560 1077 propinquum
1589 1002 1640 1060 ei
1669 1001 1813 1074 quod

224 1105 274 1159 in
301 1102 560 1174 principio
588 1111 701 1167 est,
729 1111 784 1156 ct
823 1097 1150 1154 interimitur
1175 1098 1264 1168 (eo
1292 1094 1489 1167 posito)
1520 1093 1662 1166 quod
1693 1108 1814 1164 pro-

224 1196 452 1265 positum
495 1204 596 1250 eat.
623 1194 679 1248 Si
718 1203 896 1248 autem
924 1192 991 1246 ad
1037 1191 1335 1246 orationem
1378 1188 1625 1259 quidem,
1658 1186 1815 1243 valde

222 1300 399 1345 autem
447 1285 722 1357 probabile
765 1285 1132 1355 postulatum,
1169 1281 1452 1337 dicendum
1482 1279 1624 1351 quod
1670 1278 1813 1334 acci-

223 1380 300 1434 dit
331 1380 434 1433 hoc
474 1376 667 1447 posito,
716 1382 774 1429 at
824 1374 977 1430 valde
1013 1373 1303 1429 absurdum
1344 1386 1465 1427 esse
1506 1369 1646 1440 quod
1691 1383 1817 1439 pro.

221 1470 453 1540 ponitur.
483 1465 539 1523 Si
562 1480 690 1520 vero
713 1479 890 1535 neque
915 1463 1210 1534 probabile,
1236 1476 1410 1532 neque
1437 1459 1810 1529 improbabile,

221 1563 267 1619 si
299 1559 435 1617 nihil
478 1559 694 1630 quidem
725 1557 792 1612 ad
829 1556 1163 1620 orationem,
1197 1554 1430 1610 dandum
1464 1553 1595 1607 nihil
1637 1552 1818 1607 deter-

220 1649 497 1709 minando.
522 1648 580 1704 Si
621 1658 798 1702 autem
829 1645 896 1701 ad
937 1646 1255 1711 orationem,
1299 1640 1813 1711 consignititandum

220 1743 362 1814 quod
396 1739 723 1797 interimitur
772 1737 974 1810 (posito
1005 1734 1092 1805 eo)
1123 1733 1265 1804 quod
1309 1733 1363 1787 in
1408 1731 1670 1800 principio
1710 1739 1812 1786 est.

1917 539 2181 604 Zenonis,
2213 537 2351 608 quod
2379 552 2486 591 non
2513 536 2777 606 contingit
2804 534 3042 600 moveri,
3074 549 3248 606 neque
3276 536 3504 594 stadium

1916 633 2270 704 pertransire,
2305 631 2401 686 sed
2457 646 2562 688 non
2593 642 2811 702 propter
2840 630 2894 685 id
2932 645 3055 701 qua:
3096 638 3223 684 sunt
3263 632 3506 699 rppnsi'a

1917 726 2004 780 his
2030 740 2135 780 non
2163 724 2492 794 ponendum.
2521 722 2579 780 Si
2606 723 2766 794 igitur
2811 722 2902 793 qui
2934 735 3109 793 neque
3138 731 3322 778 contra
3351 737 3508 790 argn-

1919 1004 2090 1059 tervia
2142 1003 2425 1073 responsio
2469 1010 2665 1072 prater
2712 1000 2888 1055 dictos
2932 999 3156 1068 modos,
3204 999 3510 1070 syllogismi

1917 1092 2231 1150 destructio.
2265 1094 2546 1151 Sustinere
2587 1103 2765 1149 autem
2796 1101 2849 1147 et
2877 1092 3198 1162 positionem
3225 1101 3279 1147 et
3319 1091 3511 1146 defini‘

1919 1187 2144 1257 tionem,
2192 1187 2368 1257 ipsum
2401 1185 2504 1241 sibi
2544 1184 2646 1255 ipsi
2688 1191 2902 1253 oportet
2943 1181 3510 1254 prmargumentando.

1879 1262 1884 1270 ’
1917 1278 2053 1334 Nam
2093 1294 2158 1334 ex
2190 1278 2384 1349 quibus
2429 1277 2744 1333 interimunt
2788 1274 3180 1346 interrogantes
3215 1275 3356 1345 quod
3386 1289 3511 1344 pro-

1919 1371 2157 1440 ponitur,
2190 1369 2539 1425 manifestum
2569 1367 2820 1440 quoniam
2851 1366 2917 1421 iis
2945 1365 3364 1422 adversandum.
3391 1367 3512 1423 lno-

1921 1461 2208 1530 pinabilem
2250 1476 2380 1516 vero
2429 1461 2853 1531 suppositionem
2886 1458 3189 1516 cavendum
3219 1460 3512 1516 sustinere.

1883 1541 1894 1637 '_
1921 1552 2038 1608 Erit
2065 1563 2240 1608 autem
2266 1553 2608 1624 inopinabilis
2631 1554 2998 1624 multipliciter
3019 1569 3142 1609 nam
3165 1563 3219 1610 et
3237 1570 3301 1610 ea
3324 1571 3387 1611 ex
3408 1573 3514 1627 qua

1921 1643 2124 1700 absona
2174 1645 2441 1718 contingit
2487 1646 2667 1702 dicere
2713 1644 2795 1716 (ut
2835 1645 2882 1700 si
2924 1645 3102 1700 omnia
3142 1644 3286 1701 dicat
3323 1647 3516 1716 aliquis

1923 1737 2166 1802 moveri,
2231 1747 2324 1792 aut
2370 1737 2561 1808 nihil),
2623 1747 2678 1794 et
2715 1752 3047 1808 quaecunque
3104 1736 3302 1808 pejoris
3349 1739 3517 1794 moris

221 1837 353 1895 Nam
395 1836 476 1890 sic
515 1843 570 1890 et
618 1833 708 1904 qui
760 1830 1052 1902 respondet
1100 1829 1232 1883 nihil
1281 1827 1549 1882 videbitur
1598 1836 1816 1896 propter
1845 1839 2046 1900 Besse
2093 1829 2370 1901 eligenda,
2421 1841 2473 1886 et
2519 1846 2636 1900 quac
2679 1829 2948 1885 contraria
2993 1831 3257 1895 consiliis,
3288 1831 3517 1898 utquod

221 1930 318 1986 hoc
346 1928 489 2000 pati,
521 1925 783 1997 siquidem
816 1921 1114 1994 praevidens
1167 1919 1407 1992 singula,
1442 1919 1713 1987 posuerit,
1759 1925 1816 1974 et

1921 1925 2172 1994 voluptas
2205 1926 2436 1991 bonum,
2465 1933 2520 1979 et
2549 1923 2798 1993 injuriam
2827 1922 3007 1979 facere
3038 1924 3232 1978 melius
3254 1941 3410 1994 quam
3438 1925 3518 1980 in-

218 2025 307 2094 qui
346 2021 643 2088 interrogat
678 2017 981 2086 assequitur
1011 2012 1384 2085 syllogismum
1432 2010 1617 2080 positis
1644 2009 1712 2063 ab
1748 2023 1815 2064 eo
1916 2015 2112 2085 juriam
2149 2017 2284 2085 pati,
2316 2032 2438 2071 nam
2483 2013 2587 2070 non
2617 2026 2673 2071 ut
2721 2013 2982 2098 orationis
3027 2014 3194 2083 gratia
3241 2018 3513 2072 sustinen-

216 2114 474 2170 omnibus
539 2103 992 2182 probabiliorib'us
1054 2106 1424 2161 conclusione.
1496 2103 1815 2172 Quicunque

221 2223 357 2264 vero
401 2222 507 2261 non
546 2220 612 2260 ex
659 2200 1110 2273 probabilioribus
1157 2199 1507 2254 conclusione
1553 2204 1818 2251 conantur

216 2302 566 2376 syllogizare,
596 2296 940 2368 perspicuum
977 2293 1232 2363 quoniam
1276 2308 1383 2346 non
1412 2291 1549 2345 bene
1593 2287 1817 2360 syllogi-

217 2403 380 2456 unt,
411 2404 577 2461 quare
620 2401 740 2442 cum
788 2384 867 2440 sic
913 2383 1286 2454 interrogant,
1330 2395 1439 2435 non
1485 2377 1816 2449 ponendum.

217 2480 486 2538 Similiter
507 2488 683 2534 autem
711 2486 761 2532 et
795 2477 847 2531 in
900 2475 965 2530 iis
1003 2490 1122 2545 qum
1154 2474 1385 2529 obscure
1410 2478 1467 2528 et
1507 2471 1820 2539 multiplici-

218 2583 302 2629 ter
333 2572 590 2627 dicuntur
627 2566 1016 2625 occurrendum
1057 2575 1160 2623 est.
1190 2564 1324 2620 Nam
1355 2566 1481 2635 quia
1512 2563 1696 2619 datum
1734 2574 1822 2620 est

218 2661 596 2734 respondenti,
630 2674 735 2734 non
765 2657 1014 2725 discenti,
1043 2655 1226 2712 dicere
1256 2671 1361 2710 non
1394 2655 1568 2720 disco,
1597 2665 1651 2710 et
1682 2653 1821 2710 mul-

216 2754 486 2826 tipliciter
528 2751 761 2816 dictum,
809 2765 915 2804 non
958 2763 1024 2804 ex
1077 2746 1400 2803 necessitate
1440 2745 1688 2800 confiteri
1731 2743 1820 2798 vel

218 2862 448 2919 negare,
477 2842 819 2899 manifestum
863 2840 1116 2911 quoniam
1166 2839 1401 2909 primum
1445 2837 1662 2908 quidem
1701 2827 1824 2891 nisi

218 2939 448 3009 planum
492 2936 562 2989 sit
591 2933 732 3004 quod
773 2931 986 2996 dicitur,
1033 2944 1142 2986 non
1167 2927 1529 2985 cunctandum
1573 2934 1631 2980 ut
1673 2924 1823 2980 dicat

218 3028 375 3086 haud
416 3027 676 3096 intelligo,
719 3040 842 3080 nam
869 3037 1014 3093 saepe
1043 3038 1108 3079 ex
1136 3036 1202 3078 eo
1230 3021 1370 3091 quod
1403 3035 1506 3075 non
1539 3021 1684 3076 clare
1727 3020 1817 3074 in-

219 3119 626 3191 terrogantibus
653 3117 814 3184 dant,
857 3113 1091 3172 occurrit
1131 3113 1335 3184 aliquid
1363 3111 1606 3168 ditficile.
1642 3111 1694 3167 Si
1728 3127 1823 3166 au-

1923 2117 2065 2174 tem,
2107 2108 2201 2164 sed
2245 2117 2302 2162 ut
2348 2123 2412 2164 ea
2464 2124 2582 2179 quae
2625 2105 2906 2162 vidcantur
2949 2105 3216 2162 dicentem
3265 2109 3515 2163 oderunt.

1891 2273 1894 2277 ἢ
1921 2198 2265 2268 Quaecunque
2293 2215 2420 2256 vero
2450 2201 2756 2255 orationum
2789 2200 2980 2254 falsum
3024 2200 3344 2271 syllogizant
3366 2242 3379 2264 ,
3411 2202 3520 2257 sol-

1926 2291 2159 2347 vendum
2212 2290 2576 2346 interimendo
2633 2291 2684 2346 id
2737 2299 2958 2360 propter
3003 2291 3145 2359 quod
3198 2291 3256 2344 tit
3299 2290 3518 2346 falsum.

1897 2381 2058 2439 Nam
2092 2400 2197 2438 non
2230 2384 2276 2438 is
2307 2383 2396 2454 qui
2430 2383 2663 2454 quodvis
2694 2383 2955 2438 interimit
2979 2383 3174 2447 solvit,
3207 2399 3274 2437 ne
3303 2384 3518 2451 quidem

1925 2473 1973 2530 si
2004 2473 2191 2528 falsum
2221 2483 2305 2530 est
2343 2474 2484 2544 quod
2530 2471 2888 2537 interimitur;
2925 2473 3124 2529 habere
3164 2475 3303 2528 enim
3349 2481 3523 2542 potest

1925 2565 2081 2636 plura
2113 2566 2241 2620 falsa
2274 2567 2486 2630 oratio,
2523 2573 2582 2620 ut
2621 2564 2666 2618 si
2707 2565 2828 2633 quis
2870 2573 3045 2619 sumat
3083 2564 3357 2618 sedentem
3398 2566 3524 2619 scri-

1897 2645 2080 2720 'bere,
2126 2655 2404 2711 Socratem
2448 2670 2580 2710 vero
2621 2654 2833 2717 sedere,
2873 2654 3068 2709 accidit
3110 2655 3252 2709 enim
3298 2669 3364 2708 ex
3411 2655 3523 2721 his,

1928 2744 2213 2802 Socratem
2242 2746 2515 2812 scribere;
2550 2745 2874 2815 interempto
2918 2745 3080 2814 igitur
3117 2744 3391 2800 Socratem
3432 2760 3528 2802 se-

1905 2827 2082 2903 dere,
2123 2838 2258 2893 nihil
2298 2837 2469 2909 magis
2507 2837 2686 2892 soluta
2713 2842 2795 2892 eSt
2822 2838 3014 2902 oratio,
3057 2838 3301 2906 quamvis
3331 2837 3525 2894 falsum

1927 2929 1996 2984 sit
2027 2930 2349 3000 postulatum
2370 2971 2385 2996 ,
2414 2931 2508 2986 sed
2541 2946 2646 2986 non
2680 2940 2901 3002 propter
2926 2931 2976 2985 id
3007 2931 3182 2986 oratio
3210 2931 3366 2986 falsa.
3392 2932 3526 2988 Nam

1909 3021 1976 3076 'si
2006 3023 2126 3092 quis
2157 3022 2226 3076 sit
2254 3023 2470 3089 sedens,
2504 3038 2611 3078 non
2641 3023 2886 3078 scribens
2917 3032 3130 3087 autem,
3162 3039 3269 3078 non
3295 3025 3529 3102 amplius

1929 3115 1985 3169 in
2019 3116 2110 3169 tali
2156 3125 2280 3185 apte
2315 3116 2816 3172 accommodabitur
2852 3115 3043 3172 eadem
3080 3116 3308 3182 solutio;
3358 3132 3527 3187 quare

221 3221 337 3269 tem
383 3220 568 3266 notum
597 3208 810 3279 quidem
839 3207 939 3273 sit,
970 3206 1341 3276 multipliciter
1370 3213 1549 3260 autem
1581 3204 1818 3270 dictum;
1848 3205 2038 3282 C'non
2079 3205 2130 3261 id
2176 3207 2629 3274 interimendum,
2673 3207 2770 3262 sed
2800 3207 3080 3263 sedentem
3125 3208 3386 3273 scribere,
3418 3224 3526 3264 non

220 3303 270 3358 si
303 3303 362 3356 in
387 3300 634 3356 omnibus
659 3299 872 3370 quidem
899 3313 1086 3354 verum
1127 3298 1212 3354 vel
1243 3297 1434 3353 falsum
1464 3298 1536 3352 sit
1563 3297 1703 3367 quod
1737 3296 1818 3351 di-

221 3393 395 3458 citur,
434 3390 668 3446 dandum
698 3388 1014 3460 simpliciter
1053 3387 1198 3458 quod
1242 3386 1462 3452 dicitur,
1490 3386 1574 3442 vel
1621 3400 1819 3456 negan-

222 3483 392 3547 dum;
424 3481 469 3536 si
497 3494 624 3535 vero
653 3480 707 3534 in
735 3481 914 3549 aliquo
946 3478 1160 3548 quidem
1201 3478 1276 3532 sit
1303 3493 1515 3543 verum,
1547 3477 1600 3532 in
1639 3478 1820 3547 aliquo

223 3582 415 3630 autem
456 3571 650 3626 falsum
671 3611 683 3634 ,
717 3569 1122 3640 significandum
1149 3578 1233 3624 est
1258 3569 1401 3639 quod
1450 3567 1819 3637 multipliciter

221 3667 456 3732 dicitur,
488 3672 543 3718 et
567 3663 691 3732 quia
720 3662 822 3716 hoc
846 3661 1062 3731 quidem
1106 3661 1329 3729 falsum,
1362 3660 1494 3716 illud
1524 3670 1702 3716 autem
1732 3675 1824 3717 ve-

225 3772 381 3814 rum.
411 3753 542 3810 Nam
572 3768 693 3808 cum
720 3752 987 3822 posterius
1009 3751 1372 3820 distinguitur,
1403 3750 1821 3807 immaniiestum

226 3851 276 3905 si
307 3855 368 3904 et
397 3846 452 3902 in
485 3844 750 3916 principio
776 3843 1082 3913 ambiguum
1132 3842 1595 3899 animadverterit.
1629 3841 1687 3898 Si
1729 3857 1827 3898 au-

209 3951 353 3996 tem
397 3953 502 3993 non
546 3934 856 4007 prteviderit
883 3935 1136 4003 dubium,
1171 3935 1265 3990 sed
1313 3935 1369 3992 in
1414 3935 1643 3992 alterum
1684 3935 1829 4007 aspi-

227 4033 392 4088 ciens
419 4029 684 4100 posuerit,
713 4026 1000 4084 dicendum
1026 4027 1092 4082 ad
1123 4043 1244 4084 eum
1273 4027 1361 4098 qui
1389 4027 1443 4083 in
1473 4029 1701 4084 alterum
1730 4027 1829 4084 du-

231 4124 348 4186 cit,
381 4121 632 4191 quoniam
662 4135 770 4175 non
800 4119 866 4174 ad
899 4120 949 4174 id
978 4119 1250 4190 aspiciens
1291 4119 1451 4186 dedi,
1483 4120 1577 4175 sed
1603 4121 1672 4175 ad
1696 4120 1831 4176 alte-

231 4229 367 4272 rum
418 4227 626 4268 eorum.
677 4211 809 4267 Nam
863 4211 1102 4281 pluribus
1153 4211 1510 4268 existentibus
1558 4228 1678 4283 quae
1728 4212 1830 4268 sub

232 4307 436 4363 eodem
462 4305 701 4369 nomine,
730 4303 816 4358 vel
860 4303 1046 4359 eadem
1075 4303 1318 4359 oratione
1355 4312 1516 4371 sunt,
1549 4303 1721 4359 facilis
1749 4312 1834 4360 est

234 4394 671 4467 ambiguitas.'Si
696 4409 825 4451 vero
850 4404 905 4451 et
928 4394 1223 4452 dilucidum
1254 4396 1324 4450 sit
1354 4403 1408 4449 et
1431 4395 1660 4463 simplex
1686 4393 1831 4465 quod

237 4493 628 4559 interrogatur,
669 4497 761 4544 aut
788 4487 890 4556 sic,
923 4496 1015 4544 aut
1037 4491 1160 4558 ;non
1201 4487 1656 4558 respondendum.
1687 4487 1834 4558 Quo-

1924 3299 2072 3355 enim
2119 3300 2299 3356 omnis
2327 3301 2414 3370 qui
2445 3301 2601 3358 sedet
2639 3300 2847 3358 scribit.
2877 3301 3051 3358 Solvit
3081 3302 3244 3374 igitur
3281 3305 3528 3373 omnino.

1924 3390 2016 3461 qui
2040 3391 2298 3446 interimit
2325 3390 2377 3445 id
2409 3401 2631 3462 propter
2654 3393 2796 3460 quod
2826 3392 2884 3446 ﬁt
2912 3392 3128 3458 falsum,
3156 3394 3305 3448 novit
3345 3406 3529 3452 antem

1926 3481 2254 3536 solutionem
2293 3482 2385 3552 qui
2425 3484 2530 3538 scit
2574 3483 2718 3553 quod
2765 3495 2986 3552 propter
3043 3482 3097 3537 id
3144 3483 3272 3538 falsa
3315 3489 3526 3556 orat'o,

1927 3571 2378 3642 quemadmodum
2425 3573 2478 3628 in
2520 3573 2584 3628 iis
2628 3588 2747 3643 qua:
2795 3574 2928 3628 falso
2967 3573 3375 3642 describuntur;
3419 3592 3530 3634 non

1929 3663 2073 3718 enim
2112 3663 2310 3720 sufficit
2337 3663 2562 3730 instare,
2596 3680 2666 3720 ne
2695 3664 2910 3733 quidem
2953 3666 2996 3721 si
3046 3666 3239 3722 falsum
3267 3668 3338 3722 sit
3380 3670 3526 3738 quod

1930 3753 2283 3821 interimitur,
2309 3755 2403 3811 sed
2432 3765 2486 3812 et
2512 3756 2563 3811 id
2593 3764 2813 3827 propter
2835 3757 2977 3826 quod
3005 3757 3220 3826 falsum,
3247 3760 3532 3831 assignan-

1931 3845 2099 3902 dum:
2141 3847 2219 3904 sic
2266 3847 2412 3903 enim
2460 3848 2566 3904 erit
2613 3847 2958 3905 manifestum
3001 3857 3184 3906 utrum
3227 3851 3532 3920 prtevidens

1932 3937 2162 4010 aliquid,"
2184 3954 2252 3996 an
2278 3956 2415 4008 non,
2445 3939 2574 3997 facit
2600 3940 2935 3997 instantiam.

2551 4071 2780 4130 CAPUT
2818 4071 2908 4128 IV.

2031 4181 2158 4235 Loci
2184 4198 2474 4238 communes
2500 4201 2594 4255 pro
2617 4185 2969 4256 interrogante
2998 4197 3045 4242 et
3067 4191 3422 4261 respondente.

2010 4291 2108 4348 Est
2134 4302 2312 4350 autem
2344 4296 2643 4352 orationem
2677 4295 2970 4366 prohibere
3011 4299 3253 4354 concludi
3297 4303 3532 4372 quadru-

1940 4385 2171 4456 pliciter.
2219 4386 2353 4441 Nam
2406 4396 2498 4442 aut
2548 4387 2912 4444 interimenda
2945 4389 2996 4444 id
3029 4402 3246 4461 propter
3289 4395 3432 4464 quod
3474 4395 3536 4452 lit

1940 4475 2155 4543 falsum,
2205 4487 2296 4531 aut
2330 4477 2395 4532 ad
2447 4478 2873 4549 interrogantem
2903 4481 3213 4538 instantiam
3261 4484 3490 4542 dicendo
3515 4509 3534 4544 ;

240 4583 392 4637 niam
413 4588 590 4635 autem
617 4580 792 4634 omnis
823 4580 1115 4650 propositio
1139 4580 1492 4652 syllogistica,
1522 4589 1613 4635 aut
1643 4595 1833 4636 earum
1859 4598 1917 4663 ι)
1939 4582 2084 4637 δεῖρε
2113 4570 2256 4623 enim
2286 4584 2391 4623 "0"
2420 4569 2580 4625 εοινίι
2602 4571 2822 4640 quidem
2843 4613 2859 4636 ι
2890 4574 2982 4644 (ιυί
3015 4582 3194 4632 tamen
3235 4578 3537 4651 inlcrrosa!

238 4674 428 4744 aliqua
463 4683 548 4730 εει
588 4687 656 4728 ex
703 4672 898 4743 quibus
940 4674 1307 4744 syllogismus.
1355 4684 1447 4729 aut
1492 4686 1712 4746 propter
1739 4674 1837 4731 ali-

237 4780 411 4834 quam
431 4764 675 4832 illarum,
719 4765 1055 4819 manifestum
1082 4767 1225 4835 quod
1255 4767 1576 4837 quandoque
1613 4767 1836 4822 alterius

241 4857 420 4928 gratia
447 4864 693 4911 sumetur
715 4869 786 4910 ex
816 4871 884 4911 eo
914 4856 1058 4926 quod
1085 4857 1236 4926 plura
1265 4857 1456 4912 similia
1483 4860 1838 4930 interrogant.

242 4949 385 5006 Nam
414 4957 508 5002 aut
550 4962 646 5017 per
684 4947 1078 5016 inductionem,
1107 4958 1200 5003 aut
1241 4964 1339 5018 per
1384 4951 1790 5006 similitudinem
1817 4992 1836 5020 ,

245 5040 571 5110 plerumque
599 5038 907 5093 universale
936 5049 1183 5106 sumunt;
1217 5041 1504 5112 singularia
1535 5043 1693 5112 igitur
1725 5058 1840 5100 om-

243 5134 340 5188 nia
368 5129 692 5200 ponendum,
723 5131 769 5185 si
800 5131 909 5186 sint
937 5145 1064 5186 vera
1091 5141 1146 5186 et
1170 5132 1488 5202 probabilia.
1516 5135 1594 5188 Ad
1625 5134 1842 5192 univer-

241 5225 367 5280 sale
407 5231 586 5278 autem
637 5223 950 5279 tentandum
997 5224 1305 5281 instantiam
1344 5225 1506 5281 ferre.
1553 5228 1686 5282 Nam
1723 5229 1842 5287 sine

247 5314 512 5370 instantia
539 5311 626 5368 vel
655 5327 774 5382 quae
817 5315 916 5380 sit,
964 5314 1047 5370 vel
1085 5331 1203 5384 qua:
1247 5315 1510 5384 videatur,
1557 5319 1842 5387 prohibere

244 5403 589 5470 orationem,
622 5406 922 5474 protervire
948 5413 1062 5472 est;
1091 5406 1136 5461 si
1174 5407 1333 5478 igitur
1360 5408 1541 5463 multis
1579 5425 1844 5481 apparen-

245 5498 400 5554 tibus
438 5511 542 5550 non
574 5495 785 5551 dederit
822 5496 1125 5552 universale
1164 5497 1256 5567 qui
1287 5512 1391 5553 non
1434 5499 1592 5554 habet
1632 5501 1841 5556 instan-

249 5588 421 5650 tiam,
464 5587 802 5642 manifestum
845 5596 929 5643 est
960 5589 1213 5659 quoniam
1267 5591 1544 5658 protervit.
1575 5594 1840 5662 Amplius,

246 5679 301 5734 si
335 5693 507 5749 neque
545 5688 734 5734 contra
779 5681 1142 5751 argumentari
1175 5681 1368 5737 habeat
1403 5683 1543 5753 quod
1596 5701 1700 5739 non
1753 5702 1844 5742 ve-

246 5782 410 5834 rum,
440 5769 609 5823 multo
638 5770 808 5840 magis
835 5770 1104 5829 videbitur
1132 5771 1445 5841 protervire,
1474 5775 1717 5843 quamvis
1747 5791 1848 5833 nec

249 5858 366 5914 hoc
392 5858 660 5915 sufficiat:
697 5873 819 5912 nam
862 5861 1166 5929 complures
1203 5863 1474 5920 orationes
1504 5864 1848 5935 opinionibus

545 5951 822 6016 Panos.
864 5952 1090 6023 LXIV.

1906 4678 2053 4727 .non
2095 4671 2273 4732 potest
2323 4663 2532 4733 longius
2587 4663 2902 4733 produccre.
2957 4665 3196 4722 Tertium
3241 4681 3418 4726 autem
3463 4673 3535 4729 ad

1948 4755 2296 4824 interrogata,
2327 4753 2523 4810 accidit
2554 4756 2696 4811 enim
2731 4771 2796 4812 ex
2825 4757 3166 4830 interrogatis
3187 4761 3400 4831 quidem
3425 4779 3535 4819 non

1950 4845 2065 4901 ﬁeri
2097 4845 2239 4916 quod
2271 4846 2544 4913 volumus,
2577 4862 2643 4903 eo
2670 4848 2814 4919 quod
2860 4866 2970 4905 non
3020 4851 3160 4907 bvne
3208 4854 3535 4925 interrogata

1951 4935 2084 5002 sint,
2103 4935 2286 4991 addito
2307 4945 2481 4992 autem
2500 4937 2701 5009 aliquo,
2722 4938 2836 4995 ﬁeri
2855 4940 3282 4998 conclusionem.
3300 4944 3354 4999 Si
3377 4946 3539 5015 igitur

1955 5043 2062 5084 non
2089 5029 2319 5100 amplius
2359 5038 2535 5100 potest
2565 5030 2863 5100 producere
2894 5033 3253 5104 interrogans,
3279 5035 3345 5088 ad
3371 5036 3540 5092 inter-

1945 5131 2224 5194 rogantem
2250 5123 2356 5180 erit
2382 5121 2678 5192 instantia;
2716 5126 2764 5182 si
2810 5137 2991 5183 autem
3025 5137 3237 5198 potest,
3268 5128 3336 5183 ad
3368 5129 3540 5186 inter-

1946 5227 2156 5288 rogata.
2206 5216 2465 5285 Quartqu
2515 5229 2730 5287 autem,
2781 5221 3019 5291 pessima
3048 5230 3133 5276 est
3161 5220 3536 5279 instantiarum

1947 5321 2068 5377 quae
2099 5314 2181 5362 est
2207 5305 2273 5361 ad
2303 5315 2549 5377 tempus,
2582 5324 2703 5364 nam
2749 5309 2966 5381 quidam
3007 5309 3200 5365 talibus
3230 5309 3429 5366 instant
3472 5313 3542 5368 ad

1946 5415 2068 5472 quae
2099 5399 2377 5471 disputare
2402 5403 2574 5472 pluris
2617 5412 2702 5460 est
2742 5405 3032 5475 temporis,
3061 5419 3221 5474 quam
3254 5410 3544 5476 praesentis

1951 5491 2389 5560 exercitationis;
2423 5495 2694 5550 instantia:
2716 5495 2900 5564 igitur,
2931 5504 2989 5550 ut
3023 5495 3226 5553 dictum
3254 5507 3338 5554 est
3367 5501 3540 5570 prius.

1949 5593 2177 5656 quatuor
2220 5587 2395 5642 modis
2439 5588 2590 5643 tiunt.
2627 5588 2835 5644 Solutio
2879 5598 3060 5643 autem
3092 5597 3176 5645 est
3204 5606 3390 5646 earum
3420 5608 3542 5662 qua:

1951 5678 2110 5734 dictat
2138 5686 2293 5745 sunt,
2329 5680 2500 5749 prima
2549 5688 2755 5735 tantum
2783 5724 2796 5746 ,
2833 5682 3054 5752 reliquae
3085 5692 3265 5738 autem
3296 5683 3542 5755 prohibi-

1954 5769 2128 5825 tiones
2172 5771 2418 5840 quaedam
2451 5781 2504 5826 et
2536 5772 2920 5843 impedimenta
2969 5775 3399 5831 conclusionum.
3459 5776 3545 5834 lno

1954 5866 2190 5937 culpatio
2216 5881 2344 5923 vero
2372 5868 2633 5928 orationis
2708 5879 2762 5930 et
2805 5873 3101 5930 secundum
3135 5872 3304 5944 ipsam
3334 5873 3543 5940 oratios

3067 5963 3148 6046 33
