4064 6336
572 343 706 422 ιόοδ

1789 366 1898 422 AN.
1942 365 2150 422 MANL.
2193 365 2344 424 SEV.
2384 367 2606 424 BOETII

3696 364 3830 422 10οι

573 499 689 536 nem
713 524 723 544 ,
751 488 803 536 et
825 495 1039 552 quando
1072 489 1428 550 .nterrogatur
1457 495 1561 533 non
1589 480 1793 534 eadem.
1833 482 2150 554 Plerumque
2181 486 2224 543 Α
2260 483 2326 536 tia
2361 499 2487 538 vero
2519 485 2560 537 si
2603 484 2799 540 additis
2846 484 3166 554 quibusdam
3196 486 3286 540 fiat
3319 486 3684 557 syllogismus,
3721 483 3831 539 lucc

572 577 711 628 enim
736 573 875 643 quod
910 567 1013 626 non
1045 573 1178 626 bene
1209 573 1508 642 disputatur
1542 573 1731 637 oratio,
1754 574 1796 626 is
1816 575 1901 642 qui
1923 575 2150 627 interro-

571 677 725 736 gatur
741 673 821 719 est
844 680 1003 718 causa
1028 680 1091 718 co
1109 665 1248 732 quod
1268 681 1369 718 non
1398 666 1652 718 concedat
1685 682 1746 718 ex
1774 667 1963 735 quibus
1989 667 2152 734 probe

571 769 684 812 erat
717 758 990 826 disputare
1027 757 1091 810 ad
1127 758 1473 823 positionem,
1511 773 1627 810 nam
1661 774 1761 811 non
1797 768 1877 812 est
1910 759 2151 813 inallero

519 880 526 892 ο
571 853 686 903 δοῗο
736 850 870 903 bene
920 849 1199 904 absolvere
1243 865 1527 903 commune
1577 864 1727 918 opus.
1782 849 2148 904 Necessarium

574 946 734 1012 igitur
760 943 1081 1013 quandoque
1108 944 1172 996 ad
1201 943 1490 1007 dicentem,
1522 953 1574 997 et
1605 960 1705 997 non
1733 944 1797 997 ad
1831 945 2148 1013 positionem

569 1041 932 1110 argumentari
959 1084 973 1108 ,
1006 1039 1220 1111 quando
1249 1040 1293 1093 is
1323 1039 1411 1108 qui
1442 1040 1727 1109 respondet
1759 1040 2024 1093 contraria
2069 1041 2150 1094 in-

570 1135 854 1204 terroganti
872 1135 1125 1190 observat
1142 1133 1529 1198 corroborans;
1558 1133 1944 1203 protervientes
1968 1133 2147 1202 igitur,

521 1245 526 1250 λ
569 1227 958 1294 altercatorias,
1008 1237 1061 1282 et
1093 1243 1196 1280 non
1246 1225 1556 1280 dialecticas
1584 1225 1783 1280 faciunt
1813 1226 2151 1280 exeicitatio-

527 1323 535 1332 '
569 1334 682 1375 nes.
720 1319 961 1387 Amplius
1007 1328 1206 1382 autem,
1234 1318 1354 1388 quia
1387 1317 1790 1372 exercitationis
1845 1326 1900 1371 et
1942 1317 2151 1386 experi-

520 1417 540 1424 "
569 1411 735 1466 menti
766 1411 952 1480 gratia,
1007 1420 1061 1466 et
1112 1427 1218 1464 non
1257 1411 1518 1465 doctrina:
1550 1409 1851 1479 lmjusmodi
1882 1420 2005 1465 sunt
2034 1425 2152 1464 ora-

527 1523 536 1532 -
567 1503 764 1567 tiones,
799 1502 1139 1572 perSpicuum
1186 1502 1437 1570 quoniam
1482 1517 1587 1556 non
1611 1501 1782 1555 solum
1831 1515 1958 1554 vera
1990 1501 2154 1572 syllo-

568 1595 849 1667 gizandum
871 1636 885 1660 ,
936 1608 1119 1648 verum
1147 1593 1306 1648 etiam
1342 1593 1529 1647 falsum
1550 1635 1562 1654 ,
1599 1607 1696 1647 nec
1729 1607 1823 1662 per
1852 1607 1973 1646 vera
2007 1607 2151 1646 sem-

524 1707 528 1712 ‘
567 1705 686 1759 per,
717 1689 811 1745 sed
843 1687 1161 1759 quandoque
1200 1696 1253 1742 et
1302 1702 1396 1757 per
1447 1686 1610 1752 falsa;
1648 1701 1790 1752 smpe
1837 1685 1980 1740 enim
2025 1700 2154 1739 vero

568 1780 746 1851 posito
767 1821 781 1845 ,
832 1779 1142 1834 interimere
1173 1791 1398 1833 necesse
1429 1787 1516 1832 est
1541 1777 1904 1846 disputantem
1937 1794 1950 1830 :
1989 1791 2154 1846 quare

2255 588 2432 632 autem
2464 579 2572 634 sint
2599 579 2866 634 deteriora
2898 580 2960 634 iis
2983 597 3100 650 qua:
3133 580 3552 649 interrogantur,
3581 589 3635 634 et
3659 579 3830 631 minus

2258 669 2547 737 probabilia
2601 671 2951 726 conclusione
2980 714 2991 734 ,
3031 671 3235 725 etiamsi
3271 671 3462 725 ablatis
3493 669 3829 739 quibusdam,

2257 777 2375 815 nam
2410 762 2727 832 quandoque
2780 775 2998 816 sumunt
3058 764 3206 831 plura
3268 763 3612 824 necessariis,
3672 775 3835 828 quale

2257 870 2359 907 non
2393 869 2457 907 eo
2489 854 2626 923 quod
2664 855 2776 909 huic
2807 865 2952 918 sunt,
2979 858 3035 908 fit
3066 855 3428 925 syllogismus.
3482 855 3724 922 Amplius
3748 895 3761 916 ,
3791 854 3834 907 si

2255 962 2321 1000 ex
2360 947 2855 1016 inopinabilioribus
2881 989 2894 1012 ,
2924 959 2979 1002 et
3014 950 3189 1002 minus
3232 932 3581 1002 credibilibus
3608 947 3824 999 Conclu-

2255 1038 2441 1104 sione,
2472 1050 2562 1093 aut
2595 1039 2639 1094 si
2671 1056 2737 1094 ex
2772 1039 2946 1106 veris,
2982 1039 3074 1093 sed
3110 1039 3310 1107 majore
3340 1055 3503 1108 opera
3549 1037 3829 1106 indigenti-

2261 1130 2361 1184 bus
2388 1131 2764 1200 demoustrari,
2801 1149 2957 1204 quam
3009 1134 3312 1201 problema;
3359 1148 3464 1186 non
3498 1143 3713 1199 oportet
3743 1149 3832 1186 au-

2257 1236 2362 1280 tem
2394 1243 2458 1280 es
2501 1228 2750 1281 onmibus
2783 1228 3127 1296 problematis
3159 1228 3501 1298 syllogismos
3527 1227 3838 1280 existimare

2255 1316 2499 1370 similiter
2533 1315 2836 1383 probabiles
2877 1333 2997 1370 esse
3028 1327 3081 1371 et
3112 1317 3426 1376 suasibilcs;
3480 1325 3668 1368 natura
3699 1315 3837 1367 enim

2256 1406 2430 1460 statim
2469 1417 2591 1460 sunt
2621 1408 2793 1476 aliqua
2822 1408 3035 1479 quidem
3072 1409 3328 1471 faciliora,
3360 1406 3461 1460 alia
3492 1421 3619 1466 vero
3647 1405 3838 1460 (1ίῖιίςί-

2259 1500 2393 1555 liora
2419 1516 2603 1555 eorum
2634 1518 2754 1570 qua:
2781 1503 3198 1571 interrogantur,
3249 1519 3418 1570 quare
3464 1502 3507 1554 si
3556 1517 3621 1556 ex
3650 1502 3840 1566 aliqui-

2259 1594 2379 1659 bus,
2415 1604 2472 1648 ut
2511 1597 2623 1650 fieri
2662 1605 2870 1664 potest,
2899 1597 3128 1650 maxime
3153 1595 3539 1663 probabilibus,
3572 1597 3843 1663 conjectu-

2259 1700 2369 1738 ram
2399 1683 2608 1750 fecerit,
2639 1685 2966 1754 disputatum
2995 1685 3130 1738 bene
3161 1694 3259 1738 est.
3296 1684 3636 1738 Manifestum
3687 1682 3840 1752 igitur

2259 1777 2508 1845 quoniam
2538 1776 2800 1830 orationis
2842 1792 2946 1829 non
2979 1775 3163 1830 eadem
3192 1776 3508 1843 inculpatio,
3537 1783 3594 1830 et
3628 1775 3695 1828 ad
3731 1790 3840 1843 pro~

569 1871 917 1941 proponenda
942 1870 1093 1937 falsa,
1123 1870 1450 1940 quandoque
1477 1879 1653 1924 autem
1697 1877 1751 1923 et
1789 1869 1922 1923 falso
1957 1868 2152 1938 posito,
2185 1864 2234 1924 B
2263 1868 2455 1931 blema,
2491 1877 2543 1921 et
2566 1867 2859 1922 secundum
2893 1884 2970 1923 se.
3007 1868 3138 1922 Nam
3169 1868 3297 1924 nihil
3327 1869 3626 1923 secundum
3652 1883 3711 1922 se
3734 1869 3841 1937 qui-

568 1963 984 2017 interimendum
1018 1977 1111 2032 per
1143 1961 1296 2026 falsa,
1345 1961 1478 2018 nihil
1525 1961 1666 2016 enim
1710 1960 1957 2029 prohibet
1996 1959 2154 2015 alicui

571 2056 734 2111 videri
765 2070 880 2124 qua:
922 2069 1026 2108 non
1077 2065 1204 2108 sunt
1241 2054 1411 2125 magis
1442 2070 1598 2123 quam
1635 2068 1792 2118 vera;
1826 2063 2156 2124 quaproiuer

532 2165 632 2202 -ex
668 2149 730 2202 iis
758 2163 875 2218 qua:
927 2145 1002 2200 illi
1051 2145 1300 2200 videntur
1353 2144 1597 2199 oratione
1644 2143 1804 2208 facta,
1857 2144 2024 2212 magis
2053 2143 2158 2197 erit

527 2251 534 2259 '
569 2256 758 2296 suasus
790 2257 945 2312 quam
977 2239 1211 2310 adjutus.
1257 2239 1481 2308 Oportet
1530 2248 1709 2293 autem
1741 2254 1861 2293 eum
1893 2237 1983 2308 qui
2017 2236 2155 2291 bene

531 2354 537 2360 ·
566 2332 845 2397 transfert,
877 2331 1160 2386 dialectice
1205 2339 1259 2384 et
1311 2345 1416 2384 non
1445 2329 1783 2384 contentiose
1820 2328 2150 2382 transferre:

570 2438 624 2480 ut
653 2435 980 2496 geometram
1013 2423 1371 2494 geometrice,
1406 2423 1521 2477 sive
1553 2420 1741 2474 falsum
1765 2461 1779 2485 ,
1815 2422 1926 2475 sive
1968 2434 2153 2474 verum

569 2522 636 2572 sit
667 2517 807 2588 quod
839 2514 1264 2570 concludendum
1296 2523 1409 2578 est;
1443 2513 1629 2584 quales
1673 2523 1850 2567 autem
1883 2511 2153 2565 dialectici

530 2619 533 2623 '
568 2608 888 2680 syllogismi,
917 2606 1114 2661 dictum
1146 2614 1228 2660 est
1258 2605 1424 2675 prius.
1464 2605 1724 2672 Quoniam
1771 2615 1951 2658 autem
1984 2603 2155 2657 malus

531 2702 856 2770 particeps,
888 2699 978 2769 qui
1003 2697 1224 2769 impedit
1250 2713 1535 2753 commune
1563 2713 1720 2767 opus,
1755 2705 1900 2767 patet
1925 2695 2068 2765 quod
2099 2705 2156 2752 et

529 2797 535 2804 ’
565 2797 621 2850 in
669 2793 999 2850 orationibus
1021 2833 1034 2857 ,
1068 2808 1189 2860 nam
1221 2805 1508 2846 commune
1539 2789 1808 2862 quidpiam
1842 2787 1983 2858 quod
2023 2805 2150 2858 pro-

537 2883 540 2886 ’
567 2892 780 2958 ponitur
800 2900 853 2944 et
877 2889 928 2943 in
950 2887 1055 2941 illis
1079 2895 1177 2950 est,
1210 2894 1566 2954 praeterquam
1601 2884 1652 2937 in
1681 2881 2149 2946 concertantibus;

565 2979 650 3033 his
677 2987 853 3033 autem
886 2993 990 3030 non
1033 2984 1116 3029 est
1161 2974 1410 3029 eumdem
1443 2975 1680 3043 utrisque
1713 2973 1872 3026 finem
1918 2973 2150 3040 assequi,

532 3087 536 3094 λ
565 3085 687 3123 nam
709 3069 890 3136 plures
909 3081 1014 3120 uno
1038 3064 1370 3133 impossibile
1390 3073 1475 3119 est
1497 3065 1731 3117 vincere.
1764 3062 1950 3117 Dill'ert
1971 3072 2150 3116 autem

565 3158 697 3214 nihil
726 3159 840 3213 sive
873 3157 924 3210 iii
959 3152 1357 3225 respondendo,
1389 3154 1504 3208 sive
1533 3153 1585 3206 in
1620 3152 2006 3221 interrogando
2037 3153 2149 3218 liat,

2260 1961 2380 2015 dem
2413 1962 2708 2015 orationem
2739 1962 2989 2032 prohibet
3015 1977 3135 2018 esse
3161 1963 3596 2032 vituperabilem,
3629 1961 3697 2016 ad
3727 1978 3844 2031 pro-

2261 2053 2430 2108 blema
2463 2063 2640 2108 autem
2673 2055 3013 2120 laudabilem,
3066 2067 3118 2112 et
3175 2073 3385 2114 rursum
3416 2075 3446 2112 e
3475 2058 3721 2123 diverso,
3766 2074 3847 2112 se~

2260 2143 2490 2198 cundum
2519 2160 2577 2199 se
2615 2145 2831 2215 quidem
2872 2147 3218 2213 laudabilem,
3253 2147 3320 2202 ad
3354 2149 3634 2216 problema
3670 2161 3848 2203 autem

2262 2234 2698 2302 vituperabilem,
2735 2236 2948 2305 quando
3002 2253 3068 2291 cx
3120 2238 3358 2306 pluribus
3403 2247 3487 2292 est
3537 2238 3695 2293 facile
3729 2252 3849 2292 cum

2262 2326 2630 2395 probabilibus
2653 2337 2761 2386 tum
2781 2331 2923 2383 veris
2945 2331 3286 2385 concludere.
3320 2329 3435 2384 Erit
3466 2341 3649 2386 autem
3682 2348 3846 2400 quan-

2261 2420 2437 2489 d0que
2461 2421 2634 2475 oratio
2659 2422 2819 2476 etiam
2851 2423 3176 2478 concludens
3201 2440 3358 2494 quam
3389 2440 3494 2479 non
3518 2426 3849 2481 concludens

2259 2511 2524 2580 deterior,
2556 2512 2770 2583 quando
2811 2514 2898 2568 illa
2922 2516 3136 2586 quidem
3168 2533 3234 2571 ex
3263 2517 3511 2574 absurdis
3551 2519 3848 2582 concludit,

2259 2617 2378 2657 cum
2411 2619 2515 2657 non
2555 2603 2624 2658 sit
2667 2607 2769 2659 tale
2803 2606 3094 2673 problema,
3130 2607 3240 2660 ham
3268 2618 3443 2663 autem
3482 2608 3726 2679 indigeat
3758 2620 3839 2663 ta-

2261 2692 2398 2746 libus
2444 2709 2562 2762 quae
2616 2703 2740 2749 sunt
2796 2696 3087 2764 probabilia
3135 2708 3187 2752 et
3238 2700 3401 2766 vera',
3435 2710 3489 2754 et
3520 2702 3851 2756 nondumex

2260 2788 2548 2857 assumptis
2578 2790 2646 2841 sit
2677 2789 2870 2844 oratio.
2906 2790 3008 2848 Eos
3040 2803 3215 2846 autem
3245 2793 3333 2863 qui
3366 2809 3460 2862 per
3496 2793 3632 2848 falsa
3667 2810 3850 2850 verum

2261 2879 2616 2945 concludunt,
2665 2897 2770 2935 non
2812 2882 3016 2951 juswm
3047 2894 3128 2938 est
3160 2885 3454 2953 inculparc.
3487 2885 3623 2940 Nam
3657 2886 3847 2941 falsum

2259 2971 2474 3040 quidem
2507 2985 2722 3041 semper
2743 2987 2963 3029 necesse
2998 2982 3076 3028 est
3115 2990 3207 3044 per
3230 2975 3357 3030 falsa
3392 2976 3742 3046 syllogizare,
3773 2992 3847 3032 re.

2261 3078 2382 3117 rum
2410 3074 2588 3118 autem
2618 3074 2699 3121 est
2722 3067 3044 3137 quandoque
3076 3084 3168 3136 per
3197 3069 3327 3124 falsa
3370 3069 3724 3141 syllogizarc,
3750 3085 3849 3123 ma.

2261 3155 2510 3212 nifestum
2536 3168 2711 3212 autem
2748 3158 2797 3213 id
2827 3176 2890 3213 ex
2925 3161 3234 3231 Analyticis.
3259 3160 3394 3216 Cum
3415 3172 3599 3218 autem
3629 3164 3850 3218 demon-

539 3266 687 3306 'naiu
725 3258 780 3305 et
828 3249 916 3319 qui
967 3246 1303 3301 contentiose
1343 3245 1659 3312 interrogat,
1699 3259 1859 3314 prave
1891 3244 2157 3312 disputat;
2191 3237 2237 3300 C
2269 3249 2456 3302 stratio
2472 3249 2783 3318 sitalicujus
2800 3250 2938 3306 dicta
2960 3252 3526 3322 oratio,sialiquidest
3546 3254 3694 3308 aliud
3720 3253 3854 3324 quod

539 3354 620 3400 εει
648 3344 739 3415 qui
770 3344 822 3398 in
865 3339 1243 3411 respondendo
1275 3353 1380 3392 non
1411 3339 1502 3392 dat
1529 3337 1670 3407 quod
1700 3337 1929 3403 videtur,
1967 3354 2142 3407 neque
2193 3405 2198 3408 _

543 3457 546 3460 ·
570 3434 798 3505 suscipit
822 3433 1106 3503 quicquam
1133 3429 1274 3502 quod
1297 3430 1772 3500 vultinterrogans
1802 3430 2152 3499 interrogare.

538 3528 906 3585 ~Ilanifestum
940 3527 1098 3597 igitur
1127 3540 1191 3582 ex
1227 3524 1290 3579 iis
1320 3541 1440 3595 quae
1472 3526 1612 3579 dicta
1645 3525 1790 3594 quod
1825 3541 1929 3580 non
1959 3527 2155 3581 simili-

539 3627 652 3677 iter
685 3618 1064 3688 inculpandum
1103 3624 1158 3672 et
1193 3615 1486 3672 secundum
1518 3618 1748 3685 seipsam
1783 3617 2080 3670 orationem
2104 3625 2160 3672 et

565 3715 1012 3782 interrogantem.
1060 3707 1191 3762 Nam
1243 3706 1372 3760 nihil
1423 3704 1677 3776 prohibet
1704 3708 2000 3761 orationem
2039 3706 2159 3776 qui-

567 3805 690 3858 dem
723 3817 944 3872 pravam
974 3814 1094 3855 esse
1115 3840 1128 3863 ,
1165 3801 1583 3870 interrogantem
1612 3815 1742 3854 vero
1763 3841 1777 3865 ,
1809 3809 1863 3854 ut
1893 3801 2156 3870 possibile

565 3905 685 3958 est,
731 3893 933 3964 Optime
973 3900 1158 3945 contra
1204 3892 1619 3960 respondentem
1662 3890 1998 3961 disceptare,
2032 3907 2156 3946 nam

566 3993 755 4040 contra
779 3991 1062 4052 protervos
1085 3993 1188 4034 non
1214 3981 1466 4050 possibile
1491 3981 1717 4037 fer-tasse
1735 3982 1915 4036 Statim
1937 3997 2157 4038 sumere

565 4072 754 4144 quales
780 4070 899 4140 quis
925 4069 1068 4133 vult,
1101 4068 1196 4124 sed
1234 4069 1423 4140 quales
1469 4068 1582 4124 fieri
1626 4070 1882 4139 possibile
1925 4070 2156 4126 faciendi

565 4162 884 4236 syllogismi.
943 4161 1207 4228 Quoniam
1275 4170 1452 4216 autem
1528 4170 1611 4216 est
1678 4160 2152 4216 indeterminatum

567 4253 781 4324 quando
809 4252 1098 4316 contraria,
1124 4262 1179 4307 et
1205 4254 1422 4323 quando
1451 4267 1515 4308 ca
1554 4268 1674 4324 quae
1703 4265 1829 4308 sunt
1872 4254 1924 4308 in
1951 4254 2153 4322 princi-

541 4344 656 4416 'pio
699 4354 919 4399 sumunt
968 4347 1211 4400 homines
1255 4345 1402 4417 (nam
1447 4347 1764 4417 plerumque
1797 4362 1893 4416 per
1922 4361 1984 4401 se
2009 4348 2156 4416 ipsos

565 4438 809 4492 dicentes
839 4439 1111 4492 contraria
1143 4438 1365 4506 dicunt,
1399 4449 1452 4492 et
1483 4438 1782 4492 abnuentes
1815 4439 1992 4506 prius,
2026 4438 2157 4492 dant

566 4528 856 4596 posterius,
889 4544 954 4583 eo
985 4528 1124 4598 quod
1168 4528 1520 4599 interroganti
1550 4538 1604 4584 et
1633 4530 1899 4583 contraria
1946 4537 2000 4584 et
2035 4545 2155 4599 quae

2264 3340 2330 3394 ad
2352 3341 2752 3396 conclusiooem
2770 3343 2917 3397 nullo
2933 3344 3091 3396 modo
3115 3360 3173 3398 se
3206 3346 3382 3410 habet,
3416 3361 3521 3400 non
3550 3348 3736 3401 eritcx
3773 3347 3856 3399 illo

2263 3434 2631 3504 syllogismus;
2651 3435 2695 3489 si
2719 3447 2895 3490 autem
2914 3448 3186 3506 appareat,
3207 3439 3476 3506 sophisma
3491 3440 3621 3503 erit,
3643 3453 3753 3494 non
3771 3440 3856 3494 de.

2265 3527 2600 3580 uionstratio.
2635 3526 2725 3581 Est
2758 3539 2934 3600 autem
2965 3529 3367 3598 philosophema
3384 3531 3605 3600 quidem
3637 3533 3856 3601 syllogi-

2264 3633 2409 3671 smus
2439 3618 2913 3684 demonstrativus,
2937 3621 3262 3690 epichirema
3293 3631 3472 3679 autem
3503 3625 3853 3694 syllogismus

2265 3709 2594 3774 dialecticus,
2611 3713 2898 3782 sophisma
2935 3729 3062 3768 vero
3085 3714 3423 3784 syllogismus
3454 3717 3852 3779 contentiosus,

2263 3815 2513 3869 aporeuia
2544 3812 2719 3857 autem
2744 3804 3088 3873 syllogismus
3123 3805 3436 3862 dialecticus
3471 3809 3856 3864 contradictim

2265 3891 2366 3945 nis.
2389 3892 2443 3946 Si
2478 3908 2606 3948 vero
2631 3909 2699 3948 ex
2729 3894 2967 3964 utrisque
2995 3911 3114 3964 quae
3149 3897 3425 3952 videantur
3447 3899 3652 3966 aliquid
3679 3909 3856 3952 osten-

2263 3983 2437 4046 datur,
2470 3999 2575 4038 non
2601 3995 2777 4040 autem
2803 3986 3053 4040 similiter
3086 3988 3392 4055 videantur,
3425 3991 3557 4046 nihil
3604 3992 3854 4060 prohibet

2263 4074 2403 4144 quod
2433 4075 2730 4131 ostenditur
2774 4079 2939 4147 magis
2969 4080 3139 4133 altero
3168 4080 3359 4134 videri.

2333 4168 2437 4223 Sed
2467 4169 2510 4222 si
2541 4168 2642 4223 hoc
2688 4170 2900 4239 quidem
2952 4171 3212 4238 videatur,
3256 4173 3383 4227 illud
3429 4184 3614 4228 autem
3659 4187 3852 4230 neutra

2261 4268 2431 4338 parte,
2463 4269 2554 4313 aut
2579 4261 2621 4313 si
2658 4259 2756 4313 hoc
2787 4260 3000 4330 quidem
3034 4262 3298 4327 videatur,
3351 4263 3480 4317 illud
3511 4274 3702 4318 autem
3746 4281 3849 4321 non

2260 4352 2540 4419 videatur;
2575 4353 2618 4406 si
2647 4353 2897 4408 similiter
2927 4354 3143 4423 quidem
3169 4395 3184 4421 ,
3220 4356 3476 4433 similiter
3506 4357 3700 4428 utique
3728 4360 3850 4423 erit,

2262 4455 2316 4501 et
2358 4461 2504 4512 non;
2537 4448 2581 4502 si
2611 4456 2788 4500 autem
2820 4447 2992 4516 magis
3018 4448 3271 4512 alterum,
3303 4459 3560 4517 sequetur
3591 4451 3744 4519 quod
3777 4460 3856 4505 est

2261 4539 2451 4607 magis.
2482 4539 2577 4593 Est
2616 4547 2793 4593 autem
2826 4539 3093 4608 quoddam
3123 4549 3176 4595 et
3225 4540 3363 4596 idem
3410 4540 3474 4594 ad
3507 4542 3857 4610 syllogismos

567 4617 624 4673 ίη
679 4619 940 4689 Ρτίηοίρίο
987 4619 1300 4689 Plerumque
1329 4620 1636 4689 Medium).
1670 4635 1892 4675 necesse
1922 4630 2004 4675 εει
2035 4635 2156 4690 Pra-
2184 4621 2238 4680 D
2264 4641 2562 4702 peccatum,
2593 4633 2806 4700 quando
2831 4634 3134 4688 ostenditur
3162 4648 3255 4702 per
3284 4634 3522 4704 longiora
3548 4638 3704 4704 quod
3733 4652 3858 4691 con-

566 4715 662 4765 vas
697 4710 811 4766 ﬁeri
842 4710 1272 4779 diSputationes;
1303 4725 1463 4763 causa
1489 4720 1665 4765 autem
1699 4721 1781 4765 est
1811 4713 1898 4781 qui
1932 4727 2152 4782 respon-

548 4804 659 4859 det
682 4803 794 4857 haec
823 4803 1038 4872 quidem
1068 4818 1172 4856 non
1196 4803 1351 4867 dans,
1383 4802 1468 4856 illa
1499 4812 1676 4857 autem
1703 4803 1823 4857 talia
1849 4804 2013 4868 dans;
2046 4821 2157 4860 ma-

566 4900 817 4956 nifestum
862 4901 1018 4968 igitur
1047 4901 1296 4970 quoniam
1331 4916 1434 4953 non
1479 4899 1727 4954 similiter
1769 4899 2153 4969 inculpandum

547 4991 624 5047 ’et
667 4993 1064 5059 interrogantes
1115 4999 1168 5044 et
1217 4991 1512 5044 orationes.
1542 4991 1815 5045 Orationis
1855 5000 2031 5046 autem
2071 5008 2158 5048 se-

547 5084 802 5139 'cundum
834 5083 1038 5152 seipsas
1067 5083 1304 5153 quinque
1348 5095 1476 5138 sunt
1507 5085 1923 5154 lnculpationes.
1976 5087 2154 5141 Prima

547 5175 783 5243 ‘quidem
835 5174 1048 5244 quando
1098 5191 1163 5230 ex
1217 5175 1560 5246 interrogatis
1614 5193 1720 5232 non
1770 5178 2151 5244 concluditur,

569 5282 743 5334 neque
757 5267 897 5337 quod
923 5267 1252 5338 propositum
1272 5275 1374 5333 est,
1401 5283 1576 5339 neque
1601 5271 1820 5326 omnino
1841 5270 2151 5339 quidquam,

568 5374 690 5414 cum
722 5360 830 5414 sint
871 5360 958 5412 vel
992 5359 1140 5428 falsa,
1172 5361 1257 5415 vel
1286 5359 1660 5432 in0pinabilia,
1693 5378 1798 5433 quo
1830 5364 2034 5428 omnia,
2069 5372 2158 5418 aut

567 5454 819 5524 plurima,
853 5452 906 5506 in
947 5452 1141 5521 quibus
1187 5453 1487 5508 consistere
1536 5453 1696 5508 debet
1741 5455 2052 5522 conclusio,
2103 5467 2158 5513 et

567 5559 743 5616 neque
772 5543 961 5599 ablatis
1008 5543 1361 5613 quibusdam,
1405 5559 1580 5614 neque
1605 5544 1830 5613 additis,
1867 5562 2038 5616 neque
2072 5547 2155 5600 his

567 5637 784 5705 quidem
829 5635 1056 5700 ablatis,
1099 5635 1204 5689 illis
1237 5651 1368 5690 vero
1394 5635 1612 5697 additis,
1649 5637 1701 5690 tit
1732 5640 2025 5691 conclusio.
2060 5637 2156 5694 Se-

555 5727 744 5778 "cunda
773 5731 973 5789 autem,
1004 5725 1049 5780 si
1087 5726 1154 5781 ad
1185 5728 1506 5796 positionem
1537 5743 1639 5781 non
1671 5727 1759 5780 ﬁat
1781 5728 2149 5800 syllogismus,

556 5821 623 5866 ὀι
657 5827 724 5865 ex
757 5812 972 5875 talibus.
1014 5824 1065 5867 et
1087 5831 1153 5870 eo
1185 5817 1342 5872 modo
1365 5833 1472 5884 quo
1494 5817 1694 5873 dictum
1725 5827 1807 5873 cst
1834 5818 1997 5884 prius.
2025 5819 2154 5873 Ter-

2263 4725 2420 4793 tingit
2449 4739 2543 4793 per
2570 4724 2837 4788 breviora,
2869 4735 2922 4781 et
2953 4739 3072 4795 qua:
3103 4727 3334 4781 orationi
3375 4738 3582 4782 assunt.
3618 4729 3690 4784 Ut
3717 4730 3856 4797 quod

2263 4825 2344 4870 est
2375 4815 2555 4885 opinio
2605 4817 2772 4888 magis
2821 4818 2988 4872 altera
3032 4833 3190 4886 quam
3237 4819 3428 4885 altera,
3460 4820 3506 4873 si
3534 4822 3664 4888 quis
3716 4830 3858 4889 petat

2263 4911 2432 4979 ipsum
2463 4911 2714 4980 quodque
2745 4911 2976 4967 maxime
3007 4927 3148 4978 esse,
3193 4928 3314 4968 esse
3338 4922 3518 4968 autem
3551 4915 3854 4982 opinabile,

2249 4990 2433 5070 'ipsum
2463 5002 2605 5073 quod
2635 5018 2760 5058 vere
2791 5015 2908 5068 est;
2940 5019 3108 5076 quare
3134 5005 3485 5074 quorumdam
3519 5007 3702 5075 magis
3734 5023 3856 5063 esse

2263 5095 2466 5164 ipsum;
2499 5095 2563 5149 ad
2594 5095 2736 5165 quod
2789 5106 2969 5150 autem
3020 5097 3214 5166 magis,
3260 5098 3428 5168 magis
3454 5099 3659 5153 dicitur
3708 5116 3849 5160 esse.

2263 5201 2381 5241 esse
2411 5197 2588 5241 autem
2621 5195 2678 5242 et
2716 5188 2886 5257 ipsam
2918 5189 3225 5258 opinionem
3273 5204 3451 5246 veram
3477 5229 3492 5253 ,
3524 5204 3598 5243 an
3629 5191 3741 5246 erit
3769 5206 3854 5245 ac-

2263 5280 2519 5344 curatius,
2549 5294 2706 5348 quam
2733 5295 2825 5348 par
2853 5279 2922 5335 sit
2951 5282 3169 5350 exigens
3191 5281 3471 5350 quaedam?
3502 5282 3747 5336 Pctitum
3779 5292 3857 5338 est

2251 5382 2438 5449 autem
2489 5379 2544 5424 et
2575 5369 2741 5440 ipsam
2795 5371 3100 5438 opinionem
3160 5387 3337 5428 veram
3388 5387 3529 5439 esse,
3577 5383 3636 5426 et
3675 5374 3850 5441 ipsum

2261 5461 2509 5532 quodque
2540 5462 2770 5518 maxime
2793 5476 2930 5524 esse,
2953 5477 3016 5518 ac
3045 5463 3090 5518 si
3119 5464 3230 5532 ipsa
3254 5463 3436 5530 Opinio
3466 5478 3619 5527 vera,
3649 5467 3854 5518 certior

2260 5553 2358 5616 sit;
2394 5553 2485 5607 sed
2526 5568 2645 5622 qua:
2674 5555 2911 5623 nequitia
2942 5555 3114 5624 major
3138 5599 3150 5622 ,
3187 5571 3344 5623 quam
3371 5571 3493 5624 qua:
3535 5556 3666 5610 facit
3710 5557 3852 5610 circa

2261 5643 2310 5696 id
2343 5643 2494 5713 cujus
2525 5653 2607 5699 est
2647 5645 2820 5699 oratio
2855 5647 3018 5700 latere
3042 5647 3300 5701 causam?
3330 5649 3515 5701 Oratio
3557 5657 3749 5702 autem
3774 5656 3855 5702 est

2264 5737 2545 5795 manifesta
2578 5752 2686 5792 uno
2727 5739 2945 5808 quidem
2977 5740 3157 5806 modo,
3196 5752 3248 5796 et
3281 5741 3673 5810 publicissimo.
3707 5741 3758 5795 si
3785 5741 3854 5795 sit

2261 5827 2585 5884 concludens
2616 5830 2713 5895 sic,
2764 5840 2824 5886 ut
2861 5830 2992 5888 nihil
3034 5844 3280 5902 oporteat
3329 5836 3689 5902 interrogare,
3745 5843 3854 5891 uno
