4064 6336
247 329 389 389 1005

1144 338 1543 403 TOPICORUH
1585 345 2039 407 ARISTOTELIS
2076 346 2656 413 INTERPRETATIO.

3390 358 3547 425 ιοοβ

238 456 421 515 autem
448 457 504 506 et
548 450 641 521 qui
671 453 908 513 maxime
945 452 1178 520 dicitur.
1207 471 1330 513 cum
1361 468 1571 530 sumpta
1619 462 1835 532 quidem
1865 464 2183 534 Allursus,
2239 468 2285 522 si
2336 468 2456 543 quis
2506 470 2752 529 dividens
2813 479 2956 543 petat
3015 474 3325 546 problems,
3382 486 3441 534 ut
3495 482 3546 536 si

238 544 351 597 sint
398 558 467 599 ex
505 542 700 614 quibus
732 546 1098 603 necessarium
1141 558 1225 604 est
1253 553 1655 609 conclusionem
1688 570 1835 625 esse,

248 652 373 703 qum
402 636 617 705 quidem
650 638 758 694 sint
785 655 881 709 per
904 628 1281 700 conclusiones
1322 648 1593 718 conclusa,
1623 650 1835 707 etiamsi

162 726 175 733 ’
243 730 292 781 id
329 730 558 784 mittitur
576 731 717 799 quod
745 730 899 788 valde
931 734 1213 803 probabile.
1233 746 1335 791 est.

875 844 1101 901 CAPUT
1145 848 1206 901 V.

362 932 469 986 Pro
507 946 791 1007 apponente
829 948 874 991 et
906 941 1372 1009 respondenle‘loci
1413 959 1725 999 communes.

309 1025 465 1081 Falsa
511 1037 691 1084 autem
738 1031 912 1087 oratio
958 1044 1183 1089 vocatur
1226 1037 1662 1107 quadrupliciter.
1718 1039 1836 1095 Uno

237 1118 456 1185 quidem
489 1119 672 1184 modo,
720 1122 936 1192 quando
964 1134 1188 1194 apparet
1217 1128 1544 1185 concludere
1574 1146 1694 1200 quae
1727 1147 1833 1187 non

231 1209 528 1271 concludit,
561 1222 785 1266 vocatur
812 1222 991 1269 autem
1033 1231 1318 1286 apparens,
1357 1221 1620 1291 litigiosus
1664 1226 1833 1295 syllo-

230 1300 457 1366 gismus.
492 1301 611 1355 Alio
637 1302 816 1366 modo,
863 1305 1078 1373 quando
1119 1308 1394 1364 concludit
1437 1311 1675 1380 quidem,
1725 1330 1833 1371 non

232 1402 416 1447 tamen
435 1394 500 1447 ad
527 1395 881 1465 propositum,
900 1399 1041 1467 quod
1070 1399 1267 1456 accidit
1296 1407 1527 1461 maxime
1554 1407 1604 1461 in
1630 1409 1690 1461 iis
1710 1424 1833 1477 quat

228 1486 297 1539 ad
345 1488 680 1557 impossibile
718 1488 944 1544 ducunt.
995 1492 1103 1546 Aut
1133 1493 1199 1548 ad
1240 1500 1571 1567 propositum
1615 1501 1831 1569 quidem

228 1579 523 1646 concludit,
561 1596 664 1634 non
719 1591 896 1637 tamen
936 1584 1230 1639 secundum
1282 1591 1552 1658 propriam
1591 1590 1831 1661 discipli-

229 1684 356 1723 nam
387 1689 399 1723 :
433 1671 531 1725 hoc
560 1681 738 1727 autem
763 1682 877 1739 est,
913 1674 957 1727 si
989 1689 1053 1729 ea
1082 1691 1202 1746 qua:
1236 1694 1340 1732 non
1378 1691 1459 1734 est
1490 1681 1828 1736 tlte-dicinulit

226 1765 475 1820 videatur
519 1781 641 1822 esse
685 1769 1042 1838 medicinalis,
1077 1779 1169 1825 aut
1214 1775 1536 1842 geometrica
1570 1791 1690 1845 qua:
1720 1792 1827 1832 non

1946 568 2161 628 oportet
2211 561 2501 617 ostendere
2546 565 2873 643 medicinam.
2908 571 3021 625 sani
3063 579 3117 625 et
3161 572 3289 643 τινεςτί
3317 612 3333 637 ,
3386 584 3540 630 extra

1946 660 2231 720 utrumque
2256 652 2507 723 postulet,
2532 665 2624 719 aut
2652 657 2695 711 si
2728 659 2847 728 quis
2875 675 3060 716 eorum
3089 677 3209 733 quae
3237 677 3539 735 sequuntur

1942 755 2003 795 se
2046 742 2274 798 invicem
2314 759 2381 798 ex
2431 751 2755 804 necessitate
2801 751 3029 808 alterum
3085 746 3257 824 petat,
3295 765 3354 813 ut
3399 759 3540 816 latus

1944 834 2492 893 incommeusurabile
2528 855 2649 895 esse
2689 843 2974 910 diametro,
3007 848 3051 901 si
3081 859 3327 918 oporteat
3357 863 3544 909 osten-

1941 925 2072 982 dere
2102 926 2242 996 quod
2284 928 2547 985 diameter
2576 931 2748 987 lateri.
2800 934 3099 1005 {Equaliter
3126 948 3305 995 autem
3330 948 3384 996 et
3412 956 3545 999 con-

1942 1018 2107 1079 traria
2137 1028 2328 1097 petunt
2374 1023 2420 1075 ei
2452 1022 2594 1092 quod
2640 1007 2716 1081 ex.
2750 1010 3010 1098 principio
3040 1040 3143 1086 est.
3192 1032 3327 1088 Nam
3362 1036 3543 1105 primo

1939 1112 2151 1182 quidem
2182 1116 2226 1169 si
2271 1116 2392 1186 quis
2423 1110 2664 1186 uppOSiIa
2698 1129 2842 1189 petat
2883 1125 3177 1181 secundum
3223 1126 3544 1185 affirmatio-

1941 1220 2064 1260 nem
2112 1216 2166 1263 et
2194 1208 2568 1278 negationem;
2621 1214 2860 1268 secundo
2910 1226 3087 1273 autem
3132 1222 3400 1278 contraria
3449 1237 3542 1279 se-

1937 1298 2172 1354 cundum
2220 1301 2648 1370 oppositionem,
2685 1314 2740 1359 ut
2785 1307 2979 1361 bonum
3020 1318 3075 1364 et
3114 1313 3311 1368 malum
3358 1313 3538 1380 idem;

1939 1390 2099 1444 tertio
2146 1405 2274 1446 vero
2308 1392 2352 1446 si
2404 1393 2524 1462 quis
2577 1394 2959 1453 universaliter
3002 1404 3320 1470 postulans,
3368 1406 3540 1475 parti-

1934 1481 2188 1536 culariter
2217 1483 2431 1552 petierit
2454 1486 2963 1545 contradictionem.
3018 1492 3086 1548 Ut
3106 1494 3151 1548 si
3176 1496 3293 1563 quis
3315 1511 3537 1552 sumens

1934 1576 2327 1630 contrariorum
2360 1592 2518 1632 unam
2550 1580 2910 1650 disciplinam,
2935 1587 3049 1640 sani
3078 1597 3131 1641 et
3159 1591 3283 1659 aegri
3310 1591 3534 1663 alteram

1936 1682 2055 1719 t‘ssc
2087 1676 2263 1737 petat;
2295 1677 2387 1723 aut
2416 1669 2460 1723 si
2493 1669 2596 1727 hoc
2653 1683 2841 1743 petens
2885 1675 2936 1730 in
2985 1679 3272 1734 universali
3318 1664 3536 1751 opposi-

1938 1758 2141 1814 tionem
2164 1772 2342 1817 tentet
2370 1779 2607 1821 sumere.
2664 1767 2896 1823 liursum
2927 1769 2973 1823 si
3002 1771 3121 1839 quis
3150 1781 3294 1840 petat
3321 1786 3535 1830 contra-

223 1866 309 1910 est
334 1858 676 1925 geometrica,
700 1867 793 1914 aut
819 1859 1099 1916 dialectica
1128 1879 1248 1932 qum
1275 1879 1378 1919 non
1407 1875 1492 1921 est
1515 1867 1820 1936 dialectica,

1932 1856 2071 1923 rium
2123 1857 2172 1909 ei
2225 1858 2367 1927 quod
2417 1872 2484 1913 ex
2537 1860 2861 1917 necessitate
2913 1863 3107 1918 accidit
3162 1880 3257 1934 per
3308 1882 3368 1920 ca
3414 1883 3536 1938 quas

223 1952 343 2007 sive
377 1968 579 2019 verum,
612 1953 726 2009 sive
755 1954 945 2009 falsum
978 1956 1048 2011 sit
1076 1959 1214 2027 quod
1249 1960 1461 2014 accidit.
1499 1962 1616 2015 Alio
1642 1971 1825 2017 autem

223 2047 409 2110 modo,
442 2048 486 2101 si
526 2063 620 2117 per
652 2048 781 2102 falsa
829 2064 934 2104 non
968 2052 1270 2118 concludit,
1309 2052 1466 2123 hujus
1509 2065 1686 2111 autem
1719 2058 1825 2111 erit

221 2138 544 2210 quandoque
570 2140 783 2210 quidem
807 2142 1084 2197 conclusio
1112 2144 1264 2208 falsa,
1297 2147 1619 2217 quandoque
1642 2160 1823 2205 autem

222 2246 383 2297 vera;
403 2248 525 2287 nam
552 2233 743 2288 falsum
764 2235 976 2304 quidem
1007 2251 1222 2307 semper
1241 2251 1337 2307 per
1370 2239 1497 2293 falsa
1527 2242 1819 2307 concludit,

220 2340 415 2380 verum
436 2334 615 2381 autem
643 2327 897 2396 possibile
917 2336 1077 2383 estet
1105 2344 1334 2403 nonper
1363 2348 1507 2400 vera,
1543 2346 1598 2387 ill
1623 2335 1823 2390 dictum

219 2404 312 2473 es?
336 2418 504 2488 prius.
555 2418 707 2486 Quod
738 2429 916 2475 autem
950 2420 1084 2476 falsa
1115 2422 1184 2476 sit
1212 2426 1404 2492 oratio,
1431 2424 1659 2480 dicentis
1693 2442 1821 2496 pec-

219 2520 402 2567 catum
436 2512 612 2581 potius
640 2521 721 2567 est
759 2527 921 2583 quam
953 2515 1239 2580 orationis;
1283 2525 1339 2570 at
1384 2519 1599 2585 nequid
1632 2518 1822 2573 dicen-

219 2606 291 2659 tis
362 2619 606 2673 semper,
669 2605 762 2660 sed
824 2621 945 2660 cum
997 2607 1159 2661 lateat
1206 2608 1379 2677 ipsum
1430 2611 1574 2677 quod
1633 2611 1820 2666 falsam

219 2697 522 2751 Orationem
555 2696 687 2751 dixit
719 2697 976 2767 aliquam,
998 2713 1065 2754 eo
1086 2701 1225 2770 quod
1253 2702 1321 2753 ab
1354 2703 1471 2770 ipso
1499 2702 1823 2773 suscipimus

221 2802 347 2841 cum
380 2787 620 2857 pluribus
650 2788 793 2842 veris
822 2788 1095 2857 quidpiam
1125 2790 1386 2858 amplius,
1420 2791 1465 2846 si
1497 2808 1560 2845 ex
1596 2793 1661 2847 iis
1701 2809 1822 2862 qum

220 2880 457 2935 maxime
474 2880 720 2935 videntur
737 2880 1000 2935 interimit
1022 2882 1221 2950 aliquid
1244 2897 1493 2936 verorum
1507 2883 1657 2954 (talis
1675 2886 1821 2940 enim

219 2972 461 3027 existens
505 2962 754 3027 verorum
800 2972 1193 3029 detnottstratio
1241 2975 1375 3043 est),
1428 2984 1643 3044 Oportet
1689 2991 1821 3031 sane

219 3064 519 3135 positorum
548 3063 746 3134 aliquid
771 3078 879 3118 non
909 3079 1029 3120 esse
1058 3067 1297 3133 omnino,
1335 3082 1501 3135 quare
1528 3068 1632 3123 erit
1662 3068 1821 3136 hujus

218 3158 631 3214 demonstratio.
680 3157 737 3214 Si
777 3166 959 3214 autem
988 3175 1173 3215 verum
1210 3161 1495 3216 concludat
1539 3178 1632 3231 per
1661 3163 1816 3232 falsa,

1929 1947 2101 2011 posita
2129 1958 2273 2012 sunt,
2302 1957 2356 2004 et
2376 1950 2421 2004 si
2455 1950 2573 2020 quis
2599 1965 2663 2006 ea
2690 1953 2905 2022 quidem
2939 1970 3042 2009 non
3077 1972 3256 2011 sumat
3286 1973 3406 2026 qua:
3432 1974 3535 2029 op-

1931 2038 2123 2103 posita,
2151 2047 2206 2092 at
2227 2040 2331 2095 alia
2354 2050 2499 2109 petat
2526 2040 2654 2109 duo,
2685 2058 2752 2099 ex
2783 2045 2979 2115 quibus
3004 2048 3105 2101 erit
3131 2050 3373 2120 Opposita
3400 2065 3533 2105 cou-

1929 2130 2192 2185 tradictin.
2227 2131 2412 2187 Diﬂert
2433 2144 2612 2191 autem
2641 2139 2909 2192 contraria
2933 2153 3146 2194 sumere
3173 2142 3436 2195 tantillum
3461 2152 3533 2205 ab

1928 2236 1993 2275 eo
2021 2224 2160 2290 quod
2211 2234 2294 2279 est
2325 2224 2377 2278 in
2412 2226 2696 2296 principio,
2728 2231 2981 2301 qttoniam
3020 2231 3182 2301 hujus
3209 2233 3422 2302 quidem
3447 2220 3534 2311 est

1932 2326 2207 2381 peccatum
2246 2317 2310 2372 ad
2350 2320 2755 2376 conclusionem
2798 2324 2944 2392 (nam
2977 2324 3043 2383 ad
3086 2325 3232 2379 illam
3265 2328 3533 2397 aspicien-

1931 2418 2029 2476 tes,
2072 2410 2211 2478 quod
2239 2411 2294 2464 itt
2322 2411 2584 2481 princitio
2605 2424 2689 2468 est
2729 2415 2959 2470 dicimus
2995 2406 3233 2487 petere);
3259 2421 3533 2483 contraria

1928 2516 2106 2559 autem
2151 2519 2270 2560 sunt
2313 2507 2364 2561 in
2412 2508 2868 2576 propositionibus
2907 2526 2974 2566 eo
3004 2513 3148 2582 quod
3181 2515 3311 2584 ipsa:
3348 2516 3531 2585 aliquo

1930 2598 2088 2652 tundo
2137 2614 2195 2654 se
2238 2598 2438 2653 habent
2478 2601 2544 2654 ad
2575 2601 2827 2657 invicem.
2870 2604 2950 2658 Ad
2978 2607 3315 2674 gymnasium
3345 2617 3530 2665 autent

1927 2702 1982 2747 ct
2006 2694 2443 2751 exercitationem
2483 2697 2672 2751 talium
2709 2700 3014 2754 orationum
3048 2702 3280 2771 primum
3310 2703 3529 2772 quidem

1927 2795 2244 2840 convertere
2296 2802 2611 2843 assuescere
2662 2800 2879 2859 oportet
2925 2792 3219 2849 orationes.
3261 2795 3351 2852 Sic
3382 2796 3528 2857 enim

1926 2890 1980 2936 et
2025 2882 2089 2935 ad
2143 2882 2194 2937 id
2252 2884 2393 2950 quod
2446 2883 2643 2939 dicitur
2702 2886 2975 2955 copiosius
3035 2905 3131 2944 nos
3185 2888 3527 2961 habebimus,

1925 2983 1980 3028 et
2011 2975 2061 3027 in
2094 2976 2279 3043 paucis
2308 2976 2488 3043 plures
2516 2978 2753 3033 sciemus
2785 2980 3058 3036 orationes
3090 3000 3102 3035 :
3137 2998 3259 3037 nam
3287 2998 3521 3039 conver-

1928 3074 2042 3119 tere
2072 3076 2154 3121 est
2185 3075 2641 3125 transsumcntem
2687 3072 3093 3129 conclusionem
3134 3092 3257 3132 cum
3300 3077 3526 3151 reliquis

1926 3159 2441 3228 interrogatioaibus
2474 3161 2790 3220 interimere
2821 3182 2985 3221 uuutr.
3016 3168 3292 3238 quidpiam
3333 3187 3527 3233 eorum

217 3266 270 3306 et
323 3252 477 3308 valde
525 3252 776 3321 absurda,
833 3255 1195 3324 compluribus
1246 3256 1481 3311 deterior
1535 3258 1639 3311 erit
1692 3271 1812 3327 que
1925 3267 2046 3319 qua:
2067 3241 2208 3307 dicta
2240 3262 2389 3307 sunt.
2439 3252 2675 3310 Necesse
2713 3267 2796 3311 est
2836 3260 3003 3325 enim,
3032 3261 3076 3313 si
3115 3262 3390 3320 conclusio
3418 3279 3525 3325 non

218 3346 415 3401 lalsum
460 3347 809 3418 syllogizant;
842 3349 946 3403 erit
983 3356 1161 3404 autem
1193 3351 1342 3413 talis,
1382 3359 1436 3403 et
1465 3365 1584 3419 quae
1622 3349 1814 3405 falsum

217 3438 516 3495 concludit.
572 3440 750 3508 Quare
799 3441 1141 3497 manifestum
1185 3442 1331 3511 quod
1378 3444 1553 3511 prima
1596 3442 1821 3512 quidem

217 3529 586 3585 consideratio
637 3532 897 3587 orationis
949 3534 1246 3588 secundum
1297 3549 1356 3588 se
1409 3536 1580 3603 ipsam
1624 3544 1725 3597 est,
1770 3536 1815 3590 si

216 3621 526 3689 concludit;
560 3623 795 3679 secunda
826 3633 1032 3692 autem,
1062 3634 1237 3679 utrum
1272 3641 1457 3680 verum
1489 3641 1555 3679 an
1588 3625 1813 3692 falsum;

217 3715 376 3772 tertia
408 3730 535 3771 vero
563 3730 627 3770 ex
659 3716 909 3787 qualibus
938 3717 1276 3788 quibusdam.
1332 3718 1461 3772 Nam
1496 3719 1539 3774 si
1570 3734 1635 3773 ex
1668 3718 1817 3775 falsis

214 3808 459 3879 quidem,
511 3808 868 3878 opiuabilibus
895 3818 1095 3877 autem,
1141 3810 1506 3873 rationabilis;
1554 3812 1597 3864 si
1634 3819 1813 3865 autem

213 3898 579 3955 existentibus
623 3898 867 3970 quidem,
914 3901 1008 3956 sed
1061 3899 1499 3971 inopinabilibus,
1544 3917 1735 3971 prava;
1769 3905 1818 3961 si

216 4004 349 4048 vero
385 4000 439 4047 et
476 3990 606 4046 falsa
648 4001 703 4047 et
748 3991 902 4046 valde
947 3991 1289 4063 in0pinabilia
1336 3994 1472 4058 sint,
1522 3994 1815 4050 dilucidum

214 4083 363 4156 quod
400 4097 591 4153 prava,
630 4092 720 4136 aut
752 4064 1087 4153 simpliciter,
1126 4093 1217 4138 aut
1248 4084 1313 4138 ad
1360 4101 1493 4138 rem.
1546 4084 1596 4138 Id
1634 4094 1813 4140 autem

214 4177 364 4246 quod
397 4177 448 4231 in
484 4175 746 4247 principio
778 4185 833 4232 et
856 4177 1126 4247 contraria
1157 4191 1389 4247 quonam
1423 4186 1578 4247 pacto
1610 4184 1818 4247 peteret

216 4272 582 4341 interrogans,
623 4270 920 4326 secundum
958 4270 1241 4327 veritatem
1284 4272 1500 4340 quidem
1533 4272 1587 4326 in
1615 4272 1816 4344 Analy-

215 4366 347 4421 ticis
373 4365 574 4421 dictum
604 4374 708 4431 est,
740 4364 1033 4421 secundttm
1065 4365 1374 4435 opinionem
1403 4380 1532 4419 vero
1562 4380 1705 4421 nunc
1727 4367 1814 4420 di-

213 4458 454 4513 cendum
487 4461 589 4511 est.
638 4456 824 4511 Petere
865 4466 1042 4511 autem
1088 4456 1339 4512 videntur
1369 4457 1421 4512 id
1465 4458 1604 4528 quod
1635 4467 1720 4512 est
1760 4460 1811 4513 in

216 4548 489 4620 principio
538 4549 773 4618 quinque
830 4547 1026 4601 modis.
1110 4546 1547 4603 Manifestissiuto
1596 4548 1811 4617 quidem

216 4654 276 4698 et
301 4642 499 4712 primo,
532 4641 724 4711 siquis
769 4640 997 4712 idipsum
1030 4642 1174 4711 quod
1234 4645 1517 4697 monstrari
1567 4651 1832 4719 oporteat.

217 4744 394 4803 petat,
420 4732 521 4787 hoc
546 4740 722 4787 autem
756 4733 808 4786 in
835 4746 901 4788 eo
934 4735 1048 4802 ipso
1076 4733 1293 4804 quidem
1322 4751 1427 4789 non
1459 4735 1612 4790 facile
1646 4740 1813 4789 latere

218 4835 422 4899 potest,
473 4827 527 4880 in
577 4827 891 4897 synonymis
940 4834 1147 4894 autem,
1198 4835 1253 4882 et
1298 4829 1349 4882 iu
1403 4827 1812 4896 quibuscunque

216 4934 421 4976 nomen
469 4927 524 4973 et
572 4919 745 4974 oratio
795 4919 933 4973 idem
974 4919 1255 4988 signiﬁcat,
1307 4921 1496 4987 magis.
1560 4920 1810 4976 Secundo

212 5024 424 5080 autem,
458 5012 674 5084 quando
714 5012 855 5085 quod
884 5016 1278 5082 particulariter
1308 5024 1555 5083 Oporteat
1583 5016 1811 5072 demou-

212 5121 401 5160 strare
430 5106 807 5161 universalitcr
846 5106 964 5175 quis
994 5115 1156 5173 petat,
1191 5116 1247 5160 ut
1274 5109 1363 5177 qui
1410 5120 1816 5179 argumentatur

212 5198 366 5270 quod
420 5199 813 5253 contrariorum
842 5212 949 5253 una
977 5196 1256 5267 disciplina
1276 5242 1289 5264 ,
1323 5200 1562 5254 omnium
1594 5204 1815 5271 opposi-

214 5303 401 5345 torum
429 5290 785 5361 postulaverit
815 5305 972 5344 unam
1004 5305 1144 5354 esse,
1176 5305 1295 5344 nam
1336 5292 1551 5346 videtur
1594 5294 1642 5347 id
1674 5294 1817 5364 quod

212 5382 511 5451 oportebat
538 5381 834 5437 secundum
864 5396 923 5436 se
969 5381 1259 5437 ostendere
1304 5396 1425 5436 cum
1480 5384 1600 5439 aliis
1631 5394 1818 5454 petere

212 5469 486 5542 pluribus.
558 5469 780 5538 Tertio,
835 5473 879 5526 si
936 5474 1056 5541 quis
1108 5473 1247 5541 quod
1309 5474 1684 5530 universaliter
1733 5485 1818 5530 est

210 5564 512 5623 ostendere
561 5566 897 5635 propositum
937 5563 1334 5633 particulariter
1365 5574 1531 5635 petat,
1566 5576 1622 5620 ιιι
1664 5567 1707 5621 si
1747 5568 1816 5624 de

209 5658 472 5713 omnibus
526 5656 815 5713 contrariis
881 5653 1212 5727 propositum
1262 5666 1385 5722 est,
1440 5658 1507 5713 de
1549 5658 1817 5729 aliquibus

211 5751 460 5822 postulet
519 5770 530 5804 :
592 5750 803 5805 videtur
856 5750 999 5805 enim
1058 5748 1143 5803 hic
1202 5749 1341 5819 quod
1401 5765 1522 5806 cum
1579 5753 1818 5822 pluribus

203 5841 505 5904 oportebat
557 5842 844 5899 ostendere
904 5841 1195 5897 secundum
1260 5856 1319 5898 se
1391 5853 1540 5898 extra
1610 5855 1812 5915 petere.

1921 3352 2034 3405 est,
2090 3358 2246 3399 unum
2283 3344 2521 3414 aliquam
2571 3346 2881 3404 interimere
2934 3352 3400 3422 propositionum,
3446 3358 3527 3417 si—

1922 3434 2136 3503 quidem
2168 3435 2419 3493 omnibus
2459 3437 2651 3504 positis
2681 3455 2904 3496 necesse
2947 3452 3062 3496 erat
3108 3446 3524 3517 cottclusiouetn
3563 3428 3567 3433 l

1922 3543 2062 3584 esse.
2131 3530 2212 3584 Ad
2259 3544 2474 3586 omnem
2529 3541 2711 3587 autem
2766 3535 3083 3600 positionem
3127 3548 3182 3591 et
3228 3540 3369 3608 quod
3422 3542 3527 3611 sic,

1921 3632 1975 3675 et
2001 3620 2145 3691 quod
2170 3636 2273 3675 non
2306 3622 2383 3675 sic
2411 3631 2785 3691 argumentum
2816 3625 3290 3693 considerandum,
3321 3642 3372 3683 et
3397 3646 3522 3688 cum

1924 3712 2219 3779 inveneris,
2251 3712 2575 3769 solutionem
2621 3716 2802 3769 statim
2835 3719 3204 3785 quaerendum.
3257 3721 3349 3778 Sic
3375 3725 3524 3785 enim

1920 3804 2079 3860 simul
2107 3804 2317 3861 accidet
2345 3807 2491 3861 et‘r'ad
2520 3805 2979 3877 interrogandum,
3011 3820 3065 3866 et
3089 3812 3155 3867 ad
3183 3814 3523 3883 responden-

1921 3898 2048 3952 dum
2080 3888 2343 3979 exerceri,
2371 3888 2431 3955 et
2454 3886 2505 3954 "si
2533 3900 2599 3954 ad
2632 3898 2836 3957 nullum
2870 3900 3032 3959 alium
3067 3904 3348 3975 habemus,
3378 3909 3523 3979 apud

1922 3990 2168 4059 nosipsos
2228 3976 2429 4047 sensim
2491 3994 2854 4063 comparanda
2921 4006 3047 4051 sunt
3102 4013 3222 4067 qua:
3289 3976 3525 4059 attinent

1919 4082 1985 4137 ad
2014 4086 2195 4153 ipsam
2215 4083 2539 4152 positionem
2569 4096 2887 4154 argumenta
2918 4103 2933 4140 :
2968 4103 3090 4141 nam
3140 4088 3191 4143 id
3223 4089 3288 4144 ad
3322 4107 3524 4164 cogenv

1920 4176 2049 4231 dum
2078 4166 2297 4232 multam
2344 4177 2552 4245 copiam
2596 4178 2823 4245 prtebet,
2872 4190 2927 4232 et
2976 4178 3042 4233 ad
3086 4179 3516 4252 redarguendum

1922 4283 2173 4337 maguum
2199 4268 2364 4323 habet
2384 4268 2782 4339 adjumentum,
2806 4261 3022 4339 quan'do
3045 4273 3308 4342 quispiam
3338 4291 3522 4346 prom-

1922 4371 2042 4428 ptus
2086 4371 2169 4416 est
2210 4356 2608 4432 argumentari,
2639 4362 2861 4431 etquod
2892 4363 2972 4417 sic
3000 4373 3054 4419 et
3079 4366 3221 4435 quod
3266 4383 3368 4421 non
3411 4368 3516 4437 sic,

1921 4468 2045 4507 nam
2088 4452 2152 4507 ad
2201 4453 2472 4508 contraria
2502 4452 2698 4507 accidit
2743 4453 2921 4509 facere
2964 4455 3415 4526 observationem,
3461 4470 3520 4535 et

1921 4546 1986 4597 ad
2019 4545 2410 4613 cognitionem,
2445 4553 2501 4599 et
2530 4559 2593 4599 ea
2624 4544 2765 4614 (qua:
2796 4547 3090 4602 secundum
3122 4549 3516 4623 philosophiam

1922 4637 2025 4705 est)
2053 4637 2298 4706 peritiam
2337 4651 2500 4706 posse
2537 4637 2874 4707 conspicere,
2908 4650 2963 4695 et
3002 4636 3349 4711 céuspexisse
3391 4662 3517 4716 qua:

1920 4730 1991 4783 ab
2021 4738 2245 4797 utraque
2295 4728 2550 4783 accidunt
2584 4730 2973 4799 suppositione,
3007 4748 3113 4788 non
3161 4751 3382 4803 parvum
3433 4740 3517 4801 iu-

1920 4829 2321 4877 strumeutum:
2361 4821 2623 4889 reliquum
2672 4822 2816 4877 enim
2856 4822 3071 4894 borum,
3122 4838 3269 4883 recte
3310 4829 3516 4900 eligere

1919 4912 2179 4977 alterum;
2223 4922 2434 4980 oportet
2479 4922 2661 4968 autem
2705 4915 2773 4970 ad
2822 4915 2875 4971 id
2903 4918 3047 4987 quod
3099 4919 3207 4974 tale
3264 4929 3348 4974 est
3391 4936 3516 4978 esse

1920 5008 2062 5061 bono
2092 5004 2322 5075 ingenio,
2350 5004 2527 5061 ethoc
2553 5015 2638 5061 est
2663 5008 2958 5064 secundum
2987 5010 3289 5080 veritatem,
3314 5012 3513 5079 bonum

1922 5098 2222 5168 ingenium,
2263 5111 2421 5166 posse
2465 5097 2605 5153 bene
2646 5098 2847 5169 eligere
2896 5115 3104 5168 verum,
3154 5110 3208 5156 et
3252 5101 3517 5171 diffugere

1922 5190 2137 5254 falsum,
2170 5188 2311 5257 quod
2349 5189 2441 5259 qui
2478 5192 2584 5244 nati
2625 5198 2753 5247 sunt
2787 5192 2927 5249 bene
2958 5201 3182 5263 possunt
3213 5193 3380 5265 probe
3431 5193 3515 5249 fa-

1920 5295 2066 5345 cere,
2096 5294 2217 5334 nam
2267 5279 2358 5349 qui
2387 5290 2573 5335 amant
2600 5291 2656 5336 et
2685 5282 2775 5352 qui
2820 5281 3039 5347 odiuut,
3071 5282 3215 5355 quod
3243 5285 3515 5354 profertur

1921 5374 2074 5430 facile
2103 5375 2417 5430 discernunt
2443 5376 2727 5445 optimum.
2781 5376 2850 5433 Et
2876 5376 2944 5435 ad
2973 5390 3036 5432 ea
3062 5390 3183 5445 qua:
3211 5377 3480 5449 saepissim
3498 5395 3529 5436 c

1920 5467 2163 5523 incidunt
2207 5467 2572 5537 problemata,
2616 5471 2757 5524 scire
2795 5478 3001 5539 oportet
3050 5468 3346 5543 orationes,
3374 5480 3430 5527 et
3471 5473 3526 5543 id

1921 5562 2152 5615 maxime
2193 5561 2262 5616 de
2303 5561 2488 5629 primis
2538 5560 2911 5630 positionibus.
2964 5559 3095 5616 Nam
3146 5562 3200 5619 in
3229 5563 3314 5621 bis
3355 5565 3523 5625 fasti~

1918 5655 2069 5711 diuut
2112 5667 2259 5723 saepe
2293 5654 2383 5724 qui
2431 5653 2778 5723 respondent.
2829 5651 3099 5724 Amplius,
3150 5656 3511 5715 terminortuu

1921 5754 2170 5823 copiosos
2200 5767 2322 5809 esse
2348 5760 2593 5822 oportet,
2622 5759 2677 5805 et
2704 5749 3092 5821 probabilium,
3126 5762 3181 5809 et
3209 5753 3509 5825 primorum

1921 5856 1980 5902 se
2010 5845 2207 5901 habere
2238 5853 2515 5914 promptos
2542 5863 2553 5899 :
2580 5859 2700 5900 natu
2742 5859 2835 5916 per
2867 5844 2983 5902 haec
3024 5846 3158 5903 llunt
3183 5846 3507 5919 syllogismi.
