4064 6336
574 272 734 363 ἰοὼ

1856 301 1971 360 AN.
2011 301 2218 360 MANL.
2259 302 2413 360 SEV.
2453 300 2679 360 ΒΟΕΤΙΙ

3729 306 3843 365 1008

594 410 927 486 Tentandum
956 400 1134 484 autem
1164 434 1219 482 et
1246 441 1312 505 ea
1340 424 1418 497 (in
1449 438 1569 496 qua:
1599 424 1896 495 saepissime
1929 426 2172 481 incidunt
2201 416 2247 490 Α
2280 424 2494 480 versali.
2552 425 2872 481 Exercitatio
2918 434 3093 483 autem
3144 426 3382 484 facienda
3404 469 3420 495 ,
3468 430 3840 489 inductivarum

591 516 1000 589 disputationes)
1048 528 1249 574 tenere.
1296 518 1427 573 Nam
1461 516 1903 586 quemadmodum
1949 517 2000 572 in
2046 533 2172 587 geo-

589 613 778 666 metria
827 621 949 669 ante
997 625 1133 679 opus
1183 596 1454 665 estcirca
1503 609 1767 663 elementa
1817 608 2167 663 exercitatum

587 720 726 770 esse,
762 712 815 757 et
855 702 904 756 in
939 702 1177 757 numeris
1225 704 1367 757 circa
1399 701 1656 770 capitales
1701 712 1944 770 prompte
1987 716 2045 755 se
2077 703 2169 753 im-

584 798 734 861 bere,
772 807 826 851 et
857 796 1077 850 multum
1131 796 1294 850 refert
1332 795 1398 849 ad
1442 796 1540 849 hoc
1578 802 1632 849 et
1675 795 1837 848 alium
1881 808 2165 849 numerum

582 904 908 960 cognoscere
962 887 1402 956 multiplicatum,
1459 887 1708 942 similiter
1751 880 1964 957 quoque
2008 894 2063 941 et
2110 885 2164 940 in

582 984 913 1038 orationibus
957 990 1257 1051 promptum
1294 996 1414 1037 esse
1454 982 1517 1035 ad
1563 981 1852 1051 principia,
1884 991 1939 1036 et
1970 995 2167 1051 propo-

579 1076 803 1130 sitiones
848 1074 1108 1129 memoria
1151 1075 1291 1129 scire
1320 1083 1531 1142 oportet
1562 1090 1576 1127 :
1611 1089 1730 1127 nam
1764 1073 1982 1142 perinde
2013 1088 2075 1127 ac
2104 1073 2161 1128 in

579 1169 855 1223 memoria:
895 1167 1138 1221 sensorio
1183 1166 1354 1221 solum
1404 1166 1503 1221 loci
1534 1167 1690 1235 positi
1733 1166 1912 1221 statim
1963 1162 2165 1221 faciunt

576 1263 723 1332 ipsas
770 1277 857 1316 res
887 1276 1205 1323 memorare,
1238 1269 1289 1313 et
1321 1261 1435 1314 haec
1490 1258 1692 1313 faciunt
1735 1260 1801 1314 ad
1840 1260 2164 1315 ratiocinan-

576 1356 703 1411 dum
737 1356 1138 1425 promptiorem,
1168 1368 1233 1406 ρο
1262 1353 1402 1422 quod
1426 1352 1493 1406 ad
1524 1354 1901 1407 determinatas
1931 1353 2050 1407 illas
2081 1352 2164 1407 in-

573 1450 769 1518 spiciat
796 1448 1088 1503 secundum
1121 1462 1423 1501 numerum.
1459 1447 1988 1517 Propositionemque
2014 1463 2163 1503 com-

570 1555 787 1595 munem
830 1542 997 1609 magis
1042 1554 1197 1609 quam
1239 1540 1554 1609 positionem
1600 1542 1653 1595 in
1679 1543 1936 1597 memoria
1960 1558 2162 1611 ponen-

570 1634 720 1687 dutn.
749 1632 878 1686 Nam
916 1631 1296 1701 principiorum
1332 1640 1386 1685 et
1419 1632 1844 1701 suppositionum
1884 1632 2160 1703 copiosum

568 1740 691 1780 esse
713 1724 1074 1791 mediocriter,
1102 1723 1340 1779 difﬁcile.
1372 1723 1640 1794 Amplius,
1670 1725 1968 1780 orationem
1998 1742 2157 1781 uuam

2274 517 2490 586 quidem
2522 517 2586 571 ad
2618 519 2831 581 rudem,
2874 519 3320 590 syllogisticarum
3363 532 3544 577 autem
3574 525 3641 578 ad
3671 541 3841 591 exper-

2274 622 2405 665 tum.
2456 612 2523 665 Et
2564 611 2874 667 tentandum
2919 611 3165 682 accipere
3205 613 3272 668 ab
3312 613 3379 668 iis
3416 615 3633 686 quidem
3679 619 3760 685 qui
3796 623 3838 674 tn

2272 702 2594 772 syllogismis
2625 702 2736 757 triti
2766 711 2886 756 sunt
2912 703 3324 773 propositiones,
3351 705 3418 760 ab
3444 706 3508 761 iis
3533 721 3667 762 vero
3693 710 3838 783 quiin
3894 700 3895 703 “

2270 794 2667 864 inductionibus
2725 796 3124 861 similitudines,
3200 798 3255 851 in
3304 797 3406 852 boc
3450 800 3594 854 enim
3649 800 3839 867 utrique

2270 887 2543 941 exercitati
2575 895 2721 942 sunt.
2767 887 3000 943 Omnino
3035 899 3211 945 autem
3251 892 3665 947 exercitationis
3691 897 3837 964 gratia

2268 977 2693 1049 disceptantibus
2715 981 3031 1035 tentandum
3059 982 3248 1037 atl'erre
3276 994 3368 1039 aut
3395 983 3759 1055 syllogismum
3783 985 3839 1040 de

2267 1070 2465 1140 aliquo,
2496 1081 2587 1126 aut
2617 1074 3066 1143 propositionem,
3111 1083 3204 1129 aut
3248 1075 3573 1131 solutionem
3595 1117 3612 1140 ,
3643 1086 3733 1131 aut
3774 1077 3839 1130 in-

2266 1165 2540 1228 stantiam,
2574 1165 2687 1219 sive
2728 1173 2873 1220 recte
2909 1167 3029 1235 quis
3067 1164 3241 1233 dicat,
3283 1168 3397 1222 sive
3432 1183 3737 1236 perperam,
3768 1169 3839 1225 rel

2268 1254 2405 1323 ipse,
2441 1256 2524 1309 vel
2547 1255 2703 1321 alter,
2736 1266 2789 1311 et
2824 1256 2889 1311 ad
2917 1256 3189 1326 quidpiam
3219 1268 3460 1327 uterque.
3496 1260 3570 1313 Ex
3603 1259 3689 1314 bis
3712 1261 3838 1315 enim

2266 1347 2510 1412 facultas,
2562 1349 2876 1405 exercitatio
2914 1359 3093 1405 autem
3133 1350 3399 1404 facultatis
3427 1353 3623 1419 gratia,
3657 1361 3711 1406 et
3752 1368 3841 1406 ma«

2266 1442 2410 1496 xime
2456 1442 2601 1497 circa
2655 1443 3048 1512 propositiones
3099 1453 3151 1497 et
3204 1442 3507 1497 instantias.
3569 1444 3669 1498 Est
3710 1445 3841 1500 enim

2265 1535 2351 1599 (ut
2374 1535 2688 1605 simpliciter
2708 1535 2908 1605 dicam)
2933 1535 3265 1602 dialecticus,
3298 1536 3664 1605 propositivus
3692 1548 3744 1592 et
3772 1539 3843 1593 iu-

2264 1628 2548 1681 stantivus.
2574 1626 2670 1681 Est
2698 1638 2874 1682 autem
2905 1642 3207 1697 praponere
3235 1627 3472 1697 quidem.
3491 1643 3660 1682 unum
3684 1627 3846 1684 facere

2265 1735 2383 1790 quae
2407 1729 2531 1775 sunt
2555 1721 2727 1790 plura.
2776 1721 3003 1791 Oportet
3025 1722 3168 1775 enim
3199 1736 3362 1775 unum
3388 1720 3615 1775 omnino
3644 1736 3845 1776 sumere

563 1816 749 1885 plures
773 1815 949 1870 facere
977 1815 1415 1881 assueScendum,
1440 1818 1587 1871 velut
1616 1818 1649 1871 ii
1677 1818 1765 1887 qui
1794 1819 2157 1876 occultissime
2185 1819 2237 1881 B
2262 1813 2327 1867 ad
2368 1811 2510 1881 (μιοά
2540 1821 2621 1866 esi
2650 1813 2841 1867 oralio-
2894 1812 3096 1869 limare
3134 1822 3313 1868 autem
3353 1812 3496 1881 quod
3535 1828 3704 1866 unum
3740 1823 3844 1878 est.

564 1909 922 1964 abscondunt.
956 1909 1086 1963 Tale
1113 1919 1289 1965 autem
1322 1910 1425 1964 erit
1453 1911 1497 1965 si
1525 1910 1644 1980 quis
1671 1926 1828 1980 quam
1862 1912 2149 1980 plurimum

562 1999 817 2054 abscedat
856 1999 924 2053 ab
967 1999 1227 2054 affinitate
1276 2015 1462 2055 eorum
1504 2000 1572 2055 de
1602 2001 1793 2071 quibus
1823 2010 1902 2056 est
1942 2003 2147 2068 oratio;

560 2092 718 2148 erunt
745 2102 924 2149 autem
948 2094 1186 2163 pOtiores
1211 2095 1511 2149 orationum
1541 2094 1868 2149 universales
1894 2096 2146 2159 maxime,

559 2203 679 2258 qua;
708 2188 759 2242 id
793 2188 901 2257 pati
930 2188 1155 2257 possint,
1188 2198 1246 2243 ut
1276 2188 1524 2259 quoniam
1555 2204 1659 2243 non
1683 2197 1765 2243 est
1790 2205 1890 2243 una
1918 2189 2147 2259 plurium

557 2279 837 2349 disciplina
871 2299 885 2335 :
918 2280 995 2335 sic
1032 2280 1175 2335 enim
1226 2291 1277 2335 et
1320 2280 1371 2334 in
1418 2280 1479 2335 iis
1525 2295 1642 2351 qua:
1678 2289 1802 2334 sunt
1830 2280 1893 2335 ad
1925 2281 2145 2351 aliquid,

556 2381 614 2426 et
659 2371 714 2426 in
743 2372 1058 2439 contrariis,
1098 2380 1152 2426 et
1193 2370 1489 2440 conjugatis
1517 2380 1621 2425 est.
1697 2370 1921 2440 Oportet
1967 2381 2146 2427 autem

554 2473 607 2518 et
645 2464 915 2519 reminisci
960 2464 1287 2519 universales
1332 2462 1507 2517 facere
1554 2464 1830 2519 orationes
1861 2504 1875 2529 ,
1931 2464 2146 2520 tametsi

552 2556 713 2610 fuerit
758 2555 1039 2626 disputans
1089 2556 1505 2625 particulariter.
1556 2554 1649 2610 Sic
1695 2557 1838 2611 enim
1884 2565 1938 2612 et
1966 2559 2146 2626 plures

549 2647 732 2704 licebit
772 2663 934 2703 unam
970 2647 1167 2714 facere,
1202 2648 1451 2703 similiter
1481 2658 1661 2704 autem
1699 2657 1755 2705 et
1783 2649 1924 2719 apud
1963 2651 2148 2705 rheto-

549 2754 633 2796 res
662 2739 714 2794 iu
743 2740 1255 2810 enthymematibus.
1306 2739 1568 2793 Enmdem
1618 2749 1797 2794 autem
1828 2756 1986 2809 quam
2034 2756 2146 2795 ma-

546 2831 690 2885 xime
738 2830 944 2900 fugere,
988 2838 1175 2884 contra
1227 2830 1532 2884 universale
1593 2829 1738 2885 ferre
1785 2831 2141 2902 syllogismos.

548 2922 615 2976 Et
666 2937 881 2991 semper
930 2930 1146 2990 oportet
1214 2920 1559 2976 considerare
1614 2922 1926 2986 orationes,
1994 2923 2038 2977 si
2090 2924 2143 2979 in

546 3014 784 3084 pluribus
810 3011 1187 3067 communibus
1216 3010 1572 3081 disputantur.
1632 3012 1764 3066 Nam
1798 3027 1989 3069 omnes
2019 3029 2142 3083 par-

545 3105 800 3159 ticularcs
852 3104 907 3158 in
956 3102 1245 3158 universali
1286 3102 1573 3172 diSputatm
1618 3112 1763 3169 sunt,
1806 3116 1861 3160 et
1906 3106 2045 3160 inest
2088 3107 2140 3161 in

2256 1904 2434 1957 facere
2474 1902 2648 1971 plura.
2710 1902 2841 1956 Nam
2897 1912 2987 1958 aut
3018 1902 3240 1967 dividit,
3288 1912 3379 1957 aut
3430 1901 3718 1968 interimit,
3749 1902 3845 1957 hoc

2254 1993 2467 2063 quidem
2518 1991 2677 2062 dans,
2722 1991 2854 2047 illud
2904 2002 3085 2047 autem
3135 2007 3239 2047 non
3286 1992 3445 2060 dans,
3495 2007 3686 2048 eorum
3735 2008 3845 2063 qua

2254 2090 2530 2159 proposita
2561 2098 2704 2144 sunt.
2758 2088 2874 2144 Non
2905 2098 2986 2144 est
3017 2098 3195 2144 autem
3226 2104 3347 2144 cum
3389 2090 3539 2143 omni
3566 2088 3845 2158 disputan-

2252 2180 2400 2247 dum,
2453 2196 2627 2250 neque
2665 2189 2851 2234 contra
2902 2180 3194 2249 quemlibet
3239 2178 3670 2234 exercitandum.
3723 2179 3845 2234 Nam

2253 2288 2475 2329 necesse
2520 2274 2586 2328 ad
2633 2274 2842 2343 aliquos
2896 2288 3085 2343 pravas
3136 2272 3252 2329 fieri
3302 2274 3613 2341 orationes,
3668 2274 3738 2327 ab
3785 2290 3846 2329 eo

2255 2369 2396 2424 enim
2443 2369 2534 2438 qui
2590 2369 2810 2423 omnino
2860 2377 3029 2422 tontat
3076 2382 3371 2438 apparere,
3423 2367 3845 2438 dill'ugienditm,

2248 2464 2458 2534 justum
2490 2473 2669 2518 autem
2695 2463 2914 2518 omnino
2937 2470 3142 2517 tentare
3163 2462 3479 2532 syllogismo
3501 2462 3845 2531 concludere,

2252 2565 2626 2612 verumtamen
2680 2572 2785 2611 non
2819 2555 3119 2623 pulchrum,
3166 2569 3232 2610 eo
3278 2554 3421 2623 quod
3471 2571 3579 2610 non
3631 2564 3844 2625 oportet

2250 2649 2507 2705 adversus
2532 2650 2803 2720 quoslibet
2834 2649 2989 2704 facile
3030 2649 3352 2705 consistere.
3401 2648 3845 2720 Quandoquidem

2250 2754 2473 2795 necesse
2510 2749 2593 2796 est
2620 2740 3013 2810 parviloquium
3065 2740 3189 2795 inde
3235 2755 3545 2809 emergere,
3593 2756 3719 2796 nam
3763 2742 3847 2811 qui

2249 2834 2530 2889 exercitati
2559 2842 2688 2891 sunt
2726 2850 2832 2889 non
2864 2843 3089 2905 possunt
3116 2834 3395 2891 abstinere
3417 2850 3449 2890 a
3478 2836 3845 2907 disputatione

2248 2924 2369 2979 sine
2412 2925 2778 2982 altercatione.
2837 2927 3061 2996 Oportet
3100 2937 3277 2984 autem
3321 2938 3376 2983 et
3418 2928 3590 2985 factas
3641 2930 3844 2986 habere

2249 3019 2523 3074 orationes
2570 3020 2635 3074 ad
2667 3020 2973 3090 hujusmodi
3021 3021 3377 3090 problemata,
3412 3022 3465 3076 in
3494 3023 3845 3090 quibuscom

2255 3115 2703 3183 paucissimorum
2746 3118 2903 3185 copia
2940 3130 3034 3171 eas
3083 3116 3151 3171 ad
3195 3132 3354 3186 quam
3399 3116 3633 3188 plurima
3684 3119 3845 3171 utiles

540 3196 957 3268 particularibus
985 3196 1101 3264 ejus
1126 3195 1265 3264 quod
1290 3203 1372 3250 cst
1395 3197 1697 3251 universale
1726 3196 2141 3265 demonstratio,

2253 3205 2564 3261 habeamus.
2592 3207 2701 3261 Illa:
2729 3223 2856 3263 vero
2892 3217 3015 3263 sunt
3041 3208 3391 3273 universales,
3427 3217 3484 3264 et
3532 3209 3603 3264 ad
3633 3225 3771 3266 uuas
3800 3210 3843 3263 in

541 3299 607 3345 to
647 3288 787 3359 quod
833 3303 940 3342 non
989 3298 1069 3343 est
1113 3287 1433 3357 syIIOgizare
1497 3288 1790 3359 quidquam
1853 3291 1970 3344 sine
2018 3290 2141 3345 uni-

2245 3308 2502 3369 promptu
2531 3299 2805 3369 quidpiam
2835 3302 3142 3355 adinvenire
3173 3300 3388 3355 difficile
3414 3310 3517 3357 est.

540 3504 545 3585 ἶ
752 3500 1633 3606 ELENCHORUM
1703 3504 2736 3615 SOPHISTICORUM
2787 3509 3634 3622 ARISTOTELIS

1984 3668 2194 3729 LIBRI
2234 3671 2397 3731 DUO

538 3856 543 3867 ι
638 3818 895 3923 ΑΝ.
972 3758 1462 3923 MANL.
1570 3814 1932 3922 SEV.
2012 3821 2144 3920 Bt

2250 3823 2584 3929 ETIO
2678 3825 3701 3936 INTERPRETE
3728 3898 3766 3935 .

1812 4097 2103 4178 LIBER
2170 4103 2579 4183 PRIMUS.

1048 4295 1274 4353 CAPUT
1314 4294 1605 4352 PRIMUM.

541 4411 681 4479 Quid
722 4410 976 4477 intendit,
1020 4419 1068 4466 et
1111 4411 1334 4482 aliquem
1393 4410 1752 4482 syllogismum
1796 4413 2130 4482 sophisticam

1267 4498 1395 4537 €888.

613 4576 687 4632 De
728 4557 1035 4646 sophisticis
1082 4585 1262 4631 autem
1314 4574 1825 4646 redargutionibus,
1859 4588 1913 4632 et
1958 4578 2025 4634 de
2063 4579 2128 4635 iis

537 4687 659 4743 qua:
684 4671 933 4726 videntur
959 4670 1364 4739 redargutiones
1390 4670 1542 4740 (sunt
1563 4678 1739 4724 autem
1764 4671 2020 4741 captiosae
2043 4686 2127 4725 ra-

536 4766 935 4830 tiocinationes,
960 4773 1015 4819 at
1043 4778 1150 4819 non
1174 4763 1605 4832 redargutiones)
1623 4763 1866 4817 dicamus
1888 4772 2122 4832 oportet,

537 4859 858 4930 incipientes
883 4856 1177 4912 secundum
1206 4866 1453 4911 naturam
1486 4870 1514 4908 a
1546 4854 1752 4924 primis.
1782 4854 1935 4922 Quod
1968 4856 2126 4924 igitur

536 4952 590 5006 hi
622 4952 837 5021 quidem
876 4950 1206 5023 syllogismi,
1237 4952 1313 5006 illi
1344 4960 1522 5007 autem
1566 4950 1711 5013 (cum
1744 4965 1850 5004 non
1883 4950 2015 5019 sint)
2048 4950 2128 5006 vi-

539 5046 767 5113 dentur,
806 5042 1149 5099 manifestum
1179 5053 1281 5099 est.
1331 5044 1465 5099 Nam
1500 5042 1953 5113 quemadmodum
1981 5052 2036 5099 et
2068 5044 2124 5098 in

537 5137 660 5191 aliis
679 5136 733 5190 id
758 5136 816 5191 fit
846 5150 942 5204 per
964 5136 1248 5204 quamdam
1274 5135 1709 5201 similitudinem,
1742 5136 1820 5191 sic
1844 5147 1899 5193 et
1925 5136 1979 5191 in
2003 5151 2126 5193 ora-

538 5230 776 5284 tionibus
807 5245 865 5284 se
894 5229 1088 5295 habet;
1116 5229 1317 5284 etenim
1348 5228 1403 5283 hi
1435 5228 1652 5299 quidem
1685 5228 1924 5283 habitum
1958 5229 2125 5299 probe

540 5325 770 5389 habent,
802 5323 881 5379 illi
935 5338 1064 5380 vero
1108 5323 1389 5391 videntur,
1435 5338 1507 5379 ex
1539 5324 1679 5379 tribu
1729 5334 2025 5391 tumentes,
2067 5333 2123 5381 et

540 5422 930 5484 componentes
960 5414 1203 5484 seipsos;
1232 5422 1286 5470 et
1324 5413 1538 5482 pulchri
1574 5412 1630 5467 lii
1660 5413 1875 5481 quidem
1903 5414 1973 5468 ob
2002 5413 2121 5482 pul-

540 5504 933 5571 chritudinem,
962 5505 1040 5561 illi
1071 5513 1250 5560 autem
1292 5505 1573 5571 videntur,
1612 5506 1822 5573 seipsos
1860 5505 2120 5561 fucantes.

542 5597 613 5651 Et
640 5597 693 5652 in
725 5596 1035 5652 inanimatis
1080 5611 1293 5666 quoque
1334 5596 1618 5662 similiter,
1650 5610 1771 5649 nam
1818 5606 1871 5651 ct
1912 5596 2122 5651 illorum

547 5685 664 5739 lucc
691 5685 903 5754 quidem
927 5695 1227 5753 argentum,
1253 5687 1349 5741 ista
1379 5702 1507 5741 vero
1537 5700 1725 5740 aurum
1754 5700 1939 5741 revera
1966 5694 2121 5753 sunt;

551 5771 641 5826 illa
674 5787 778 5827 non
823 5787 946 5829 sunt
987 5776 1233 5844 quidem,
1280 5786 1540 5847 apparent
1591 5785 1770 5832 autem
1825 5777 2123 5835 secundum

2244 4321 2487 4373 sensum,
2523 4316 2578 4362 ut
2600 4308 2950 4379 lititargyrina
2971 4318 3027 4364 et
3052 4318 3298 4374 stannea,
3329 4318 3616 4378 argentea,
3639 4321 3705 4368 et
3736 4313 3850 4370 felle

2244 4400 2446 4466 tincta,
2477 4415 2664 4457 aurea.
2699 4401 2897 4456 Eodem
2930 4409 3108 4457 autem
3157 4402 3318 4457 modo
3346 4410 3401 4459 et
3450 4404 3852 4476 syllogismus,

2157 4526 2212 4586 Β
2235 4492 2655 4563 etredargutio:
2690 4493 2807 4549 haec
2853 4494 3070 4563 quidem
3099 4503 3214 4561 est,
3246 4494 3333 4549 illa
3384 4509 3518 4551 vero
3567 4512 3688 4554 non
3725 4508 3813 4553 est
3836 4542 3850 4564 ,

2241 4592 2465 4654 apparet
2508 4594 2687 4640 autem
2739 4593 2959 4663 propter
3006 4585 3331 4656 imperitiam
3367 4603 3381 4639 :
3412 4603 3545 4642 nam
3609 4590 3855 4660 imperiti

2236 4677 2386 4731 velut
2428 4675 2721 4737 distantes,
2755 4677 2970 4751 alonge
2998 4678 3369 4746 speculantur.
3411 4678 3555 4735 Nam
3591 4682 3858 4754 syllogis-

2234 4783 2357 4823 mus
2378 4768 2592 4837 quidem
2613 4784 2677 4824 εχ
2700 4769 3018 4839 quibusdam
3042 4776 3128 4824 est
3168 4769 3385 4838 positis,
3418 4779 3481 4825 ut
3512 4774 3856 4844 colligamus

2237 4860 2440 4929 aliquid
2486 4859 2625 4915 aliud
2654 4875 2720 4915 ex
2751 4860 3071 4934 necessitate
3113 4860 3182 4916 ab
3209 4861 3275 4915 iis
3318 4876 3444 4930 quae
3491 4864 3682 4931 posita
3736 4875 3858 4921 sunt

2239 4966 2337 5019 per
2365 4965 2426 5005 ea
2457 4965 2578 5020 qum
2608 4953 2778 5020 posita
2825 4960 2981 5010 sunt;
3014 4951 3326 5021 redargutio
3355 4961 3550 5008 autem
3601 4959 3855 5031 syllogis-

2236 5058 2353 5099 mus
2382 5053 2484 5109 est,
2528 5058 2651 5098 cum
2696 5043 3121 5099 contradictione
3151 5045 3574 5111 conclusionis;
3610 5051 3697 5106 illi
3730 5067 3857 5106 vero

2234 5136 2286 5190 id
2335 5136 2546 5205 quidem
2598 5150 2706 5191 non
2753 5133 2972 5190 faciunt.
3008 5136 3502 5195 Videnturautem
3549 5144 3627 5199 ob
3661 5146 3857 5199 multas

2232 5244 2442 5293 causas,
2474 5239 2697 5298 quarum
2729 5242 2865 5283 unus
2897 5228 3046 5284 locus
3090 5230 3415 5300 aptissimus
3448 5244 3510 5290 et
3530 5237 3861 5307 vpublieissi-

2235 5333 2354 5374 mus
2387 5334 2483 5389 per
2511 5318 2749 5372 nomina.
2798 5317 2929 5372 Nam
2960 5318 3087 5388 quia
3130 5320 3251 5377 fieri
3282 5336 3394 5378 non
3449 5337 3646 5394 potest
3678 5340 3739 5383 ut
3773 5342 3861 5383 res

2234 5412 2375 5479 ipsas
2408 5411 2642 5465 ferentes
2667 5398 3139 5478 disputerndéTs’ed
3168 5413 3496 5472 nominibus
3532 5434 3641 5487 pro
3668 5420 3861 5484 rebus,

2226 5503 2431 5556 utimur
2460 5502 2646 5572 signis,
2669 5510 2723 5555 et
2742 5500 2883 5570 quod
2911 5501 3107 5557 accidit
3134 5502 3189 5557 in
3212 5506 3568 5575 nominibus,
3602 5512 3658 5567 io
3692 5512 3865 5569 rebus

2228 5612 2442 5666 quoque
2470 5596 2796 5650 arbitramur
2824 5593 3096 5662 accidere,
3126 5597 3615 5664 quemadmodum
3674 5604 3747 5659 iis
3769 5601 3863 5671 qui

2228 5688 2448 5743 calculis
2474 5696 2777 5759 supputant.
2806 5687 2857 5740 Id
2885 5695 3067 5742 autem
3095 5704 3202 5744 non
3236 5702 3322 5746 est
3340 5693 3557 5764 simile,
3590 5715 3726 5754 nam
3756 5717 3861 5753 no-

2230 5780 2371 5834 mina
2406 5780 2619 5844 quidem
2666 5779 2812 5836 ﬁnita
2841 5786 2993 5847 sunt,
3035 5790 3095 5836 et
3144 5784 3463 5844 orationum
3506 5791 3859 5851 multitudo;

4016 1370 4023 1409 l

4016 4280 4023 4573 l

4016 5126 4023 5427 J
