  <div class='ocr_page' id='page_1' title='image "/cluster/home/n/w/nwhite01/storage/ocr_20150623/64/hvd.32044024222309/512.png"; bbox 0 0 4022 6330; ppageno 0'>
   <div class='ocr_carea' id='block_1_1' title="bbox 193 323 325 382">
    <p class='ocr_par' dir='ltr' id='par_1_1' title="bbox 193 323 325 382">
     <span class='ocr_line' id='line_1_1' title="bbox 193 323 325 382; baseline 0 -2"><span class='ocrx_word' id='word_1_1' title='bbox 193 323 325 382; x_wconf 75' lang='grc'><strong>1009</strong></span> 
     </span>
    </p>
   </div>
   <div class='ocr_carea' id='block_1_2' title="bbox 746 307 1782 372">
    <p class='ocr_par' dir='ltr' id='par_1_2' title="bbox 746 307 1782 372">
     <span class='ocr_line' id='line_1_2' title="bbox 746 307 1782 372; baseline -0.004 0"><span class='ocrx_word' id='word_1_2' title='bbox 746 312 1211 372; x_wconf 76' lang='grc' dir='ltr'>ειΕΝοιιοιιυΜ</span> <span class='ocrx_word' id='word_1_3' title='bbox 1241 307 1782 372; x_wconf 72' lang='grc' dir='ltr'><strong>εορηιετιουιιυΜ</strong></span> 
     </span>
    </p>
   </div>
   <div class='ocr_carea' id='block_1_3' title="bbox 1887 307 2885 372">
    <p class='ocr_par' dir='ltr' id='par_1_3' title="bbox 1887 307 2885 367">
     <span class='ocr_line' id='line_1_3' title="bbox 1887 307 2885 367; baseline -0.001 -2"><span class='ocrx_word' id='word_1_4' title='bbox 1887 307 2277 367; x_wconf 71' lang='lat' dir='ltr'><strong>RISTOTELIS</strong></span> <span class='ocrx_word' id='word_1_5' title='bbox 2316 308 2885 365; x_wconf 80' lang='lat' dir='ltr'><strong>INTERPRETATIO.</strong></span> 
     </span>
    </p>
   </div>
   <div class='ocr_carea' id='block_1_4' title="bbox 3317 305 3457 366">
    <p class='ocr_par' dir='ltr' id='par_1_4' title="bbox 3317 305 3457 366">
     <span class='ocr_line' id='line_1_4' title="bbox 3317 305 3457 366; baseline 0.007 -1"><span class='ocrx_word' id='word_1_6' title='bbox 3317 305 3457 366; x_wconf 70' lang='grc' dir='ltr'>ιοιῢ</span> 
     </span>
    </p>
   </div>
   <div class='ocr_carea' id='block_1_5' title="bbox 190 426 3460 501">
    <p class='ocr_par' dir='ltr' id='par_1_5' title="bbox 190 426 3460 501">
     <span class='ocr_line' id='line_1_5' title="bbox 190 426 3460 501; baseline -0.005 -2"><span class='ocrx_word' id='word_1_7' title='bbox 190 460 275 501; x_wconf 87' lang='lat' dir='ltr'><strong>res</strong></span> <span class='ocrx_word' id='word_1_8' title='bbox 303 455 428 497; x_wconf 77' lang='lat' dir='ltr'><strong>vero</strong></span> <span class='ocrx_word' id='word_1_9' title='bbox 477 448 703 493; x_wconf 85' lang='lat' dir='ltr'><strong>numero</strong></span> <span class='ocrx_word' id='word_1_10' title='bbox 751 434 973 490; x_wconf 76' lang='lat' dir='ltr'><strong>inﬁnita:</strong></span> <span class='ocrx_word' id='word_1_11' title='bbox 1022 439 1170 488; x_wconf 90' lang='lat' dir='ltr'><strong>sunt.</strong></span> <span class='ocrx_word' id='word_1_12' title='bbox 1200 431 1433 488; x_wconf 86' lang='lat' dir='ltr'><strong>Necesse</strong></span> <span class='ocrx_word' id='word_1_13' title='bbox 1476 440 1558 488; x_wconf 87' lang='lat' dir='ltr'><strong>est</strong></span> <span class='ocrx_word' id='word_1_14' title='bbox 1606 429 1766 500; x_wconf 85' lang='lat' dir='ltr'><strong>igitur</strong></span> <span class='ocrx_word' id='word_1_15' title='bbox 1792 431 1843 490; x_wconf 84' lang='grc' dir='ltr'>Α</span> <span class='ocrx_word' id='word_1_16' title='bbox 1867 428 1993 498; x_wconf 91' lang='lat' dir='ltr'><strong>quid</strong></span> <span class='ocrx_word' id='word_1_17' title='bbox 2026 438 2362 493; x_wconf 90' lang='lat' dir='ltr'><strong>monstrare;</strong></span> <span class='ocrx_word' id='word_1_18' title='bbox 2397 429 2610 483; x_wconf 89' lang='lat' dir='ltr'><strong>tertium</strong></span> <span class='ocrx_word' id='word_1_19' title='bbox 2638 442 2793 492; x_wconf 89' lang='lat' dir='ltr'><strong>vero,</strong></span> <span class='ocrx_word' id='word_1_20' title='bbox 2821 426 2887 481; x_wconf 93' lang='lat' dir='ltr'><strong>ad</strong></span> <span class='ocrx_word' id='word_1_21' title='bbox 2922 426 3022 481; x_wconf 88' lang='lat' dir='ltr'><strong>hoc</strong></span> <span class='ocrx_word' id='word_1_22' title='bbox 3047 426 3186 496; x_wconf 91' lang='lat' dir='ltr'><strong>quod</strong></span> <span class='ocrx_word' id='word_1_23' title='bbox 3216 435 3300 482; x_wconf 90' lang='lat' dir='ltr'><strong>est</strong></span> <span class='ocrx_word' id='word_1_24' title='bbox 3343 430 3460 484; x_wconf 79' lang='lat' dir='ltr'><strong>ino-</strong></span> 
     </span>
    </p>
   </div>
   <div class='ocr_carea' id='block_1_6' title="bbox 194 524 1762 607">
    <p class='ocr_par' dir='ltr' id='par_1_6' title="bbox 194 524 1762 607">
     <span class='ocr_line' id='line_1_6' title="bbox 194 524 1762 607; baseline -0.008 -16"><span class='ocrx_word' id='word_1_25' title='bbox 194 538 337 607; x_wconf 90' lang='lat' dir='ltr'><strong>plura</strong></span> <span class='ocrx_word' id='word_1_26' title='bbox 363 530 607 588; x_wconf 82' lang='lat' dir='ltr'><strong>eamdem</strong></span> <span class='ocrx_word' id='word_1_27' title='bbox 631 530 927 585; x_wconf 90' lang='lat' dir='ltr'><strong>orationem</strong></span> <span class='ocrx_word' id='word_1_28' title='bbox 949 536 1004 583; x_wconf 91' lang='lat' dir='ltr'><strong>et</strong></span> <span class='ocrx_word' id='word_1_29' title='bbox 1028 541 1220 583; x_wconf 85' lang='lat' dir='ltr'><strong>nomen</strong></span> <span class='ocrx_word' id='word_1_30' title='bbox 1243 541 1409 581; x_wconf 91' lang='lat' dir='ltr'><strong>unum</strong></span> <span class='ocrx_word' id='word_1_31' title='bbox 1431 524 1762 593; x_wconf 85' lang='lat' dir='ltr'><strong>signiﬁcare;</strong></span> 
     </span>
    </p>
   </div>
   <div class='ocr_carea' id='block_1_7' title="bbox 191 617 1767 701">
    <p class='ocr_par' dir='ltr' id='par_1_7' title="bbox 191 617 1767 701">
     <span class='ocr_line' id='line_1_7' title="bbox 191 617 1767 701; baseline -0.009 -17"><span class='ocrx_word' id='word_1_32' title='bbox 191 624 638 701; x_wconf 86' lang='lat' dir='ltr'><strong>quemadmodum</strong></span> <span class='ocrx_word' id='word_1_33' title='bbox 670 623 829 693; x_wconf 92' lang='lat' dir='ltr'><strong>igitur</strong></span> <span class='ocrx_word' id='word_1_34' title='bbox 867 631 923 677; x_wconf 91' lang='lat' dir='ltr'><strong>et</strong></span> <span class='ocrx_word' id='word_1_35' title='bbox 954 621 1062 676; x_wconf 90' lang='lat' dir='ltr'><strong>illic</strong></span> <span class='ocrx_word' id='word_1_36' title='bbox 1108 620 1197 690; x_wconf 87' lang='lat' dir='ltr'><strong>qui</strong></span> <span class='ocrx_word' id='word_1_37' title='bbox 1235 634 1339 675; x_wconf 92' lang='lat' dir='ltr'><strong>non</strong></span> <span class='ocrx_word' id='word_1_38' title='bbox 1369 628 1494 673; x_wconf 88' lang='lat' dir='ltr'><strong>sunt</strong></span> <span class='ocrx_word' id='word_1_39' title='bbox 1535 617 1767 687; x_wconf 84' lang='lat' dir='ltr'><strong>prompti</strong></span> 
     </span>
    </p>
   </div>
   <div class='ocr_carea' id='block_1_8' title="bbox 189 706 1764 781">
    <p class='ocr_par' dir='ltr' id='par_1_8' title="bbox 189 706 1764 781">
     <span class='ocr_line' id='line_1_8' title="bbox 189 706 1764 781; baseline -0.011 -4"><span class='ocrx_word' id='word_1_40' title='bbox 189 720 423 778; x_wconf 84' lang='lat' dir='ltr'><strong>calculos</strong></span> <span class='ocrx_word' id='word_1_41' title='bbox 471 717 762 781; x_wconf 88' lang='lat' dir='ltr'><strong>sustinere,</strong></span> <span class='ocrx_word' id='word_1_42' title='bbox 789 729 820 769; x_wconf 88' lang='lat' dir='ltr'><strong>a</strong></span> <span class='ocrx_word' id='word_1_43' title='bbox 850 712 1144 768; x_wconf 85' lang='lat' dir='ltr'><strong>scientibus</strong></span> <span class='ocrx_word' id='word_1_44' title='bbox 1184 710 1543 780; x_wconf 89' lang='lat' dir='ltr'><strong>decipiuntur,</strong></span> <span class='ocrx_word' id='word_1_45' title='bbox 1576 706 1764 763; x_wconf 87' lang='lat' dir='ltr'><strong>eodem</strong></span> 
     </span>
    </p>
   </div>
   <div class='ocr_carea' id='block_1_9' title="bbox 188 800 1770 891">
    <p class='ocr_par' dir='ltr' id='par_1_9' title="bbox 188 800 1770 891">
     <span class='ocr_line' id='line_1_9' title="bbox 188 800 1770 891; baseline -0.011 -21"><span class='ocrx_word' id='word_1_46' title='bbox 188 826 396 886; x_wconf 86' lang='lat' dir='ltr'><strong>quoque</strong></span> <span class='ocrx_word' id='word_1_47' title='bbox 427 808 669 891; x_wconf 68' lang='lat' dir='ltr'><strong>modoet</strong></span> <span class='ocrx_word' id='word_1_48' title='bbox 699 807 753 862; x_wconf 93' lang='lat' dir='ltr'><strong>in</strong></span> <span class='ocrx_word' id='word_1_49' title='bbox 782 804 1116 861; x_wconf 84' lang='lat' dir='ltr'><strong>orationibus</strong></span> <span class='ocrx_word' id='word_1_50' title='bbox 1153 803 1245 873; x_wconf 87' lang='lat' dir='ltr'><strong>qui</strong></span> <span class='ocrx_word' id='word_1_51' title='bbox 1288 802 1566 857; x_wconf 88' lang='lat' dir='ltr'><strong>nominum</strong></span> <span class='ocrx_word' id='word_1_52' title='bbox 1599 800 1770 853; x_wconf 88' lang='lat' dir='ltr'><strong>virtu-</strong></span> 
     </span>
    </p>
   </div>
   <div class='ocr_carea' id='block_1_10' title="bbox 192 895 1772 973">
    <p class='ocr_par' dir='ltr' id='par_1_10' title="bbox 192 895 1772 973">
     <span class='ocr_line' id='line_1_10' title="bbox 192 895 1772 973; baseline -0.009 -10"><span class='ocrx_word' id='word_1_53' title='bbox 192 908 256 963; x_wconf 90' lang='lat' dir='ltr'><strong>tis</strong></span> <span class='ocrx_word' id='word_1_54' title='bbox 282 914 406 962; x_wconf 90' lang='lat' dir='ltr'><strong>sunt</strong></span> <span class='ocrx_word' id='word_1_55' title='bbox 438 903 629 973; x_wconf 81' lang='lat' dir='ltr'><strong>ignari,</strong></span> <span class='ocrx_word' id='word_1_56' title='bbox 662 898 920 971; x_wconf 83' lang='lat' dir='ltr'><strong>perfacile</strong></span> <span class='ocrx_word' id='word_1_57' title='bbox 941 897 1278 967; x_wconf 84' lang='lat' dir='ltr'><strong>captionibus</strong></span> <span class='ocrx_word' id='word_1_58' title='bbox 1307 895 1689 961; x_wconf 90' lang='lat' dir='ltr'><strong>allucinantur,</strong></span> <span class='ocrx_word' id='word_1_59' title='bbox 1712 902 1772 948; x_wconf 90' lang='lat' dir='ltr'><strong>et</strong></span> 
     </span>
    </p>
   </div>
   <div class='ocr_carea' id='block_1_11' title="bbox 191 987 1771 1072">
    <p class='ocr_par' dir='ltr' id='par_1_11' title="bbox 191 987 1771 1072">
     <span class='ocr_line' id='line_1_11' title="bbox 191 987 1771 1072; baseline -0.01 -15"><span class='ocrx_word' id='word_1_60' title='bbox 191 1001 289 1072; x_wconf 87' lang='lat' dir='ltr'><strong>ipsi</strong></span> <span class='ocrx_word' id='word_1_61' title='bbox 319 999 678 1069; x_wconf 85' lang='lat' dir='ltr'><strong>disputantes,</strong></span> <span class='ocrx_word' id='word_1_62' title='bbox 705 1003 761 1050; x_wconf 86' lang='lat' dir='ltr'><strong>et</strong></span> <span class='ocrx_word' id='word_1_63' title='bbox 802 993 938 1048; x_wconf 87' lang='lat' dir='ltr'><strong>alios</strong></span> <span class='ocrx_word' id='word_1_64' title='bbox 968 991 1268 1046; x_wconf 85' lang='lat' dir='ltr'><strong>audientes.</strong></span> <span class='ocrx_word' id='word_1_65' title='bbox 1314 990 1396 1045; x_wconf 89' lang='lat' dir='ltr'><strong>0b</strong></span> <span class='ocrx_word' id='word_1_66' title='bbox 1438 988 1575 1044; x_wconf 87' lang='lat' dir='ltr'><strong>hanc</strong></span> <span class='ocrx_word' id='word_1_67' title='bbox 1611 987 1771 1058; x_wconf 80' lang='lat' dir='ltr'><strong>igitur</strong></span> 
     </span>
    </p>
   </div>
   <div class='ocr_carea' id='block_1_12' title="bbox 189 1083 1769 1158">
    <p class='ocr_par' dir='ltr' id='par_1_12' title="bbox 189 1083 1769 1158">
     <span class='ocr_line' id='line_1_12' title="bbox 189 1083 1769 1158; baseline -0.008 -9"><span class='ocrx_word' id='word_1_68' title='bbox 189 1106 403 1149; x_wconf 81' lang='lat' dir='ltr'><strong>causam</strong></span> <span class='ocrx_word' id='word_1_69' title='bbox 423 1133 439 1158; x_wconf 88' lang='lat'><strong>,</strong></span> <span class='ocrx_word' id='word_1_70' title='bbox 470 1099 526 1146; x_wconf 89' lang='lat' dir='ltr'><strong>et</strong></span> <span class='ocrx_word' id='word_1_71' title='bbox 560 1104 653 1144; x_wconf 89' lang='lat' dir='ltr'><strong>eas</strong></span> <span class='ocrx_word' id='word_1_72' title='bbox 674 1103 795 1158; x_wconf 77' lang='lat' dir='ltr'><strong>qua:</strong></span> <span class='ocrx_word' id='word_1_73' title='bbox 821 1085 1064 1142; x_wconf 70' lang='lat' dir='ltr'><strong>dicenda:</strong></span> <span class='ocrx_word' id='word_1_74' title='bbox 1097 1094 1250 1150; x_wconf 88' lang='lat' dir='ltr'><strong>sunt,</strong></span> <span class='ocrx_word' id='word_1_75' title='bbox 1282 1093 1366 1139; x_wconf 89' lang='lat' dir='ltr'><strong>est</strong></span> <span class='ocrx_word' id='word_1_76' title='bbox 1394 1083 1769 1154; x_wconf 74' lang='lat' dir='ltr'><strong>syllogismus,</strong></span> 
     </span>
    </p>
   </div>
   <div class='ocr_carea' id='block_1_13' title="bbox 187 1176 1496 1255">
    <p class='ocr_par' dir='ltr' id='par_1_13' title="bbox 187 1176 1496 1255">
     <span class='ocr_line' id='line_1_13' title="bbox 187 1176 1496 1255; baseline -0.009 -12"><span class='ocrx_word' id='word_1_77' title='bbox 187 1195 240 1243; x_wconf 89' lang='lat' dir='ltr'><strong>et</strong></span> <span class='ocrx_word' id='word_1_78' title='bbox 267 1184 571 1255; x_wconf 83' lang='lat' dir='ltr'><strong>redargutie</strong></span> <span class='ocrx_word' id='word_1_79' title='bbox 592 1196 880 1253; x_wconf 81' lang='lat' dir='ltr'><strong>apparens,</strong></span> <span class='ocrx_word' id='word_1_80' title='bbox 912 1188 1072 1250; x_wconf 90' lang='lat' dir='ltr'><strong>atque</strong></span> <span class='ocrx_word' id='word_1_81' title='bbox 1097 1194 1203 1236; x_wconf 92' lang='lat' dir='ltr'><strong>non</strong></span> <span class='ocrx_word' id='word_1_82' title='bbox 1233 1176 1496 1234; x_wconf 83' lang='lat' dir='ltr'><strong>existens.</strong></span> 
     </span>
    </p>
   </div>
   <div class='ocr_carea' id='block_1_14' title="bbox 812 1291 1142 1350">
    <p class='ocr_par' dir='ltr' id='par_1_14' title="bbox 812 1291 1142 1350">
     <span class='ocr_line' id='line_1_14' title="bbox 812 1291 1142 1350; baseline -0.012 0"><span class='ocrx_word' id='word_1_83' title='bbox 812 1291 1038 1350; x_wconf 84' lang='lat' dir='ltr'><strong>CAPUT</strong></span> <span class='ocrx_word' id='word_1_84' title='bbox 1077 1292 1142 1347; x_wconf 89' lang='lat' dir='ltr'><strong>ll.</strong></span> 
     </span>
    </p>
   </div>
   <div class='ocr_carea' id='block_1_15' title="bbox 562 1408 1393 1482">
    <p class='ocr_par' dir='ltr' id='par_1_15' title="bbox 562 1408 1393 1482">
     <span class='ocr_line' id='line_1_15' title="bbox 562 1408 1393 1482; baseline -0.01 -16"><span class='ocrx_word' id='word_1_85' title='bbox 562 1409 643 1468; x_wconf 88' lang='lat' dir='ltr'><strong>De</strong></span> <span class='ocrx_word' id='word_1_86' title='bbox 668 1408 932 1482; x_wconf 80' lang='lat' dir='ltr'><strong>generibus</strong></span> <span class='ocrx_word' id='word_1_87' title='bbox 961 1408 1393 1476; x_wconf 79' lang='lat' dir='ltr'><strong>disputationum.</strong></span> 
     </span>
    </p>
   </div>
   <div class='ocr_carea' id='block_1_16' title="bbox 254 1518 1771 1603">
    <p class='ocr_par' dir='ltr' id='par_1_16' title="bbox 254 1518 1771 1603">
     <span class='ocr_line' id='line_1_16' title="bbox 254 1518 1771 1603; baseline -0.009 -19"><span class='ocrx_word' id='word_1_88' title='bbox 254 1527 529 1603; x_wconf 53' lang='lat' dir='ltr'><strong>(iugulant</strong></span> <span class='ocrx_word' id='word_1_89' title='bbox 551 1537 730 1583; x_wconf 88' lang='lat' dir='ltr'><strong>autem</strong></span> <span class='ocrx_word' id='word_1_90' title='bbox 760 1522 1078 1595; x_wconf 84' lang='lat' dir='ltr'><strong>quibusdam</strong></span> <span class='ocrx_word' id='word_1_91' title='bbox 1110 1521 1279 1591; x_wconf 86' lang='lat' dir='ltr'><strong>magis</strong></span> <span class='ocrx_word' id='word_1_92' title='bbox 1322 1535 1504 1591; x_wconf 65' lang='lat' dir='ltr'><strong>Operae</strong></span> <span class='ocrx_word' id='word_1_93' title='bbox 1542 1518 1771 1589; x_wconf 88' lang='lat' dir='ltr'><strong>pretium</strong></span> 
     </span>
    </p>
   </div>
   <div class='ocr_carea' id='block_1_17' title="bbox 187 1609 1775 1688">
    <p class='ocr_par' dir='ltr' id='par_1_17' title="bbox 187 1609 1775 1688">
     <span class='ocr_line' id='line_1_17' title="bbox 187 1609 1775 1688; baseline -0.008 -11"><span class='ocrx_word' id='word_1_94' title='bbox 187 1630 267 1677; x_wconf 91' lang='lat' dir='ltr'><strong>est</strong></span> <span class='ocrx_word' id='word_1_95' title='bbox 292 1620 461 1676; x_wconf 89' lang='lat' dir='ltr'><strong>videri</strong></span> <span class='ocrx_word' id='word_1_96' title='bbox 492 1633 615 1676; x_wconf 89' lang='lat' dir='ltr'><strong>esse</strong></span> <span class='ocrx_word' id='word_1_97' title='bbox 661 1617 966 1688; x_wconf 83' lang='lat' dir='ltr'><strong>sapientes,</strong></span> <span class='ocrx_word' id='word_1_98' title='bbox 998 1630 1158 1686; x_wconf 90' lang='lat' dir='ltr'><strong>quam</strong></span> <span class='ocrx_word' id='word_1_99' title='bbox 1189 1628 1310 1669; x_wconf 89' lang='lat' dir='ltr'><strong>esse</strong></span> <span class='ocrx_word' id='word_1_100' title='bbox 1352 1622 1404 1667; x_wconf 92' lang='lat' dir='ltr'><strong>et</strong></span> <span class='ocrx_word' id='word_1_101' title='bbox 1449 1626 1554 1666; x_wconf 93' lang='lat' dir='ltr'><strong>non</strong></span> <span class='ocrx_word' id='word_1_102' title='bbox 1607 1609 1775 1665; x_wconf 73' lang='lat' dir='ltr'><strong>videri</strong></span> 
     </span>
    </p>
   </div>
   <div class='ocr_carea' id='block_1_18' title="bbox 188 1702 1777 1786">
    <p class='ocr_par' dir='ltr' id='par_1_18' title="bbox 188 1702 1777 1786">
     <span class='ocr_line' id='line_1_18' title="bbox 188 1702 1777 1786; baseline -0.008 -17"><span class='ocrx_word' id='word_1_103' title='bbox 188 1714 294 1786; x_wconf 89' lang='lat' dir='ltr'><strong>(est</strong></span> <span class='ocrx_word' id='word_1_104' title='bbox 319 1713 463 1769; x_wconf 92' lang='lat' dir='ltr'><strong>enim</strong></span> <span class='ocrx_word' id='word_1_105' title='bbox 487 1710 780 1782; x_wconf 86' lang='lat' dir='ltr'><strong>sopbistice</strong></span> <span class='ocrx_word' id='word_1_106' title='bbox 812 1706 1383 1780; x_wconf 86' lang='lat' dir='ltr'><strong>apparens&#39;sapientia,</strong></span> <span class='ocrx_word' id='word_1_107' title='bbox 1412 1720 1515 1759; x_wconf 91' lang='lat' dir='ltr'><strong>non</strong></span> <span class='ocrx_word' id='word_1_108' title='bbox 1537 1702 1777 1759; x_wconf 84' lang='lat' dir='ltr'><strong>existens</strong></span> 
     </span>
    </p>
   </div>
   <div class='ocr_carea' id='block_1_19' title="bbox 1870 518 3457 591">
    <p class='ocr_par' dir='ltr' id='par_1_19' title="bbox 1870 518 3457 591">
     <span class='ocr_line' id='line_1_19' title="bbox 1870 518 3457 591; baseline 0.002 -17"><span class='ocrx_word' id='word_1_109' title='bbox 1870 521 2102 591; x_wconf 91' lang='lat' dir='ltr'><strong>pinabile</strong></span> <span class='ocrx_word' id='word_1_110' title='bbox 2118 521 2346 587; x_wconf 88' lang='lat' dir='ltr'><strong>ducere;</strong></span> <span class='ocrx_word' id='word_1_111' title='bbox 2374 530 2644 591; x_wconf 89' lang='lat' dir='ltr'><strong>quartum,</strong></span> <span class='ocrx_word' id='word_1_112' title='bbox 2675 520 2982 575; x_wconf 64' lang='lat' dir='ltr'><strong>soloecismo</strong></span> <span class='ocrx_word' id='word_1_113' title='bbox 3013 519 3086 573; x_wconf 92' lang='lat' dir='ltr'><strong>uti</strong></span> <span class='ocrx_word' id='word_1_114' title='bbox 3125 518 3329 576; x_wconf 86' lang='lat' dir='ltr'><strong>facere:</strong></span> <span class='ocrx_word' id='word_1_115' title='bbox 3354 519 3457 577; x_wconf 84' lang='lat' dir='ltr'><strong>hoc</strong></span> 
     </span>
    </p>
   </div>
   <div class='ocr_carea' id='block_1_20' title="bbox 1870 609 3459 668">
    <p class='ocr_par' dir='ltr' id='par_1_20' title="bbox 1870 609 3459 668">
     <span class='ocr_line' id='line_1_20' title="bbox 1870 609 3459 668; baseline -0.001 -1"><span class='ocrx_word' id='word_1_116' title='bbox 1870 623 2046 667; x_wconf 87' lang='lat' dir='ltr'><strong>autem</strong></span> <span class='ocrx_word' id='word_1_117' title='bbox 2107 621 2188 667; x_wconf 77' lang='lat' dir='ltr'><strong>est</strong></span> <span class='ocrx_word' id='word_1_118' title='bbox 2243 612 2419 668; x_wconf 88' lang='lat' dir='ltr'><strong>facere</strong></span> <span class='ocrx_word' id='word_1_119' title='bbox 2474 612 2773 666; x_wconf 85' lang='lat' dir='ltr'><strong>secundum</strong></span> <span class='ocrx_word' id='word_1_120' title='bbox 2834 610 3160 666; x_wconf 91' lang='lat' dir='ltr'><strong>locutionem</strong></span> <span class='ocrx_word' id='word_1_121' title='bbox 3213 609 3459 665; x_wconf 81' lang='lat' dir='ltr'><strong>barbari-</strong></span> 
     </span>
    </p>
   </div>
   <div class='ocr_carea' id='block_1_21' title="bbox 1872 696 3458 773">
    <p class='ocr_par' dir='ltr' id='par_1_21' title="bbox 1872 696 3458 773">
     <span class='ocr_line' id='line_1_21' title="bbox 1872 696 3458 773; baseline -0.002 -13"><span class='ocrx_word' id='word_1_122' title='bbox 1872 696 1996 760; x_wconf 83' lang='lat' dir='ltr'><strong>zare</strong></span> <span class='ocrx_word' id='word_1_123' title='bbox 2047 720 2115 760; x_wconf 89' lang='lat' dir='ltr'><strong>ex</strong></span> <span class='ocrx_word' id='word_1_124' title='bbox 2162 704 2403 759; x_wconf 85' lang='lat' dir='ltr'><strong>oratione</strong></span> <span class='ocrx_word' id='word_1_125' title='bbox 2456 703 2896 773; x_wconf 89' lang='lat' dir='ltr'><strong>respondentem.</strong></span> <span class='ocrx_word' id='word_1_126' title='bbox 2941 702 3198 758; x_wconf 87' lang='lat' dir='ltr'><strong>Ultimum</strong></span> <span class='ocrx_word' id='word_1_127' title='bbox 3246 712 3458 766; x_wconf 88' lang='lat' dir='ltr'><strong>autem,</strong></span> 
     </span>
    </p>
   </div>
   <div class='ocr_carea' id='block_1_22' title="bbox 1873 796 3458 868">
    <p class='ocr_par' dir='ltr' id='par_1_22' title="bbox 1873 796 3458 868">
     <span class='ocr_line' id='line_1_22' title="bbox 1873 796 3458 868; baseline -0.001 -14"><span class='ocrx_word' id='word_1_128' title='bbox 1873 798 2013 854; x_wconf 90' lang='lat' dir='ltr'><strong>idem</strong></span> <span class='ocrx_word' id='word_1_129' title='bbox 2065 798 2377 868; x_wconf 89' lang='lat' dir='ltr'><strong>frequenter</strong></span> <span class='ocrx_word' id='word_1_130' title='bbox 2421 797 2627 853; x_wconf 90' lang='lat' dir='ltr'><strong>dicere.</strong></span> <span class='ocrx_word' id='word_1_131' title='bbox 2674 796 2814 853; x_wconf 85' lang='lat' dir='ltr'><strong>Modi</strong></span> <span class='ocrx_word' id='word_1_132' title='bbox 2867 805 3046 852; x_wconf 89' lang='lat' dir='ltr'><strong>autem</strong></span> <span class='ocrx_word' id='word_1_133' title='bbox 3093 796 3458 867; x_wconf 80' lang='lat' dir='ltr'><strong>redarguendi</strong></span> 
     </span>
    </p>
   </div>
   <div class='ocr_carea' id='block_1_23' title="bbox 1872 890 3460 962">
    <p class='ocr_par' dir='ltr' id='par_1_23' title="bbox 1872 890 3460 962">
     <span class='ocr_line' id='line_1_23' title="bbox 1872 890 3460 962; baseline -0.003 -13"><span class='ocrx_word' id='word_1_134' title='bbox 1872 903 1998 949; x_wconf 91' lang='lat' dir='ltr'><strong>sunt</strong></span> <span class='ocrx_word' id='word_1_135' title='bbox 2031 893 2178 949; x_wconf 90' lang='lat' dir='ltr'><strong>duo:</strong></span> <span class='ocrx_word' id='word_1_136' title='bbox 2212 907 2334 948; x_wconf 91' lang='lat' dir='ltr'><strong>nam</strong></span> <span class='ocrx_word' id='word_1_137' title='bbox 2378 892 2469 946; x_wconf 88' lang='lat' dir='ltr'><strong>alii</strong></span> <span class='ocrx_word' id='word_1_138' title='bbox 2500 891 2715 961; x_wconf 89' lang='lat' dir='ltr'><strong>quidem</strong></span> <span class='ocrx_word' id='word_1_139' title='bbox 2746 899 2873 947; x_wconf 89' lang='lat' dir='ltr'><strong>sunt</strong></span> <span class='ocrx_word' id='word_1_140' title='bbox 2901 899 3121 962; x_wconf 89' lang='lat' dir='ltr'><strong>propter</strong></span> <span class='ocrx_word' id='word_1_141' title='bbox 3145 890 3460 958; x_wconf 87' lang='lat' dir='ltr'><strong>dictionem,</strong></span> 
     </span>
    </p>
   </div>
   <div class='ocr_carea' id='block_1_24' title="bbox 1872 983 3463 1055">
    <p class='ocr_par' dir='ltr' id='par_1_24' title="bbox 1872 983 3463 1055">
     <span class='ocr_line' id='line_1_24' title="bbox 1872 983 3463 1055; baseline -0.003 -13"><span class='ocrx_word' id='word_1_142' title='bbox 1872 987 1965 1042; x_wconf 84' lang='lat' dir='ltr'><strong>alii</strong></span> <span class='ocrx_word' id='word_1_143' title='bbox 1983 1000 2112 1042; x_wconf 91' lang='lat' dir='ltr'><strong>vero</strong></span> <span class='ocrx_word' id='word_1_144' title='bbox 2129 996 2282 1041; x_wconf 83' lang='lat' dir='ltr'><strong>extra</strong></span> <span class='ocrx_word' id='word_1_145' title='bbox 2309 984 2620 1041; x_wconf 89' lang='lat' dir='ltr'><strong>dictionem.</strong></span> <span class='ocrx_word' id='word_1_146' title='bbox 2642 983 2781 1039; x_wconf 90' lang='lat' dir='ltr'><strong>Sunt</strong></span> <span class='ocrx_word' id='word_1_147' title='bbox 2799 996 2979 1039; x_wconf 89' lang='lat' dir='ltr'><strong>autem</strong></span> <span class='ocrx_word' id='word_1_148' title='bbox 3009 998 3073 1040; x_wconf 89' lang='lat' dir='ltr'><strong>ea</strong></span> <span class='ocrx_word' id='word_1_149' title='bbox 3094 984 3313 1055; x_wconf 88' lang='lat' dir='ltr'><strong>quidem</strong></span> <span class='ocrx_word' id='word_1_150' title='bbox 3340 998 3463 1053; x_wconf 71' lang='lat' dir='ltr'><strong>qua:</strong></span> 
     </span>
    </p>
   </div>
   <div class='ocr_carea' id='block_1_25' title="bbox 1876 1076 3459 1148">
    <p class='ocr_par' dir='ltr' id='par_1_25' title="bbox 1876 1076 3459 1148">
     <span class='ocr_line' id='line_1_25' title="bbox 1876 1076 3459 1148; baseline -0.002 -15"><span class='ocrx_word' id='word_1_151' title='bbox 1876 1087 2089 1148; x_wconf 89' lang='lat' dir='ltr'><strong>propter</strong></span> <span class='ocrx_word' id='word_1_152' title='bbox 2120 1077 2406 1133; x_wconf 89' lang='lat' dir='ltr'><strong>dictionem</strong></span> <span class='ocrx_word' id='word_1_153' title='bbox 2459 1076 2675 1131; x_wconf 82' lang='lat' dir='ltr'><strong>faciunt</strong></span> <span class='ocrx_word' id='word_1_154' title='bbox 2702 1076 3036 1147; x_wconf 83' lang='lat' dir='ltr'><strong>phantasiam</strong></span> <span class='ocrx_word' id='word_1_155' title='bbox 3080 1092 3148 1132; x_wconf 87' lang='lat' dir='ltr'><strong>ex</strong></span> <span class='ocrx_word' id='word_1_156' title='bbox 3193 1092 3459 1139; x_wconf 80' lang='lat' dir='ltr'><strong>numero;</strong></span> 
     </span>
    </p>
   </div>
   <div class='ocr_carea' id='block_1_26' title="bbox 1862 1154 3463 1246">
    <p class='ocr_par' dir='ltr' id='par_1_26' title="bbox 1862 1154 3463 1246">
     <span class='ocr_line' id='line_1_26' title="bbox 1862 1154 3463 1246; baseline -0.002 -23"><span class='ocrx_word' id='word_1_157' title='bbox 1862 1169 1997 1241; x_wconf 63' lang='lat' dir='ltr'><strong>haec</strong></span> <span class='ocrx_word' id='word_1_158' title='bbox 2026 1159 2242 1239; x_wconf 86' lang='lat' dir='ltr'><strong>quidem</strong></span> <span class='ocrx_word' id='word_1_159' title='bbox 2279 1176 2405 1222; x_wconf 92' lang='lat' dir='ltr'><strong>sunt</strong></span> <span class='ocrx_word' id='word_1_160' title='bbox 2434 1166 2810 1236; x_wconf 71' lang='lat' dir='ltr'><strong>aequivocatio,</strong></span> <span class='ocrx_word' id='word_1_161' title='bbox 2841 1167 3201 1246; x_wconf 80' lang='lat' dir='ltr'><strong>amphibolia.</strong></span> <span class='ocrx_word' id='word_1_162' title='bbox 3235 1154 3463 1236; x_wconf 81' lang='lat' dir='ltr'><strong>compo-</strong></span> 
     </span>
    </p>
   </div>
   <div class='ocr_carea' id='block_1_27' title="bbox 1876 1256 3469 1329">
    <p class='ocr_par' dir='ltr' id='par_1_27' title="bbox 1876 1256 3469 1329">
     <span class='ocr_line' id='line_1_27' title="bbox 1876 1256 3469 1329; baseline -0.001 -15"><span class='ocrx_word' id='word_1_163' title='bbox 1876 1260 2029 1324; x_wconf 89' lang='lat' dir='ltr'><strong>sitio,</strong></span> <span class='ocrx_word' id='word_1_164' title='bbox 2078 1258 2310 1320; x_wconf 83' lang='lat' dir='ltr'><strong>divisio.</strong></span> <span class='ocrx_word' id='word_1_165' title='bbox 2342 1267 2628 1324; x_wconf 89' lang='lat' dir='ltr'><strong>accentus,</strong></span> <span class='ocrx_word' id='word_1_166' title='bbox 2677 1266 2730 1313; x_wconf 90' lang='lat' dir='ltr'><strong>et</strong></span> <span class='ocrx_word' id='word_1_167' title='bbox 2773 1258 2943 1327; x_wconf 86' lang='lat' dir='ltr'><strong>ﬁgura</strong></span> <span class='ocrx_word' id='word_1_168' title='bbox 2981 1256 3253 1313; x_wconf 82' lang='lat' dir='ltr'><strong>dictionis.</strong></span> <span class='ocrx_word' id='word_1_169' title='bbox 3297 1257 3469 1329; x_wconf 78' lang='lat' dir='ltr'><strong>ilujus</strong></span> 
     </span>
    </p>
   </div>
   <div class='ocr_carea' id='block_1_28' title="bbox 1877 1349 3467 1422">
    <p class='ocr_par' dir='ltr' id='par_1_28' title="bbox 1877 1349 3467 1422">
     <span class='ocr_line' id='line_1_28' title="bbox 1877 1349 3467 1422; baseline 0 -17"><span class='ocrx_word' id='word_1_170' title='bbox 1877 1362 2056 1406; x_wconf 88' lang='lat' dir='ltr'><strong>autem</strong></span> <span class='ocrx_word' id='word_1_171' title='bbox 2086 1350 2240 1415; x_wconf 87' lang='lat' dir='ltr'><strong>ﬁdes,</strong></span> <span class='ocrx_word' id='word_1_172' title='bbox 2271 1358 2327 1406; x_wconf 92' lang='lat' dir='ltr'><strong>et</strong></span> <span class='ocrx_word' id='word_1_173' title='bbox 2354 1364 2415 1405; x_wconf 90' lang='lat' dir='ltr'><strong>ea</strong></span> <span class='ocrx_word' id='word_1_174' title='bbox 2438 1364 2558 1420; x_wconf 75' lang='lat' dir='ltr'><strong>quae</strong></span> <span class='ocrx_word' id='word_1_175' title='bbox 2581 1358 2664 1405; x_wconf 90' lang='lat' dir='ltr'><strong>est</strong></span> <span class='ocrx_word' id='word_1_176' title='bbox 2692 1364 2787 1419; x_wconf 90' lang='lat' dir='ltr'><strong>per</strong></span> <span class='ocrx_word' id='word_1_177' title='bbox 2809 1349 3195 1414; x_wconf 85' lang='lat' dir='ltr'><strong>inductionem,</strong></span> <span class='ocrx_word' id='word_1_178' title='bbox 3219 1359 3274 1405; x_wconf 91' lang='lat' dir='ltr'><strong>et</strong></span> <span class='ocrx_word' id='word_1_179' title='bbox 3302 1351 3467 1422; x_wconf 75' lang='lat' dir='ltr'><strong>syllo-</strong></span> 
     </span>
    </p>
   </div>
   <div class='ocr_carea' id='block_1_29' title="bbox 1875 1441 3468 1514">
    <p class='ocr_par' dir='ltr' id='par_1_29' title="bbox 1875 1441 3468 1514">
     <span class='ocr_line' id='line_1_29' title="bbox 1875 1441 3468 1514; baseline -0.001 -15"><span class='ocrx_word' id='word_1_180' title='bbox 1875 1444 2100 1514; x_wconf 86' lang='lat' dir='ltr'><strong>gismus,</strong></span> <span class='ocrx_word' id='word_1_181' title='bbox 2136 1453 2191 1499; x_wconf 91' lang='lat' dir='ltr'><strong>et</strong></span> <span class='ocrx_word' id='word_1_182' title='bbox 2219 1446 2388 1513; x_wconf 88' lang='lat' dir='ltr'><strong>siqua</strong></span> <span class='ocrx_word' id='word_1_183' title='bbox 2410 1452 2655 1497; x_wconf 88' lang='lat' dir='ltr'><strong>sumatur</strong></span> <span class='ocrx_word' id='word_1_184' title='bbox 2684 1441 2810 1509; x_wconf 89' lang='lat' dir='ltr'><strong>alia,</strong></span> <span class='ocrx_word' id='word_1_185' title='bbox 2840 1450 2897 1497; x_wconf 92' lang='lat' dir='ltr'><strong>et</strong></span> <span class='ocrx_word' id='word_1_186' title='bbox 2926 1442 3071 1510; x_wconf 87' lang='lat' dir='ltr'><strong>quod</strong></span> <span class='ocrx_word' id='word_1_187' title='bbox 3099 1444 3323 1498; x_wconf 88' lang='lat' dir='ltr'><strong>totidem</strong></span> <span class='ocrx_word' id='word_1_188' title='bbox 3348 1458 3468 1497; x_wconf 88' lang='lat' dir='ltr'><strong>mo-</strong></span> 
     </span>
    </p>
   </div>
   <div class='ocr_carea' id='block_1_30' title="bbox 1877 1533 3473 1603">
    <p class='ocr_par' dir='ltr' id='par_1_30' title="bbox 1877 1533 3473 1603">
     <span class='ocr_line' id='line_1_30' title="bbox 1877 1533 3473 1603; baseline 0.001 -12"><span class='ocrx_word' id='word_1_189' title='bbox 1877 1537 1982 1603; x_wconf 89' lang='lat' dir='ltr'><strong>dis,</strong></span> <span class='ocrx_word' id='word_1_190' title='bbox 2009 1537 2054 1591; x_wconf 88' lang='lat' dir='ltr'><strong>si</strong></span> <span class='ocrx_word' id='word_1_191' title='bbox 2079 1535 2284 1591; x_wconf 90' lang='lat' dir='ltr'><strong>eisdem</strong></span> <span class='ocrx_word' id='word_1_192' title='bbox 2321 1535 2630 1590; x_wconf 87' lang='lat' dir='ltr'><strong>nominibus</strong></span> <span class='ocrx_word' id='word_1_193' title='bbox 2658 1542 2714 1591; x_wconf 90' lang='lat' dir='ltr'><strong>et</strong></span> <span class='ocrx_word' id='word_1_194' title='bbox 2759 1533 2966 1589; x_wconf 88' lang='lat' dir='ltr'><strong>eisdem</strong></span> <span class='ocrx_word' id='word_1_195' title='bbox 2992 1536 3324 1589; x_wconf 85' lang='lat' dir='ltr'><strong>orationibus</strong></span> <span class='ocrx_word' id='word_1_196' title='bbox 3356 1553 3473 1592; x_wconf 89' lang='lat' dir='ltr'><strong>non</strong></span> 
     </span>
    </p>
   </div>
   <div class='ocr_carea' id='block_1_31' title="bbox 1877 1626 3469 1696">
    <p class='ocr_par' dir='ltr' id='par_1_31' title="bbox 1877 1626 3469 1696">
     <span class='ocr_line' id='line_1_31' title="bbox 1877 1626 3469 1696; baseline -0.001 -14"><span class='ocrx_word' id='word_1_197' title='bbox 1877 1627 2019 1682; x_wconf 90' lang='lat' dir='ltr'><strong>idem</strong></span> <span class='ocrx_word' id='word_1_198' title='bbox 2050 1627 2440 1695; x_wconf 82' lang='lat' dir='ltr'><strong>signiﬁcamus.</strong></span> <span class='ocrx_word' id='word_1_199' title='bbox 2469 1626 2607 1683; x_wconf 86' lang='lat' dir='ltr'><strong>Sunt</strong></span> <span class='ocrx_word' id='word_1_200' title='bbox 2635 1636 2812 1682; x_wconf 89' lang='lat' dir='ltr'><strong>autem</strong></span> <span class='ocrx_word' id='word_1_201' title='bbox 2842 1635 3065 1696; x_wconf 83' lang='lat' dir='ltr'><strong>prepter</strong></span> <span class='ocrx_word' id='word_1_202' title='bbox 3084 1628 3469 1696; x_wconf 73' lang='lat' dir='ltr'><strong>aequivocatio-</strong></span> 
     </span>
    </p>
   </div>
   <div class='ocr_carea' id='block_1_32' title="bbox 1880 1719 3467 1790">
    <p class='ocr_par' dir='ltr' id='par_1_32' title="bbox 1880 1719 3467 1790">
     <span class='ocr_line' id='line_1_32' title="bbox 1880 1719 3467 1790; baseline 0.003 -15"><span class='ocrx_word' id='word_1_203' title='bbox 1880 1736 2004 1775; x_wconf 92' lang='lat' dir='ltr'><strong>nem</strong></span> <span class='ocrx_word' id='word_1_204' title='bbox 2037 1720 2345 1789; x_wconf 79' lang='lat' dir='ltr'><strong>huiusmodi</strong></span> <span class='ocrx_word' id='word_1_205' title='bbox 2368 1720 2661 1783; x_wconf 83' lang='lat' dir='ltr'><strong>orationes,</strong></span> <span class='ocrx_word' id='word_1_206' title='bbox 2699 1720 2923 1790; x_wconf 87' lang='lat' dir='ltr'><strong>utquod</strong></span> <span class='ocrx_word' id='word_1_207' title='bbox 2947 1719 3163 1781; x_wconf 88' lang='lat' dir='ltr'><strong>discunt</strong></span> <span class='ocrx_word' id='word_1_208' title='bbox 3192 1721 3467 1780; x_wconf 82' lang='lat' dir='ltr'><strong>scientes:</strong></span> 
     </span>
    </p>
   </div>
   <div class='ocr_carea' id='block_1_33' title="bbox 185 1798 1782 1885">
    <p class='ocr_par' dir='ltr' id='par_1_33' title="bbox 185 1798 1776 1883">
     <span class='ocr_line' id='line_1_33' title="bbox 185 1798 1776 1883; baseline -0.006 -24"><span class='ocrx_word' id='word_1_209' title='bbox 185 1813 398 1870; x_wconf 90' lang='lat' dir='ltr'><strong>autem,</strong></span> <span class='ocrx_word' id='word_1_210' title='bbox 430 1814 484 1860; x_wconf 89' lang='lat' dir='ltr'><strong>et</strong></span> <span class='ocrx_word' id='word_1_211' title='bbox 528 1804 769 1873; x_wconf 89' lang='lat' dir='ltr'><strong>sophista</strong></span> <span class='ocrx_word' id='word_1_212' title='bbox 800 1802 1151 1872; x_wconf 89' lang='lat' dir='ltr'><strong>pecuniarum</strong></span> <span class='ocrx_word' id='word_1_213' title='bbox 1196 1807 1492 1869; x_wconf 89' lang='lat' dir='ltr'><strong>aucupator</strong></span> <span class='ocrx_word' id='word_1_214' title='bbox 1518 1798 1584 1853; x_wconf 93' lang='lat' dir='ltr'><strong>ab</strong></span> <span class='ocrx_word' id='word_1_215' title='bbox 1610 1812 1776 1883; x_wconf 66' lang='lat' dir='ltr'><strong>appa-</strong></span> 
     </span>
    </p>
   </div>
   <div class='ocr_carea' id='block_1_34' title="bbox 1887 1798 3477 1885">
    <p class='ocr_par' dir='ltr' id='par_1_34' title="bbox 1887 1812 3477 1885">
     <span class='ocr_line' id='line_1_34' title="bbox 1887 1812 3477 1885; baseline 0.004 -20"><span class='ocrx_word' id='word_1_216' title='bbox 1887 1828 2001 1867; x_wconf 89' lang='lat' dir='ltr'><strong>nam</strong></span> <span class='ocrx_word' id='word_1_217' title='bbox 2034 1827 2096 1867; x_wconf 90' lang='lat' dir='ltr'><strong>ea</strong></span> <span class='ocrx_word' id='word_1_218' title='bbox 2122 1828 2242 1880; x_wconf 82' lang='lat' dir='ltr'><strong>quae</strong></span> <span class='ocrx_word' id='word_1_219' title='bbox 2280 1813 2556 1868; x_wconf 79' lang='lat' dir='ltr'><strong>memoria:</strong></span> <span class='ocrx_word' id='word_1_220' title='bbox 2592 1812 2804 1882; x_wconf 89' lang='lat' dir='ltr'><strong>prodita</strong></span> <span class='ocrx_word' id='word_1_221' title='bbox 2844 1822 3002 1879; x_wconf 91' lang='lat' dir='ltr'><strong>sunt,</strong></span> <span class='ocrx_word' id='word_1_222' title='bbox 3032 1814 3246 1869; x_wconf 82' lang='lat' dir='ltr'><strong>discunt</strong></span> <span class='ocrx_word' id='word_1_223' title='bbox 3292 1831 3477 1885; x_wconf 80' lang='lat' dir='ltr'><strong>gram-</strong></span> 
     </span>
    </p>
   </div>
   <div class='ocr_carea' id='block_1_35' title="bbox 185 1892 1793 1985">
    <p class='ocr_par' dir='ltr' id='par_1_35' title="bbox 185 1892 1793 1985">
     <span class='ocr_line' id='line_1_35' title="bbox 185 1892 1793 1985; baseline -0.004 -33"><span class='ocrx_word' id='word_1_224' title='bbox 185 1906 339 1953; x_wconf 90' lang='lat' dir='ltr'><strong>rente</strong></span> <span class='ocrx_word' id='word_1_225' title='bbox 370 1896 752 1985; x_wconf 44' lang='lat' dir='ltr'><strong>sapientia/et</strong></span> <span class='ocrx_word' id='word_1_226' title='bbox 782 1909 887 1950; x_wconf 89' lang='lat' dir='ltr'><strong>non</strong></span> <span class='ocrx_word' id='word_1_227' title='bbox 927 1892 1240 1965; x_wconf 81' lang='lat' dir='ltr'><strong>existente),</strong></span> <span class='ocrx_word' id='word_1_228' title='bbox 1272 1892 1615 1948; x_wconf 85' lang='lat' dir='ltr'><strong>manifestum</strong></span> <span class='ocrx_word' id='word_1_229' title='bbox 1649 1906 1793 1962; x_wconf 10' lang='lat' dir='ltr'><strong>pro-7</strong></span> 
     </span>
    </p>
   </div>
   <div class='ocr_carea' id='block_1_36' title="bbox 185 1983 1775 2063">
    <p class='ocr_par' dir='ltr' id='par_1_36' title="bbox 185 1983 1775 2063">
     <span class='ocr_line' id='line_1_36' title="bbox 185 1983 1775 2063; baseline -0.004 -19"><span class='ocrx_word' id='word_1_230' title='bbox 185 1991 325 2045; x_wconf 84' lang='lat' dir='ltr'><strong>iecto</strong></span> <span class='ocrx_word' id='word_1_231' title='bbox 372 1999 454 2045; x_wconf 91' lang='lat' dir='ltr'><strong>est</strong></span> <span class='ocrx_word' id='word_1_232' title='bbox 493 1983 745 2063; x_wconf 81' lang='lat' dir='ltr'><strong>quoniam</strong></span> <span class='ocrx_word' id='word_1_233' title='bbox 785 1988 1169 2047; x_wconf 82' lang='lat' dir='ltr'><strong>necessarium</strong></span> <span class='ocrx_word' id='word_1_234' title='bbox 1190 1994 1273 2041; x_wconf 89' lang='lat' dir='ltr'><strong>est</strong></span> <span class='ocrx_word' id='word_1_235' title='bbox 1302 1985 1411 2040; x_wconf 91' lang='lat' dir='ltr'><strong>illis</strong></span> <span class='ocrx_word' id='word_1_236' title='bbox 1438 1992 1493 2040; x_wconf 90' lang='lat' dir='ltr'><strong>et</strong></span> <span class='ocrx_word' id='word_1_237' title='bbox 1515 1983 1775 2053; x_wconf 87' lang='lat' dir='ltr'><strong>sapientis</strong></span> 
     </span>
    </p>
   </div>
   <div class='ocr_carea' id='block_1_37' title="bbox 185 2066 1775 2152">
    <p class='ocr_par' dir='ltr' id='par_1_37' title="bbox 185 2066 1775 2152">
     <span class='ocr_line' id='line_1_37' title="bbox 185 2066 1775 2152; baseline -0.005 -15"><span class='ocrx_word' id='word_1_238' title='bbox 185 2098 321 2152; x_wconf 88' lang='lat' dir='ltr'><strong>opus</strong></span> <span class='ocrx_word' id='word_1_239' title='bbox 362 2083 532 2139; x_wconf 90' lang='lat' dir='ltr'><strong>videri</strong></span> <span class='ocrx_word' id='word_1_240' title='bbox 561 2066 738 2138; x_wconf 84' lang='lat' dir='ltr'><strong>facere</strong></span> <span class='ocrx_word' id='word_1_241' title='bbox 762 2080 932 2152; x_wconf 87' lang='lat' dir='ltr'><strong>magis</strong></span> <span class='ocrx_word' id='word_1_242' title='bbox 960 2096 1121 2151; x_wconf 89' lang='lat' dir='ltr'><strong>quam</strong></span> <span class='ocrx_word' id='word_1_243' title='bbox 1143 2080 1341 2147; x_wconf 89' lang='lat' dir='ltr'><strong>facere,</strong></span> <span class='ocrx_word' id='word_1_244' title='bbox 1370 2088 1425 2133; x_wconf 92' lang='lat' dir='ltr'><strong>et</strong></span> <span class='ocrx_word' id='word_1_245' title='bbox 1447 2092 1552 2132; x_wconf 90' lang='lat' dir='ltr'><strong>non</strong></span> <span class='ocrx_word' id='word_1_246' title='bbox 1579 2075 1775 2130; x_wconf 91' lang='lat' dir='ltr'><strong>videri.</strong></span> 
     </span>
    </p>
   </div>
   <div class='ocr_carea' id='block_1_38' title="bbox 187 2168 1779 2243">
    <p class='ocr_par' dir='ltr' id='par_1_38' title="bbox 187 2168 1779 2243">
     <span class='ocr_line' id='line_1_38' title="bbox 187 2168 1779 2243; baseline -0.004 -14"><span class='ocrx_word' id='word_1_247' title='bbox 187 2173 284 2229; x_wconf 85' lang='lat' dir='ltr'><strong>Est</strong></span> <span class='ocrx_word' id='word_1_248' title='bbox 312 2186 495 2229; x_wconf 86' lang='lat' dir='ltr'><strong>autem</strong></span> <span class='ocrx_word' id='word_1_249' title='bbox 520 2173 611 2243; x_wconf 88' lang='lat' dir='ltr'><strong>(ut</strong></span> <span class='ocrx_word' id='word_1_250' title='bbox 639 2187 806 2228; x_wconf 89' lang='lat' dir='ltr'><strong>unum</strong></span> <span class='ocrx_word' id='word_1_251' title='bbox 837 2170 905 2226; x_wconf 92' lang='lat' dir='ltr'><strong>ad</strong></span> <span class='ocrx_word' id='word_1_252' title='bbox 935 2186 1098 2226; x_wconf 92' lang='lat' dir='ltr'><strong>unum</strong></span> <span class='ocrx_word' id='word_1_253' title='bbox 1129 2168 1407 2239; x_wconf 89' lang='lat' dir='ltr'><strong>dicamus)</strong></span> <span class='ocrx_word' id='word_1_254' title='bbox 1442 2168 1494 2225; x_wconf 91' lang='lat' dir='ltr'><strong>in</strong></span> <span class='ocrx_word' id='word_1_255' title='bbox 1538 2182 1779 2240; x_wconf 90' lang='lat' dir='ltr'><strong>unoquo-</strong></span> 
     </span>
    </p>
   </div>
   <div class='ocr_carea' id='block_1_39' title="bbox 184 2261 1779 2337">
    <p class='ocr_par' dir='ltr' id='par_1_39' title="bbox 184 2261 1779 2337">
     <span class='ocr_line' id='line_1_39' title="bbox 184 2261 1779 2337; baseline -0.003 -16"><span class='ocrx_word' id='word_1_256' title='bbox 184 2281 293 2337; x_wconf 90' lang='lat' dir='ltr'><strong>que</strong></span> <span class='ocrx_word' id='word_1_257' title='bbox 343 2282 481 2337; x_wconf 90' lang='lat' dir='ltr'><strong>opus</strong></span> <span class='ocrx_word' id='word_1_258' title='bbox 509 2266 803 2336; x_wconf 89' lang='lat' dir='ltr'><strong>sapientis,</strong></span> <span class='ocrx_word' id='word_1_259' title='bbox 839 2280 948 2321; x_wconf 91' lang='lat' dir='ltr'><strong>non</strong></span> <span class='ocrx_word' id='word_1_260' title='bbox 988 2264 1206 2321; x_wconf 87' lang='lat' dir='ltr'><strong>mentiri</strong></span> <span class='ocrx_word' id='word_1_261' title='bbox 1247 2262 1466 2332; x_wconf 87' lang='lat' dir='ltr'><strong>quidem</strong></span> <span class='ocrx_word' id='word_1_262' title='bbox 1499 2264 1671 2332; x_wconf 91' lang='lat' dir='ltr'><strong>ipsum</strong></span> <span class='ocrx_word' id='word_1_263' title='bbox 1710 2261 1779 2317; x_wconf 91' lang='lat' dir='ltr'><strong>de</strong></span> 
     </span>
    </p>
   </div>
   <div class='ocr_carea' id='block_1_40' title="bbox 182 2352 1776 2429">
    <p class='ocr_par' dir='ltr' id='par_1_40' title="bbox 182 2352 1776 2429">
     <span class='ocr_line' id='line_1_40' title="bbox 182 2352 1776 2429; baseline -0.004 -16"><span class='ocrx_word' id='word_1_264' title='bbox 182 2358 385 2429; x_wconf 87' lang='lat' dir='ltr'><strong>quibus</strong></span> <span class='ocrx_word' id='word_1_265' title='bbox 414 2358 583 2423; x_wconf 91' lang='lat' dir='ltr'><strong>novit,</strong></span> <span class='ocrx_word' id='word_1_266' title='bbox 617 2357 967 2413; x_wconf 85' lang='lat' dir='ltr'><strong>mentientem</strong></span> <span class='ocrx_word' id='word_1_267' title='bbox 995 2364 1173 2410; x_wconf 89' lang='lat' dir='ltr'><strong>autem</strong></span> <span class='ocrx_word' id='word_1_268' title='bbox 1206 2352 1554 2409; x_wconf 89' lang='lat' dir='ltr'><strong>manifestare</strong></span> <span class='ocrx_word' id='word_1_269' title='bbox 1596 2367 1776 2422; x_wconf 89' lang='lat' dir='ltr'><strong>posse.</strong></span> 
     </span>
    </p>
   </div>
   <div class='ocr_carea' id='block_1_41' title="bbox 185 2443 1780 2518">
    <p class='ocr_par' dir='ltr' id='par_1_41' title="bbox 185 2443 1780 2518">
     <span class='ocr_line' id='line_1_41' title="bbox 185 2443 1780 2518; baseline -0.003 -15"><span class='ocrx_word' id='word_1_270' title='bbox 185 2450 313 2505; x_wconf 71' lang='lat' dir='ltr'><strong>llazc</strong></span> <span class='ocrx_word' id='word_1_271' title='bbox 342 2459 524 2506; x_wconf 90' lang='lat' dir='ltr'><strong>autem</strong></span> <span class='ocrx_word' id='word_1_272' title='bbox 548 2458 693 2514; x_wconf 86' lang='lat' dir='ltr'><strong>sunt,</strong></span> <span class='ocrx_word' id='word_1_273' title='bbox 727 2448 831 2501; x_wconf 85' lang='lat' dir='ltr'><strong>hoc</strong></span> <span class='ocrx_word' id='word_1_274' title='bbox 860 2446 1074 2518; x_wconf 92' lang='lat' dir='ltr'><strong>quidem</strong></span> <span class='ocrx_word' id='word_1_275' title='bbox 1103 2446 1156 2500; x_wconf 90' lang='lat' dir='ltr'><strong>in</strong></span> <span class='ocrx_word' id='word_1_276' title='bbox 1184 2459 1250 2502; x_wconf 91' lang='lat' dir='ltr'><strong>eo</strong></span> <span class='ocrx_word' id='word_1_277' title='bbox 1271 2445 1413 2515; x_wconf 89' lang='lat' dir='ltr'><strong>quod</strong></span> <span class='ocrx_word' id='word_1_278' title='bbox 1446 2453 1622 2515; x_wconf 91' lang='lat' dir='ltr'><strong>potest</strong></span> <span class='ocrx_word' id='word_1_279' title='bbox 1650 2443 1780 2498; x_wconf 83' lang='lat' dir='ltr'><strong>dare</strong></span> 
     </span>
    </p>
   </div>
   <div class='ocr_carea' id='block_1_42' title="bbox 182 2533 1781 2608">
    <p class='ocr_par' dir='ltr' id='par_1_42' title="bbox 182 2533 1781 2608">
     <span class='ocr_line' id='line_1_42' title="bbox 182 2533 1781 2608; baseline -0.006 -10"><span class='ocrx_word' id='word_1_280' title='bbox 182 2543 516 2607; x_wconf 87' lang='lat' dir='ltr'><strong>orationem,</strong></span> <span class='ocrx_word' id='word_1_281' title='bbox 545 2541 671 2596; x_wconf 88' lang='lat' dir='ltr'><strong>illud</strong></span> <span class='ocrx_word' id='word_1_282' title='bbox 704 2550 885 2595; x_wconf 89' lang='lat' dir='ltr'><strong>autem</strong></span> <span class='ocrx_word' id='word_1_283' title='bbox 916 2541 969 2595; x_wconf 92' lang='lat' dir='ltr'><strong>in</strong></span> <span class='ocrx_word' id='word_1_284' title='bbox 993 2554 1059 2594; x_wconf 93' lang='lat' dir='ltr'><strong>eo</strong></span> <span class='ocrx_word' id='word_1_285' title='bbox 1088 2536 1229 2608; x_wconf 90' lang='lat' dir='ltr'><strong>quod</strong></span> <span class='ocrx_word' id='word_1_286' title='bbox 1278 2550 1518 2592; x_wconf 89' lang='lat' dir='ltr'><strong>sumere.</strong></span> <span class='ocrx_word' id='word_1_287' title='bbox 1548 2533 1781 2590; x_wconf 84' lang='lat' dir='ltr'><strong>Necesse</strong></span> 
     </span>
    </p>
   </div>
   <div class='ocr_carea' id='block_1_43' title="bbox 180 2628 1777 2705">
    <p class='ocr_par' dir='ltr' id='par_1_43' title="bbox 180 2628 1777 2705">
     <span class='ocr_line' id='line_1_43' title="bbox 180 2628 1777 2705; baseline -0.006 -14"><span class='ocrx_word' id='word_1_288' title='bbox 180 2645 266 2691; x_wconf 88' lang='lat' dir='ltr'><strong>est</strong></span> <span class='ocrx_word' id='word_1_289' title='bbox 301 2634 468 2705; x_wconf 84' lang='lat' dir='ltr'><strong>igitur</strong></span> <span class='ocrx_word' id='word_1_290' title='bbox 497 2633 620 2689; x_wconf 91' lang='lat' dir='ltr'><strong>illos</strong></span> <span class='ocrx_word' id='word_1_291' title='bbox 649 2634 741 2704; x_wconf 89' lang='lat' dir='ltr'><strong>qui</strong></span> <span class='ocrx_word' id='word_1_292' title='bbox 774 2633 961 2688; x_wconf 88' lang='lat' dir='ltr'><strong>volunt</strong></span> <span class='ocrx_word' id='word_1_293' title='bbox 984 2631 1278 2701; x_wconf 81' lang='lat' dir='ltr'><strong>sopliistice</strong></span> <span class='ocrx_word' id='word_1_294' title='bbox 1305 2644 1487 2700; x_wconf 85' lang='lat' dir='ltr'><strong>agerc,</strong></span> <span class='ocrx_word' id='word_1_295' title='bbox 1513 2628 1777 2682; x_wconf 81' lang='lat' dir='ltr'><strong>dictarum</strong></span> 
     </span>
    </p>
   </div>
   <div class='ocr_carea' id='block_1_44' title="bbox 181 2721 1783 2797">
    <p class='ocr_par' dir='ltr' id='par_1_44' title="bbox 181 2721 1783 2797">
     <span class='ocr_line' id='line_1_44' title="bbox 181 2721 1783 2797; baseline -0.003 -17"><span class='ocrx_word' id='word_1_296' title='bbox 181 2728 494 2783; x_wconf 89' lang='lat' dir='ltr'><strong>orationum</strong></span> <span class='ocrx_word' id='word_1_297' title='bbox 540 2741 711 2797; x_wconf 86' lang='lat' dir='ltr'><strong>genus</strong></span> <span class='ocrx_word' id='word_1_298' title='bbox 740 2739 1001 2794; x_wconf 70' lang='lat' dir='ltr'><strong>quaerere.</strong></span> <span class='ocrx_word' id='word_1_299' title='bbox 1031 2724 1221 2794; x_wconf 72' lang='lat' dir='ltr'><strong>Opera:</strong></span> <span class='ocrx_word' id='word_1_300' title='bbox 1260 2724 1404 2778; x_wconf 91' lang='lat' dir='ltr'><strong>enim</strong></span> <span class='ocrx_word' id='word_1_301' title='bbox 1438 2721 1668 2790; x_wconf 86' lang='lat' dir='ltr'><strong>pretium</strong></span> <span class='ocrx_word' id='word_1_302' title='bbox 1698 2728 1783 2775; x_wconf 93' lang='lat' dir='ltr'><strong>est</strong></span> 
     </span>
    </p>
   </div>
   <div class='ocr_carea' id='block_1_45' title="bbox 182 2811 1780 2887">
    <p class='ocr_par' dir='ltr' id='par_1_45' title="bbox 182 2811 1780 2887">
     <span class='ocr_line' id='line_1_45' title="bbox 182 2811 1780 2887; baseline -0.003 -16"><span class='ocrx_word' id='word_1_303' title='bbox 182 2817 286 2883; x_wconf 91' lang='lat' dir='ltr'><strong>eis,</strong></span> <span class='ocrx_word' id='word_1_304' title='bbox 331 2832 457 2871; x_wconf 88' lang='lat' dir='ltr'><strong>nam</strong></span> <span class='ocrx_word' id='word_1_305' title='bbox 490 2815 796 2887; x_wconf 88' lang='lat' dir='ltr'><strong>bujusmodi</strong></span> <span class='ocrx_word' id='word_1_306' title='bbox 830 2822 1067 2884; x_wconf 89' lang='lat' dir='ltr'><strong>potestas</strong></span> <span class='ocrx_word' id='word_1_307' title='bbox 1111 2813 1266 2869; x_wconf 82' lang='lat' dir='ltr'><strong>faciet</strong></span> <span class='ocrx_word' id='word_1_308' title='bbox 1301 2811 1471 2867; x_wconf 87' lang='lat' dir='ltr'><strong>videri</strong></span> <span class='ocrx_word' id='word_1_309' title='bbox 1502 2812 1780 2882; x_wconf 87' lang='lat' dir='ltr'><strong>sapientes</strong></span> 
     </span>
    </p>
   </div>
   <div class='ocr_carea' id='block_1_46' title="bbox 181 2904 1782 2978">
    <p class='ocr_par' dir='ltr' id='par_1_46' title="bbox 181 2904 1782 2978">
     <span class='ocr_line' id='line_1_46' title="bbox 181 2904 1782 2978; baseline -0.003 -15"><span class='ocrx_word' id='word_1_310' title='bbox 181 2909 346 2978; x_wconf 88' lang='lat' dir='ltr'><strong>cujus</strong></span> <span class='ocrx_word' id='word_1_311' title='bbox 388 2917 516 2963; x_wconf 92' lang='lat' dir='ltr'><strong>sunt</strong></span> <span class='ocrx_word' id='word_1_312' title='bbox 544 2906 871 2963; x_wconf 87' lang='lat' dir='ltr'><strong>desiderium</strong></span> <span class='ocrx_word' id='word_1_313' title='bbox 916 2906 1198 2961; x_wconf 90' lang='lat' dir='ltr'><strong>habentes.</strong></span> <span class='ocrx_word' id='word_1_314' title='bbox 1241 2905 1394 2973; x_wconf 85' lang='lat' dir='ltr'><strong>Quod</strong></span> <span class='ocrx_word' id='word_1_315' title='bbox 1445 2914 1625 2959; x_wconf 91' lang='lat' dir='ltr'><strong>autem</strong></span> <span class='ocrx_word' id='word_1_316' title='bbox 1676 2904 1782 2958; x_wconf 89' lang='lat' dir='ltr'><strong>tale</strong></span> 
     </span>
    </p>
   </div>
   <div class='ocr_carea' id='block_1_47' title="bbox 182 2998 1782 3069">
    <p class='ocr_par' dir='ltr' id='par_1_47' title="bbox 182 2998 1782 3069">
     <span class='ocr_line' id='line_1_47' title="bbox 182 2998 1782 3069; baseline -0.003 -14"><span class='ocrx_word' id='word_1_317' title='bbox 182 3002 500 3055; x_wconf 85' lang='lat' dir='ltr'><strong>orationum</strong></span> <span class='ocrx_word' id='word_1_318' title='bbox 538 3014 714 3068; x_wconf 86' lang='lat' dir='ltr'><strong>genus</strong></span> <span class='ocrx_word' id='word_1_319' title='bbox 759 3007 859 3062; x_wconf 89' lang='lat' dir='ltr'><strong>est,</strong></span> <span class='ocrx_word' id='word_1_320' title='bbox 892 2999 1111 3069; x_wconf 89' lang='lat' dir='ltr'><strong>etquod</strong></span> <span class='ocrx_word' id='word_1_321' title='bbox 1141 2998 1301 3053; x_wconf 80' lang='lat' dir='ltr'><strong>talem</strong></span> <span class='ocrx_word' id='word_1_322' title='bbox 1323 3005 1583 3068; x_wconf 91' lang='lat' dir='ltr'><strong>appetunt</strong></span> <span class='ocrx_word' id='word_1_323' title='bbox 1632 3006 1782 3066; x_wconf 84' lang='lat' dir='ltr'><strong>pote-</strong></span> 
     </span>
    </p>
   </div>
   <div class='ocr_carea' id='block_1_48' title="bbox 181 3088 1778 3163">
    <p class='ocr_par' dir='ltr' id='par_1_48' title="bbox 181 3088 1778 3163">
     <span class='ocr_line' id='line_1_48' title="bbox 181 3088 1778 3163; baseline -0.004 -16"><span class='ocrx_word' id='word_1_324' title='bbox 181 3104 415 3160; x_wconf 75' lang='lat' dir='ltr'><strong>atatem,</strong></span> <span class='ocrx_word' id='word_1_325' title='bbox 446 3092 521 3147; x_wconf 89' lang='lat' dir='ltr'><strong>illi</strong></span> <span class='ocrx_word' id='word_1_326' title='bbox 546 3108 682 3163; x_wconf 89' lang='lat' dir='ltr'><strong>quos</strong></span> <span class='ocrx_word' id='word_1_327' title='bbox 708 3106 963 3147; x_wconf 88' lang='lat' dir='ltr'><strong>vocamus</strong></span> <span class='ocrx_word' id='word_1_328' title='bbox 988 3090 1277 3162; x_wconf 90' lang='lat' dir='ltr'><strong>sophistas,</strong></span> <span class='ocrx_word' id='word_1_329' title='bbox 1307 3088 1652 3144; x_wconf 83' lang='lat' dir='ltr'><strong>manifestum</strong></span> <span class='ocrx_word' id='word_1_330' title='bbox 1676 3096 1778 3143; x_wconf 88' lang='lat' dir='ltr'><strong>est.</strong></span> 
     </span>
    </p>
   </div>
   <div class='ocr_carea' id='block_1_49' title="bbox 1881 1904 3471 1979">
    <p class='ocr_par' dir='ltr' id='par_1_49' title="bbox 1881 1904 3471 1979">
     <span class='ocr_line' id='line_1_49' title="bbox 1881 1904 3471 1979; baseline 0.004 -20"><span class='ocrx_word' id='word_1_331' title='bbox 1881 1904 2083 1960; x_wconf 89' lang='lat' dir='ltr'><strong>matici.</strong></span> <span class='ocrx_word' id='word_1_332' title='bbox 2114 1905 2330 1960; x_wconf 89' lang='lat' dir='ltr'><strong>Discere</strong></span> <span class='ocrx_word' id='word_1_333' title='bbox 2381 1905 2524 1960; x_wconf 89' lang='lat' dir='ltr'><strong>enim</strong></span> <span class='ocrx_word' id='word_1_334' title='bbox 2554 1906 2889 1976; x_wconf 74' lang='lat' dir='ltr'><strong>aequivocum</strong></span> <span class='ocrx_word' id='word_1_335' title='bbox 2932 1917 3037 1973; x_wconf 91' lang='lat' dir='ltr'><strong>est,</strong></span> <span class='ocrx_word' id='word_1_336' title='bbox 3067 1907 3135 1961; x_wconf 90' lang='lat' dir='ltr'><strong>ad</strong></span> <span class='ocrx_word' id='word_1_337' title='bbox 3167 1908 3471 1979; x_wconf 77' lang='lat' dir='ltr'><strong>intelligere</strong></span> 
     </span>
    </p>
   </div>
   <div class='ocr_carea' id='block_1_50' title="bbox 1880 1999 3468 2071">
    <p class='ocr_par' dir='ltr' id='par_1_50' title="bbox 1880 1999 3468 2071">
     <span class='ocr_line' id='line_1_50' title="bbox 1880 1999 3468 2071; baseline 0 -15"><span class='ocrx_word' id='word_1_338' title='bbox 1880 2016 2002 2057; x_wconf 90' lang='lat' dir='ltr'><strong>eum</strong></span> <span class='ocrx_word' id='word_1_339' title='bbox 2029 2000 2119 2071; x_wconf 91' lang='lat' dir='ltr'><strong>qui</strong></span> <span class='ocrx_word' id='word_1_340' title='bbox 2142 2002 2310 2054; x_wconf 90' lang='lat' dir='ltr'><strong>utitur</strong></span> <span class='ocrx_word' id='word_1_341' title='bbox 2330 1999 2635 2069; x_wconf 86' lang='lat' dir='ltr'><strong>disciplina,</strong></span> <span class='ocrx_word' id='word_1_342' title='bbox 2662 2008 2718 2055; x_wconf 92' lang='lat' dir='ltr'><strong>et</strong></span> <span class='ocrx_word' id='word_1_343' title='bbox 2742 1999 2808 2055; x_wconf 87' lang='lat' dir='ltr'><strong>ad</strong></span> <span class='ocrx_word' id='word_1_344' title='bbox 2830 2001 3076 2069; x_wconf 89' lang='lat' dir='ltr'><strong>accipere</strong></span> <span class='ocrx_word' id='word_1_345' title='bbox 3102 2001 3468 2071; x_wconf 81' lang='lat' dir='ltr'><strong>disciplinam.</strong></span> 
     </span>
    </p>
   </div>
   <div class='ocr_carea' id='block_1_51' title="bbox 1881 2091 3473 2163">
    <p class='ocr_par' dir='ltr' id='par_1_51' title="bbox 1881 2091 3473 2163">
     <span class='ocr_line' id='line_1_51' title="bbox 1881 2091 3473 2163; baseline 0 -15"><span class='ocrx_word' id='word_1_346' title='bbox 1881 2093 1957 2148; x_wconf 89' lang='lat' dir='ltr'><strong>Ea</strong></span> <span class='ocrx_word' id='word_1_347' title='bbox 1987 2107 2176 2148; x_wconf 88' lang='lat' dir='ltr'><strong>rursus</strong></span> <span class='ocrx_word' id='word_1_348' title='bbox 2203 2091 2345 2163; x_wconf 91' lang='lat' dir='ltr'><strong>quod</strong></span> <span class='ocrx_word' id='word_1_349' title='bbox 2390 2091 2528 2146; x_wconf 88' lang='lat' dir='ltr'><strong>mala</strong></span> <span class='ocrx_word' id='word_1_350' title='bbox 2553 2091 2691 2146; x_wconf 89' lang='lat' dir='ltr'><strong>bona</strong></span> <span class='ocrx_word' id='word_1_351' title='bbox 2711 2101 2858 2160; x_wconf 88' lang='lat' dir='ltr'><strong>sunt,</strong></span> <span class='ocrx_word' id='word_1_352' title='bbox 2887 2106 3011 2148; x_wconf 89' lang='lat' dir='ltr'><strong>nam</strong></span> <span class='ocrx_word' id='word_1_353' title='bbox 3032 2108 3151 2162; x_wconf 62' lang='lat' dir='ltr'><strong>quae</strong></span> <span class='ocrx_word' id='word_1_354' title='bbox 3172 2094 3473 2161; x_wconf 83' lang='lat' dir='ltr'><strong>expediunt</strong></span> 
     </span>
    </p>
   </div>
   <div class='ocr_carea' id='block_1_52' title="bbox 1881 2184 3473 2256">
    <p class='ocr_par' dir='ltr' id='par_1_52' title="bbox 1881 2184 3473 2256">
     <span class='ocr_line' id='line_1_52' title="bbox 1881 2184 3473 2256; baseline 0 -15"><span class='ocrx_word' id='word_1_355' title='bbox 1881 2186 2021 2241; x_wconf 92' lang='lat' dir='ltr'><strong>bona</strong></span> <span class='ocrx_word' id='word_1_356' title='bbox 2063 2198 2210 2254; x_wconf 90' lang='lat' dir='ltr'><strong>sunt,</strong></span> <span class='ocrx_word' id='word_1_357' title='bbox 2247 2186 2384 2240; x_wconf 87' lang='lat' dir='ltr'><strong>mala</strong></span> <span class='ocrx_word' id='word_1_358' title='bbox 2412 2194 2593 2241; x_wconf 90' lang='lat' dir='ltr'><strong>autem</strong></span> <span class='ocrx_word' id='word_1_359' title='bbox 2625 2184 2941 2256; x_wconf 85' lang='lat' dir='ltr'><strong>expediunt.</strong></span> <span class='ocrx_word' id='word_1_360' title='bbox 2970 2184 3175 2255; x_wconf 80' lang='lat' dir='ltr'><strong>Duplex</strong></span> <span class='ocrx_word' id='word_1_361' title='bbox 3203 2186 3346 2241; x_wconf 91' lang='lat' dir='ltr'><strong>enim</strong></span> <span class='ocrx_word' id='word_1_362' title='bbox 3376 2202 3473 2241; x_wconf 83' lang='lat' dir='ltr'><strong>ex-</strong></span> 
     </span>
    </p>
   </div>
   <div class='ocr_carea' id='block_1_53' title="bbox 1883 2274 3473 2353">
    <p class='ocr_par' dir='ltr' id='par_1_53' title="bbox 1883 2274 3473 2353">
     <span class='ocr_line' id='line_1_53' title="bbox 1883 2274 3473 2353; baseline 0.003 -18"><span class='ocrx_word' id='word_1_363' title='bbox 1883 2281 2103 2350; x_wconf 88' lang='lat' dir='ltr'><strong>pediens</strong></span> <span class='ocrx_word' id='word_1_364' title='bbox 2142 2289 2226 2335; x_wconf 89' lang='lat' dir='ltr'><strong>est</strong></span> <span class='ocrx_word' id='word_1_365' title='bbox 2254 2289 2309 2336; x_wconf 91' lang='lat' dir='ltr'><strong>et</strong></span> <span class='ocrx_word' id='word_1_366' title='bbox 2338 2282 2725 2347; x_wconf 88' lang='lat' dir='ltr'><strong>necessarium,</strong></span> <span class='ocrx_word' id='word_1_367' title='bbox 2757 2282 2900 2352; x_wconf 90' lang='lat' dir='ltr'><strong>quod</strong></span> <span class='ocrx_word' id='word_1_368' title='bbox 2930 2282 3125 2337; x_wconf 91' lang='lat' dir='ltr'><strong>accidit</strong></span> <span class='ocrx_word' id='word_1_369' title='bbox 3155 2274 3473 2353; x_wconf 87' lang='lat' dir='ltr'><strong>plerumque</strong></span> 
     </span>
    </p>
   </div>
   <div class='ocr_carea' id='block_1_54' title="bbox 1881 2372 3475 2446">
    <p class='ocr_par' dir='ltr' id='par_1_54' title="bbox 1881 2372 3475 2446">
     <span class='ocr_line' id='line_1_54' title="bbox 1881 2372 3475 2446; baseline 0.002 -18"><span class='ocrx_word' id='word_1_370' title='bbox 1881 2374 1937 2428; x_wconf 91' lang='lat' dir='ltr'><strong>in</strong></span> <span class='ocrx_word' id='word_1_371' title='bbox 1961 2374 2119 2428; x_wconf 90' lang='lat' dir='ltr'><strong>malis</strong></span> <span class='ocrx_word' id='word_1_372' title='bbox 2147 2372 2251 2444; x_wconf 88' lang='lat' dir='ltr'><strong>(est</strong></span> <span class='ocrx_word' id='word_1_373' title='bbox 2278 2373 2423 2428; x_wconf 92' lang='lat' dir='ltr'><strong>enim</strong></span> <span class='ocrx_word' id='word_1_374' title='bbox 2452 2374 2720 2442; x_wconf 86' lang='lat' dir='ltr'><strong>quoddam</strong></span> <span class='ocrx_word' id='word_1_375' title='bbox 2750 2375 2970 2441; x_wconf 90' lang='lat' dir='ltr'><strong>malum,</strong></span> <span class='ocrx_word' id='word_1_376' title='bbox 3002 2373 3390 2446; x_wconf 86' lang='lat' dir='ltr'><strong>necessarium)</strong></span> <span class='ocrx_word' id='word_1_377' title='bbox 3417 2384 3475 2431; x_wconf 81' lang='lat' dir='ltr'><strong>et</strong></span> 
     </span>
    </p>
   </div>
   <div class='ocr_carea' id='block_1_55' title="bbox 1882 2465 3475 2537">
    <p class='ocr_par' dir='ltr' id='par_1_55' title="bbox 1882 2465 3475 2537">
     <span class='ocr_line' id='line_1_55' title="bbox 1882 2465 3475 2537; baseline 0 -16"><span class='ocrx_word' id='word_1_378' title='bbox 1882 2466 2020 2521; x_wconf 89' lang='lat' dir='ltr'><strong>bona</strong></span> <span class='ocrx_word' id='word_1_379' title='bbox 2045 2480 2259 2535; x_wconf 91' lang='lat' dir='ltr'><strong>quoque</strong></span> <span class='ocrx_word' id='word_1_380' title='bbox 2279 2465 2622 2532; x_wconf 74' lang='lat' dir='ltr'><strong>espedientia</strong></span> <span class='ocrx_word' id='word_1_381' title='bbox 2667 2465 2896 2519; x_wconf 89' lang='lat' dir='ltr'><strong>dicimus</strong></span> <span class='ocrx_word' id='word_1_382' title='bbox 2926 2480 3068 2523; x_wconf 88' lang='lat' dir='ltr'><strong>esse.</strong></span> <span class='ocrx_word' id='word_1_383' title='bbox 3100 2467 3349 2537; x_wconf 83' lang='lat' dir='ltr'><strong>Amplius</strong></span> <span class='ocrx_word' id='word_1_384' title='bbox 3374 2481 3475 2521; x_wconf 88' lang='lat' dir='ltr'><strong>au-</strong></span> 
     </span>
    </p>
   </div>
   <div class='ocr_carea' id='block_1_56' title="bbox 1884 2539 3483 2628">
    <p class='ocr_par' dir='ltr' id='par_1_56' title="bbox 1884 2539 3483 2628">
     <span class='ocr_line' id='line_1_56' title="bbox 1884 2539 3483 2628; baseline 0.003 -17"><span class='ocrx_word' id='word_1_385' title='bbox 1884 2567 1993 2612; x_wconf 90' lang='lat' dir='ltr'><strong>tem</strong></span> <span class='ocrx_word' id='word_1_386' title='bbox 2024 2557 2275 2612; x_wconf 91' lang='lat' dir='ltr'><strong>eumdem</strong></span> <span class='ocrx_word' id='word_1_387' title='bbox 2309 2539 2600 2625; x_wconf 42' lang='lat' dir='ltr'><strong>sedere,&#39;et</strong></span> <span class='ocrx_word' id='word_1_388' title='bbox 2619 2565 2787 2622; x_wconf 84' lang='lat' dir='ltr'><strong>stare,</strong></span> <span class='ocrx_word' id='word_1_389' title='bbox 2820 2569 2873 2613; x_wconf 93' lang='lat' dir='ltr'><strong>et</strong></span> <span class='ocrx_word' id='word_1_390' title='bbox 2896 2569 3180 2628; x_wconf 79' lang='lat' dir='ltr'><strong>aegrotare,</strong></span> <span class='ocrx_word' id='word_1_391' title='bbox 3209 2569 3263 2614; x_wconf 89' lang='lat' dir='ltr'><strong>et</strong></span> <span class='ocrx_word' id='word_1_392' title='bbox 3283 2556 3483 2615; x_wconf 89' lang='lat' dir='ltr'><strong>sanum</strong></span> 
     </span>
    </p>
   </div>
   <div class='ocr_carea' id='block_1_57' title="bbox 1885 2650 3476 2721">
    <p class='ocr_par' dir='ltr' id='par_1_57' title="bbox 1885 2650 3476 2721">
     <span class='ocr_line' id='line_1_57' title="bbox 1885 2650 3476 2721; baseline 0.001 -14"><span class='ocrx_word' id='word_1_393' title='bbox 1885 2667 2039 2707; x_wconf 90' lang='lat' dir='ltr'><strong>esse:</strong></span> <span class='ocrx_word' id='word_1_394' title='bbox 2070 2666 2195 2706; x_wconf 88' lang='lat' dir='ltr'><strong>nam</strong></span> <span class='ocrx_word' id='word_1_395' title='bbox 2224 2650 2315 2721; x_wconf 89' lang='lat' dir='ltr'><strong>qui</strong></span> <span class='ocrx_word' id='word_1_396' title='bbox 2346 2651 2603 2719; x_wconf 74' lang='lat' dir='ltr'><strong>surgebat</strong></span> <span class='ocrx_word' id='word_1_397' title='bbox 2625 2661 2753 2717; x_wconf 84' lang='lat' dir='ltr'><strong>stat,</strong></span> <span class='ocrx_word' id='word_1_398' title='bbox 2778 2658 2833 2705; x_wconf 90' lang='lat' dir='ltr'><strong>et</strong></span> <span class='ocrx_word' id='word_1_399' title='bbox 2852 2652 2942 2720; x_wconf 89' lang='lat' dir='ltr'><strong>qui</strong></span> <span class='ocrx_word' id='word_1_400' title='bbox 2973 2651 3284 2718; x_wconf 87' lang='lat' dir='ltr'><strong>sanabatur,</strong></span> <span class='ocrx_word' id='word_1_401' title='bbox 3311 2666 3476 2708; x_wconf 78' lang='lat' dir='ltr'><strong>sanus</strong></span> 
     </span>
    </p>
   </div>
   <div class='ocr_carea' id='block_1_58' title="bbox 1884 2744 3474 2815">
    <p class='ocr_par' dir='ltr' id='par_1_58' title="bbox 1884 2744 3474 2815">
     <span class='ocr_line' id='line_1_58' title="bbox 1884 2744 3474 2815; baseline 0.003 -15"><span class='ocrx_word' id='word_1_402' title='bbox 1884 2756 1995 2810; x_wconf 86' lang='lat' dir='ltr'><strong>est;</strong></span> <span class='ocrx_word' id='word_1_403' title='bbox 2025 2745 2280 2814; x_wconf 78' lang='lat' dir='ltr'><strong>surgebat</strong></span> <span class='ocrx_word' id='word_1_404' title='bbox 2312 2755 2492 2799; x_wconf 90' lang='lat' dir='ltr'><strong>autem</strong></span> <span class='ocrx_word' id='word_1_405' title='bbox 2517 2744 2738 2812; x_wconf 91' lang='lat' dir='ltr'><strong>sedens,</strong></span> <span class='ocrx_word' id='word_1_406' title='bbox 2771 2754 2826 2799; x_wconf 92' lang='lat' dir='ltr'><strong>et</strong></span> <span class='ocrx_word' id='word_1_407' title='bbox 2854 2744 3147 2800; x_wconf 80' lang='lat' dir='ltr'><strong>sanabatur</strong></span> <span class='ocrx_word' id='word_1_408' title='bbox 3175 2756 3474 2815; x_wconf 68' lang='lat' dir='ltr'><strong>aegrotans.</strong></span> 
     </span>
    </p>
   </div>
   <div class='ocr_carea' id='block_1_59' title="bbox 1886 2837 3489 2910">
    <p class='ocr_par' dir='ltr' id='par_1_59' title="bbox 1886 2837 3489 2910">
     <span class='ocr_line' id='line_1_59' title="bbox 1886 2837 3489 2910; baseline -0.001 -15"><span class='ocrx_word' id='word_1_409' title='bbox 1886 2838 2260 2910; x_wconf 69' lang='lat' dir='ltr'><strong>Egrotantem</strong></span> <span class='ocrx_word' id='word_1_410' title='bbox 2308 2841 2452 2894; x_wconf 91' lang='lat' dir='ltr'><strong>enim</strong></span> <span class='ocrx_word' id='word_1_411' title='bbox 2500 2846 2593 2893; x_wconf 88' lang='lat' dir='ltr'><strong>aut</strong></span> <span class='ocrx_word' id='word_1_412' title='bbox 2648 2838 2923 2901; x_wconf 88' lang='lat' dir='ltr'><strong>sedentem</strong></span> <span class='ocrx_word' id='word_1_413' title='bbox 2976 2837 3237 2910; x_wconf 84' lang='lat' dir='ltr'><strong>quidlibet</strong></span> <span class='ocrx_word' id='word_1_414' title='bbox 3292 2838 3489 2894; x_wconf 76' lang='lat' dir='ltr'><strong>facere</strong></span> 
     </span>
    </p>
   </div>
   <div class='ocr_carea' id='block_1_60' title="bbox 1888 2928 3489 3002">
    <p class='ocr_par' dir='ltr' id='par_1_60' title="bbox 1888 2928 3489 3002">
     <span class='ocr_line' id='line_1_60' title="bbox 1888 2928 3489 3002; baseline -0.001 -17"><span class='ocrx_word' id='word_1_415' title='bbox 1888 2941 1979 2985; x_wconf 90' lang='lat' dir='ltr'><strong>aut</strong></span> <span class='ocrx_word' id='word_1_416' title='bbox 2008 2929 2117 2999; x_wconf 90' lang='lat' dir='ltr'><strong>pati</strong></span> <span class='ocrx_word' id='word_1_417' title='bbox 2147 2945 2251 2985; x_wconf 90' lang='lat' dir='ltr'><strong>non</strong></span> <span class='ocrx_word' id='word_1_418' title='bbox 2278 2945 2442 2985; x_wconf 91' lang='lat' dir='ltr'><strong>unum</strong></span> <span class='ocrx_word' id='word_1_419' title='bbox 2471 2929 2755 3001; x_wconf 87' lang='lat' dir='ltr'><strong>signiﬁcat,</strong></span> <span class='ocrx_word' id='word_1_420' title='bbox 2789 2929 2884 2986; x_wconf 90' lang='lat' dir='ltr'><strong>sed</strong></span> <span class='ocrx_word' id='word_1_421' title='bbox 2914 2928 3233 3002; x_wconf 84' lang='lat' dir='ltr'><strong>quandoque</strong></span> <span class='ocrx_word' id='word_1_422' title='bbox 3254 2928 3489 3001; x_wconf 82' lang='lat' dir='ltr'><strong>quidem</strong></span> 
     </span>
    </p>
   </div>
   <div class='ocr_carea' id='block_1_61' title="bbox 1886 3022 3491 3113">
    <p class='ocr_par' dir='ltr' id='par_1_61' title="bbox 1886 3022 3491 3113">
     <span class='ocr_line' id='line_1_61' title="bbox 1886 3022 3491 3113; baseline 0.001 -37"><span class='ocrx_word' id='word_1_423' title='bbox 1886 3022 1978 3093; x_wconf 89' lang='lat' dir='ltr'><strong>qui</strong></span> <span class='ocrx_word' id='word_1_424' title='bbox 2011 3038 2153 3077; x_wconf 88' lang='lat' dir='ltr'><strong>nunc</strong></span> <span class='ocrx_word' id='word_1_425' title='bbox 2180 3032 2406 3094; x_wconf 75' lang='lat' dir='ltr'><strong>:cgrotat</strong></span> <span class='ocrx_word' id='word_1_426' title='bbox 2444 3033 2534 3077; x_wconf 89' lang='lat' dir='ltr'><strong>aut</strong></span> <span class='ocrx_word' id='word_1_427' title='bbox 2565 3022 2744 3089; x_wconf 88' lang='lat' dir='ltr'><strong>sedet,</strong></span> <span class='ocrx_word' id='word_1_428' title='bbox 2799 3023 3122 3093; x_wconf 82' lang='lat' dir='ltr'><strong>quandoque</strong></span> <span class='ocrx_word' id='word_1_429' title='bbox 3161 3033 3341 3113; x_wconf 58' lang='lat' dir='ltr'><strong>autem</strong></span> <span class='ocrx_word' id='word_1_430' title='bbox 3384 3023 3491 3094; x_wconf 89' lang='lat' dir='ltr'><strong>qui&#39;</strong></span> 
     </span>
    </p>
   </div>
   <div class='ocr_carea' id='block_1_62' title="bbox 1885 3112 3491 3186">
    <p class='ocr_par' dir='ltr' id='par_1_62' title="bbox 1885 3112 3491 3186">
     <span class='ocr_line' id='line_1_62' title="bbox 1885 3112 3491 3186; baseline 0.002 -19"><span class='ocrx_word' id='word_1_431' title='bbox 1885 3114 2180 3183; x_wconf 67' lang='lat' dir='ltr'><strong>aegrotabat</strong></span> <span class='ocrx_word' id='word_1_432' title='bbox 2232 3115 2427 3183; x_wconf 84' lang='lat' dir='ltr'><strong>prius;</strong></span> <span class='ocrx_word' id='word_1_433' title='bbox 2486 3124 2859 3169; x_wconf 82' lang='lat' dir='ltr'><strong>verumtamen</strong></span> <span class='ocrx_word' id='word_1_434' title='bbox 2915 3115 3210 3171; x_wconf 88' lang='lat' dir='ltr'><strong>sanabatur</strong></span> <span class='ocrx_word' id='word_1_435' title='bbox 3244 3112 3491 3186; x_wconf 72' lang='lat' dir='ltr'><strong>quidem</strong></span> 
     </span>
    </p>
   </div>
   <div class='ocr_carea' id='block_1_63' title="bbox 183 3182 3478 3279">
    <p class='ocr_par' dir='ltr' id='par_1_63' title="bbox 183 3182 3478 3279">
     <span class='ocr_line' id='line_1_63' title="bbox 183 3182 3478 3279; baseline 0 -44"><span class='ocrx_word' id='word_1_436' title='bbox 183 3186 337 3254; x_wconf 85' lang='lat' dir='ltr'><strong>Quot</strong></span> <span class='ocrx_word' id='word_1_437' title='bbox 370 3195 549 3239; x_wconf 89' lang='lat' dir='ltr'><strong>autem</strong></span> <span class='ocrx_word' id='word_1_438' title='bbox 578 3193 702 3239; x_wconf 91' lang='lat' dir='ltr'><strong>sunt</strong></span> <span class='ocrx_word' id='word_1_439' title='bbox 741 3185 952 3254; x_wconf 88' lang='lat' dir='ltr'><strong>species</strong></span> <span class='ocrx_word' id='word_1_440' title='bbox 999 3182 1418 3254; x_wconf 89' lang='lat' dir='ltr'><strong>sophisticarnm</strong></span> <span class='ocrx_word' id='word_1_441' title='bbox 1452 3182 1779 3247; x_wconf 90' lang='lat' dir='ltr'><strong>orationum,</strong></span> <span class='ocrx_word' id='word_1_442' title='bbox 1810 3193 1857 3256; x_wconf 76' lang='grc' dir='ltr'>ο</span> <span class='ocrx_word' id='word_1_443' title='bbox 1889 3220 2155 3279; x_wconf 50' lang='lat' dir='ltr'><strong>mmmam</strong></span> <span class='ocrx_word' id='word_1_444' title='bbox 2192 3223 2315 3262; x_wconf 71' lang='lat' dir='ltr'><strong>cum</strong></span> <span class='ocrx_word' id='word_1_445' title='bbox 2354 3217 2642 3278; x_wconf 46' lang='grc' dir='ltr'><strong>πενίης,ηῇ</strong></span> <span class='ocrx_word' id='word_1_446' title='bbox 2674 3222 2836 3261; x_wconf 66' lang='lat' dir='ltr'><strong>sanus</strong></span> <span class='ocrx_word' id='word_1_447' title='bbox 2871 3219 2952 3263; x_wconf 53' lang='lat' dir='ltr'><strong>es,</strong></span> <span class='ocrx_word' id='word_1_448' title='bbox 2998 3218 3176 3264; x_wconf 55' lang='lat' dir='ltr'><strong>autem</strong></span> <span class='ocrx_word' id='word_1_449' title='bbox 3218 3182 3322 3265; x_wconf 57' lang='lat'><strong>&quot;0&#39;&quot;</strong></span> <span class='ocrx_word' id='word_1_450' title='bbox 3353 3225 3478 3265; x_wconf 70' lang='lat' dir='ltr'><strong>cum</strong></span> 
     </span>
    </p>
   </div>
   <div class='ocr_carea' id='block_1_64' title="bbox 183 3284 1781 3349">
    <p class='ocr_par' dir='ltr' id='par_1_64' title="bbox 183 3284 1781 3349">
     <span class='ocr_line' id='line_1_64' title="bbox 183 3284 1781 3349; baseline -0.001 -18"><span class='ocrx_word' id='word_1_451' title='bbox 183 3290 242 3335; x_wconf 75' lang='grc' dir='ltr'><strong>οι</strong></span> <span class='ocrx_word' id='word_1_452' title='bbox 272 3294 346 3335; x_wconf 85' lang='lat' dir='ltr'><strong>ex</strong></span> <span class='ocrx_word' id='word_1_453' title='bbox 378 3294 486 3348; x_wconf 91' lang='lat' dir='ltr'><strong>quo</strong></span> <span class='ocrx_word' id='word_1_454' title='bbox 519 3292 746 3334; x_wconf 89' lang='lat' dir='ltr'><strong>numero</strong></span> <span class='ocrx_word' id='word_1_455' title='bbox 794 3286 1034 3349; x_wconf 87' lang='lat' dir='ltr'><strong>potestas</strong></span> <span class='ocrx_word' id='word_1_456' title='bbox 1060 3292 1123 3333; x_wconf 89' lang='lat' dir='ltr'><strong>ea</strong></span> <span class='ocrx_word' id='word_1_457' title='bbox 1151 3286 1384 3345; x_wconf 86' lang='lat' dir='ltr'><strong>constat,</strong></span> <span class='ocrx_word' id='word_1_458' title='bbox 1412 3285 1468 3332; x_wconf 90' lang='lat' dir='ltr'><strong>et</strong></span> <span class='ocrx_word' id='word_1_459' title='bbox 1500 3284 1633 3344; x_wconf 87' lang='lat' dir='ltr'><strong>quot</strong></span> <span class='ocrx_word' id='word_1_460' title='bbox 1656 3291 1781 3345; x_wconf 82' lang='lat' dir='ltr'><strong>par-</strong></span> 
     </span>
    </p>
   </div>
   <div class='ocr_carea' id='block_1_65' title="bbox 188 3365 1785 3441">
    <p class='ocr_par' dir='ltr' id='par_1_65' title="bbox 188 3365 1785 3441">
     <span class='ocr_line' id='line_1_65' title="bbox 188 3365 1785 3441; baseline 0 -18"><span class='ocrx_word' id='word_1_461' title='bbox 188 3380 271 3426; x_wconf 90' lang='lat' dir='ltr'><strong>tes</strong></span> <span class='ocrx_word' id='word_1_462' title='bbox 293 3370 561 3441; x_wconf 82' lang='lat' dir='ltr'><strong>contingit</strong></span> <span class='ocrx_word' id='word_1_463' title='bbox 583 3385 706 3426; x_wconf 88' lang='lat' dir='ltr'><strong>esse</strong></span> <span class='ocrx_word' id='word_1_464' title='bbox 727 3369 949 3439; x_wconf 86' lang='lat' dir='ltr'><strong>negotii,</strong></span> <span class='ocrx_word' id='word_1_465' title='bbox 976 3368 1118 3426; x_wconf 90' lang='lat' dir='ltr'><strong>etde</strong></span> <span class='ocrx_word' id='word_1_466' title='bbox 1136 3370 1260 3424; x_wconf 90' lang='lat' dir='ltr'><strong>aliis</strong></span> <span class='ocrx_word' id='word_1_467' title='bbox 1279 3385 1398 3439; x_wconf 72' lang='lat' dir='ltr'><strong>qua:</strong></span> <span class='ocrx_word' id='word_1_468' title='bbox 1421 3365 1785 3439; x_wconf 77' lang='lat' dir='ltr'><strong>suﬁ&#39;ragantur</strong></span> 
     </span>
    </p>
   </div>
   <div class='ocr_carea' id='block_1_66' title="bbox 184 3461 1785 3529">
    <p class='ocr_par' dir='ltr' id='par_1_66' title="bbox 184 3461 1785 3529">
     <span class='ocr_line' id='line_1_66' title="bbox 184 3461 1785 3529; baseline -0.002 -11"><span class='ocrx_word' id='word_1_469' title='bbox 184 3462 257 3519; x_wconf 87' lang='lat' dir='ltr'><strong>ad</strong></span> <span class='ocrx_word' id='word_1_470' title='bbox 291 3463 438 3519; x_wconf 88' lang='lat' dir='ltr'><strong>hanc</strong></span> <span class='ocrx_word' id='word_1_471' title='bbox 467 3472 659 3528; x_wconf 91' lang='lat' dir='ltr'><strong>artem,</strong></span> <span class='ocrx_word' id='word_1_472' title='bbox 690 3477 832 3516; x_wconf 91' lang='lat' dir='ltr'><strong>nunc</strong></span> <span class='ocrx_word' id='word_1_473' title='bbox 860 3461 1121 3521; x_wconf 78' lang='lat' dir='ltr'><strong>dicamus.</strong></span> <span class='ocrx_word' id='word_1_474' title='bbox 1155 3462 1295 3516; x_wconf 88' lang='lat' dir='ltr'><strong>Sunt</strong></span> <span class='ocrx_word' id='word_1_475' title='bbox 1324 3461 1486 3529; x_wconf 87' lang='lat' dir='ltr'><strong>igitur</strong></span> <span class='ocrx_word' id='word_1_476' title='bbox 1508 3461 1572 3514; x_wconf 90' lang='lat' dir='ltr'><strong>ad</strong></span> <span class='ocrx_word' id='word_1_477' title='bbox 1602 3461 1785 3528; x_wconf 89' lang='lat' dir='ltr'><strong>dispu-</strong></span> 
     </span>
    </p>
   </div>
   <div class='ocr_carea' id='block_1_67' title="bbox 188 3552 1787 3625">
    <p class='ocr_par' dir='ltr' id='par_1_67' title="bbox 188 3552 1787 3625">
     <span class='ocr_line' id='line_1_67' title="bbox 188 3552 1787 3625; baseline -0.004 -14"><span class='ocrx_word' id='word_1_478' title='bbox 188 3558 419 3611; x_wconf 76' lang='lat' dir='ltr'><strong>tandum</strong></span> <span class='ocrx_word' id='word_1_479' title='bbox 448 3555 756 3611; x_wconf 88' lang='lat' dir='ltr'><strong>orationum</strong></span> <span class='ocrx_word' id='word_1_480' title='bbox 782 3570 979 3625; x_wconf 87' lang='lat' dir='ltr'><strong>genera</strong></span> <span class='ocrx_word' id='word_1_481' title='bbox 1007 3562 1266 3624; x_wconf 88' lang='lat' dir='ltr'><strong>quatuor:</strong></span> <span class='ocrx_word' id='word_1_482' title='bbox 1291 3552 1638 3619; x_wconf 88' lang='lat' dir='ltr'><strong>doctrinales,</strong></span> <span class='ocrx_word' id='word_1_483' title='bbox 1670 3552 1787 3607; x_wconf 90' lang='lat' dir='ltr'><strong>dia-</strong></span> 
     </span>
    </p>
   </div>
   <div class='ocr_carea' id='block_1_68' title="bbox 185 3643 1786 3713">
    <p class='ocr_par' dir='ltr' id='par_1_68' title="bbox 185 3643 1786 3713">
     <span class='ocr_line' id='line_1_68' title="bbox 185 3643 1786 3713; baseline -0.006 -8"><span class='ocrx_word' id='word_1_484' title='bbox 185 3650 432 3713; x_wconf 84' lang='lat' dir='ltr'><strong>lecticae,</strong></span> <span class='ocrx_word' id='word_1_485' title='bbox 465 3646 762 3713; x_wconf 68' lang='lat' dir='ltr'><strong>tentativaa,</strong></span> <span class='ocrx_word' id='word_1_486' title='bbox 792 3645 1168 3701; x_wconf 61' lang='lat' dir='ltr'><strong>contentiosa.</strong></span> <span class='ocrx_word' id='word_1_487' title='bbox 1202 3644 1270 3698; x_wconf 89' lang='lat' dir='ltr'><strong>Et</strong></span> <span class='ocrx_word' id='word_1_488' title='bbox 1302 3643 1634 3698; x_wconf 81' lang='lat' dir='ltr'><strong>doctrinales</strong></span> <span class='ocrx_word' id='word_1_489' title='bbox 1663 3643 1786 3712; x_wconf 91' lang='lat' dir='ltr'><strong>qni-</strong></span> 
     </span>
    </p>
   </div>
   <div class='ocr_carea' id='block_1_69' title="bbox 183 3737 1790 3812">
    <p class='ocr_par' dir='ltr' id='par_1_69' title="bbox 183 3737 1790 3812">
     <span class='ocr_line' id='line_1_69' title="bbox 183 3737 1790 3812; baseline -0.004 -14"><span class='ocrx_word' id='word_1_490' title='bbox 183 3744 320 3799; x_wconf 88' lang='lat' dir='ltr'><strong>dem</strong></span> <span class='ocrx_word' id='word_1_491' title='bbox 355 3750 481 3797; x_wconf 85' lang='lat' dir='ltr'><strong>sunt</strong></span> <span class='ocrx_word' id='word_1_492' title='bbox 506 3756 626 3812; x_wconf 69' lang='lat' dir='ltr'><strong>quae</strong></span> <span class='ocrx_word' id='word_1_493' title='bbox 659 3755 724 3796; x_wconf 87' lang='lat' dir='ltr'><strong>ex</strong></span> <span class='ocrx_word' id='word_1_494' title='bbox 750 3739 985 3811; x_wconf 86' lang='lat' dir='ltr'><strong>propriis</strong></span> <span class='ocrx_word' id='word_1_495' title='bbox 1014 3737 1292 3810; x_wconf 89' lang='lat' dir='ltr'><strong>principiis</strong></span> <span class='ocrx_word' id='word_1_496' title='bbox 1338 3738 1600 3809; x_wconf 87' lang='lat' dir='ltr'><strong>cujusque</strong></span> <span class='ocrx_word' id='word_1_497' title='bbox 1629 3739 1790 3793; x_wconf 84' lang='lat' dir='ltr'><strong>disci-</strong></span> 
     </span>
    </p>
   </div>
   <div class='ocr_carea' id='block_1_70' title="bbox 185 3831 1786 3907">
    <p class='ocr_par' dir='ltr' id='par_1_70' title="bbox 185 3831 1786 3907">
     <span class='ocr_line' id='line_1_70' title="bbox 185 3831 1786 3907; baseline -0.003 -15"><span class='ocrx_word' id='word_1_498' title='bbox 185 3838 391 3907; x_wconf 62' lang='lat' dir='ltr'><strong>plinae,</strong></span> <span class='ocrx_word' id='word_1_499' title='bbox 434 3844 492 3892; x_wconf 90' lang='lat' dir='ltr'><strong>et</strong></span> <span class='ocrx_word' id='word_1_500' title='bbox 538 3851 645 3891; x_wconf 92' lang='lat' dir='ltr'><strong>non</strong></span> <span class='ocrx_word' id='word_1_501' title='bbox 692 3851 758 3892; x_wconf 91' lang='lat' dir='ltr'><strong>ex</strong></span> <span class='ocrx_word' id='word_1_502' title='bbox 808 3834 890 3889; x_wconf 90' lang='lat' dir='ltr'><strong>his</strong></span> <span class='ocrx_word' id='word_1_503' title='bbox 939 3849 1061 3905; x_wconf 70' lang='lat' dir='ltr'><strong>quae</strong></span> <span class='ocrx_word' id='word_1_504' title='bbox 1108 3832 1355 3888; x_wconf 80' lang='lat' dir='ltr'><strong>videntur</strong></span> <span class='ocrx_word' id='word_1_505' title='bbox 1404 3831 1786 3903; x_wconf 82' lang='lat' dir='ltr'><strong>respondenti,</strong></span> 
     </span>
    </p>
   </div>
   <div class='ocr_carea' id='block_1_71' title="bbox 184 3924 1786 3998">
    <p class='ocr_par' dir='ltr' id='par_1_71' title="bbox 184 3924 1786 3998">
     <span class='ocr_line' id='line_1_71' title="bbox 184 3924 1786 3998; baseline -0.003 -15"><span class='ocrx_word' id='word_1_506' title='bbox 184 3928 460 3998; x_wconf 86' lang='lat' dir='ltr'><strong>colligunt</strong></span> <span class='ocrx_word' id='word_1_507' title='bbox 516 3944 530 3981; x_wconf 89' lang='lat'><strong>:</strong></span> <span class='ocrx_word' id='word_1_508' title='bbox 586 3941 711 3982; x_wconf 89' lang='lat' dir='ltr'><strong>nam</strong></span> <span class='ocrx_word' id='word_1_509' title='bbox 767 3934 983 3998; x_wconf 89' lang='lat' dir='ltr'><strong>oportet</strong></span> <span class='ocrx_word' id='word_1_510' title='bbox 1028 3925 1254 3981; x_wconf 88' lang='lat' dir='ltr'><strong>credere</strong></span> <span class='ocrx_word' id='word_1_511' title='bbox 1310 3940 1433 3979; x_wconf 89' lang='lat' dir='ltr'><strong>eum</strong></span> <span class='ocrx_word' id='word_1_512' title='bbox 1486 3925 1575 3993; x_wconf 90' lang='lat' dir='ltr'><strong>qui</strong></span> <span class='ocrx_word' id='word_1_513' title='bbox 1634 3924 1786 3978; x_wconf 91' lang='lat' dir='ltr'><strong>dicit.</strong></span> 
     </span>
    </p>
   </div>
   <div class='ocr_carea' id='block_1_72' title="bbox 185 4018 1789 4091">
    <p class='ocr_par' dir='ltr' id='par_1_72' title="bbox 185 4018 1789 4091">
     <span class='ocr_line' id='line_1_72' title="bbox 185 4018 1789 4091; baseline -0.002 -16"><span class='ocrx_word' id='word_1_514' title='bbox 185 4020 513 4076; x_wconf 73' lang='lat' dir='ltr'><strong>Dialecticm</strong></span> <span class='ocrx_word' id='word_1_515' title='bbox 555 4030 774 4088; x_wconf 91' lang='lat' dir='ltr'><strong>autem,</strong></span> <span class='ocrx_word' id='word_1_516' title='bbox 817 4035 942 4091; x_wconf 66' lang='lat' dir='ltr'><strong>qua:</strong></span> <span class='ocrx_word' id='word_1_517' title='bbox 982 4035 1045 4076; x_wconf 91' lang='lat' dir='ltr'><strong>ex</strong></span> <span class='ocrx_word' id='word_1_518' title='bbox 1094 4018 1462 4089; x_wconf 80' lang='lat' dir='ltr'><strong>probabilibus</strong></span> <span class='ocrx_word' id='word_1_519' title='bbox 1490 4018 1789 4074; x_wconf 77' lang='lat' dir='ltr'><strong>collectivze</strong></span> 
     </span>
    </p>
   </div>
   <div class='ocr_carea' id='block_1_73' title="bbox 184 4112 1789 4183">
    <p class='ocr_par' dir='ltr' id='par_1_73' title="bbox 184 4112 1789 4183">
     <span class='ocr_line' id='line_1_73' title="bbox 184 4112 1789 4183; baseline 0 -14"><span class='ocrx_word' id='word_1_520' title='bbox 184 4121 328 4169; x_wconf 88' lang='lat' dir='ltr'><strong>sunt</strong></span> <span class='ocrx_word' id='word_1_521' title='bbox 356 4113 867 4170; x_wconf 89' lang='lat' dir='ltr'><strong>contradictionum.</strong></span> <span class='ocrx_word' id='word_1_522' title='bbox 912 4112 1214 4169; x_wconf 65' lang='lat' dir='ltr'><strong>Tentativze</strong></span> <span class='ocrx_word' id='word_1_523' title='bbox 1261 4127 1422 4179; x_wconf 87' lang='lat' dir='ltr'><strong>vero,</strong></span> <span class='ocrx_word' id='word_1_524' title='bbox 1452 4128 1573 4183; x_wconf 72' lang='lat' dir='ltr'><strong>quac</strong></span> <span class='ocrx_word' id='word_1_525' title='bbox 1623 4128 1692 4168; x_wconf 82' lang='lat' dir='ltr'><strong>ex</strong></span> <span class='ocrx_word' id='word_1_526' title='bbox 1723 4112 1789 4169; x_wconf 86' lang='lat' dir='ltr'><strong>iis</strong></span> 
     </span>
    </p>
   </div>
   <div class='ocr_carea' id='block_1_74' title="bbox 184 4205 1790 4276">
    <p class='ocr_par' dir='ltr' id='par_1_74' title="bbox 184 4205 1790 4276">
     <span class='ocr_line' id='line_1_74' title="bbox 184 4205 1790 4276; baseline -0.001 -14"><span class='ocrx_word' id='word_1_527' title='bbox 184 4206 461 4275; x_wconf 87' lang='lat' dir='ltr'><strong>colligunt</strong></span> <span class='ocrx_word' id='word_1_528' title='bbox 486 4221 605 4276; x_wconf 73' lang='lat' dir='ltr'><strong>qua:</strong></span> <span class='ocrx_word' id='word_1_529' title='bbox 636 4206 885 4262; x_wconf 91' lang='lat' dir='ltr'><strong>videntur</strong></span> <span class='ocrx_word' id='word_1_530' title='bbox 907 4205 1281 4275; x_wconf 87' lang='lat' dir='ltr'><strong>respondenti,</strong></span> <span class='ocrx_word' id='word_1_531' title='bbox 1313 4215 1368 4261; x_wconf 91' lang='lat' dir='ltr'><strong>et</strong></span> <span class='ocrx_word' id='word_1_532' title='bbox 1397 4221 1516 4275; x_wconf 67' lang='lat' dir='ltr'><strong>qua:</strong></span> <span class='ocrx_word' id='word_1_533' title='bbox 1541 4221 1790 4261; x_wconf 84' lang='lat' dir='ltr'><strong>necessa-</strong></span> 
     </span>
    </p>
   </div>
   <div class='ocr_carea' id='block_1_75' title="bbox 190 4297 1785 4368">
    <p class='ocr_par' dir='ltr' id='par_1_75' title="bbox 190 4297 1785 4368">
     <span class='ocr_line' id='line_1_75' title="bbox 190 4297 1785 4368; baseline -0.001 -14"><span class='ocrx_word' id='word_1_534' title='bbox 190 4301 347 4354; x_wconf 90' lang='lat' dir='ltr'><strong>rium</strong></span> <span class='ocrx_word' id='word_1_535' title='bbox 377 4307 457 4353; x_wconf 88' lang='lat' dir='ltr'><strong>est</strong></span> <span class='ocrx_word' id='word_1_536' title='bbox 478 4314 601 4354; x_wconf 89' lang='lat' dir='ltr'><strong>eum</strong></span> <span class='ocrx_word' id='word_1_537' title='bbox 634 4299 772 4354; x_wconf 90' lang='lat' dir='ltr'><strong>scire</strong></span> <span class='ocrx_word' id='word_1_538' title='bbox 801 4299 891 4368; x_wconf 92' lang='lat' dir='ltr'><strong>qui</strong></span> <span class='ocrx_word' id='word_1_539' title='bbox 924 4298 1143 4352; x_wconf 88' lang='lat' dir='ltr'><strong>simulat</strong></span> <span class='ocrx_word' id='word_1_540' title='bbox 1164 4313 1224 4353; x_wconf 92' lang='lat' dir='ltr'><strong>sc</strong></span> <span class='ocrx_word' id='word_1_541' title='bbox 1254 4297 1451 4352; x_wconf 88' lang='lat' dir='ltr'><strong>habere</strong></span> <span class='ocrx_word' id='word_1_542' title='bbox 1473 4298 1785 4363; x_wconf 89' lang='lat' dir='ltr'><strong>scientiam,</strong></span> 
     </span>
    </p>
   </div>
   <div class='ocr_carea' id='block_1_76' title="bbox 185 4388 1789 4460">
    <p class='ocr_par' dir='ltr' id='par_1_76' title="bbox 185 4388 1789 4460">
     <span class='ocr_line' id='line_1_76' title="bbox 185 4388 1789 4460; baseline 0 -17"><span class='ocrx_word' id='word_1_543' title='bbox 185 4389 474 4460; x_wconf 90' lang='lat' dir='ltr'><strong>quomodo</strong></span> <span class='ocrx_word' id='word_1_544' title='bbox 502 4388 971 4445; x_wconf 89' lang='lat' dir='ltr'><strong>determinandum</strong></span> <span class='ocrx_word' id='word_1_545' title='bbox 1000 4388 1158 4444; x_wconf 83' lang='lat' dir='ltr'><strong>estin</strong></span> <span class='ocrx_word' id='word_1_546' title='bbox 1195 4389 1348 4453; x_wconf 90' lang='lat' dir='ltr'><strong>aliis;</strong></span> <span class='ocrx_word' id='word_1_547' title='bbox 1378 4405 1536 4457; x_wconf 90' lang='lat' dir='ltr'><strong>porro</strong></span> <span class='ocrx_word' id='word_1_548' title='bbox 1561 4399 1789 4445; x_wconf 90' lang='lat' dir='ltr'><strong>conten-</strong></span> 
     </span>
    </p>
   </div>
   <div class='ocr_carea' id='block_1_77' title="bbox 186 4481 1792 4552">
    <p class='ocr_par' dir='ltr' id='par_1_77' title="bbox 186 4481 1792 4552">
     <span class='ocr_line' id='line_1_77' title="bbox 186 4481 1792 4552; baseline 0 -17"><span class='ocrx_word' id='word_1_549' title='bbox 186 4484 380 4545; x_wconf 67' lang='lat' dir='ltr'><strong>tiosae,</strong></span> <span class='ocrx_word' id='word_1_550' title='bbox 409 4498 526 4551; x_wconf 64' lang='lat' dir='ltr'><strong>quae</strong></span> <span class='ocrx_word' id='word_1_551' title='bbox 568 4492 693 4537; x_wconf 89' lang='lat' dir='ltr'><strong>sunt</strong></span> <span class='ocrx_word' id='word_1_552' title='bbox 718 4498 784 4537; x_wconf 77' lang='lat' dir='ltr'><strong>ex</strong></span> <span class='ocrx_word' id='word_1_553' title='bbox 811 4482 878 4537; x_wconf 90' lang='lat' dir='ltr'><strong>iis</strong></span> <span class='ocrx_word' id='word_1_554' title='bbox 907 4497 1026 4551; x_wconf 64' lang='lat' dir='ltr'><strong>qua:</strong></span> <span class='ocrx_word' id='word_1_555' title='bbox 1057 4491 1318 4552; x_wconf 82' lang='lat' dir='ltr'><strong>apparent</strong></span> <span class='ocrx_word' id='word_1_556' title='bbox 1347 4481 1664 4551; x_wconf 84' lang='lat' dir='ltr'><strong>probabilia,</strong></span> <span class='ocrx_word' id='word_1_557' title='bbox 1698 4497 1792 4551; x_wconf 91' lang='lat' dir='ltr'><strong>ap-</strong></span> 
     </span>
    </p>
   </div>
   <div class='ocr_carea' id='block_1_78' title="bbox 1890 3296 3482 3372">
    <p class='ocr_par' dir='ltr' id='par_1_78' title="bbox 1890 3296 3482 3372">
     <span class='ocr_line' id='line_1_78' title="bbox 1890 3296 3482 3372; baseline 0.001 -16"><span class='ocrx_word' id='word_1_558' title='bbox 1890 3312 2181 3371; x_wconf 75' lang='lat' dir='ltr'><strong>:cgrotans,</strong></span> <span class='ocrx_word' id='word_1_559' title='bbox 2206 3300 2301 3356; x_wconf 90' lang='lat' dir='ltr'><strong>sed</strong></span> <span class='ocrx_word' id='word_1_560' title='bbox 2328 3310 2596 3370; x_wconf 82' lang='lat' dir='ltr'><strong>aegrotans</strong></span> <span class='ocrx_word' id='word_1_561' title='bbox 2617 3315 2722 3354; x_wconf 92' lang='lat' dir='ltr'><strong>non</strong></span> <span class='ocrx_word' id='word_1_562' title='bbox 2738 3296 2909 3367; x_wconf 80' lang='lat' dir='ltr'><strong>&#39;nunc,</strong></span> <span class='ocrx_word' id='word_1_563' title='bbox 2934 3300 3028 3355; x_wconf 85' lang='lat' dir='ltr'><strong>sed</strong></span> <span class='ocrx_word' id='word_1_564' title='bbox 3061 3303 3227 3371; x_wconf 91' lang='lat' dir='ltr'><strong>prius.</strong></span> <span class='ocrx_word' id='word_1_565' title='bbox 3253 3300 3482 3372; x_wconf 82' lang='lat' dir='ltr'><strong>Propter</strong></span> 
     </span>
    </p>
   </div>
   <div class='ocr_carea' id='block_1_79' title="bbox 1890 3390 3482 3464">
    <p class='ocr_par' dir='ltr' id='par_1_79' title="bbox 1890 3390 3482 3464">
     <span class='ocr_line' id='line_1_79' title="bbox 1890 3390 3482 3464; baseline 0.004 -20"><span class='ocrx_word' id='word_1_566' title='bbox 1890 3403 2068 3447; x_wconf 89' lang='lat' dir='ltr'><strong>autem</strong></span> <span class='ocrx_word' id='word_1_567' title='bbox 2094 3391 2479 3460; x_wconf 90' lang='lat' dir='ltr'><strong>amphiboliam</strong></span> <span class='ocrx_word' id='word_1_568' title='bbox 2504 3401 2629 3446; x_wconf 90' lang='lat' dir='ltr'><strong>sunt</strong></span> <span class='ocrx_word' id='word_1_569' title='bbox 2649 3390 2923 3447; x_wconf 88' lang='lat' dir='ltr'><strong>orationes</strong></span> <span class='ocrx_word' id='word_1_570' title='bbox 2947 3393 3100 3459; x_wconf 90' lang='lat' dir='ltr'><strong>tales,</strong></span> <span class='ocrx_word' id='word_1_571' title='bbox 3126 3394 3264 3449; x_wconf 87' lang='lat' dir='ltr'><strong>velle</strong></span> <span class='ocrx_word' id='word_1_572' title='bbox 3285 3410 3482 3464; x_wconf 81' lang='lat' dir='ltr'><strong>capere</strong></span> 
     </span>
    </p>
   </div>
   <div class='ocr_carea' id='block_1_80' title="bbox 1891 3482 3495 3553">
    <p class='ocr_par' dir='ltr' id='par_1_80' title="bbox 1891 3482 3495 3553">
     <span class='ocr_line' id='line_1_80' title="bbox 1891 3482 3495 3553; baseline 0.003 -16"><span class='ocrx_word' id='word_1_573' title='bbox 1891 3500 1987 3537; x_wconf 87' lang='lat' dir='ltr'><strong>me</strong></span> <span class='ocrx_word' id='word_1_574' title='bbox 2009 3488 2328 3553; x_wconf 83' lang='lat' dir='ltr'><strong>pugnantes.</strong></span> <span class='ocrx_word' id='word_1_575' title='bbox 2384 3483 2450 3536; x_wconf 88' lang='lat' dir='ltr'><strong>Et</strong></span> <span class='ocrx_word' id='word_1_576' title='bbox 2495 3492 2723 3551; x_wconf 88' lang='lat' dir='ltr'><strong>putasne</strong></span> <span class='ocrx_word' id='word_1_577' title='bbox 2764 3482 2904 3553; x_wconf 85' lang='lat' dir='ltr'><strong>quod</strong></span> <span class='ocrx_word' id='word_1_578' title='bbox 2936 3484 3055 3552; x_wconf 91' lang='lat' dir='ltr'><strong>quis</strong></span> <span class='ocrx_word' id='word_1_579' title='bbox 3084 3488 3392 3553; x_wconf 84' lang='lat' dir='ltr'><strong>cognoscit,</strong></span> <span class='ocrx_word' id='word_1_580' title='bbox 3425 3486 3495 3542; x_wconf 87' lang='lat' dir='ltr'><strong>id‘</strong></span> 
     </span>
    </p>
   </div>
   <div class='ocr_carea' id='block_1_81' title="bbox 1891 3574 3481 3646">
    <p class='ocr_par' dir='ltr' id='par_1_81' title="bbox 1891 3574 3481 3646">
     <span class='ocr_line' id='line_1_81' title="bbox 1891 3574 3481 3646; baseline 0.002 -18"><span class='ocrx_word' id='word_1_581' title='bbox 1891 3574 2214 3642; x_wconf 82' lang='lat' dir='ltr'><strong>cognoscit?</strong></span> <span class='ocrx_word' id='word_1_582' title='bbox 2244 3588 2371 3627; x_wconf 91' lang='lat' dir='ltr'><strong>nam</strong></span> <span class='ocrx_word' id='word_1_583' title='bbox 2406 3583 2459 3627; x_wconf 92' lang='lat' dir='ltr'><strong>et</strong></span> <span class='ocrx_word' id='word_1_584' title='bbox 2489 3585 2905 3643; x_wconf 89' lang='lat' dir='ltr'><strong>cognoscentem</strong></span> <span class='ocrx_word' id='word_1_585' title='bbox 2954 3584 3012 3629; x_wconf 89' lang='lat' dir='ltr'><strong>et</strong></span> <span class='ocrx_word' id='word_1_586' title='bbox 3041 3577 3314 3646; x_wconf 81' lang='lat' dir='ltr'><strong>cognitum</strong></span> <span class='ocrx_word' id='word_1_587' title='bbox 3346 3594 3481 3631; x_wconf 87' lang='lat' dir='ltr'><strong>con-</strong></span> 
     </span>
    </p>
   </div>
   <div class='ocr_carea' id='block_1_82' title="bbox 1893 3665 3486 3735">
    <p class='ocr_par' dir='ltr' id='par_1_82' title="bbox 1893 3665 3486 3735">
     <span class='ocr_line' id='line_1_82' title="bbox 1893 3665 3486 3735; baseline 0.004 -17"><span class='ocrx_word' id='word_1_588' title='bbox 1893 3666 2071 3735; x_wconf 85' lang='lat' dir='ltr'><strong>tingit,</strong></span> <span class='ocrx_word' id='word_1_589' title='bbox 2114 3674 2171 3719; x_wconf 95' lang='lat' dir='ltr'><strong>ut</strong></span> <span class='ocrx_word' id='word_1_590' title='bbox 2199 3674 2616 3733; x_wconf 89' lang='lat' dir='ltr'><strong>cognoscentem</strong></span> <span class='ocrx_word' id='word_1_591' title='bbox 2652 3665 2959 3735; x_wconf 84' lang='lat' dir='ltr'><strong>signiﬁcare</strong></span> <span class='ocrx_word' id='word_1_592' title='bbox 2998 3667 3097 3721; x_wconf 90' lang='lat' dir='ltr'><strong>hac</strong></span> <span class='ocrx_word' id='word_1_593' title='bbox 3129 3668 3390 3724; x_wconf 87' lang='lat' dir='ltr'><strong>oratione.</strong></span> <span class='ocrx_word' id='word_1_594' title='bbox 3417 3669 3486 3725; x_wconf 84' lang='lat' dir='ltr'><strong>Et</strong></span> 
     </span>
    </p>
   </div>
   <div class='ocr_carea' id='block_1_83' title="bbox 1895 3757 3480 3830">
    <p class='ocr_par' dir='ltr' id='par_1_83' title="bbox 1895 3757 3480 3830">
     <span class='ocr_line' id='line_1_83' title="bbox 1895 3757 3480 3830; baseline 0.001 -18"><span class='ocrx_word' id='word_1_595' title='bbox 1895 3769 2121 3830; x_wconf 89' lang='lat' dir='ltr'><strong>putasne</strong></span> <span class='ocrx_word' id='word_1_596' title='bbox 2150 3757 2294 3829; x_wconf 90' lang='lat' dir='ltr'><strong>quod</strong></span> <span class='ocrx_word' id='word_1_597' title='bbox 2323 3758 2444 3827; x_wconf 89' lang='lat' dir='ltr'><strong>quis</strong></span> <span class='ocrx_word' id='word_1_598' title='bbox 2492 3757 2658 3822; x_wconf 80' lang='lat' dir='ltr'><strong>videt,</strong></span> <span class='ocrx_word' id='word_1_599' title='bbox 2693 3758 2746 3812; x_wconf 88' lang='lat' dir='ltr'><strong>id</strong></span> <span class='ocrx_word' id='word_1_600' title='bbox 2793 3757 2982 3813; x_wconf 84' lang='lat' dir='ltr'><strong>videt?</strong></span> <span class='ocrx_word' id='word_1_601' title='bbox 3004 3758 3148 3815; x_wconf 85' lang='lat' dir='ltr'><strong>videt</strong></span> <span class='ocrx_word' id='word_1_602' title='bbox 3174 3768 3354 3814; x_wconf 89' lang='lat' dir='ltr'><strong>autem</strong></span> <span class='ocrx_word' id='word_1_603' title='bbox 3384 3775 3480 3815; x_wconf 87' lang='lat' dir='ltr'><strong>co-</strong></span> 
     </span>
    </p>
   </div>
   <div class='ocr_carea' id='block_1_84' title="bbox 1894 3848 3485 3925">
    <p class='ocr_par' dir='ltr' id='par_1_84' title="bbox 1894 3848 3485 3925">
     <span class='ocr_line' id='line_1_84' title="bbox 1894 3848 3485 3925; baseline 0.002 -21"><span class='ocrx_word' id='word_1_604' title='bbox 1894 3852 2157 3916; x_wconf 89' lang='lat' dir='ltr'><strong>lumnam,</strong></span> <span class='ocrx_word' id='word_1_605' title='bbox 2184 3865 2351 3920; x_wconf 86' lang='lat' dir='ltr'><strong>quare</strong></span> <span class='ocrx_word' id='word_1_606' title='bbox 2370 3848 2620 3905; x_wconf 89' lang='lat' dir='ltr'><strong>columna</strong></span> <span class='ocrx_word' id='word_1_607' title='bbox 2645 3850 2809 3906; x_wconf 86' lang='lat' dir='ltr'><strong>videt.</strong></span> <span class='ocrx_word' id='word_1_608' title='bbox 2836 3850 2904 3906; x_wconf 87' lang='lat' dir='ltr'><strong>Et</strong></span> <span class='ocrx_word' id='word_1_609' title='bbox 2926 3861 3082 3921; x_wconf 88' lang='lat' dir='ltr'><strong>putas</strong></span> <span class='ocrx_word' id='word_1_610' title='bbox 3101 3851 3241 3925; x_wconf 92' lang='lat' dir='ltr'><strong>quod</strong></span> <span class='ocrx_word' id='word_1_611' title='bbox 3267 3861 3320 3906; x_wconf 95' lang='lat' dir='ltr'><strong>tu</strong></span> <span class='ocrx_word' id='word_1_612' title='bbox 3347 3853 3485 3907; x_wconf 82' lang='lat' dir='ltr'><strong>dicis</strong></span> 
     </span>
    </p>
   </div>
   <div class='ocr_carea' id='block_1_85' title="bbox 1892 3941 3481 4015">
    <p class='ocr_par' dir='ltr' id='par_1_85' title="bbox 1892 3941 3481 4015">
     <span class='ocr_line' id='line_1_85' title="bbox 1892 3941 3481 4015; baseline 0.001 -17"><span class='ocrx_word' id='word_1_613' title='bbox 1892 3957 2059 4007; x_wconf 81' lang='lat' dir='ltr'><strong>esse,</strong></span> <span class='ocrx_word' id='word_1_614' title='bbox 2092 3943 2142 3996; x_wconf 91' lang='lat' dir='ltr'><strong>id</strong></span> <span class='ocrx_word' id='word_1_615' title='bbox 2187 3950 2243 3997; x_wconf 92' lang='lat' dir='ltr'><strong>tu</strong></span> <span class='ocrx_word' id='word_1_616' title='bbox 2282 3941 2419 3997; x_wconf 92' lang='lat' dir='ltr'><strong>dicis</strong></span> <span class='ocrx_word' id='word_1_617' title='bbox 2464 3942 2629 3997; x_wconf 88' lang='lat' dir='ltr'><strong>esse?</strong></span> <span class='ocrx_word' id='word_1_618' title='bbox 2657 3942 2793 3998; x_wconf 92' lang='lat' dir='ltr'><strong>dicis</strong></span> <span class='ocrx_word' id='word_1_619' title='bbox 2838 3952 3020 3999; x_wconf 91' lang='lat' dir='ltr'><strong>autem</strong></span> <span class='ocrx_word' id='word_1_620' title='bbox 3063 3942 3294 4015; x_wconf 86' lang='lat' dir='ltr'><strong>lapidem</strong></span> <span class='ocrx_word' id='word_1_621' title='bbox 3325 3957 3481 4011; x_wconf 89' lang='lat' dir='ltr'><strong>esse,</strong></span> 
     </span>
    </p>
   </div>
   <div class='ocr_carea' id='block_1_86' title="bbox 1894 4023 3487 4112">
    <p class='ocr_par' dir='ltr' id='par_1_86' title="bbox 1894 4023 3487 4112">
     <span class='ocr_line' id='line_1_86' title="bbox 1894 4023 3487 4112; baseline 0.003 -23"><span class='ocrx_word' id='word_1_622' title='bbox 1894 4023 2061 4105; x_wconf 82' lang='lat' dir='ltr'><strong>quare</strong></span> <span class='ocrx_word' id='word_1_623' title='bbox 2107 4046 2163 4089; x_wconf 92' lang='lat' dir='ltr'><strong>tu</strong></span> <span class='ocrx_word' id='word_1_624' title='bbox 2192 4034 2361 4105; x_wconf 88' lang='lat' dir='ltr'><strong>lapis,</strong></span> <span class='ocrx_word' id='word_1_625' title='bbox 2394 4034 2529 4089; x_wconf 88' lang='lat' dir='ltr'><strong>dicis</strong></span> <span class='ocrx_word' id='word_1_626' title='bbox 2568 4050 2711 4091; x_wconf 88' lang='lat' dir='ltr'><strong>esse.</strong></span> <span class='ocrx_word' id='word_1_627' title='bbox 2739 4035 2804 4091; x_wconf 88' lang='lat' dir='ltr'><strong>Et</strong></span> <span class='ocrx_word' id='word_1_628' title='bbox 2834 4045 2989 4112; x_wconf 76' lang='lat' dir='ltr'><strong>putas</strong></span> <span class='ocrx_word' id='word_1_629' title='bbox 3026 4047 3109 4093; x_wconf 89' lang='lat' dir='ltr'><strong>est</strong></span> <span class='ocrx_word' id='word_1_630' title='bbox 3145 4038 3358 4094; x_wconf 86' lang='lat' dir='ltr'><strong>silentia</strong></span> <span class='ocrx_word' id='word_1_631' title='bbox 3395 4040 3487 4094; x_wconf 77' lang='lat' dir='ltr'><strong>di-</strong></span> 
     </span>
    </p>
   </div>
   <div class='ocr_carea' id='block_1_87' title="bbox 1894 4126 3483 4196">
    <p class='ocr_par' dir='ltr' id='par_1_87' title="bbox 1894 4126 3483 4196">
     <span class='ocr_line' id='line_1_87' title="bbox 1894 4126 3483 4196; baseline 0.003 -14"><span class='ocrx_word' id='word_1_632' title='bbox 1894 4127 2286 4195; x_wconf 84' lang='lat' dir='ltr'><strong>cere?duplex</strong></span> <span class='ocrx_word' id='word_1_633' title='bbox 2315 4126 2456 4180; x_wconf 90' lang='lat' dir='ltr'><strong>enim</strong></span> <span class='ocrx_word' id='word_1_634' title='bbox 2515 4136 2597 4181; x_wconf 89' lang='lat' dir='ltr'><strong>est</strong></span> <span class='ocrx_word' id='word_1_635' title='bbox 2624 4135 2679 4181; x_wconf 90' lang='lat' dir='ltr'><strong>et</strong></span> <span class='ocrx_word' id='word_1_636' title='bbox 2727 4127 2815 4193; x_wconf 88' lang='lat' dir='ltr'><strong>id,</strong></span> <span class='ocrx_word' id='word_1_637' title='bbox 2855 4128 3071 4183; x_wconf 88' lang='lat' dir='ltr'><strong>silentia</strong></span> <span class='ocrx_word' id='word_1_638' title='bbox 3119 4129 3328 4196; x_wconf 87' lang='lat' dir='ltr'><strong>dicere,</strong></span> <span class='ocrx_word' id='word_1_639' title='bbox 3380 4132 3483 4186; x_wconf 90' lang='lat' dir='ltr'><strong>hoc</strong></span> 
     </span>
    </p>
   </div>
   <div class='ocr_carea' id='block_1_88' title="bbox 1896 4215 3487 4294">
    <p class='ocr_par' dir='ltr' id='par_1_88' title="bbox 1896 4215 3487 4294">
     <span class='ocr_line' id='line_1_88' title="bbox 1896 4215 3487 4294; baseline 0.005 -24"><span class='ocrx_word' id='word_1_640' title='bbox 1896 4216 2111 4283; x_wconf 87' lang='lat' dir='ltr'><strong>quidem</strong></span> <span class='ocrx_word' id='word_1_641' title='bbox 2142 4231 2235 4271; x_wconf 86' lang='lat' dir='ltr'><strong>eos</strong></span> <span class='ocrx_word' id='word_1_642' title='bbox 2264 4216 2354 4285; x_wconf 88' lang='lat' dir='ltr'><strong>qui</strong></span> <span class='ocrx_word' id='word_1_643' title='bbox 2396 4215 2582 4270; x_wconf 89' lang='lat' dir='ltr'><strong>dicunt</strong></span> <span class='ocrx_word' id='word_1_644' title='bbox 2628 4217 2817 4284; x_wconf 90' lang='lat' dir='ltr'><strong>silere,</strong></span> <span class='ocrx_word' id='word_1_645' title='bbox 2851 4218 2983 4273; x_wconf 89' lang='lat' dir='ltr'><strong>illud</strong></span> <span class='ocrx_word' id='word_1_646' title='bbox 3036 4229 3215 4276; x_wconf 90' lang='lat' dir='ltr'><strong>autem</strong></span> <span class='ocrx_word' id='word_1_647' title='bbox 3258 4237 3318 4277; x_wconf 82' lang='lat' dir='ltr'><strong>ea</strong></span> <span class='ocrx_word' id='word_1_648' title='bbox 3363 4239 3487 4294; x_wconf 69' lang='lat' dir='ltr'><strong>qua:</strong></span> 
     </span>
    </p>
   </div>
   <div class='ocr_carea' id='block_1_89' title="bbox 1895 4308 3488 4385">
    <p class='ocr_par' dir='ltr' id='par_1_89' title="bbox 1895 4308 3488 4385">
     <span class='ocr_line' id='line_1_89' title="bbox 1895 4308 3488 4385; baseline 0.004 -23"><span class='ocrx_word' id='word_1_649' title='bbox 1895 4308 2165 4363; x_wconf 90' lang='lat' dir='ltr'><strong>dicuntur.</strong></span> <span class='ocrx_word' id='word_1_650' title='bbox 2198 4308 2338 4363; x_wconf 89' lang='lat' dir='ltr'><strong>Sunt</strong></span> <span class='ocrx_word' id='word_1_651' title='bbox 2372 4318 2550 4361; x_wconf 90' lang='lat' dir='ltr'><strong>autem</strong></span> <span class='ocrx_word' id='word_1_652' title='bbox 2580 4316 2695 4364; x_wconf 90' lang='lat' dir='ltr'><strong>tres</strong></span> <span class='ocrx_word' id='word_1_653' title='bbox 2737 4310 2879 4365; x_wconf 91' lang='lat' dir='ltr'><strong>modi</strong></span> <span class='ocrx_word' id='word_1_654' title='bbox 2913 4313 3206 4366; x_wconf 90' lang='lat' dir='ltr'><strong>secundum</strong></span> <span class='ocrx_word' id='word_1_655' title='bbox 3247 4316 3488 4385; x_wconf 71' lang='lat' dir='ltr'><strong>mqnivo-</strong></span> 
     </span>
    </p>
   </div>
   <div class='ocr_carea' id='block_1_90' title="bbox 1896 4398 3489 4477">
    <p class='ocr_par' dir='ltr' id='par_1_90' title="bbox 1896 4398 3489 4477">
     <span class='ocr_line' id='line_1_90' title="bbox 1896 4398 3489 4477; baseline 0.008 -24"><span class='ocrx_word' id='word_1_656' title='bbox 1896 4399 2167 4453; x_wconf 88' lang='lat' dir='ltr'><strong>cationem</strong></span> <span class='ocrx_word' id='word_1_657' title='bbox 2200 4409 2255 4452; x_wconf 89' lang='lat' dir='ltr'><strong>et</strong></span> <span class='ocrx_word' id='word_1_658' title='bbox 2288 4398 2694 4468; x_wconf 89' lang='lat' dir='ltr'><strong>amphiboliam.</strong></span> <span class='ocrx_word' id='word_1_659' title='bbox 2730 4401 2879 4457; x_wconf 88' lang='lat' dir='ltr'><strong>Unus</strong></span> <span class='ocrx_word' id='word_1_660' title='bbox 2904 4405 3117 4473; x_wconf 89' lang='lat' dir='ltr'><strong>quidem</strong></span> <span class='ocrx_word' id='word_1_661' title='bbox 3149 4409 3361 4477; x_wconf 85' lang='lat' dir='ltr'><strong>quando</strong></span> <span class='ocrx_word' id='word_1_662' title='bbox 3390 4425 3489 4465; x_wconf 88' lang='lat' dir='ltr'><strong>no-</strong></span> 
     </span>
    </p>
   </div>
   <div class='ocr_carea' id='block_1_91' title="bbox 1896 4490 3583 4573">
    <p class='ocr_par' dir='ltr' id='par_1_91' title="bbox 1896 4490 3583 4573">
     <span class='ocr_line' id='line_1_91' title="bbox 1896 4490 3583 4573; baseline 0.009 -28"><span class='ocrx_word' id='word_1_663' title='bbox 1896 4508 2020 4547; x_wconf 89' lang='lat' dir='ltr'><strong>men</strong></span> <span class='ocrx_word' id='word_1_664' title='bbox 2054 4490 2138 4545; x_wconf 87' lang='lat' dir='ltr'><strong>vel</strong></span> <span class='ocrx_word' id='word_1_665' title='bbox 2162 4492 2335 4547; x_wconf 84' lang='lat' dir='ltr'><strong>oratio</strong></span> <span class='ocrx_word' id='word_1_666' title='bbox 2356 4493 2507 4562; x_wconf 90' lang='lat' dir='ltr'><strong>plura</strong></span> <span class='ocrx_word' id='word_1_667' title='bbox 2530 4493 2794 4565; x_wconf 85' lang='lat' dir='ltr'><strong>signiﬁcat</strong></span> <span class='ocrx_word' id='word_1_668' title='bbox 2820 4497 3203 4568; x_wconf 84' lang='lat' dir='ltr'><strong>principaliter,</strong></span> <span class='ocrx_word' id='word_1_669' title='bbox 3232 4513 3288 4558; x_wconf 88' lang='lat' dir='ltr'><strong>ut</strong></span> <span class='ocrx_word' id='word_1_670' title='bbox 3309 4506 3490 4573; x_wconf 82' lang='lat' dir='ltr'><strong>aquila</strong></span> <span class='ocrx_word' id='word_1_671' title='bbox 3578 4512 3583 4519; x_wconf 89' lang='lat'>&#39;</span> 
     </span>
    </p>
   </div>
   <div class='ocr_carea' id='block_1_92' title="bbox 187 4574 1782 4655">
    <p class='ocr_par' dir='ltr' id='par_1_92' title="bbox 187 4574 1782 4646">
     <span class='ocr_line' id='line_1_92' title="bbox 187 4574 1782 4646; baseline -0.001 -17"><span class='ocrx_word' id='word_1_672' title='bbox 187 4586 455 4646; x_wconf 87' lang='lat' dir='ltr'><strong>parentes</strong></span> <span class='ocrx_word' id='word_1_673' title='bbox 500 4575 854 4645; x_wconf 79' lang='lat' dir='ltr'><strong>syllogisﬁce.</strong></span> <span class='ocrx_word' id='word_1_674' title='bbox 892 4576 968 4630; x_wconf 88' lang='lat' dir='ltr'><strong>De</strong></span> <span class='ocrx_word' id='word_1_675' title='bbox 1012 4574 1457 4630; x_wconf 88' lang='lat' dir='ltr'><strong>demonstrativis</strong></span> <span class='ocrx_word' id='word_1_676' title='bbox 1509 4584 1684 4630; x_wconf 89' lang='lat' dir='ltr'><strong>autem</strong></span> <span class='ocrx_word' id='word_1_677' title='bbox 1734 4575 1782 4629; x_wconf 89' lang='lat' dir='ltr'><strong>in</strong></span> 
     </span>
    </p>
   </div>
   <div class='ocr_carea' id='block_1_93' title="bbox 1887 4574 3486 4655">
    <p class='ocr_par' dir='ltr' id='par_1_93' title="bbox 1902 4584 3486 4655">
     <span class='ocr_line' id='line_1_93' title="bbox 1902 4584 3486 4655; baseline 0.008 -16"><span class='ocrx_word' id='word_1_678' title='bbox 1902 4587 1982 4639; x_wconf 84' lang='lat' dir='ltr'><strong>vel</strong></span> <span class='ocrx_word' id='word_1_679' title='bbox 2008 4584 2179 4639; x_wconf 91' lang='lat' dir='ltr'><strong>canis.</strong></span> <span class='ocrx_word' id='word_1_680' title='bbox 2206 4584 2357 4638; x_wconf 82' lang='lat' dir='ltr'><strong>Alius</strong></span> <span class='ocrx_word' id='word_1_681' title='bbox 2377 4594 2555 4640; x_wconf 88' lang='lat' dir='ltr'><strong>autem</strong></span> <span class='ocrx_word' id='word_1_682' title='bbox 2578 4588 2789 4655; x_wconf 82' lang='lat' dir='ltr'><strong>quando</strong></span> <span class='ocrx_word' id='word_1_683' title='bbox 2815 4590 2957 4644; x_wconf 87' lang='lat' dir='ltr'><strong>soliti</strong></span> <span class='ocrx_word' id='word_1_684' title='bbox 2980 4607 3165 4648; x_wconf 89' lang='lat' dir='ltr'><strong>sumus</strong></span> <span class='ocrx_word' id='word_1_685' title='bbox 3181 4595 3258 4650; x_wconf 88' lang='lat' dir='ltr'><strong>sic</strong></span> <span class='ocrx_word' id='word_1_686' title='bbox 3283 4597 3486 4652; x_wconf 86' lang='lat' dir='ltr'><strong>dicere.</strong></span> 
     </span>
    </p>
   </div>
   <div class='ocr_carea' id='block_1_94' title="bbox 186 4665 1786 4737">
    <p class='ocr_par' dir='ltr' id='par_1_94' title="bbox 186 4665 1786 4737">
     <span class='ocr_line' id='line_1_94' title="bbox 186 4665 1786 4737; baseline 0 -15"><span class='ocrx_word' id='word_1_687' title='bbox 186 4665 502 4737; x_wconf 82' lang='lat' dir='ltr'><strong>Analyticis</strong></span> <span class='ocrx_word' id='word_1_688' title='bbox 532 4666 734 4721; x_wconf 86' lang='lat' dir='ltr'><strong>dictum</strong></span> <span class='ocrx_word' id='word_1_689' title='bbox 781 4674 896 4730; x_wconf 86' lang='lat' dir='ltr'><strong>est;</strong></span> <span class='ocrx_word' id='word_1_690' title='bbox 932 4667 1002 4723; x_wconf 92' lang='lat' dir='ltr'><strong>de</strong></span> <span class='ocrx_word' id='word_1_691' title='bbox 1024 4666 1320 4723; x_wconf 88' lang='lat' dir='ltr'><strong>dialecticis</strong></span> <span class='ocrx_word' id='word_1_692' title='bbox 1351 4682 1481 4722; x_wconf 89' lang='lat' dir='ltr'><strong>vero</strong></span> <span class='ocrx_word' id='word_1_693' title='bbox 1510 4677 1565 4722; x_wconf 93' lang='lat' dir='ltr'><strong>et</strong></span> <span class='ocrx_word' id='word_1_694' title='bbox 1607 4677 1786 4722; x_wconf 89' lang='lat' dir='ltr'><strong>tenta-</strong></span> 
     </span>
    </p>
   </div>
   <div class='ocr_carea' id='block_1_95' title="bbox 187 4758 1790 4825">
    <p class='ocr_par' dir='ltr' id='par_1_95' title="bbox 187 4758 1790 4825">
     <span class='ocr_line' id='line_1_95' title="bbox 187 4758 1790 4825; baseline 0.001 -12"><span class='ocrx_word' id='word_1_695' title='bbox 187 4760 347 4825; x_wconf 87' lang='lat' dir='ltr'><strong>tivis,</strong></span> <span class='ocrx_word' id='word_1_696' title='bbox 396 4759 448 4812; x_wconf 91' lang='lat' dir='ltr'><strong>in</strong></span> <span class='ocrx_word' id='word_1_697' title='bbox 480 4759 616 4813; x_wconf 89' lang='lat' dir='ltr'><strong>aliis.</strong></span> <span class='ocrx_word' id='word_1_698' title='bbox 647 4758 723 4815; x_wconf 91' lang='lat' dir='ltr'><strong>De</strong></span> <span class='ocrx_word' id='word_1_699' title='bbox 746 4759 1107 4817; x_wconf 87' lang='lat' dir='ltr'><strong>altercatoriis</strong></span> <span class='ocrx_word' id='word_1_700' title='bbox 1133 4769 1312 4817; x_wconf 86' lang='lat' dir='ltr'><strong>autem</strong></span> <span class='ocrx_word' id='word_1_701' title='bbox 1340 4768 1396 4815; x_wconf 89' lang='lat' dir='ltr'><strong>et</strong></span> <span class='ocrx_word' id='word_1_702' title='bbox 1428 4761 1790 4817; x_wconf 89' lang='lat' dir='ltr'><strong>contentiosis</strong></span> 
     </span>
    </p>
   </div>
   <div class='ocr_carea' id='block_1_96' title="bbox 187 4850 687 4909">
    <p class='ocr_par' dir='ltr' id='par_1_96' title="bbox 187 4850 687 4909">
     <span class='ocr_line' id='line_1_96' title="bbox 187 4850 687 4909; baseline -0.004 -2"><span class='ocrx_word' id='word_1_703' title='bbox 187 4865 348 4907; x_wconf 88' lang='lat' dir='ltr'><strong>nunc</strong></span> <span class='ocrx_word' id='word_1_704' title='bbox 376 4850 687 4909; x_wconf 88' lang='lat' dir='ltr'><strong>dicendum.</strong></span> 
     </span>
    </p>
   </div>
   <div class='ocr_carea' id='block_1_97' title="bbox 825 4967 1177 5024">
    <p class='ocr_par' dir='ltr' id='par_1_97' title="bbox 825 4967 1177 5024">
     <span class='ocr_line' id='line_1_97' title="bbox 825 4967 1177 5024; baseline 0 -1"><span class='ocrx_word' id='word_1_705' title='bbox 825 4967 1048 5023; x_wconf 86' lang='lat' dir='ltr'><strong>CAPUT</strong></span> <span class='ocrx_word' id='word_1_706' title='bbox 1091 4968 1177 5024; x_wconf 85' lang='grc'><strong>111.</strong></span> 
     </span>
    </p>
   </div>
   <div class='ocr_carea' id='block_1_98' title="bbox 322 5056 1653 5132">
    <p class='ocr_par' dir='ltr' id='par_1_98' title="bbox 322 5056 1653 5132">
     <span class='ocr_line' id='line_1_98' title="bbox 322 5056 1653 5132; baseline 0.005 -21"><span class='ocrx_word' id='word_1_707' title='bbox 322 5056 480 5114; x_wconf 82' lang='lat' dir='ltr'><strong>Fines</strong></span> <span class='ocrx_word' id='word_1_708' title='bbox 511 5061 773 5130; x_wconf 67' lang='lat' dir='ltr'><strong>sophisma,</strong></span> <span class='ocrx_word' id='word_1_709' title='bbox 813 5072 860 5115; x_wconf 84' lang='lat' dir='ltr'><strong>et</strong></span> <span class='ocrx_word' id='word_1_710' title='bbox 892 5063 991 5115; x_wconf 83' lang='lat' dir='ltr'><strong>loci</strong></span> <span class='ocrx_word' id='word_1_711' title='bbox 1026 5061 1290 5132; x_wconf 78' lang='lat' dir='ltr'><strong>saphistici</strong></span> <span class='ocrx_word' id='word_1_712' title='bbox 1318 5062 1373 5117; x_wconf 86' lang='lat' dir='ltr'><strong>in</strong></span> <span class='ocrx_word' id='word_1_713' title='bbox 1415 5063 1653 5118; x_wconf 83' lang='lat' dir='ltr'><strong>dictione.</strong></span> 
     </span>
    </p>
   </div>
   <div class='ocr_carea' id='block_1_99' title="bbox 271 5174 1789 5245">
    <p class='ocr_par' dir='ltr' id='par_1_99' title="bbox 271 5174 1789 5245">
     <span class='ocr_line' id='line_1_99' title="bbox 271 5174 1789 5245; baseline 0.001 -18"><span class='ocrx_word' id='word_1_714' title='bbox 271 5174 516 5228; x_wconf 73' lang='lat' dir='ltr'><strong>Primum</strong></span> <span class='ocrx_word' id='word_1_715' title='bbox 551 5174 709 5242; x_wconf 87' lang='lat' dir='ltr'><strong>igitur</strong></span> <span class='ocrx_word' id='word_1_716' title='bbox 737 5174 1055 5229; x_wconf 87' lang='lat' dir='ltr'><strong>sumendum</strong></span> <span class='ocrx_word' id='word_1_717' title='bbox 1089 5184 1169 5229; x_wconf 89' lang='lat' dir='ltr'><strong>cst</strong></span> <span class='ocrx_word' id='word_1_718' title='bbox 1197 5184 1329 5245; x_wconf 87' lang='lat' dir='ltr'><strong>quot</strong></span> <span class='ocrx_word' id='word_1_719' title='bbox 1367 5175 1672 5245; x_wconf 89' lang='lat' dir='ltr'><strong>conjectant</strong></span> <span class='ocrx_word' id='word_1_720' title='bbox 1701 5175 1789 5245; x_wconf 90' lang='lat' dir='ltr'><strong>qui</strong></span> 
     </span>
    </p>
   </div>
   <div class='ocr_carea' id='block_1_100' title="bbox 187 5265 1792 5325">
    <p class='ocr_par' dir='ltr' id='par_1_100' title="bbox 187 5265 1792 5325">
     <span class='ocr_line' id='line_1_100' title="bbox 187 5265 1792 5325; baseline -0.002 -1"><span class='ocrx_word' id='word_1_721' title='bbox 187 5267 247 5325; x_wconf 80' lang='lat' dir='ltr'><strong>in</strong></span> <span class='ocrx_word' id='word_1_722' title='bbox 300 5265 641 5321; x_wconf 81' lang='lat' dir='ltr'><strong>orationibus</strong></span> <span class='ocrx_word' id='word_1_723' title='bbox 675 5268 955 5322; x_wconf 80' lang='lat' dir='ltr'><strong>decertant</strong></span> <span class='ocrx_word' id='word_1_724' title='bbox 992 5278 1045 5322; x_wconf 93' lang='lat' dir='ltr'><strong>ct</strong></span> <span class='ocrx_word' id='word_1_725' title='bbox 1084 5267 1499 5323; x_wconf 87' lang='lat' dir='ltr'><strong>coaltcrcantur.</strong></span> <span class='ocrx_word' id='word_1_726' title='bbox 1532 5269 1666 5323; x_wconf 91' lang='lat' dir='ltr'><strong>Sunt</strong></span> <span class='ocrx_word' id='word_1_727' title='bbox 1697 5283 1792 5321; x_wconf 90' lang='lat' dir='ltr'><strong>au-</strong></span> 
     </span>
    </p>
   </div>
   <div class='ocr_carea' id='block_1_101' title="bbox 187 5362 1789 5433">
    <p class='ocr_par' dir='ltr' id='par_1_101' title="bbox 187 5362 1789 5433">
     <span class='ocr_line' id='line_1_101' title="bbox 187 5362 1789 5433; baseline -0.001 -15"><span class='ocrx_word' id='word_1_728' title='bbox 187 5378 309 5419; x_wconf 89' lang='lat' dir='ltr'><strong>tem</strong></span> <span class='ocrx_word' id='word_1_729' title='bbox 345 5362 458 5417; x_wconf 68' lang='lat' dir='ltr'><strong>hare</strong></span> <span class='ocrx_word' id='word_1_730' title='bbox 495 5363 733 5433; x_wconf 83' lang='lat' dir='ltr'><strong>quinque</strong></span> <span class='ocrx_word' id='word_1_731' title='bbox 760 5378 984 5417; x_wconf 88' lang='lat' dir='ltr'><strong>numero</strong></span> <span class='ocrx_word' id='word_1_732' title='bbox 1016 5379 1027 5415; x_wconf 91' lang='lat'><strong>:</strong></span> <span class='ocrx_word' id='word_1_733' title='bbox 1062 5362 1404 5431; x_wconf 71' lang='lat' dir='ltr'><strong>redarguitio,</strong></span> <span class='ocrx_word' id='word_1_734' title='bbox 1437 5362 1625 5417; x_wconf 83' lang='lat' dir='ltr'><strong>falsum</strong></span> <span class='ocrx_word' id='word_1_735' title='bbox 1646 5404 1661 5428; x_wconf 92' lang='lat'><strong>,</strong></span> <span class='ocrx_word' id='word_1_736' title='bbox 1708 5363 1789 5417; x_wconf 83' lang='lat' dir='ltr'><strong>in-</strong></span> 
     </span>
    </p>
   </div>
   <div class='ocr_carea' id='block_1_102' title="bbox 186 5448 1787 5526">
    <p class='ocr_par' dir='ltr' id='par_1_102' title="bbox 186 5448 1787 5526">
     <span class='ocr_line' id='line_1_102' title="bbox 186 5448 1787 5526; baseline 0.002 -19"><span class='ocrx_word' id='word_1_737' title='bbox 186 5455 506 5525; x_wconf 78' lang='lat' dir='ltr'><strong>opinabile,</strong></span> <span class='ocrx_word' id='word_1_738' title='bbox 549 5448 909 5521; x_wconf 39' lang='lat' dir='ltr'><strong>soloecismus,</strong></span> <span class='ocrx_word' id='word_1_739' title='bbox 942 5464 995 5510; x_wconf 89' lang='lat' dir='ltr'><strong>et</strong></span> <span class='ocrx_word' id='word_1_740' title='bbox 1023 5455 1265 5525; x_wconf 89' lang='lat' dir='ltr'><strong>quintum</strong></span> <span class='ocrx_word' id='word_1_741' title='bbox 1285 5496 1298 5520; x_wconf 90' lang='lat'><strong>,</strong></span> <span class='ocrx_word' id='word_1_742' title='bbox 1329 5456 1470 5526; x_wconf 83' lang='lat' dir='ltr'><strong>quod</strong></span> <span class='ocrx_word' id='word_1_743' title='bbox 1500 5466 1582 5511; x_wconf 90' lang='lat' dir='ltr'><strong>est</strong></span> <span class='ocrx_word' id='word_1_744' title='bbox 1612 5456 1787 5511; x_wconf 78' lang='lat' dir='ltr'><strong>facere</strong></span> 
     </span>
    </p>
   </div>
   <div class='ocr_carea' id='block_1_103' title="bbox 187 5546 1795 5619">
    <p class='ocr_par' dir='ltr' id='par_1_103' title="bbox 187 5546 1795 5619">
     <span class='ocr_line' id='line_1_103' title="bbox 187 5546 1795 5619; baseline 0 -15"><span class='ocrx_word' id='word_1_745' title='bbox 187 5546 393 5617; x_wconf 72' lang='lat' dir='ltr'><strong>nugari</strong></span> <span class='ocrx_word' id='word_1_746' title='bbox 423 5563 545 5602; x_wconf 90' lang='lat' dir='ltr'><strong>cum</strong></span> <span class='ocrx_word' id='word_1_747' title='bbox 580 5550 667 5619; x_wconf 91' lang='lat' dir='ltr'><strong>qui</strong></span> <span class='ocrx_word' id='word_1_748' title='bbox 700 5548 1063 5618; x_wconf 82' lang='lat' dir='ltr'><strong>condisputat.</strong></span> <span class='ocrx_word' id='word_1_749' title='bbox 1092 5549 1203 5604; x_wconf 82' lang='lat' dir='ltr'><strong>lioc</strong></span> <span class='ocrx_word' id='word_1_750' title='bbox 1232 5558 1409 5604; x_wconf 84' lang='lat' dir='ltr'><strong>autem</strong></span> <span class='ocrx_word' id='word_1_751' title='bbox 1443 5551 1795 5619; x_wconf 77' lang='lat' dir='ltr'><strong>estirequen-</strong></span> 
     </span>
    </p>
   </div>
   <div class='ocr_carea' id='block_1_104' title="bbox 186 5636 1792 5711">
    <p class='ocr_par' dir='ltr' id='par_1_104' title="bbox 186 5636 1792 5711">
     <span class='ocr_line' id='line_1_104' title="bbox 186 5636 1792 5711; baseline 0.001 -17"><span class='ocrx_word' id='word_1_752' title='bbox 186 5636 281 5694; x_wconf 73' lang='lat' dir='ltr'><strong>ter</strong></span> <span class='ocrx_word' id='word_1_753' title='bbox 314 5652 512 5708; x_wconf 90' lang='lat' dir='ltr'><strong>cogere</strong></span> <span class='ocrx_word' id='word_1_754' title='bbox 554 5640 697 5694; x_wconf 86' lang='lat' dir='ltr'><strong>idem</strong></span> <span class='ocrx_word' id='word_1_755' title='bbox 728 5639 927 5705; x_wconf 87' lang='lat' dir='ltr'><strong>dicere,</strong></span> <span class='ocrx_word' id='word_1_756' title='bbox 958 5651 1050 5694; x_wconf 88' lang='lat' dir='ltr'><strong>aut</strong></span> <span class='ocrx_word' id='word_1_757' title='bbox 1077 5641 1218 5710; x_wconf 90' lang='lat' dir='ltr'><strong>quod</strong></span> <span class='ocrx_word' id='word_1_758' title='bbox 1252 5657 1356 5695; x_wconf 91' lang='lat' dir='ltr'><strong>non</strong></span> <span class='ocrx_word' id='word_1_759' title='bbox 1389 5651 1492 5709; x_wconf 90' lang='lat' dir='ltr'><strong>est,</strong></span> <span class='ocrx_word' id='word_1_760' title='bbox 1528 5642 1619 5695; x_wconf 86' lang='lat' dir='ltr'><strong>sed</strong></span> <span class='ocrx_word' id='word_1_761' title='bbox 1650 5641 1792 5711; x_wconf 91' lang='lat' dir='ltr'><strong>quod</strong></span> 
     </span>
    </p>
   </div>
   <div class='ocr_carea' id='block_1_105' title="bbox 186 5732 1798 5803">
    <p class='ocr_par' dir='ltr' id='par_1_105' title="bbox 186 5732 1798 5803">
     <span class='ocr_line' id='line_1_105' title="bbox 186 5732 1798 5803; baseline 0.001 -15"><span class='ocrx_word' id='word_1_762' title='bbox 186 5742 421 5803; x_wconf 81' lang='lat' dir='ltr'><strong>apparet</strong></span> <span class='ocrx_word' id='word_1_763' title='bbox 459 5732 706 5802; x_wconf 87' lang='lat' dir='ltr'><strong>quodque</strong></span> <span class='ocrx_word' id='word_1_764' title='bbox 752 5748 873 5789; x_wconf 85' lang='lat' dir='ltr'><strong>esse</strong></span> <span class='ocrx_word' id='word_1_765' title='bbox 904 5733 1118 5791; x_wconf 88' lang='lat' dir='ltr'><strong>horum.</strong></span> <span class='ocrx_word' id='word_1_766' title='bbox 1160 5734 1291 5789; x_wconf 89' lang='lat' dir='ltr'><strong>Nam</strong></span> <span class='ocrx_word' id='word_1_767' title='bbox 1336 5736 1566 5790; x_wconf 81' lang='lat' dir='ltr'><strong>maxime</strong></span> <span class='ocrx_word' id='word_1_768' title='bbox 1608 5736 1798 5790; x_wconf 88' lang='lat' dir='ltr'><strong>volunt</strong></span> 
     </span>
    </p>
   </div>
   <div class='ocr_carea' id='block_1_106' title="bbox 185 5824 1798 5899">
    <p class='ocr_par' dir='ltr' id='par_1_106' title="bbox 185 5824 1798 5899">
     <span class='ocr_line' id='line_1_106' title="bbox 185 5824 1798 5899; baseline 0.005 -20"><span class='ocrx_word' id='word_1_769' title='bbox 185 5835 472 5898; x_wconf 76' lang='lat' dir='ltr'><strong>apparere</strong></span> <span class='ocrx_word' id='word_1_770' title='bbox 502 5824 862 5898; x_wconf 78' lang='lat' dir='ltr'><strong>redarguere;</strong></span> <span class='ocrx_word' id='word_1_771' title='bbox 894 5827 1188 5885; x_wconf 77' lang='lat' dir='ltr'><strong>secundum</strong></span> <span class='ocrx_word' id='word_1_772' title='bbox 1220 5839 1422 5899; x_wconf 89' lang='lat' dir='ltr'><strong>autem,</strong></span> <span class='ocrx_word' id='word_1_773' title='bbox 1455 5829 1642 5885; x_wconf 82' lang='lat' dir='ltr'><strong>falsum</strong></span> <span class='ocrx_word' id='word_1_774' title='bbox 1695 5828 1798 5887; x_wconf 83' lang='lat' dir='ltr'><strong>ali-</strong></span> 
     </span>
    </p>
   </div>
   <div class='ocr_carea' id='block_1_107' title="bbox 1901 4678 3483 4757">
    <p class='ocr_par' dir='ltr' id='par_1_107' title="bbox 1901 4678 3483 4757">
     <span class='ocr_line' id='line_1_107' title="bbox 1901 4678 3483 4757; baseline 0.006 -23"><span class='ocrx_word' id='word_1_775' title='bbox 1901 4678 2114 4734; x_wconf 88' lang='lat' dir='ltr'><strong>Tertius</strong></span> <span class='ocrx_word' id='word_1_776' title='bbox 2146 4691 2278 4733; x_wconf 78' lang='lat' dir='ltr'><strong>vero</strong></span> <span class='ocrx_word' id='word_1_777' title='bbox 2316 4679 2533 4748; x_wconf 92' lang='lat' dir='ltr'><strong>quando</strong></span> <span class='ocrx_word' id='word_1_778' title='bbox 2580 4685 2937 4749; x_wconf 88' lang='lat' dir='ltr'><strong>compositum</strong></span> <span class='ocrx_word' id='word_1_779' title='bbox 2979 4684 3128 4752; x_wconf 84' lang='lat' dir='ltr'><strong>plura</strong></span> <span class='ocrx_word' id='word_1_780' title='bbox 3177 4688 3483 4757; x_wconf 83' lang='lat' dir='ltr'><strong>signiﬁcat,</strong></span> 
     </span>
    </p>
   </div>
   <div class='ocr_carea' id='block_1_108' title="bbox 1900 4772 3487 4843">
    <p class='ocr_par' dir='ltr' id='par_1_108' title="bbox 1900 4772 3487 4843">
     <span class='ocr_line' id='line_1_108' title="bbox 1900 4772 3487 4843; baseline 0.005 -15"><span class='ocrx_word' id='word_1_781' title='bbox 1900 4780 2211 4843; x_wconf 88' lang='lat' dir='ltr'><strong>separatum</strong></span> <span class='ocrx_word' id='word_1_782' title='bbox 2260 4786 2388 4826; x_wconf 75' lang='lat' dir='ltr'><strong>vero</strong></span> <span class='ocrx_word' id='word_1_783' title='bbox 2428 4772 2776 4843; x_wconf 89' lang='lat' dir='ltr'><strong>simpliciter,</strong></span> <span class='ocrx_word' id='word_1_784' title='bbox 2810 4783 2865 4830; x_wconf 89' lang='lat' dir='ltr'><strong>ut</strong></span> <span class='ocrx_word' id='word_1_785' title='bbox 2907 4777 3047 4831; x_wconf 88' lang='lat' dir='ltr'><strong>scire</strong></span> <span class='ocrx_word' id='word_1_786' title='bbox 3091 4780 3293 4835; x_wconf 88' lang='lat' dir='ltr'><strong>litteras</strong></span> <span class='ocrx_word' id='word_1_787' title='bbox 3321 4799 3332 4832; x_wconf 91' lang='lat'>:</span> <span class='ocrx_word' id='word_1_788' title='bbox 3365 4798 3487 4836; x_wconf 84' lang='lat' dir='ltr'><strong>nam</strong></span> 
     </span>
    </p>
   </div>
   <div class='ocr_carea' id='block_1_109' title="bbox 1899 4864 3483 4944">
    <p class='ocr_par' dir='ltr' id='par_1_109' title="bbox 1899 4864 3483 4944">
     <span class='ocr_line' id='line_1_109' title="bbox 1899 4864 3483 4944; baseline 0.006 -25"><span class='ocrx_word' id='word_1_789' title='bbox 1899 4875 2187 4931; x_wconf 90' lang='lat' dir='ltr'><strong>utrumque</strong></span> <span class='ocrx_word' id='word_1_790' title='bbox 2222 4864 2459 4920; x_wconf 80' lang='lat' dir='ltr'><strong>fortasse</strong></span> <span class='ocrx_word' id='word_1_791' title='bbox 2488 4882 2651 4921; x_wconf 90' lang='lat' dir='ltr'><strong>unum</strong></span> <span class='ocrx_word' id='word_1_792' title='bbox 2684 4868 2896 4937; x_wconf 89' lang='lat' dir='ltr'><strong>quidem</strong></span> <span class='ocrx_word' id='word_1_793' title='bbox 2925 4872 3207 4941; x_wconf 87' lang='lat' dir='ltr'><strong>signiﬁcat,</strong></span> <span class='ocrx_word' id='word_1_794' title='bbox 3241 4883 3295 4928; x_wconf 92' lang='lat' dir='ltr'><strong>et</strong></span> <span class='ocrx_word' id='word_1_795' title='bbox 3322 4876 3483 4944; x_wconf 84' lang='lat' dir='ltr'><strong>scire,</strong></span> 
     </span>
    </p>
   </div>
   <div class='ocr_carea' id='block_1_110' title="bbox 1902 4958 3489 5035">
    <p class='ocr_par' dir='ltr' id='par_1_110' title="bbox 1902 4958 3489 5035">
     <span class='ocr_line' id='line_1_110' title="bbox 1902 4958 3489 5035; baseline 0.007 -23"><span class='ocrx_word' id='word_1_796' title='bbox 1902 4967 1956 5012; x_wconf 93' lang='lat' dir='ltr'><strong>et</strong></span> <span class='ocrx_word' id='word_1_797' title='bbox 1977 4958 2210 5023; x_wconf 62' lang='lat' dir='ltr'><strong>litterae;</strong></span> <span class='ocrx_word' id='word_1_798' title='bbox 2235 4958 2393 5035; x_wconf 79' lang='lat' dir='ltr'><strong>ambo</strong></span> <span class='ocrx_word' id='word_1_799' title='bbox 2410 4967 2586 5013; x_wconf 89' lang='lat' dir='ltr'><strong>autem</strong></span> <span class='ocrx_word' id='word_1_800' title='bbox 2620 4959 2788 5029; x_wconf 89' lang='lat' dir='ltr'><strong>plura,</strong></span> <span class='ocrx_word' id='word_1_801' title='bbox 2818 4971 2910 5017; x_wconf 88' lang='lat' dir='ltr'><strong>aut</strong></span> <span class='ocrx_word' id='word_1_802' title='bbox 2932 4964 3140 5019; x_wconf 85' lang='lat' dir='ltr'><strong>litteras</strong></span> <span class='ocrx_word' id='word_1_803' title='bbox 3162 4966 3300 5034; x_wconf 80' lang='lat' dir='ltr'><strong>ipsas</strong></span> <span class='ocrx_word' id='word_1_804' title='bbox 3322 4968 3489 5023; x_wconf 88' lang='lat' dir='ltr'><strong>scien-</strong></span> 
     </span>
    </p>
   </div>
   <div class='ocr_carea' id='block_1_111' title="bbox 1909 5050 3491 5127">
    <p class='ocr_par' dir='ltr' id='par_1_111' title="bbox 1909 5050 3491 5127">
     <span class='ocr_line' id='line_1_111' title="bbox 1909 5050 3491 5127; baseline 0.006 -24"><span class='ocrx_word' id='word_1_805' title='bbox 1909 5050 2034 5105; x_wconf 91' lang='lat' dir='ltr'><strong>tiam</strong></span> <span class='ocrx_word' id='word_1_806' title='bbox 2062 5050 2284 5116; x_wconf 87' lang='lat' dir='ltr'><strong>habcre,</strong></span> <span class='ocrx_word' id='word_1_807' title='bbox 2311 5060 2403 5105; x_wconf 90' lang='lat' dir='ltr'><strong>aut</strong></span> <span class='ocrx_word' id='word_1_808' title='bbox 2430 5050 2728 5107; x_wconf 88' lang='lat' dir='ltr'><strong>litterarum</strong></span> <span class='ocrx_word' id='word_1_809' title='bbox 2748 5054 2929 5109; x_wconf 89' lang='lat' dir='ltr'><strong>alium.</strong></span> <span class='ocrx_word' id='word_1_810' title='bbox 2960 5055 3296 5125; x_wconf 82' lang='lat' dir='ltr'><strong>Amphibolia</strong></span> <span class='ocrx_word' id='word_1_811' title='bbox 3329 5058 3491 5127; x_wconf 85' lang='lat' dir='ltr'><strong>igitur</strong></span> 
     </span>
    </p>
   </div>
   <div class='ocr_carea' id='block_1_112' title="bbox 1903 5144 3492 5219">
    <p class='ocr_par' dir='ltr' id='par_1_112' title="bbox 1903 5144 3492 5219">
     <span class='ocr_line' id='line_1_112' title="bbox 1903 5144 3492 5219; baseline 0.008 -24"><span class='ocrx_word' id='word_1_812' title='bbox 1903 5152 1957 5196; x_wconf 83' lang='lat' dir='ltr'><strong>ct</strong></span> <span class='ocrx_word' id='word_1_813' title='bbox 2007 5144 2365 5212; x_wconf 65' lang='lat' dir='ltr'><strong>wqttivocatio</strong></span> <span class='ocrx_word' id='word_1_814' title='bbox 2414 5154 2630 5212; x_wconf 71' lang='lat' dir='ltr'><strong>promer</strong></span> <span class='ocrx_word' id='word_1_815' title='bbox 2677 5145 2775 5200; x_wconf 88' lang='lat' dir='ltr'><strong>hos</strong></span> <span class='ocrx_word' id='word_1_816' title='bbox 2825 5147 3014 5202; x_wconf 92' lang='lat' dir='ltr'><strong>modos</strong></span> <span class='ocrx_word' id='word_1_817' title='bbox 3067 5158 3215 5204; x_wconf 92' lang='lat' dir='ltr'><strong>sunt.</strong></span> <span class='ocrx_word' id='word_1_818' title='bbox 3267 5149 3492 5219; x_wconf 71' lang='lat' dir='ltr'><strong>Pronter</strong></span> 
     </span>
    </p>
   </div>
   <div class='ocr_carea' id='block_1_113' title="bbox 1901 5235 3491 5309">
    <p class='ocr_par' dir='ltr' id='par_1_113' title="bbox 1901 5235 3491 5309">
     <span class='ocr_line' id='line_1_113' title="bbox 1901 5235 3491 5309; baseline 0.006 -20"><span class='ocrx_word' id='word_1_819' title='bbox 1901 5235 2347 5303; x_wconf 91' lang='lat' dir='ltr'><strong>compositionem</strong></span> <span class='ocrx_word' id='word_1_820' title='bbox 2373 5251 2500 5291; x_wconf 90' lang='lat' dir='ltr'><strong>vero</strong></span> <span class='ocrx_word' id='word_1_821' title='bbox 2530 5237 2832 5307; x_wconf 82' lang='lat' dir='ltr'><strong>hujusmodi</strong></span> <span class='ocrx_word' id='word_1_822' title='bbox 2865 5249 3010 5306; x_wconf 89' lang='lat' dir='ltr'><strong>sunt,</strong></span> <span class='ocrx_word' id='word_1_823' title='bbox 3044 5250 3101 5295; x_wconf 88' lang='lat' dir='ltr'><strong>ut</strong></span> <span class='ocrx_word' id='word_1_824' title='bbox 3124 5242 3375 5309; x_wconf 83' lang='lat' dir='ltr'><strong>possibile</strong></span> <span class='ocrx_word' id='word_1_825' title='bbox 3407 5255 3491 5299; x_wconf 87' lang='lat' dir='ltr'><strong>cst</strong></span> 
     </span>
    </p>
   </div>
   <div class='ocr_carea' id='block_1_114' title="bbox 1902 5327 3485 5395">
    <p class='ocr_par' dir='ltr' id='par_1_114' title="bbox 1902 5327 3485 5395">
     <span class='ocr_line' id='line_1_114' title="bbox 1902 5327 3485 5395; baseline 0.005 -13"><span class='ocrx_word' id='word_1_826' title='bbox 1902 5328 2179 5382; x_wconf 88' lang='lat' dir='ltr'><strong>sedentem</strong></span> <span class='ocrx_word' id='word_1_827' title='bbox 2221 5327 2529 5395; x_wconf 82' lang='lat' dir='ltr'><strong>ambulare,</strong></span> <span class='ocrx_word' id='word_1_828' title='bbox 2579 5340 2631 5384; x_wconf 90' lang='lat' dir='ltr'><strong>et</strong></span> <span class='ocrx_word' id='word_1_829' title='bbox 2665 5345 2771 5385; x_wconf 93' lang='lat' dir='ltr'><strong>non</strong></span> <span class='ocrx_word' id='word_1_830' title='bbox 2821 5332 3145 5386; x_wconf 84' lang='lat' dir='ltr'><strong>scribentem</strong></span> <span class='ocrx_word' id='word_1_831' title='bbox 3197 5334 3485 5390; x_wconf 81' lang='lat' dir='ltr'><strong>scribere:</strong></span> 
     </span>
    </p>
   </div>
   <div class='ocr_carea' id='block_1_115' title="bbox 1902 5421 3488 5495">
    <p class='ocr_par' dir='ltr' id='par_1_115' title="bbox 1902 5421 3488 5495">
     <span class='ocr_line' id='line_1_115' title="bbox 1902 5421 3488 5495; baseline 0.005 -19"><span class='ocrx_word' id='word_1_832' title='bbox 1902 5438 2007 5476; x_wconf 90' lang='lat' dir='ltr'><strong>non</strong></span> <span class='ocrx_word' id='word_1_833' title='bbox 2055 5422 2198 5478; x_wconf 93' lang='lat' dir='ltr'><strong>enim</strong></span> <span class='ocrx_word' id='word_1_834' title='bbox 2232 5421 2370 5477; x_wconf 91' lang='lat' dir='ltr'><strong>idem</strong></span> <span class='ocrx_word' id='word_1_835' title='bbox 2417 5423 2683 5492; x_wconf 83' lang='lat' dir='ltr'><strong>signiﬁcat</strong></span> <span class='ocrx_word' id='word_1_836' title='bbox 2728 5425 2771 5477; x_wconf 88' lang='lat' dir='ltr'><strong>si</strong></span> <span class='ocrx_word' id='word_1_837' title='bbox 2804 5424 3050 5481; x_wconf 89' lang='lat' dir='ltr'><strong>dividens</strong></span> <span class='ocrx_word' id='word_1_838' title='bbox 3078 5428 3198 5495; x_wconf 90' lang='lat' dir='ltr'><strong>quis</strong></span> <span class='ocrx_word' id='word_1_839' title='bbox 3226 5431 3366 5483; x_wconf 87' lang='lat' dir='ltr'><strong>dicat</strong></span> <span class='ocrx_word' id='word_1_840' title='bbox 3388 5471 3401 5493; x_wconf 82' lang='lat'><strong>,</strong></span> <span class='ocrx_word' id='word_1_841' title='bbox 3433 5442 3488 5484; x_wconf 80' lang='lat' dir='ltr'><strong>et</strong></span> 
     </span>
    </p>
   </div>
   <div class='ocr_carea' id='block_1_116' title="bbox 1900 5515 3484 5588">
    <p class='ocr_par' dir='ltr' id='par_1_116' title="bbox 1900 5515 3484 5588">
     <span class='ocr_line' id='line_1_116' title="bbox 1900 5515 3484 5588; baseline 0.004 -18"><span class='ocrx_word' id='word_1_842' title='bbox 1900 5530 2252 5585; x_wconf 86' lang='lat' dir='ltr'><strong>componens,</strong></span> <span class='ocrx_word' id='word_1_843' title='bbox 2282 5515 2423 5587; x_wconf 86' lang='lat' dir='ltr'><strong>quod</strong></span> <span class='ocrx_word' id='word_1_844' title='bbox 2455 5517 2708 5585; x_wconf 84' lang='lat' dir='ltr'><strong>possibile</strong></span> <span class='ocrx_word' id='word_1_845' title='bbox 2737 5527 2819 5571; x_wconf 87' lang='lat' dir='ltr'><strong>est</strong></span> <span class='ocrx_word' id='word_1_846' title='bbox 2851 5516 3127 5573; x_wconf 86' lang='lat' dir='ltr'><strong>sedentem</strong></span> <span class='ocrx_word' id='word_1_847' title='bbox 3171 5523 3447 5577; x_wconf 84' lang='lat' dir='ltr'><strong>ambulare</strong></span> <span class='ocrx_word' id='word_1_848' title='bbox 3470 5566 3484 5588; x_wconf 89' lang='lat'><strong>,</strong></span> 
     </span>
    </p>
   </div>
   <div class='ocr_carea' id='block_1_117' title="bbox 1900 5620 3485 5698">
    <p class='ocr_par' dir='ltr' id='par_1_117' title="bbox 1900 5620 3485 5698">
     <span class='ocr_line' id='line_1_117' title="bbox 1900 5620 3485 5698; baseline 0.006 -24"><span class='ocrx_word' id='word_1_849' title='bbox 1900 5630 1951 5677; x_wconf 89' lang='lat' dir='ltr'><strong>et</strong></span> <span class='ocrx_word' id='word_1_850' title='bbox 1974 5636 2078 5675; x_wconf 93' lang='lat' dir='ltr'><strong>non</strong></span> <span class='ocrx_word' id='word_1_851' title='bbox 2100 5620 2428 5677; x_wconf 80' lang='lat' dir='ltr'><strong>scribentem</strong></span> <span class='ocrx_word' id='word_1_852' title='bbox 2459 5620 2716 5675; x_wconf 75' lang='lat' dir='ltr'><strong>scribere.</strong></span> <span class='ocrx_word' id='word_1_853' title='bbox 2748 5620 2811 5673; x_wconf 83' lang='lat' dir='ltr'><strong>Et</strong></span> <span class='ocrx_word' id='word_1_854' title='bbox 2840 5620 2942 5675; x_wconf 90' lang='lat' dir='ltr'><strong>hoc</strong></span> <span class='ocrx_word' id='word_1_855' title='bbox 2966 5621 3255 5679; x_wconf 85' lang='lat' dir='ltr'><strong>identidem</strong></span> <span class='ocrx_word' id='word_1_856' title='bbox 3288 5628 3333 5680; x_wconf 88' lang='lat' dir='ltr'><strong>si</strong></span> <span class='ocrx_word' id='word_1_857' title='bbox 3363 5628 3485 5698; x_wconf 73' lang='lat' dir='ltr'><strong>quis</strong></span> 
     </span>
    </p>
   </div>
   <div class='ocr_carea' id='block_1_118' title="bbox 1900 5721 3486 5799">
    <p class='ocr_par' dir='ltr' id='par_1_118' title="bbox 1900 5721 3486 5799">
     <span class='ocr_line' id='line_1_118' title="bbox 1900 5721 3486 5799; baseline 0.006 -23"><span class='ocrx_word' id='word_1_858' title='bbox 1900 5731 2189 5789; x_wconf 81' lang='lat' dir='ltr'><strong>componat</strong></span> <span class='ocrx_word' id='word_1_859' title='bbox 2218 5739 2322 5777; x_wconf 90' lang='lat' dir='ltr'><strong>non</strong></span> <span class='ocrx_word' id='word_1_860' title='bbox 2352 5721 2675 5777; x_wconf 83' lang='lat' dir='ltr'><strong>scribentem</strong></span> <span class='ocrx_word' id='word_1_861' title='bbox 2703 5721 2963 5777; x_wconf 84' lang='lat' dir='ltr'><strong>scribere.</strong></span> <span class='ocrx_word' id='word_1_862' title='bbox 2997 5723 3330 5795; x_wconf 82' lang='lat' dir='ltr'><strong>Signiﬁcabit</strong></span> <span class='ocrx_word' id='word_1_863' title='bbox 3357 5744 3486 5799; x_wconf 77' lang='lat' dir='ltr'><strong>pro-</strong></span> 
     </span>
    </p>
   </div>
   <div class='ocr_carea' id='block_1_119' title="bbox 1902 5824 3520 5901">
    <p class='ocr_par' dir='ltr' id='par_1_119' title="bbox 1902 5824 3520 5901">
     <span class='ocr_line' id='line_1_119' title="bbox 1902 5824 3520 5901; baseline 0.007 -18"><span class='ocrx_word' id='word_1_864' title='bbox 1902 5826 2046 5885; x_wconf 87' lang='lat' dir='ltr'><strong>fecto</strong></span> <span class='ocrx_word' id='word_1_865' title='bbox 2075 5826 2217 5899; x_wconf 87' lang='lat' dir='ltr'><strong>quod</strong></span> <span class='ocrx_word' id='word_1_866' title='bbox 2253 5826 2411 5883; x_wconf 89' lang='lat' dir='ltr'><strong>habet</strong></span> <span class='ocrx_word' id='word_1_867' title='bbox 2445 5833 2799 5901; x_wconf 83' lang='lat' dir='ltr'><strong>potestatem,</strong></span> <span class='ocrx_word' id='word_1_868' title='bbox 2828 5836 2887 5886; x_wconf 88' lang='lat' dir='ltr'><strong>ut</strong></span> <span class='ocrx_word' id='word_1_869' title='bbox 2930 5846 3035 5889; x_wconf 89' lang='lat' dir='ltr'><strong>non</strong></span> <span class='ocrx_word' id='word_1_870' title='bbox 3081 5834 3320 5893; x_wconf 85' lang='lat' dir='ltr'><strong>scribens</strong></span> <span class='ocrx_word' id='word_1_871' title='bbox 3348 5824 3520 5895; x_wconf 43' lang='lat' dir='ltr'><strong>seri?</strong></span> 
     </span>
    </p>
   </div>
  </div>
