4022 6330
571 339 703 398 Il)“

1781 336 1903 425 AN},
1933 332 2139 389 MANL.
2179 328 2334 386 SEV.
2376 329 2598 386 ΒΟΕΤΙΙ

570 454 697 520 hat;
730 460 773 511 si
827 470 945 524 quis
991 463 1167 509 autem
1206 467 1313 507 non
1352 456 1670 520 componat,
1705 430 1954 533 quoniam
1988 446 2150 500 habet
2180 443 2234 503 Α
2258 442 2545 533 praecipue,
2572 437 2786 533 quando
2806 439 2947 509 quod
2972 439 3026 492 in
3060 446 3211 533 parte
3232 435 3450 503 dicitur,
3474 445 3537 495 ut
3565 439 3843 533 simplici-

574 555 893 616 potestatem
927 544 1139 615 quando
1170 560 1274 599 non
1301 544 1508 609 scribit,
1542 550 1596 599 ιιι
1628 541 1845 597 scribat.
1882 539 1949 594 Et
1995 539 2154 593 discit

570 652 712 691 nunc
735 636 959 702 litteras,
985 636 1029 690 si
1054 636 1173 705 quis
1208 634 1393 689 didicit
1416 648 1551 704 quas
1571 632 1697 687 scit.
1717 631 1984 700 Amplius,
2007 631 2148 705 quod

568 741 735 781 unum
765 726 941 780 solum
971 735 1148 795 potest
1178 726 1337 792 ferre,
1362 727 1512 795 plura
1536 733 1712 795 potest
1738 722 1898 779 ferre.
1925 721 2151 792 Propter

564 830 698 871 vero
716 816 1038 872 divisionem
1062 818 1201 886 quod
1227 817 1464 887 quinque
1493 825 1618 871 sunt
1639 817 1769 881 duo,
1793 824 1848 871 et
1873 812 1973 869 tria
2001 813 2146 883 paria

561 916 618 961 et
651 908 894 977 imparia.
921 908 985 962 Et
1012 907 1155 977 quod
1189 908 1363 978 majus
1391 908 1620 979 mquale,
1645 905 1972 962 tantumdem
2003 906 2147 960 enim

561 1007 646 1052 est
678 998 850 1067 majus
870 1009 924 1054 et
948 999 1124 1054 adhuc
1140 1000 1398 1069 amplius;
1426 1014 1547 1055 nam
1571 998 1757 1054 eadem
1778 998 1949 1053 oratio
1977 996 2145 1051 dixisa

562 1099 623 1145 ct
650 1093 946 1161 composita
978 1107 1083 1147 non
1113 1093 1255 1148 idem
1282 1107 1496 1162 semper
1524 1092 1793 1147 videbitur
1819 1091 2143 1160 signiﬁcem.

563 1179 634 1235 Ut
661 1196 762 1252 ego
791 1184 944 1252 posui
976 1192 1027 1239 te
1045 1197 1284 1251 servum,
1304 1184 1623 1240 cxistentem
1648 1183 1897 1238 liberum.
1924 1180 1993 1236 Et
2022 1183 2144 1245 hoc,

560 1270 947 1343 quinquaginta
986 1274 1194 1339 virum,
1223 1284 1440 1330 centum
1490 1275 1652 1330 heros
1691 1272 1844 1342 liquit
1887 1272 2143 1327 Achilles.

560 1360 792 1433 Propter
819 1376 1097 1420 accentum
1135 1376 1338 1435 autem,
1380 1366 1434 1420 in
1466 1366 1534 1421 iis
1561 1380 1682 1437 qua:
1711 1374 1835 1418 sunt
1864 1365 1980 1418 sine
2013 1364 2146 1417 scri-

555 1462 746 1521 ptura,
781 1470 885 1509 non
937 1456 1092 1512 facile
1130 1456 1424 1512 dialecticis
1480 1458 1658 1512 facere
1705 1456 2038 1519 orationem;
2089 1455 2143 1508 in

555 1547 840 1613 scripturis
867 1557 1045 1603 autem
1077 1558 1132 1604 et
1162 1549 1499 1618 poematibus
1530 1548 1717 1617 magis.
1754 1547 1822 1603 Ut
1849 1556 1903 1601 et
1931 1556 2141 1614 poetam

558 1638 855 1694 defendunt
884 1642 1123 1696 nonnulli
1155 1641 1415 1698 adversus
1453 1640 1842 1709 redarguentes
1871 1638 2022 1708 quasi
2056 1637 2143 1692 hic

556 1732 788 1788 absurde
821 1734 1079 1802 locutum,
1110 1733 1220 1790 Nec
1260 1749 1479 1805 gemere
1508 1733 1652 1789 aeria
1696 1732 1927 1788 cessabit
1968 1738 2143 1786 turtur

2254 542 2339 590 ter
2374 532 2578 588 dictum
2627 531 2888 597 sumitur,
2932 539 2991 584 ut
3045 529 3093 584 si
3138 544 3246 585 non
3296 545 3396 587 ens
3431 540 3523 587 est
3561 532 3839 602 opinabile

2253 625 2397 695 quod
2440 641 2545 679 non
2576 637 2675 678 ens
2704 633 2824 689 est;
2855 637 2961 678 non
2984 622 3128 677 enim
3154 630 3240 677 est
3266 622 3562 695 idem,eue
3596 627 3836 695 quidvis,

2254 684 2310 773 et
2358 731 2479 773 esse
2523 684 2861 787 simpliciter.
2895 718 3002 770 Aut
3038 730 3251 771 rursum
3280 684 3538 797 (διέξειμι
3584 684 3737 786 quod

2254 824 2359 864 non
2394 818 2496 874 cst,
2526 809 2571 863 si
2612 824 2798 865 eorum
2818 823 2938 878 qua:
2962 817 3091 862 sunt
3121 796 3395 877 quidpiam
3427 824 3536 864 non
3565 819 3677 875 est,
3719 820 3777 862 ut
3796 811 3838 862 si

2253 916 2359 957 non
2382 910 2467 957 est
2495 901 2656 955 homo
2679 917 2693 953 :
2718 915 2841 954 nam
2871 915 2977 955 non
3008 900 3151 955 idem
3181 908 3267 955 est
3308 884 3575 957 non'esse
3604 900 3835 969 quidvis,

2254 1007 2305 1053 et
2337 1014 2440 1052 non
2471 1012 2592 1053 esse
2615 998 2953 1069 simpliciter,
2977 1008 3200 1068 apparet
3227 1007 3431 1063 autem,
3459 1012 3529 1052 eo
3548 995 3701 1066 quod
3726 1010 3839 1062 pero

2251 1103 2411 1157 quam
2454 1090 2811 1159 propinquum
2848 1097 2934 1144 est
2975 1089 3237 1154 dictione,
3284 1098 3340 1145 et
3388 1103 3576 1158 parum
3630 1085 3841 1141 diﬂ‘erat

2252 1194 2373 1234 esse
2412 1180 2621 1250 quidvis
2666 1180 2734 1234 ab
2771 1195 2840 1235 eo
2865 1179 3009 1249 quod
3035 1190 3120 1236 est
3148 1194 3293 1246 esse,
3317 1189 3373 1235 et
3399 1194 3510 1235 non
3533 1194 3666 1235 esse
3693 1177 3839 1246 quid-

2250 1272 2334 1326 vis
2358 1274 2426 1327 ab
2451 1289 2517 1328 eo
2547 1274 2686 1342 quod
2710 1284 2791 1327 cst
2815 1289 2921 1327 non
2946 1289 3091 1330 esse.
3120 1274 3388 1329 Similiter
3408 1283 3589 1328 autem
3620 1282 3837 1341 propter

2251 1365 2304 1419 id
2334 1365 2473 1433 quod
2501 1374 2582 1419 est
2613 1366 2790 1436 aliquo
2830 1366 3014 1424 modo.
3060 1377 3115 1420 et
3146 1366 3480 1436 simpliciter,
3512 1375 3570 1420 ut
3602 1367 3653 1420 si
3684 1366 3836 1419 Indus

2250 1471 2371 1512 cum
2414 1459 2483 1510 sit
2513 1466 2657 1512 totus
2689 1458 2861 1526 niger,
2895 1458 3047 1513 albus
3074 1466 3159 1513 est
3182 1457 3453 1519 dentibus.
3486 1459 3650 1513 albus
3684 1459 3837 1529 igitur

2254 1558 2309 1603 ct
2333 1563 2436 1601 non
2461 1549 2614 1603 albus
2641 1558 2744 1602 est.
2772 1552 2877 1604 Aut
2908 1550 2951 1604 si
2974 1550 3135 1604 ambo
3166 1549 3348 1620 aliquo
3379 1552 3563 1617 modo,
3588 1551 3743 1621 quod
3768 1554 3838 1607 si-

2249 1641 2362 1694 mul
2384 1641 2656 1694 contraria
2680 1642 2914 1707 inerunt,
2949 1643 3054 1697 tale
3079 1653 3260 1698 autem
3292 1643 3346 1698 in
3375 1642 3706 1714 quibusdam
3725 1644 3838 1714 qui-

2248 1733 2393 1799 dem,
2431 1733 2653 1788 cuilihet
2695 1732 2851 1789 facile
2881 1722 2964 1789 est
3005 1734 3370 1791 considerare.
3416 1734 3488 1793 Ut
3529 1738 3575 1791 si
3615 1750 3837 1791 sumens

554 1822 623 1877 ab
644 1824 809 1887 nlino,
833 1826 973 1891 quod
998 1828 1371 1895 pentemimeri
1400 1841 1529 1883 usus
1555 1826 1646 1893 sit,
1677 1835 1733 1882 et
1751 1833 1956 1881 turture
1981 1824 2138 1879 femi-
2166 1832 2218 1892 Β
2243 1823 2549 1891 Ᾱζιιιίοροηι
2586 1824 2793 1894 nigrum
2837 1840 2979 1888 esse,
3011 1825 3261 1882 dentibus
3291 1825 3434 1882 dicat
3456 1826 3607 1897 quod
3647 1826 3833 1893 albus;

554 1914 682 1969 nino
721 1932 733 1970 :
772 1917 1151 1974 solritntenim
1181 1918 1232 1974 id
1262 1929 1517 1984 accentu,
1550 1919 1789 1974 dicentes
1811 1918 1950 1988 quod
1987 1919 2129 1972 aeria

551 2021 833 2084 accentum
865 2012 1077 2067 finalem
1118 2014 1334 2083 longum
1384 2013 1572 2077 habet,
1606 2022 1659 2067 et
1690 2028 1795 2065 non
1824 2013 1889 2066 ad
1922 2019 2097 2066 turtur
2117 2053 2130 2071 .

550 2098 644 2156 Icci
674 2101 739 2153 ad
772 2101 952 2167 ulmo,
986 2113 1041 2158 ut
1082 2104 1376 2173 epithctum
1417 2104 1577 2159 debet
1624 2103 1842 2168 referri;
1889 2113 1944 2158 et
1974 2103 2023 2156 id
2065 2103 2135 2157 de

548 2186 676 2262 sto
700 2199 757 2247 et
788 2191 1032 2260 Eurialo,
1055 2209 1177 2249 cum
1211 2195 1436 2252 Rutulos
1465 2195 1593 2251 vino
1615 2210 1916 2266 somnoque
1956 2196 2135 2264 sepul-

548 2291 631 2336 tos
662 2281 1072 2352 intellexissent,
1101 2286 1307 2343 Caetera
1332 2301 1428 2356 per
1450 2295 1619 2341 terras
1648 2287 1856 2342 omneis
1882 2285 2132 2340 animalia

547 2386 739 2431 somno
770 2376 1028 2435 laxabant
1053 2394 1234 2446 curas,
1261 2390 1316 2436 et
1341 2381 1501 2437 corda
1529 2381 1695 2436 oblita
1725 2380 1995 2435 laborum.
2025 2379 2131 2436 Ta-

547 2466 617 2522 lia
642 2468 803 2539 igitur
827 2480 1051 2540 propter
1078 2482 1356 2529 accentum
1380 2484 1525 2529 sunt.
1551 2474 1681 2542 Quae
1707 2480 1884 2528 autem
1914 2482 2135 2543 propter

545 2559 771 2628 figuram
803 2561 1054 2619 dictionis
1073 2574 1218 2631 sunt,
1253 2550 1509 2621 accidunt.
1528 2565 1743 2636 quando
1775 2580 1881 2620 non
1912 2564 2052 2619 idem
2075 2574 2133 2618 ut

545 2650 689 2709 idem
717 2653 1124 2724 interpretatur,
1162 2666 1223 2713 ιιι
1252 2659 1608 2715 masculinum
1634 2702 1648 2725 ,
1678 2659 2015 2725 femininum,
2050 2657 2133 2711 vel

546 2742 863 2802 femininum
887 2789 900 2809 .
936 2750 1286 2806 masculinum
1313 2792 1328 2816 ,
1360 2751 1445 2806 vel
1486 2752 1630 2821 quod
1677 2752 1815 2807 inter
1861 2751 1975 2806 haec
2005 2762 2089 2804 est
2113 2789 2128 2813 ,

548 2834 776 2891 alterum
807 2835 1021 2906 horum,
1046 2839 1129 2894 vel
1148 2854 1340 2919 rursus
1359 2842 1521 2911 quale
1547 2850 1825 2912 quantum,
1855 2841 1942 2896 vel
1966 2856 2138 2909 quan-

546 2935 660 2982 tum
682 2929 859 2999 quale,
887 2931 969 2987 vel
997 2932 1198 2989 faciens
1221 2934 1449 3003 patiens,
1480 2935 1563 2991 vel
1586 2934 1904 3004 dispositum
1933 2934 2132 2999 facere,

547 3028 603 3074 et
628 3019 729 3075 alia
759 3036 855 3076 ceu
880 3022 1109 3079 divisum
1143 3026 1311 3093 prius.
1345 3025 1477 3080 Nam
1506 3035 1590 3081 est
1619 3024 1822 3096 aliquid
1855 3026 1994 3095 quod
2028 3039 2134 3080 non

548 3118 633 3164 est
660 3124 844 3165 eorum
886 3127 1006 3182 quae
1044 3122 1170 3169 sunt
1200 3114 1414 3185 facere,
1442 3124 1500 3171 ut
1528 3131 1715 3172 eorum
1745 3132 1863 3185 qua:
1906 3125 2032 3170 sunt
2059 3116 2135 3169 la-

2240 1918 2284 1972 sl
2314 1931 2441 1986 ergo
2474 1917 2546 1971 ibi
2579 1916 2749 1983 albus,
2783 1917 2924 1987 quod
2956 1918 3129 1988 niger,
3172 1929 3225 1975 et
3270 1935 3374 1975 non
3407 1918 3580 1989 niger,
3630 1923 3835 1990 putabit

2239 2008 2543 2076 disputasse
2569 2007 2933 2079 syllogistice,
2961 2024 3083 2063 cum
3125 2011 3408 2078 perfecerit
3452 2011 3835 2081 interrogatis

2241 2116 2385 2155 nem.
2422 2099 2477 2154 in
2505 2099 2825 2169 quibusdam
2847 2115 2974 2155 vero
2997 2101 3127 2157 latet
3160 2100 3489 2172 frequenter,
3524 2103 3575 2157 in
3622 2103 3837 2172 quibus-

2239 2210 2453 2265 cunque
2476 2208 2597 2250 cum
2620 2196 2800 2264 aliquo
2825 2195 2984 2250 modo
3009 2195 3240 2261 dicatur,
3274 2196 3595 2265 simpliciter
3624 2198 3837 2252 videtur

2242 2288 2418 2358 sequi,
2443 2296 2498 2342 et
2521 2289 2573 2341 in
2602 2279 3011 2357 quibuscnnque
3038 2303 3144 2341 non
3176 2287 3332 2343 facile
3361 2297 3444 2342 est
3471 2289 3835 2345 coiisiderare

2188 2412 2191 2415 ν
2240 2388 2417 2433 uarum
2456 2394 2640 2434 eorum
2666 2382 2934 2448 praecipue
2973 2379 3041 2433 sit
3081 2379 3486 2449 assignandum.
3526 2379 3614 2434 Fit
3652 2390 3833 2435 autem

2242 2471 2370 2533 tale,
2417 2470 2466 2523 in
2507 2470 2913 2540 quibuscunque
2944 2469 3193 2525 similiter
3231 2481 3355 2525 sunt
3391 2473 3645 2541 opposita
3676 2492 3688 2524 :
3717 2488 3834 2526 nam

2241 2562 2496 2617 videntur
2524 2572 2615 2615 aut
2641 2562 2821 2629 ambo,
2851 2571 2940 2616 aut
2983 2573 3231 2617 neutrum
3260 2562 3494 2617 dandum
3536 2578 3671 2619 esse
3700 2565 3835 2619 sim-

2241 2654 2451 2725 pliciter
2500 2653 2799 2723 prmdicari,
2852 2670 2900 2707 ui
2952 2654 2994 2708 si
3037 2653 3318 2709 dimidium
3358 2654 3581 2725 quidem
3628 2656 3832 2717 album,

2240 2747 2524 2803 dimidiutn
2561 2762 2690 2801 vero
2732 2747 2964 2817 nigrum,
3009 2756 3188 2802 utrum
3222 2746 3426 2815 album,
3471 2763 3541 2802 an
3580 2747 3837 2818 nigrum?

2241 2843 2372 2909 Qua:
2402 2850 2580 2896 autem
2628 2851 2749 2895 sunt
2783 2850 3002 2910 propter
3044 2839 3093 2895 id
3125 2839 3265 2907 quod
3307 2855 3411 2894 non
3438 2840 3835 2896 determinatnr

2242 2933 2375 3005 quid
2410 2944 2488 2988 est
2524 2932 2886 3003 syllogismus,
2918 2941 3011 2985 aut
3036 2930 3161 2999 quid
3186 2931 3520 3001 redargutio,
3549 2934 3694 2986 fiunt
3718 2948 3836 3003 pro-

2242 3016 2741 3094 pter'omissionem
2768 3023 3026 3078 orationis
3052 3041 3064 3076 :
3092 3038 3213 3077 nam
3261 3024 3575 3095 redargutio
3603 3038 3693 3081 est
3714 3043 3835 3081 ροη-

2245 3116 2497 3173 tradictio
2521 3116 2675 3171 unius
2701 3124 2757 3171 et
2782 3115 3054 3185 ejusdem;
3085 3129 3190 3169 non
3219 3115 3475 3182 nominis,
3507 3115 3606 3171 sed
3652 3118 3754 3181 rei,
3786 3128 3835 3172 et

549 3214 674 3256 cere
705 3202 901 3271 aliquid
933 3204 1168 3261 dictione
1206 3207 1546 3277 signiﬁcare;
1584 3218 1641 3264 ut
1668 3210 1849 3264 valere
1885 3208 2133 3264 similiter
2161 3210 2208 3273 C
2243 3209 2479 3264 nominis
2502 3224 2606 3263 non
2634 3206 3049 3279 synonymi,sed
3077 3206 3342 3277 ejusdem,
3372 3222 3438 3264 ex
3469 3208 3537 3263 iis
3556 3224 3687 3279 qua
3716 3209 3836 3265 data

549 3292 718 3361 figura
750 3292 1000 3350 dictionis
1027 3296 1225 3354 dicitur
1251 3301 1311 3353 el‘
1330 3300 1473 3369 quod
1495 3311 1579 3357 est
1616 3315 1821 3367 secare,
1853 3301 1938 3357 vel
1966 3301 2135 3356 (edifi-

550 3397 696 3453 εει-υ,
732 3389 973 3454 quamvis
1018 3388 1145 3444 illud
1188 3390 1400 3459 quidem
1431 3393 1590 3463 quale
1618 3393 1768 3465 quid,
1802 3401 1857 3449 et
1884 3392 2129 3448 allectum

548 3475 780 3553 qundam
820 3479 979 3535 modo
1020 3481 1316 3551 significet,
1361 3482 1474 3539 haec
1514 3498 1642 3543 vero
1685 3485 1862 3541 facere
1908 3485 2129 3555 aliquid.

550 3566 753 3626 Eodem
783 3579 961 3627 autem
992 3573 1152 3629 modo
1175 3583 1231 3630 et
1259 3574 1313 3630 in
1339 3577 1576 3632 caneris.
1610 3578 1837 3646 Propter
1867 3578 2029 3648 igitur
2051 3577 2133 3631 di-

460 3706 482 3726 .
549 3662 784 3720 ctionem
817 3664 1228 3735 redargutiones
1251 3681 1316 3723 ex
1345 3667 1428 3722 his
1458 3670 1718 3726 existunt.

1163 3776 1391 3833 CAPUT
1432 3779 1519 3833 IV.

553 3868 634 3925 De
651 3870 777 3925 locis
805 3873 1226 3943 redargntiomtm
1249 3878 1644 3947 sophisticarum
1671 3888 1812 3932 extra
1836 3880 2128 3936 dictionem.

627 3971 824 4026 Earum
856 3987 982 4028 vero
1008 3990 1127 4043 qua:
1154 3985 1302 4030 extra
1345 3976 1632 4034 dictionem
1664 3991 1786 4035 sunt
1826 3982 2131 4049 captionum

550 4065 760 4133 species
790 4074 915 4120 sunt
940 4075 1168 4137 septem.
1203 4068 1313 4123 Una
1346 4068 1560 4138 quidem
1591 4081 1808 4141 pr0pter
1846 4074 2128 4139 accidens;

548 4155 782 4211 secunda
812 4168 989 4214 autem
1018 4171 1236 4231 propter
1271 4162 1322 4217 id
1353 4165 1496 4234 quod
1539 4166 1875 4236 simpliciter,
1903 4170 1987 4223 vel
2024 4154 2129 4225 non

548 4245 887 4317 simpliciter,
930 4251 1023 4306 sed
1067 4252 1245 4322 aliquo
1272 4244 1455 4318 modo,
1503 4263 1595 4309 aut
1623 4255 1733 4323 ubi,
1768 4265 1856 4312 aut
1889 4259 2126 4328 quando,

552 4350 645 4394 aut
673 4341 739 4396 ad
768 4343 970 4415 aliquid
999 4345 1220 4413 dicitur;
1256 4350 1409 4405 tertia
1438 4358 1614 4407 autem
1639 4360 1857 4421 propter
1878 4352 2133 4424 redargu-

546 4430 711 4486 tionis
735 4433 1123 4503 ignorantiam;
1150 4451 1340 4510 quarta
1363 4456 1494 4497 vero
1523 4451 1741 4513 propter
1762 4459 2129 4515 consequens;

468 4526 471 4529 ‘
548 4522 733 4593 quinta
762 4535 941 4583 autem
990 4540 1208 4600 propter
1248 4533 1297 4586 id
1333 4533 1474 4603 quod
1518 4542 1599 4589 est
1625 4534 1675 4590 in
1721 4534 1984 4606 principio
2024 4552 2133 4593 su—

546 4629 726 4683 mere;
758 4630 905 4674 sexta
938 4632 1154 4692 propter
1181 4623 1232 4679 id
1276 4625 1417 4697 quod
1448 4641 1555 4683 non
1585 4636 1669 4683 est
1706 4642 1888 4695 causa,
1917 4640 1973 4684 ut
2001 4646 2128 4687 cau-

541 4720 657 4762 sam
689 4724 923 4779 ponere;
950 4715 1178 4784 septima
1208 4730 1339 4771 vero
1372 4725 1589 4789 propter
1620 4718 1799 4788 plures
1830 4720 2130 4794 interroga-

541 4801 713 4857 tiones
751 4816 910 4858 unam
952 4805 1147 4862 facere.
1182 4807 1410 4878 Propter
1451 4809 1614 4881 igitur
1642 4809 1896 4867 accidens
1919 4814 2126 4883 captio-

539 4906 637 4947 nes
674 4902 821 4961 sunt,
855 4896 1068 4966 quando
1113 4898 1360 4955 similiter
1398 4901 1759 4973 quodcunque
1786 4902 2126 4960 existimabi-

538 4992 627 5038 tur
672 4984 750 5041 rei
778 4993 835 5041 et
859 4988 1123 5045 accidenti
1173 4989 1351 5047 inesse
1378 5009 1390 5044 :
1421 5007 1543 5047 nam
1587 4993 1713 5073 quin
1747 4995 1915 5050 multa
1947 4996 2124 5053 eidem

535 5076 805 5143 accidunt,
840 5095 945 5135 non
974 5089 1058 5137 est
1101 5096 1325 5138 necesse
1362 5083 1615 5140 omnibus
1645 5086 1949 5155 praedicatis
1990 5099 2043 5144 et
2072 5089 2123 5144 ei

536 5167 603 5223 de
631 5184 737 5241 quo
768 5173 1145 5240 praedicantur,
1187 5175 1278 5231 illa
1314 5178 1495 5232 omnia
1541 5177 1739 5235 inesse.
1771 5178 1901 5235 Nam
1943 5182 2119 5237 omnia

535 5259 613 5313 sic
641 5272 800 5316 erunt
819 5263 1030 5330 eadem,
1054 5268 1508 5336 quemadmodum
1534 5270 1788 5341 sophista:
1818 5271 2038 5328 dicunt:
2065 5278 2143 5330 ut'

534 5352 577 5402 si
608 5349 864 5409 Coriscus
891 5366 974 5411 est
1003 5357 1142 5413 alter
1170 5359 1239 5414 ab
1268 5359 1507 5428 homine,
1550 5363 1667 5433 ipse
1708 5372 1793 5419 est
1821 5363 1956 5419 alter
1984 5380 2014 5419 a
2038 5379 2115 5429 se.

530 5452 615 5496 est
643 5444 785 5498 enim
818 5445 1013 5513 homo;
1046 5458 1139 5504 aut
1168 5449 1214 5506 si
1237 5466 1266 5506 a
1296 5451 1518 5509 Socrate
1552 5454 1707 5520 alter,
1739 5453 1989 5510 Socrates
2024 5471 2119 5509 au-

532 5544 636 5589 tem
686 5536 848 5593 homo
884 5539 952 5596 ab
982 5539 1201 5598 homine
1238 5544 1469 5600 alterum
1510 5546 1696 5602 dicunt
1741 5560 1863 5602 esse
1901 5544 2116 5601 confes-

528 5639 671 5692 sum,
712 5641 780 5682 eo
816 5628 959 5699 quod
1012 5632 1210 5688 accidit
1253 5633 1306 5707 (a
1364 5652 1475 5707 quo
1518 5635 1653 5691 dixit
1698 5635 1926 5692 alterum
1971 5636 2119 5709 esse)

529 5715 673 5773 hunc
693 5732 817 5774 esse
838 5716 1134 5779 hominem.
1160 5723 1390 5796 Propter
1418 5728 1473 5784 id
1500 5737 1678 5786 autem
1707 5729 1847 5799 quod
1872 5722 1972 5786 hoc
1998 5733 2117 5802 qui-

529 5808 651 5865 dem
697 5815 1045 5886 simpliciter,
1084 5820 1215 5878 illud
1263 5830 1442 5881 autem
1483 5821 1665 5893 aliquo
1692 5822 1872 5890 modo,
1910 5831 1965 5880 et
2009 5838 2114 5882 non

2162 5903 2210 5922 φ

2238 3312 2367 3356 ειιιιι
2404 3316 2470 3356 ex
2499 3301 2841 3367 necessitate,
2889 3315 2995 3355 non
3025 3311 3412 3355 connumerato
3441 3315 3511 3355 eo
3537 3301 3688 3370 quod
3718 3311 3836 3357 erat

2240 3393 2296 3447 in
2331 3392 2617 3461 principio,
2656 3391 2950 3447 secundum
2982 3390 3147 3456 idem,
3179 3401 3235 3448 et
3261 3392 3327 3447 ad
3359 3392 3528 3459 idem,
3552 3402 3612 3447 et
3641 3394 3835 3448 simili-

2241 3497 2346 3552 ter,
2388 3493 2442 3541 et
2486 3486 2539 3540 in
2586 3484 2777 3540 eodem
2822 3492 3084 3555 tempore.
3118 3484 3232 3541 Hoc
3277 3495 3457 3541 autem
3501 3485 3672 3541 modo
3719 3485 3835 3541 ﬁeri

2241 3589 2420 3651 potest
2447 3589 2504 3635 ut
2541 3580 2663 3649 quis
2690 3579 2879 3635 falsum
2903 3579 3046 3635 dicat
3068 3579 3137 3635 de
3161 3580 3367 3650 aliquo,
3398 3579 3627 3649 quidam
3653 3588 3833 3634 auten

2241 3673 2553 3728 omittentes
2577 3670 2777 3741 aliquid
2814 3686 2999 3726 eorum
3033 3686 3153 3742 quae
3192 3670 3336 3727 dicta
3368 3679 3518 3739 sunt,
3562 3681 3834 3741 apparent

2239 3764 2564 3833 redarguere
2602 3772 2660 3818 ut
2715 3763 2856 3833 quod
2897 3763 3037 3819 idem
3073 3763 3292 3834 duplum
3337 3772 3394 3818 et
3429 3778 3537 3818 non
3581 3762 3829 3833 duplum,

2239 3872 2362 3911 nam
2384 3856 2493 3912 duo
2523 3857 2680 3911 unius
2706 3854 2921 3925 quidem
2951 3856 3136 3925 dupla,
3176 3854 3275 3909 tria
3300 3865 3481 3911 autem
3509 3868 3624 3910 non
3648 3855 3832 3925 dupla.

2240 3953 2347 4005 Aut
2389 3952 2434 4004 si
2482 3949 2719 4020 ejusdem
2762 3949 2903 4004 idem
2946 3950 3167 4020 duplum
3213 3958 3267 4007 et
3307 3965 3415 4005 non
3454 3950 3709 4021 duplum,
3743 3951 3834 4005 sed

2245 4059 2349 4099 non
2395 4044 2689 4099 secundum
2736 4042 2901 4109 idem,
2936 4050 3059 4098 nam
3102 4043 3397 4099 secundum
3430 4043 3832 4112 longitudinem

2241 4135 2487 4205 duplum,
2519 4134 2811 4191 secundum
2844 4135 3178 4189 latitudinem
3222 4149 3327 4189 non
3357 4135 3605 4205 duplum.
3641 4138 3749 4189 Aut
3790 4136 3832 4188 si

2239 4227 2503 4298 ejusdem,
2547 4238 2601 4282 et
2644 4227 2937 4283 secundum
2968 4226 3132 4291 idem,
3174 4235 3228 4281 et
3274 4226 3543 4291 similiter,
3580 4227 3683 4281 sed
3726 4239 3831 4278 non

2238 4320 2417 4383 simul,
2441 4334 2608 4390 quare
2638 4329 2720 4375 est
2744 4331 3014 4389 apparens
3053 4317 3383 4387 redargutio.
3414 4315 3623 4372 Trahat
3656 4328 3834 4370 autem

2240 4410 2599 4479 aliquisehanc
2635 4420 2690 4465 et
2717 4412 2770 4464 in
2812 4425 2906 4465 eas
2928 4424 3047 4480 qua:
3088 4418 3212 4463 sunt
3245 4419 3462 4477 propter
3506 4406 3833 4463 dictionem.

2241 4500 2374 4569 ρυω
2404 4513 2579 4556 autem
2606 4512 2824 4571 propter
2847 4502 2897 4556 id
2920 4502 3061 4571 quod
3090 4503 3141 4554 in
3176 4501 3438 4571 principio
3462 4509 3581 4555 erat
3607 4515 3831 4555 sumun-

2160 4594 2218 4659 D
2248 4603 2356 4661 tur,
2402 4596 2529 4647 liunt
2558 4595 2771 4659 quidem
2812 4597 2888 4649 sic
2920 4604 2974 4648 et
3004 4603 3079 4648 tot
3113 4593 3292 4647 modis
3322 4602 3451 4662 quot
3489 4594 3676 4647 mollis
3696 4606 3833 4647 eoa-

2240 4688 2418 4756 tingit,
2446 4688 2586 4757 quod
2621 4688 2673 4739 in
2708 4688 2973 4757 principio
2998 4696 3079 4741 est
3109 4695 3324 4757 petere;
3358 4686 3614 4741 videntur
3648 4696 3832 4740 autem

2239 4783 2588 4849 redarguere,
2615 4795 2681 4833 co
2707 4779 2847 4849 quod
2895 4794 2999 4833 non
3031 4780 3199 4848 possit
3230 4779 3350 4848 quis
3379 4778 3661 4848 inspicere
3690 4779 3833 4833 idem

2238 4880 2295 4926 et
2320 4870 2608 4924 diversum.
2642 4869 2773 4935 Qun:
2813 4883 2941 4923 vero
2981 4877 3202 4938 propter
3227 4881 3567 4938 consequens
3610 4877 3698 4924 est
3743 4883 3834 4921 re-

2235 4960 2512 5031 dargutin,
2547 4961 2666 5015 ideo
2694 4968 2777 5015 est
2805 4958 2944 5029 quod
2979 4971 3170 5031 putent
3202 4961 3445 5017 converti
3475 4975 3831 5029 consequen-

2241 5053 2391 5121 tiam,
2426 5040 2547 5113 nam
2589 5054 2635 5107 si
2676 5068 2798 5108 cum
2823 5052 2925 5107 hoc
2963 5061 3047 5108 est
3088 5068 3154 5107 ex
3184 5053 3529 5119 necessitate,
3560 5051 3701 5107 illud
3738 5053 3834 5114 sit,

2236 5152 2295 5199 et
2323 5158 2445 5198 cum
2478 5142 2605 5198 illud
2639 5150 2740 5207 est,
2765 5152 2950 5212 putant
2970 5151 3024 5198 et
3062 5142 3289 5208 alterum
3322 5157 3445 5199 esse
3485 5158 3550 5198 ex
3576 5146 3830 5198 necesse

2236 5246 2375 5300 tate;
2404 5235 2544 5291 unde
2566 5245 2619 5290 et
2648 5235 2788 5305 (qua:
2821 5235 2891 5290 ob
2925 5235 3232 5305 opinionem
3258 5250 3325 5291 ex
3354 5249 3515 5290 sensu
3546 5237 3704 5304 sunt)
3732 5236 3831 5289 de-

2234 5327 2509 5396 ceptiones
2564 5327 2687 5380 fiunt
2714 5366 2730 5393 ,
2778 5342 2898 5380 nam
2943 5340 3086 5393 saepe
3132 5341 3254 5383 esse
3294 5327 3400 5383 mel
3444 5327 3517 5382 fel
3560 5327 3835 5397 suspicati

2236 5437 2384 5491 sunt,
2428 5441 2494 5480 eo
2518 5424 2658 5498 quod
2684 5424 2924 5495 sequitur
2946 5425 3112 5481 flavus
3146 5426 3296 5482 color
3317 5426 3445 5482 mel.
3474 5425 3540 5481 Et
3569 5428 3699 5498 quia
3734 5441 3833 5481 ac-

2231 5526 2363 5581 cidit
2391 5537 2587 5582 terram
2625 5525 2798 5596 pluvia
2846 5524 3114 5581 madidam
3158 5525 3298 5594 fieri,
3332 5526 3545 5583 etiamsi
3578 5529 3660 5583 sit
3707 5543 3831 5583 rna-

2228 5627 2373 5691 dida,
2414 5628 2701 5696 opinantur
2732 5625 2951 5695 pluisse,
2986 5626 3038 5681 id
3069 5636 3250 5682 autem
3290 5642 3396 5683 non
3439 5630 3837 5684 necessarium

2231 5739 2334 5785 est.
2391 5728 2445 5783 ln
2495 5727 2779 5783 rhetoricis
2829 5726 3045 5797 quidem
3089 5743 3211 5798 quae
3255 5727 3554 5785 secundum
3607 5731 3837 5800 signum

2233 5824 2367 5887 riunt
2387 5821 2893 5892 demonstrationes,
2931 5836 2998 5881 ex
3021 5823 3482 5899 consequentibus
3507 5832 3670 5898 sunt,
3695 5838 3837 5897 nam
