4064 6336
269 235 424 295 10ίό

275 356 549 414 volentes
601 363 903 425 ostendere
945 370 1089 440 quod
1120 370 1348 445 adulter,
1380 378 1523 446 quod
1565 395 1904 453 consequens
1934 389 1981 452 Α

266 458 364 502 cst
395 452 728 522 accipiunt,
759 458 901 528 quod
928 470 1194 532 comptus,
1221 475 1311 521 aut
1340 469 1715 538 quodvidetur
1742 452 1902 533 noctu

265 540 675 614 errabundus;
712 550 1149 619 pluribusautem
1175 557 1287 613 haec
1307 561 1522 630 quidem
1546 564 1746 632 insunt,
1767 584 1904 637 prae-

262 630 526 689 dicatum
563 646 762 697 tarnen
794 659 900 698 non
934 645 1093 703 inest.
1138 649 1401 706 Similiter
1430 664 1607 711 autem
1648 667 1704 715 et
1734 659 1785 713 in
1816 677 1901 717 ra-

270 726 665 801 tiocinativis,
703 744 763 791 ut
787 749 869 793 est
901 739 1096 796 Melissi
1123 745 1321 811 oratio,
1352 748 1495 817 quod
1526 750 1792 808 inﬁnitum
1818 765 1901 811 est

263 819 615 879 universum
649 867 667 893 ,
727 844 946 887 sumens
991 842 1171 889 autem
1230 837 1540 897 universum
1580 842 1895 914 ingenitum

260 906 423 979 (nam
461 926 541 967 ex
604 916 784 973 nihilo
823 920 954 976 nihil
1000 922 1144 995 ﬁeri)
1175 927 1313 995 quod
1360 938 1538 986 autem
1569 906 1767 990 facium
1813 946 1897 1009 est

258 1016 333 1055 ex
367 1005 666 1076 principio
700 1009 840 1067 ﬁeri.
884 1013 939 1069 Si
984 1015 1145 1086 igitur
1176 1034 1284 1073 non
1316 1020 1514 1078 factum
1560 1035 1666 1093 est,
1697 1005 1895 1098 princi-

260 1093 419 1162 pium
472 1113 592 1153 non
651 1102 815 1159 habet
843 1108 1179 1179 universum,
1210 1128 1375 1183 quare
1424 1116 1732 1186 inﬁnitum;
1785 1139 1890 1187 non

261 1200 504 1243 necesse
545 1203 642 1247 est
669 1206 851 1252 autem
898 1197 1002 1255 hoc
1028 1202 1295 1270 accidere,
1342 1222 1449 1263 non
1481 1214 1622 1266 enim
1652 1214 1699 1268 si
1731 1229 1891 1277 omne

258 1279 411 1349 quod
452 1281 676 1341 factum
704 1298 808 1355 est,
852 1292 1172 1364 principium
1212 1296 1394 1366 habet,
1432 1306 1592 1359 etiam
1629 1308 1886 1379 quidquid

259 1372 620 1444 principium
653 1378 841 1451 habet,
873 1381 1071 1440 factum
1095 1399 1200 1455 est,
1225 1372 1675 1460 quemadmodum
1713 1372 1885 1470 neque

255 1466 307 1521 si
344 1466 609 1524 febriens
660 1474 890 1542 calidus,
944 1479 1106 1535 etiam
1152 1482 1388 1538 calidum
1437 1502 1657 1546 necesse
1699 1492 1881 1557 estla-

255 1557 433 1614 brire.
459 1561 609 1628 Qum
637 1580 769 1621 vero
789 1579 1008 1639 pr0ptcr
1025 1589 1132 1627 non
1154 1589 1394 1646 causam,
1425 1591 1481 1633 ut
1503 1596 1879 1650 causam,ch

256 1655 579 1711 assumitur
607 1658 755 1728 quod
777 1676 883 1717 non
904 1678 1065 1719 causa
1098 1677 1202 1734 est,
1229 1676 1479 1738 tanquam
1505 1684 1722 1743 propter
1746 1675 1877 1733 illud

256 1742 355 1798 liat
396 1746 753 1818 redargutio.
801 1752 1012 1809 Accidit
1040 1766 1220 1813 autem
1264 1759 1390 1826 tale,
1438 1762 1505 1816 ad
1549 1742 1879 1834 impossibile
1909 1774 1959 1836 Β

255 1835 608 1907 syllogismis
639 1858 652 1892 :
679 1844 1047 1909 necessarium
1073 1849 1220 1905 enim
1260 1861 1343 1907 est
1368 1854 1418 1906 in
1444 1853 1529 1907 bis
1564 1856 1767 1926 aliquid
1793 1861 1873 1913 in-

256 1926 533 1984 terimere
577 1946 644 1986 ex
672 1934 738 1988 iis
758 1950 880 2005 qua:
904 1940 1075 2008 posita
1115 1941 1245 1999 sint.
1273 1942 1330 1999 Si
1372 1938 1500 2016 ergo
1525 1962 1875 2011 enumeretttr

255 2016 309 2072 in
346 2024 692 2079 necessariis
717 2027 1234 2097 interrogationibus
1256 2036 1322 2091 ad
1348 2036 1399 2092 id
1425 2038 1491 2094 ad
1514 2042 1656 2110 quod
1679 2044 1872 2101 accidit

252 2108 639 2182 impossibile,
671 2116 941 2175 videbitur
968 2132 1187 2191 propter
1214 2124 1267 2182 id
1299 2143 1447 2198 saepe
1468 2108 1582 2186 ﬁeri
1612 2135 1870 2205 redargu-

258 2204 353 2270 '.io,
394 2215 456 2258 ut
484 2207 642 2276 quod
673 2224 780 2264 non
805 2221 887 2267 est
914 2214 1118 2283 anima,
1149 2227 1204 2273 et
1235 2220 1340 2273 vita
1366 2220 1537 2277 idem:
1559 2240 1679 2279 nam
1704 2226 1749 2282 si
1778 2242 1867 2298 ge-

256 2296 475 2361 neratio
514 2306 859 2371 corruptioni
898 2318 983 2363 est
1007 2313 1359 2381 contrarium,
1388 2326 1445 2371 et
1479 2317 1640 2374 alicui
1680 2336 1868 2379 corru-

256 2389 427 2458 ptioni
452 2392 569 2447 erit
586 2396 834 2463 quaedam
851 2402 1128 2468 generatio
1146 2405 1494 2473 contrarium,
1518 2426 1666 2469 mors
1685 2423 1864 2473 autem

257 2484 548 2553 corruptio
579 2488 821 2556 quasdam
845 2502 899 2546 et
924 2495 1252 2550 contrarium
1275 2497 1429 2565 vitae;
1456 2517 1622 2571 quare
1644 2506 1750 2560 vita
1765 2522 1861 2578 ge-

258 2577 473 2629 neratio
502 2584 566 2632 et
597 2577 781 2647 vivere
809 2585 1057 2650 generari
1098 2605 1109 2640 :
1144 2584 1246 2643 hoc
1288 2599 1467 2646 autem
1501 2577 1858 2664 impossibile.

257 2679 365 2721 non
394 2682 535 2738 ergo
569 2669 710 2726 idem
737 2672 919 2729 anima
948 2687 1003 2731 et
1036 2678 1163 2734 vita.
1198 2680 1543 2754 Nequaquam
1572 2688 1858 2745 collectum

257 2768 376 2826 est,
411 2777 544 2817 nam
578 2765 774 2827 accidit
805 2770 1058 2833 (tametsi
1087 2773 1355 2844 quispiam
1387 2790 1494 2833 non
1537 2777 1677 2834 idem
1719 2770 1860 2839 dicat

260 2854 428 2909 vitam
457 2865 517 2910 et
546 2855 817 2930 animam)
846 2861 1183 2931 impossibile
1206 2906 1220 2929 ,
1251 2867 1346 2922 sed
1387 2869 1560 2925 solum
1581 2913 1596 2939 ,
1641 2884 1855 2929 eontra-

258 2947 397 3003 rium
426 2950 598 3005 vitam
628 2951 851 3021 quidem
893 2959 1092 3026 morti,
1133 2974 1255 3016 cum
1283 2963 1701 3035 sitcorruptio,
1742 2983 1857 3024 cor-

262 3040 502 3108 ruptioni
560 3051 740 3100 autem
801 3051 1228 3117 generationem.
1286 3053 1642 3114 lneollectiles
1694 3059 1855 3130 igitur

258 3131 579 3202 simpliciter
609 3152 717 3192 non
759 3150 884 3194 sunt
928 3140 1237 3212 huiusmodi
1281 3149 1555 3206 orationes
1580 3195 1595 3220 ,
1637 3151 1736 3207 sed
1779 3154 1848 3210 ad
1881 3156 1929 3223 C

260 3227 594 3296 propositum
642 3229 1030 3301 incollectiles,
1082 3247 1136 3292 et
1188 3239 1319 3295 latet
1374 3240 1693 3313 plerumque
1742 3261 1849 3304 non

259 3318 438 3375 minus
464 3320 613 3406 ipsos
639 3322 1037 3406 interrogantes
1064 3329 1206 3398 quod
1237 3331 1342 3386 tale
1367 3330 1485 3388 est.‘
1503 3333 1726 3405 Propter
1756 3338 1850 3406 igi-

260 3416 346 3462 tur
382 3400 762 3483 conséquéns,
806 3425 861 3472 et
907 3428 1128 3488 propter
1170 3436 1276 3477 non
1314 3428 1533 3480 causam
1579 3429 1851 3487 orationes

260 3498 563 3569 huiusmodi
615 3517 760 3562 sunt.
808 3509 939 3577 Quae
989 3521 1168 3569 autem
1214 3527 1433 3586 propter
1483 3520 1535 3573 id
1579 3522 1719 3592 quod
1766 3534 1850 3583 est

263 3591 397 3649 duas
454 3595 908 3669 interrogationes
963 3619 1122 3660 unam
1176 3605 1397 3676 facere,
1452 3591 1668 3679 quando
1720 3613 1848 3672 latet

259 3686 438 3752 plures
478 3702 633 3756 esse,
678 3700 731 3745 et
774 3693 994 3762 perinde
1034 3711 1099 3751 ac
1144 3713 1244 3752 una
1277 3702 1375 3767 sit,
1411 3702 1712 3771 assignatur
1753 3721 1845 3761 re-

260 3779 483 3845 sp0nsio
526 3797 651 3838 una.
704 3782 759 3839 In
806 3786 1075 3857 aliquibus
1120 3801 1297 3846 autem
1342 3793 1496 3851 facile
1536 3805 1619 3852 est
1663 3799 1847 3856 videre

259 3869 398 3935 quod
430 3871 647 3941 plures,
680 3884 733 3930 et
763 3879 904 3947 quod
938 3896 1043 3935 non
1074 3880 1248 3937 danda
1296 3900 1398 3939 una
1442 3890 1756 3959 responsio,
1788 3904 1847 3947 ut

260 3969 435 4017 utrum
470 3972 613 4021 terra
645 3981 793 4023 mare
825 3980 907 4025 est
934 3988 1000 4027 an
1036 3976 1279 4032 caelum?
1310 3977 1364 4032 In
1405 3979 1673 4053 aliquibus
1714 4000 1845 4042 vero

257 4051 467 4120 minus,
512 4066 565 4112 et
610 4063 763 4129 quasi
810 4078 912 4116 una
960 4066 1057 4132 sit,
1105 4078 1195 4121 ant
1239 4051 1523 4128 conﬁtetur
1566 4075 1670 4145 (eo
1700 4081 1841 4148 quod

255 4158 524 4214 nequeunt
556 4152 889 4222 respondere
932 4156 997 4210 ad
1042 4157 1469 4235 interrogatum)
1518 4176 1609 4221 aut
1651 4168 1840 4226 redar-

254 4232 344 4302 gui
371 4236 637 4312 videntur,
670 4252 728 4298 ut
761 4256 915 4313 putas
948 4246 1033 4303 hic
1066 4258 1127 4305 .et
1169 4251 1252 4305 hic
1292 4263 1374 4308 est
1419 4232 1624 4313 homo?
1666 4260 1842 4329 Quare

254 4341 373 4381 cum
402 4329 594 4402 aliquis
629 4340 953 4404 percusserit
986 4342 1127 4396 hunc
1156 4354 1208 4400 et
1239 4345 1380 4402 hunc
1405 4388 1419 4415 ,
1454 4354 1718 4421 percutiet
1745 4355 1841 4411 ho-

154 4406 157 4407 ⁷
256 4416 448 4474 minem
472 4462 487 4484 ,
519 4432 575 4479 et
606 4441 709 4481 non
739 4420 1005 4487 homines.
1038 4432 1143 4488 Aut
1191 4452 1400 4495 rursum
1445 4458 1672 4513 quorum
1722 4447 1836 4504 hare

252 4514 370 4563 sunt
395 4512 609 4581 quidem
640 4517 780 4573 bona
802 4563 817 4589 ,
845 4520 935 4577 illa
967 4535 1143 4582 autem
1177 4544 1281 4584 non
1312 4531 1447 4589 bona
1466 4512 1483 4602 ν,
1514 4539 1695 4593 omnia
1724 4541 1836 4598 haec
1862 4536 1917 4606 Ι)

251 4598 382 4657 bona
408 4646 421 4670 ,
453 4621 521 4662 an
557 4624 662 4665 non
692 4611 870 4672 bona?
897 4616 1027 4675 Nam
1058 4628 1319 4682 utrumvis
1345 4626 1573 4701 dixerit,
1607 4646 1690 4693 est
1720 4640 1835 4708 qui-

250 4690 365 4747 dem
417 4708 475 4752 ttt
518 4708 609 4755 aut
658 4702 1134 4781 redargutionem,
1184 4730 1272 4775 aut
1323 4718 1514 4779 falsum
1568 4690 1832 4799 apparens

251 4783 492 4843 videatur
532 4790 743 4862 facere,
794 4815 916 4858 nam
960 4803 1138 4862 dicere
1183 4826 1367 4868 eorum
1398 4832 1516 4886 quae
1562 4835 1666 4876 non
1707 4834 1831 4879 sunt

246 4873 375 4931 bona
408 4876 612 4952 aliquid
639 4900 761 4945 esse
787 4890 985 4951 bonum
1009 4940 1025 4966 ,
1053 4910 1144 4956 aut
1174 4916 1359 4961 eorum
1388 4873 1506 4978 qua:
1535 4910 1673 4968 bona
1705 4925 1830 4973 sunt

251 4981 349 5021 non
394 4969 637 5041 bonum,
682 4978 896 5040 falsum.
945 4988 1278 5064 Quandoque
1322 4969 1499 5055 :ut-etn
1539 5010 1827 5078 assumptis

242 5057 593 5129 quibusdam,
641 5066 954 5145 redargntio
992 5080 1151 5137 etiam
1193 5057 1287 5140 iiet
1332 5104 1494 5159 vera,
1538 5104 1595 5147 ut
1635 5097 1677 5151 si
1711 5057 1829 5168 quis

233 5150 490 5257 concedat
518 5153 772 5217 similiter
814 5179 871 5223 et
913 5187 1080 5231 unum
1127 5186 1183 5232 et
1229 5180 1381 5249 plura
1425 5183 1529 5240 dici
1578 5189 1693 5245 alba
1712 5150 1743 5257 ,Ἰ
1773 5201 1829 5249 et

1229 5237 1242 5249 _
1579 5237 1726 5257 ﬂ--.
1774 5237 1828 5249 ...

230 5237 388 5302 nuda,
425 5251 479 5295 et
510 5258 648 5302 caeca
683 5267 696 5304 :
730 5267 863 5313 nam
897 5261 943 5316 si
970 5280 1170 5321 caecum
1203 5281 1286 5326 est
1328 5274 1468 5343 quod
1516 5292 1619 5333 non
1665 5280 1828 5340 habet

222 5328 646 5445 naturanatura
692 5351 886 5407 tamen
931 5354 1173 5421 habere.
1221 5372 1275 5418 et
1320 5380 1461 5421 cazca
1504 5382 1659 5427 erunt
1703 5391 1821 5445 qua:

606 5415 616 5429 ,
1163 5415 1172 5421 -
1231 5415 1272 5418 -τ
1327 5415 1461 5421 "Vw
1508 5415 1659 5427 ν--σ-
1703 5415 1817 5445 ιιι-νδ·

216 5431 313 5536 ἔφη
374 5418 573 5536 turbent
616 5428 850 5536 visum,
905 5456 1029 5501 nata
1082 5462 1258 5509 autem
1308 5454 1553 5527 habere;
1603 5464 1817 5536 quando

210 5505 370 5617 ligi'lut'
406 5508 765 5617 hoc-quidem
818 5505 990 5593 habet
1039 5542 1253 5614 visum,
1301 5548 1431 5605 illud
1481 5505 1658 5612 alitem
1710 5575 1817 5617 non

206 5596 585 5713 lii-bet,.ambo
613 5626 785 5672 erunt
817 5626 904 5683 vel
934 5628 1171 5693 videntia
1191 5680 1208 5708 ,
1242 5642 1322 5698 vel
1353 5657 1497 5700 caeca
1518 5686 1533 5713 ,

199 5684 549 5755 impossibile.

2638 405 2869 463 CAPUT
2902 409 2964 465 ν.

2082 503 2269 561 Omnes
2307 518 2609 594 sopmtttcat
2640 519 3033 594 redarguimus:
3072 523 3125 578 in
3164 526 3509 594 ignorantiam
3568 546 3577 563 γ

2384 583 2764 655 redarguiiom's
2801 583 3092 649 revocatum
3130 583 3214 652 iri".

2079 688 2180 742 Aut
2212 690 2372 760 igitur
2410 694 2490 750 sic
2518 696 2865 758 dividendum
2907 718 3228 776 apparentes
3251 713 3591 784 syllrgismos

2001 788 2058 834 et
2088 782 2521 859 redargutlones,
2555 800 2646 846 aut
2671 804 2860 852 omnes
2894 799 3253 858 reducendum
3286 782 3368 861 ad
3398 782 3589 862 retiari-

1997 872 2235 942 gutionls
2283 877 2666 952 ignorantiam,
2720 886 2783 946 iis
2833 888 2926 958 qui
2970 890 3108 948 hanc
3149 897 3465 967 principium
3509 904 3587 955 ius

1998 964 2187 1020 ciunt:
2218 966 2330 1023 ﬁeri
2359 972 2501 1026 enim
2534 982 2712 1043 potest
2742 982 3017 1039 utomnes
3056 964 3389 1045 resolvemus
3415 992 3588 1048 dictos

1996 1056 2188 1112 modos
2218 1058 2284 1114 ad
2317 1061 2709 1135 redargutionis
2737 1070 3122 1132 deﬁnitionem.
3172 1080 3409 1137 Primum
3456 1084 3580 1154 quis

1995 1149 2117 1205 dem
2149 1154 2191 1207 si
2221 1155 2575 1216 incollectiles
2606 1163 2803 1220 iuerint
2822 1205 2837 1232 ,
2861 1178 3073 1235 oportet
3102 1175 3247 1229 enim
3278 1191 3342 1231 ex
3371 1178 3435 1232 iis
3464 1149 3583 1249 quae

1993 1243 2166 1311 posita
2196 1258 2324 1304 sunt
2363 1250 2611 1311 accidere
2641 1258 3061 1329 conclusionem,
3092 1275 3146 1321 et
3174 1273 3255 1338 (ut
3283 1269 3355 1324 ita
3380 1268 3581 1343 dicam)

1990 1349 2057 1391 ex
2099 1342 2457 1412 necessitate,
2488 1355 2650 1417 atque
2693 1366 2799 1405 non
2839 1369 3132 1428 apparere;
3173 1361 3367 1418 deinde
3404 1374 3456 1420 et
3494 1382 3579 1422 se-

1984 1435 2221 1489 cundum
2254 1448 2433 1506 partes
2465 1441 2825 1514 definitionis,
2856 1465 2978 1505 nam
3010 1467 3194 1511 earum
3223 1462 3340 1528 quae
3366 1471 3490 1517 sunt
3521 1464 3574 1516 in

1984 1523 2258 1593 dictione,
2291 1528 2374 1586 ita:
2402 1534 2619 1603 quidem
2651 1550 2777 1594 sunt
2807 1552 3025 1611 prapter
3054 1523 3253 1615 duplett
3275 1591 3290 1614 ,
3323 1561 3374 1605 ut
3406 1555 3575 1622 wqui~

1986 1618 2197 1673 vocatio
2224 1631 2280 1678 et
2304 1627 2479 1681 oratio
2499 1671 2514 1696 ,
2549 1637 2603 1684 et
2632 1632 2825 1689 similis
2857 1636 3023 1706 ﬁgura
3042 1679 3056 1704 ,
3085 1653 3399 1698 consuetum
3430 1650 3572 1703 civim

1986 1709 2038 1763 id
2068 1714 2243 1768 omnia
2289 1725 2349 1771 ut
2386 1728 2442 1773 et
2490 1721 2618 1777 illud
2661 1726 2934 1796 quidpiam
2979 1730 3303 1801 signiﬁcare.
3341 1738 3573 1808 Contpo~

1984 1803 2110 1859 sitio
2149 1814 2362 1874 autem,
2402 1820 2458 1866 et
2494 1813 2688 1870 divisio
2710 1858 2723 1882 ,
2762 1826 2815 1873 et
2851 1830 3137 1891 accendis,
3179 1840 3246 1881 eo
3280 1830 3423 1897 quod
3464 1803 3570 1886 non

1980 1896 2170 1951 eadem
2202 1910 2286 1955 est
2314 1903 2527 1973 oratio,
2556 1916 2647 1964 aut
2679 1924 2873 1967 nomen
2914 1917 3054 1984 quod
3087 1896 3370 1987 differens,
3412 1936 3569 1992 opor-

1977 1987 2123 2044 lebat
2145 2002 2319 2047 autem
2347 2004 2402 2050 et
2425 1997 2478 2051 id
2504 2013 2626 2054 esse
2664 2005 3118 2071 quemadmodum
3164 2020 3219 2066 et
3266 2018 3377 2067 rem
3420 1987 3567 2069 came
3607 2082 3616 2089 ,

1972 2079 2096 2136 dem
2122 2123 2137 2147 ,
2177 2084 2223 2140 si
2252 2087 2482 2145 debebat
2535 2093 2847 2167 redargutio
2892 2100 2975 2156 vel
3020 2102 3361 2175 syllogismus
3404 2120 3562 2177 esse,

1972 2178 2031 2228 ut
2075 2176 2119 2230 si
2171 2180 2385 2256 tunica,
2428 2198 2533 2240 non
2584 2190 2747 2245 vestis
2790 2192 3153 2264 syllogizetur,
3205 2200 3299 2255 sed
3347 2202 3563 2270 tunica,

1970 2276 2095 2317 nam
2127 2253 2312 2325 verum
2339 2281 2423 2326 est
2452 2282 2507 2329 et
2535 2272 2664 2332 illud
2688 2319 2702 2343 ,
2745 2253 2839 2336 sed
2882 2253 2987 2339 non
3027 2253 3398 2359 syllogizatum
3442 2302 3559 2360 cst;

1968 2356 2064 2445 sed
2096 2356 2272 2414 adhuc
2302 2361 2728 2435 interrogatione
2767 2372 3005 2444 indiget,
3049 2356 3191 2447 quod
3224 2381 3362 2438 idem
3394 2356 3561 2456 signi;

1964 2442 2093 2504 ﬂeat
2130 2451 2197 2507 ad
2238 2467 2361 2509 eum
2402 2459 2492 2527 qui
2538 2464 2729 2530 quaerit
2773 2442 2994 2538 propter
3038 2442 3201 2541 quod.
3252 2475 3382 2544 Qua:
3430 2442 3559 2535 vum

1964 2541 2262 2599 secundum
2318 2548 2570 2606 accidens
2626 2553 2846 2611 deﬁnito
2896 2561 3213 2633 syllogismo
3258 2541 3559 2647 manifesta

1964 2632 2130 2700 ﬁunt,
2162 2646 2283 2692 nam
2315 2642 2556 2698 eamdem
2587 2644 2954 2707 deﬁnitionem
2988 2632 3202 2723 oportet
3244 2640 3546 2732 syllogismi

1962 2732 2020 2780 et
2050 2726 2442 2799 redargutionis
2483 2733 2599 2789 ﬁeri
2621 2776 2637 2800 ,
2670 2744 2901 2796 attamen
2933 2750 2988 2799 et
3015 2726 3307 2819 adiungere
3333 2726 3552 2809 contra;

1962 2818 2281 2889 dictionem,
2312 2839 2434 2880 nam
2466 2828 2773 2901 reda‘rgutio
2801 2835 3151 2907 syllogismus
3167 2818 3249 2896 est
3278 2843 3551 2901 Contradi-

1960 2910 2188 2975 ctionis;
2222 2914 2264 2967 si
2300 2913 2462 2986 igitur
2490 2930 2707 2983 nonest
2733 2924 3071 2997 syllogismus
3096 2922 3411 3002 accidentis,
3444 2950 3552 2995 non

1960 3001 2021 3057 ﬁt
2048 3004 2389 3077 redargutio:
2423 3020 2529 3066 non
2560 3016 2703 3070 enim
2744 3017 2792 3071 si
2823 3032 2947 3075 cum
2987 3019 3104 3080 haec
3143 3026 3284 3093 sint,
3314 3016 3552 3086 necesse

1960 3103 2046 3149 est
2075 3096 2203 3152 illud
2231 3112 2388 3168 esse,
2424 3102 2478 3157 id
2509 3114 2693 3163 autem
2723 3110 2806 3164 est
2833 3111 3009 3170 album
3039 3128 3161 3173 esse
3190 3126 3411 3191 propter
3438 3122 3550 3195 syl-

1964 3185 2288 3257 logismum;
2323 3207 2497 3265 neque
2537 3198 2583 3253 si
2635 3197 2932 3272 triangulus
2976 3185 3205 3265 duobus?
3229 3185 3390 3270 rectis
3433 3185 3545 3274 tres

1961 3282 2189 3351 angulos
2220 3282 2382 3341 habet
2411 3289 2682 3358 aequales,
2715 3302 2770 3348 et
2794 3296 2987 3353 accidit
3025 3301 3077 3355 ei
3120 3300 3343 3371 ﬁguram
3383 3320 3541 3377 esse,

1958 3372 2043 3427 vel
2073 3375 2309 3443 primum
2331 3418 2347 3444 ,
2376 3379 2459 3433 vel
2488 3381 2809 3453 principium
2833 3429 2847 3454 ,
2879 3390 3023 3458 quod
3062 3391 3231 3463 ﬁgura
3251 3436 3266 3461 ,
3309 3396 3393 3454 vel
3433 3372 3544 3468 pri;

1955 3476 2101 3517 mum
2124 3504 2139 3529 ,
2176 3467 2256 3521 vel
2288 3468 2613 3541 principium
2654 3476 2761 3532 tale
2799 3487 2925 3533 est:
2964 3488 3086 3537 nam
3129 3500 3235 3540 non
3275 3467 3539 3559 quatenus

1961 3554 2129 3623 ﬁgura
2154 3596 2167 3621 ,
2199 3559 2286 3613 vel
2319 3560 2552 3629 primum
2577 3609 2591 3632 ,
2624 3566 2707 3621 vel
2748 3570 3067 3641 principium
3092 3615 3106 3640 ,
3147 3577 3241 3631 sed
3280 3554 3542 3648 quatenus

1957 3649 2259 3718 triangulus
2284 3651 2698 3745 demonstratip.
2733 3658 2994 3721 Similiter
3022 3678 3077 3722 et
3103 3670 3158 3725 in
3189 3672 3328 3728 aliis.
3362 3672 3541 3743 Quare

1951 3740 1999 3794 si
2033 3741 2342 3814 redargutio
2370 3740 2716 3821 syllogismus
2741 3746 2959 3827 quidam
2984 3804 3000 3828 ,
3034 3779 3140 3820 non
3169 3768 3272 3822 erit
3301 3740 3420 3840 quae
3448 3787 3539 3829 se»

1952 3830 2185 3889 cundum
2226 3838 2477 3897 accidens
2507 3843 2837 3917 redargutio.
2870 3850 3067 3911 Verum
3099 3830 3454 3931 propter-hoc
3484 3876 3539 3922 et

1951 3924 2187 3982 artiﬁces
2214 3936 2269 3982 et
2297 3932 2519 3987 omnino
2545 3936 2779 3995 scientes
2806 3941 2874 3997 ab
2900 3943 3085 4002 insciis
3101 3924 3532 4024 redarguuntur,

1952 4026 2075 4070 nam
2116 4021 2411 4078 secundum
2455 4026 2708 4084 accidens
2752 4030 3092 4104 syllogismos
3122 4021 3319 4099 faciunt
3348 4021 3535 4105 contra

1949 4107 2255 4177 sapientes;
2290 4115 2380 4183 qui
2409 4130 2536 4174 vero
2563 4135 2671 4177 non
2698 4134 2920 4193 possunt
2949 4128 3188 4189 dividere
3207 4175 3223 4201 ,
3253 4146 3344 4191 aut
3370 4134 3536 4195 inter-

1949 4201 2121 4269 rogati
2168 4206 2513 4277 concedunt,
2557 4222 2649 4267 aut
2690 4224 2812 4272 cum
2854 4234 2960 4275 non
3003 4222 3165 4291 dant,
3207 4227 3533 4289 arbitrantur

1946 4290 2183 4351 dedisse.
2216 4296 2348 4365 Qua:
2378 4316 2508 4358 vero
2535 4315 2759 4377 propter
2791 4309 2844 4365 id
2874 4310 3021 4383 quod
3062 4314 3242 4389 aliquo
3283 4322 3443 4379 modo
3481 4332 3534 4384 et

1944 4384 2283 4459 simpliciter,
2327 4396 2582 4464 quoniam
2631 4415 2735 4457 non
2783 4402 2851 4459 de
2894 4405 3085 4464 eodem
3133 4384 3423 4471 afﬁrmatio
3473 4428 3528 4473 et

1945 4480 2160 4548 negatio
2201 4492 2287 4538 est
2307 4474 2719 4563 ,"namﬁliquo
2760 4496 2921 4553 modo
2962 4500 3103 4568 albi,
3147 4503 3328 4575 aliquo
3373 4504 3531 4587 modo

1942 4582 2049 4624 non
2104 4572 2322 4644 album,
2377 4586 2432 4634 et
2485 4580 2800 4654 simpliciter
2848 4590 2998 4660 albi,
3056 4572 3375 4667 simpliciter
3426 4584 3531 4657 non

1939 4660 2153 4729 album,
2206 4668 2418 4737 negatio
2468 4681 2591 4739 est;
2650 4677 2694 4731 si
2747 4680 2908 4752 igitur
2957 4699 3081 4740 cum
3137 4660 3297 4744 datur
3352 4692 3533 4761 aliquo

1938 4755 2099 4810 modo
2136 4771 2258 4814 esse
2286 4761 2465 4818 album
2486 4806 2502 4833 ,
2535 4765 2657 4835 quis
2689 4776 2747 4825 ut
2783 4772 3099 4845 simpliciter
3136 4780 3341 4836 dictum
3385 4755 3533 4838 acri-

1935 4848 2045 4917 pit,
2093 4864 2197 4904 non
2244 4850 2370 4909 facit
2410 4857 2843 4931 reda‘rgutlonem
2878 4883 2891 4921 :
2928 4880 3151 4940 apparet
3192 4879 3369 4937 autem
3406 4886 3536 4941 pro~

1937 4946 2056 5007 pter
2087 4940 2445 5009 ignorantiam
2476 4947 2683 5019 ipsius,
2725 4955 2851 5025 quid
2878 4967 2964 5014 est
2991 4959 3317 5028 redarguiio.
3362 4940 3537 5016 ﬂani-

1935 5028 2227 5091 festissime
2273 5046 2452 5094 autem
2520 5046 2759 5101 omnium
2823 5064 2947 5120 quae
3000 5052 3149 5119 prius
3197 5049 3355 5105 dictis
3404 5064 3541 5108 sunt

1934 5132 2154 5194 propter
2207 5126 2606 5201 redargutionis
2655 5136 3029 5195 deﬁnitionem
3057 5180 3071 5205 ,
3123 5153 3289 5207 quare
3341 5149 3398 5192 et
3459 5144 3544 5196 sic

1933 5231 2257 5292 nuncupata:
2294 5234 2456 5293 sunt,
2488 5241 2611 5284 nam
2644 5240 2867 5300 propter
2892 5230 3151 5286 orationis
3178 5227 3550 5290 omissiomm

1931 5310 2210 5380 phantasia
2244 5314 2302 5371 lit
2321 5355 2338 5382 ,
2368 5325 2425 5374 et
2449 5318 2636 5376 divisis
2666 5321 2769 5375 hoc
2815 5328 2995 5389 pacto,
3024 5330 3307 5371 commune
3329 5318 3385 5371 in
3412 5336 3553 5380 ou-

1929 5401 2088 5460 nibus
2120 5406 2206 5461 his
2238 5410 2547 5477 ponendum
2570 5419 2655 5466 est
2678 5410 2940 5465 orationis
2968 5406 3208 5461 omissio.
3238 5406 3373 5474 Quae
3404 5426 3560 5472 vero

1928 5504 2149 5566 propter
2178 5498 2229 5553 id
2258 5500 2403 5570 quod
2433 5502 2666 5556 sumitur
2690 5497 2838 5568 quod
2868 5505 2991 5551 erat
3030 5497 3084 5551 in
3125 5496 3398 5565 principio
3422 5541 3443 5567 ,
3501 5514 3572 5563 δι

1926 5597 2033 5639 non
2063 5600 2224 5643 causa
2256 5599 2315 5644 ut
2343 5605 2504 5645 causa
2538 5589 2781 5659 ponitur,
2819 5582 3127 5638 manifesta
3156 5595 3283 5636 sunt
3314 5601 3422 5652 per
3457 5592 3577 5648 de.

1928 5673 2228 5734 ﬁnitionem
2251 5720 2267 5746 ,
2297 5697 2420 5735 nam
2459 5686 2677 5749 oportet
2717 5676 3132 5730 conclusionem
3173 5676 3441 5733 accidere
3502 5700 3595 5740 eo

1921 5766 2067 5836 quod
2104 5769 2222 5829 haec
2261 5781 2425 5842 sunt,
2465 5767 2613 5841 quod
2657 5778 2771 5823 non
2815 5772 2943 5822 erat
2986 5764 3043 5821 in
3082 5778 3192 5823 non
3230 5768 3429 5871 causis
3463 5812 3491 5842 ,
3528 5787 3606 5840 α
