4064 6336
505 278 642 336 1015

1710 273 1821 338 ΑΝ.
1863 276 2072 335 MANL.
2107 273 2264 336 BEV.
2305 277 2528 337 BOETII

3633 284 3768 344 4016

502 407 719 449 rursum
752 407 856 446 non
887 399 1272 447 connumerato
1299 404 1366 448 eo
1396 391 1535 462 quod
1567 402 1683 449 erat
1711 392 1763 447 in
1794 395 2081 463 principio,
2111 395 2164 455 Α
2188 395 2358 451 ribus.
2404 397 2604 458 Earum
2646 409 2780 454 vero
2820 412 2942 469 qua
2985 409 3111 457 sunt
3151 412 3371 474 propter
3410 403 3634 475 ﬁguram
3656 449 3672 472 ,
3703 408 3770 462 ob

509 485 653 555 quod
694 498 801 539 non
847 484 1046 539 habent
1094 498 1172 538 ea:
1216 498 1335 553 quae
1374 491 1501 537 sunt
1530 492 1750 554 propter
1777 485 2087 554 petitionem

505 580 625 648 ejus
650 577 791 648 quod
817 578 866 631 in
895 577 1182 648 principio.
1205 576 1335 644 Quae
1355 591 1485 632 vero
1513 585 1729 646 propter
1754 592 2090 648 consequens

506 673 766 742 particula
799 682 926 727 sunt
955 672 1283 737 accidentis,
1317 688 1442 728 nam
1485 687 1820 744 consequens
1859 673 2087 740 accidit;

501 765 684 820 difl‘ert
715 774 893 822 autem
925 765 994 820 ab
1023 764 1301 821 accidente
1322 805 1338 832 ,
1382 766 1634 836 quoniam
1678 766 1929 822 accidens
1968 766 2090 836 qui-

501 859 627 914 dem
655 869 740 914 est
772 860 824 915 in
856 874 963 913 uno
991 859 1110 913 solo
1139 873 1354 914 sumere
1376 899 1391 925 ,
1427 866 1487 913 ut
1513 858 1654 915 idem
1695 873 1818 915 esse
1856 859 2050 915 ﬂavum
2070 898 2087 927 ,

504 960 560 1005 et
589 952 693 1006 mel
717 993 732 1016 ,
762 960 817 1007 et
843 952 1046 1017 album,
1077 960 1131 1006 et
1160 966 1388 1023 cygnum
1411 992 1426 1017 ,
1459 951 1603 1021 quod
1654 961 1830 1006 autem
1874 960 2092 1021 prouter

503 1058 881 1113 consequens,
927 1058 1142 1113 semper
1187 1044 1242 1098 in
1293 1043 1534 1111 pluribus
1564 1059 1578 1100 :
1623 1057 1743 1097 nam
1770 1058 1888 1113 qua:
1918 1044 2009 1098 uni
2037 1051 2093 1098 et

503 1135 681 1190 eidem
714 1144 841 1190 sunt
866 1136 1054 1191 eadem
1078 1177 1092 1200 ,
1125 1145 1179 1191 et
1207 1135 1311 1190 sibi
1343 1136 1570 1190 invicem
1604 1136 1934 1205 postulantur
1971 1149 2093 1191 esse

502 1227 694 1283 eadem
718 1269 732 1293 ,
766 1238 985 1298 propter
1014 1227 1155 1297 quod
1191 1229 1246 1281 tit
1274 1241 1334 1281 ea
1365 1243 1484 1298 quae
1511 1236 1728 1296 propter
1756 1241 2093 1297 consequens

501 1318 841 1387 redargutio.
875 1319 968 1374 Est
996 1330 1174 1373 autem
1209 1334 1314 1374 non
1345 1318 1571 1373 omnino
1598 1333 1818 1384 verum,
1851 1328 1909 1373 ut
1950 1316 1994 1372 si
2025 1316 2095 1373 sit

502 1411 686 1465 album
732 1413 1025 1467 sectmdum
1067 1413 1355 1477 accidens,
1407 1428 1530 1467 nam
1574 1421 1628 1466 et
1672 1412 1760 1466 nix
1801 1422 1854 1465 et
1891 1423 2093 1481 cygnus

504 1503 629 1559 albo
683 1505 862 1570 idem,
914 1514 1005 1559 aut
1057 1520 1266 1560 rursum
1318 1504 1372 1559 in
1419 1504 1617 1558 Melissi
1664 1504 1907 1558 oratione
1951 1503 2092 1559 idem

501 1613 626 1654 esse
655 1598 852 1667 accipit
883 1597 1079 1653 factum
1114 1612 1268 1665 esse,
1303 1611 1357 1653 et
1385 1597 1705 1667 principium
1741 1597 1971 1662 habere,
2003 1604 2095 1651 aut

501 1691 734 1760 aequalia
784 1690 936 1754 fieri,
985 1701 1039 1745 et
1081 1689 1326 1745 eaindem
1372 1689 1794 1758 magnitudinem
1824 1687 2092 1756 accipere.

2191 487 2595 543 similitudinem
2641 488 2934 546 dictionis:
2967 491 3184 548 difﬁcile
3227 503 3310 549 est
3351 497 3493 550 enim
3538 495 3774 552 dividere

2191 594 2312 648 qua:
2357 579 2606 636 similiter
2651 591 2707 636 et
2756 597 2878 653 qua:
2921 585 3076 639 aliter
3117 584 3368 640 dicuntur
3412 589 3570 656 (nam
3607 587 3772 644 ferme

2195 672 2286 740 qui
2336 670 2436 727 hoc
2480 681 2656 743 potest
2700 675 2875 731 facere
2924 677 2976 732 in
3023 679 3299 747 procinctu
3344 689 3426 735 est
3480 690 3536 735 ut
3601 679 3774 736 videat

2194 779 2378 820 verum
2405 809 2420 833 ,
2453 767 2688 824 maxime
2717 780 2893 825 autem
2922 773 3058 827 sciet
3089 772 3381 844 innuere),
3428 775 3569 844 quod
3618 791 3772 832 omne

2193 857 2336 926 quod
2364 857 2433 914 de
2462 859 2642 929 aliquo
2674 861 3010 930 przedicatur,
3043 864 3365 921 arbitramur
3406 867 3636 935 idipsum
3679 869 3773 922 alib

2193 949 2320 1019 quid
2364 965 2519 1017 esse,
2572 963 2627 1009 et
2669 964 2725 1008 ut
2767 970 2928 1009 unum
2976 955 3354 1027 intelligimus.
3403 973 3524 1013 nam
3573 975 3769 1022 unum,

2193 1050 2248 1096 et
2290 1042 2641 1099 substantiam
2689 1047 2919 1104 maxime
2966 1048 3176 1104 videtur
3221 1050 3369 1120 sequi
3416 1049 3466 1104 id
3508 1052 3650 1118 quod
3694 1062 3774 1105 est

2194 1132 2393 1203 aliquid
2417 1175 2432 1200 ,
2464 1143 2521 1190 et
2551 1151 2669 1190 ens.
2701 1138 2878 1202 Quare
2919 1139 2970 1193 in
3013 1141 3077 1195 iis
3107 1156 3225 1210 quae
3266 1152 3391 1196 sunt
3434 1152 3654 1211 propter
3692 1142 3773 1196 di-

2192 1227 2422 1281 otionem
2456 1226 2541 1281 hic
2577 1227 2725 1283 locus
2756 1231 3033 1300 ponendus
3056 1272 3070 1296 ,
3102 1233 3332 1301 primum
3363 1234 3574 1302 quidem
3611 1234 3772 1300 magis

2198 1315 2448 1387 deceptio
2487 1317 2720 1388 gignitur
2763 1321 2815 1374 in
2859 1322 2922 1374 iis
2963 1323 3052 1391 qui
3094 1338 3214 1376 cum
3255 1324 3371 1378 aliis
3402 1324 3772 1385 considerant,

2192 1423 2353 1479 quam
2395 1410 2484 1478 qui
2531 1425 2626 1480 per
2670 1411 2916 1480 seipsos:
2963 1428 3085 1468 nam
3130 1429 3189 1468 ea
3230 1431 3348 1483 qua:
3391 1429 3509 1469 eum
3551 1414 3658 1468 alio
3697 1423 3776 1468 est

2195 1501 2592 1568 consideratio,
2643 1519 2739 1573 per
2785 1505 3084 1561 orationem-
3133 1515 3251 1571 est;
3300 1522 3415 1577 qua:
3463 1518 3638 1561 autem
3684 1521 3774 1576 per

2194 1593 2405 1664 seipsos
2428 1637 2443 1659 ,
2479 1611 2583 1650 non
2613 1597 2790 1651 minus
2822 1613 2915 1665 per
2945 1596 3112 1668 ipsam
3159 1615 3293 1655 rem.
3340 1599 3542 1655 Deinde
3587 1611 3640 1655 et
3683 1616 3777 1668 per

2194 1685 2406 1753 seipsos
2458 1685 2632 1754 decipi
2687 1687 2925 1753 accidit,
2980 1689 3196 1757 quando
3249 1690 3300 1744 in
3352 1691 3598 1746 oratione
3650 1689 3777 1745 facit

502 1782 766 1849 Quoniam
795 1782 942 1838 extim
976 1781 1298 1852 principium
1325 1781 1484 1837 habet
1508 1781 1652 1851 quod
1679 1782 1872 1834 factum
1896 1790 1979 1835 est
1999 1820 2016 1844 ,
2043 1788 2100 1836 et
2129 1770 2178 1832 B
2204 1774 2694 1830 considerationem
2720 1794 2734 1842 ;
2771 1787 3029 1846 praeterea
3060 1779 3305 1849 deceptio
3343 1781 3557 1850 quidem
3600 1797 3666 1836 ex
3709 1781 3778 1836 si-

501 1872 647 1942 quod
691 1872 1213 1942 babet-principium
1235 1915 1250 1939 ,
1286 1873 1488 1927 factum
1517 1887 1639 1927 esse
1670 1872 1938 1942 postulat,
1971 1881 2092 1926 tan-

499 1979 664 2036 quam
696 1966 856 2020 ambo
885 1965 1072 2021 eadem
1104 1966 1212 2021 sint
1232 2007 1247 2030 ,
1276 1982 1342 2020 eo
1371 1966 1513 2036 quod
1548 1966 1864 2034 principium
1895 1963 2095 2020 habent

502 2055 704 2110 factum
735 2071 856 2112 esse
881 2065 935 2111 et
966 2057 1194 2111 finitum.
1225 2056 1482 2110 Similiter
1512 2065 1689 2110 autem
1718 2065 1771 2110 ct
1800 2056 1851 2108 in
1883 2054 1947 2108 iis
1975 2069 2094 2124 qua:

503 2148 729 2217 aequalia
779 2149 916 2203 facta
966 2159 1128 2214 sunt,
1175 2149 1219 2202 si
1264 2149 1508 2204 eamdem
1555 2147 2010 2218 magnitudinem,
2041 2158 2096 2204 et

511 2255 675 2295 unam
709 2242 974 2296 sumentia
1008 2241 1235 2311 aequalia
1270 2241 1435 2305 ﬁunt,
1471 2249 1525 2296 et
1553 2257 1670 2310 qua:
1703 2243 1924 2312 mqualia
1957 2242 2095 2298 facta

504 2341 678 2396 sunt,
734 2331 977 2387 eamdem
1033 2343 1086 2386 et
1144 2348 1301 2387 unam
1357 2332 1775 2402 magnitudinem
1833 2344 2093 2399 sumunt,

503 2439 678 2493 quare
707 2440 1047 2496 consequens
1074 2427 1274 2492 sumit;
1307 2426 1449 2496 quod
1483 2427 1643 2496 igitur
1689 2436 1911 2496 propter
1950 2427 2095 2482 acci-

509 2519 646 2572 dens
697 2519 1038 2588 redargutio,
1091 2520 1140 2572 iu
1190 2519 1487 2588 ignorantia
1536 2519 1928 2588 redargutionis
1975 2526 2095 2584 est,

508 2612 890 2678 manifestum,
931 2623 985 2667 et
1025 2611 1164 2682 quod
1194 2627 1258 2666 ea
1286 2627 1406 2681 quae
1437 2621 1554 2677 est,
1588 2621 1669 2667 est
1700 2620 1921 2681 propter
1958 2627 2096 2667 con-

503 2717 764 2772 Sequens.
801 2703 1197 2774 lnspiciendum
1236 2713 1414 2758 autem
1441 2713 1523 2758 est
1567 2703 1618 2756 id
1642 2711 1697 2757 et
1725 2703 1856 2757 alias
1885 2702 2097 2760 melius.

508 2795 639 2862 Qua:
673 2811 799 2851 vero
829 2806 1046 2866 pr0pter
1076 2795 1127 2850 id
1156 2797 1296 2866 quod
1326 2806 1409 2852 est
1439 2797 1620 2866 plures
1653 2796 2099 2866 interrogationes

514 2897 575 2941 ut
604 2904 764 2943 uuam
797 2889 1009 2955 facere,
1043 2890 1093 2944 in
1123 2904 1189 2944 eo
1223 2898 1348 2944 sunt
1384 2888 1530 2959 quod
1569 2903 1674 2943 non
1713 2891 2058 2944 enucleamus
2079 2929 2096 2953 ,

497 2981 623 3048 sive
646 2997 750 3035 non
773 2981 1061 3035 dividimus
1084 2979 1463 3049 propositionis
1487 2981 1808 3047 orationem,
1829 2994 1948 3033 nam
1975 2993 2100 3048 pro-

516 3074 717 3142 positio
747 3089 908 3127 unum
939 3073 1007 3130 de
1041 3088 1146 3126 uno
1172 3081 1275 3129 est.
1302 3071 1436 3128 Nam
1469 3073 1610 3129 idem
1641 3074 1905 3128 terminus
1935 3074 2094 3128 unius

2197 1865 2533 1932 militudine,
2587 1867 2887 1923 similitudo
2940 1878 3116 1925 autem
3169 1886 3234 1926 ex
3287 1870 3539 1928 dictione.
3600 1873 3655 1927 In
3713 1873 3777 1927 iis

2197 1969 2374 2015 autem
2424 1975 2542 2028 quae
2592 1973 2716 2016 sunt
2763 1971 2982 2032 propter
3029 1963 3312 2031 accidens,
3360 1979 3426 2019 eo
3476 1966 3619 2035 quod
3674 1978 3778 2018 non

2199 2061 2376 2122 potest
2419 2052 2711 2122 diiudicare
2762 2054 2902 2110 idem
2951 2065 3006 2110 et
3057 2054 3323 2110 diversum
3351 2038 3396 2122 ,⁵
3418 2066 3472 2111 et
3517 2071 3682 2110 unum
3727 2066 3779 2110 et

2201 2145 2365 2198 multa
2391 2185 2408 2210 ,
2455 2160 2629 2216 neque
2670 2147 2864 2216 quibus
2904 2147 3311 2217 praedicatorum
3353 2147 3532 2202 omnia
3577 2148 3690 2202 haec
3727 2158 3779 2203 et

2200 2236 2278 2290 rei
2307 2235 2574 2291 accidunt.
2607 2236 2868 2292 Similiter
2897 2245 3073 2292 autem
3115 2245 3170 2292 et
3208 2238 3260 2292 in
3304 2238 3369 2294 iis
3406 2253 3524 2309 qua:
3566 2247 3782 2308 propter

2197 2341 2540 2394 consequens
2591 2337 2748 2392 sunt,
2804 2343 2928 2398 pars
2978 2328 3121 2384 enim
3163 2328 3405 2398 quaedam
3450 2330 3779 2397 accidentis,

2197 2430 2282 2476 est
2310 2436 2665 2492 consequens.
2711 2422 2989 2492 Amplius,
3030 2432 3086 2479 et
3125 2424 3176 2479 in
3220 2425 3399 2480 multis
3424 2434 3682 2495 apparet,
3729 2434 3783 2482 et

2199 2515 2502 2583 postulatur
2528 2513 2630 2568 hoc
2661 2523 2813 2582 pacto
2834 2557 2849 2581 ,
2883 2516 2926 2570 si
2959 2513 3060 2570 hoc
3086 2515 3153 2570 ab
3195 2516 3292 2579 illo
3332 2531 3439 2571 non
3484 2527 3780 2587 separatur,

2201 2619 2300 2660 nec
2345 2607 2410 2660 ab
2452 2606 2622 2660 altero
2661 2617 2938 2675 separatur
2982 2609 3232 2664 alterum.
3277 2607 3334 2664 in
3375 2609 3441 2664 iis
3481 2625 3611 2665 vero
3653 2626 3774 2679 qua

2203 2705 2327 2750 sunt
2374 2705 2592 2765 propter
2637 2697 2982 2754 omissionem
3027 2701 3317 2767 orationis,
3368 2709 3422 2756 et
3462 2701 3517 2756 in
3560 2700 3625 2755 iis
3666 2717 3784 2771 qua:

2203 2797 2329 2845 sunt
2360 2799 2576 2858 propter
2608 2789 2659 2845 id
2687 2791 2830 2860 quod
2859 2793 3038 2862 aliquo
3066 2793 3228 2849 modo
3255 2802 3310 2848 et
3349 2794 3692 2865 simpliciter,
3719 2809 3783 2848 eo

2203 2884 2342 2953 quod
2375 2893 2596 2954 propter
2625 2899 2808 2954 parum
2831 2927 2846 2952 ,
2875 2886 3123 2956 deceptio
3154 2896 3257 2942 est.
3305 2886 3436 2943 Nam
3469 2888 3623 2958 quasi
3656 2886 3782 2941 nihil

2202 2977 2578 3046 consignificet
2601 2977 2726 3042 quid
2757 2987 2848 3034 aut
2876 2980 3055 3049 aliquo
3080 2980 3277 3047 modo,
3310 2988 3400 3035 aut
3441 2980 3780 3047 simpliciter,

2201 3078 2291 3123 aut
2343 3068 2574 3134 alicubi,
2625 3078 2719 3124 aut
2769 3085 2942 3136 nunc,
2992 3071 3370 3127 universaliter
3410 3072 3780 3127 concedimus.

513 3140 681 3217 solius
713 3165 823 3228 rei,
859 3173 915 3219 et
942 3163 1260 3232 simpliciter
1289 3165 1402 3230 rei,
1438 3174 1496 3220 ut
1533 3165 1803 3232 hominis,
1843 3174 1897 3221 et
1935 3166 2090 3222 unius
2118 3140 2169 3212 (ἶ
2201 3160 2461 3216 Similiter
2489 3169 2668 3217 autem
2703 3161 2835 3217 etin
2865 3162 2931 3217 iis
2959 3178 3076 3233 quae
3118 3164 3260 3233 quod
3303 3165 3355 3219 in
3399 3164 3662 3234 principio
3705 3172 3784 3220 est

510 3255 678 3309 solius
709 3255 962 3310 hominis.
1000 3256 1262 3312 Similiter
1289 3266 1470 3314 autem
1499 3267 1554 3314 et
1581 3258 1634 3313 in
1666 3258 1806 3313 aliis.
1847 3259 2090 3338 Si_igitur

509 3361 618 3399 una
650 3348 942 3416 propositio
996 3358 1080 3404 est
1123 3364 1244 3420 quae
1273 3365 1438 3405 unum
1481 3350 1549 3406 de
1595 3365 1698 3406 uno
1739 3351 2003 3421 postulat,
2036 3361 2092 3407 et

509 3438 827 3507 simpliciter
878 3441 980 3494 erit
1018 3441 1315 3510 propositio
1361 3441 1481 3498 talis
1533 3441 1898 3512 interrogatio.
1931 3442 2089 3513 Atqui

509 3533 758 3600 quoniam
810 3533 1154 3604 syllogismus
1211 3551 1277 3590 ex
1331 3535 1785 3606 propositionibus
1834 3547 1949 3601 est,
2009 3550 2093 3590 re-

509 3621 751 3693 dargutio
777 3634 953 3680 autem
997 3627 1381 3698 syllogismus,
1425 3635 1481 3682 et
1525 3627 1835 3698 redargutio
1877 3628 1982 3683 erit
2023 3643 2089 3683 ex

509 3715 985 3782 propositionibus.
1029 3715 1087 3771 Si
1117 3718 1279 3786 igitur
1309 3717 1606 3788 propositio
1639 3733 1799 3772 unum
1833 3717 1900 3773 de
1941 3732 2086 3785 uno,

507 3806 846 3860 manifestum
879 3808 1127 3876 quoniam
1166 3817 1219 3864 et
1262 3807 1378 3864 haec
1410 3809 1460 3864 in
1494 3809 1890 3880 redargutionis
1932 3811 2091 3881 igno-

510 3897 722 3962 rantia,
754 3913 879 3951 nam
929 3909 1149 3968 apparet
1201 3913 1323 3954 esse
1366 3901 1658 3970 propositio
1700 3915 1819 3970 quae
1863 3917 1968 3956 non
2009 3910 2093 3958 est

504 3971 831 4055 propositio.
893 3987 952 4044 Si
1010 3989 1192 4060 itaque
1243 3989 1394 4045 dedit
1450 3992 1857 4060 responsionem
1912 4000 1971 4048 ut
2023 3991 2093 4049 ad

514 4093 673 4132 unam
720 4079 1226 4151 interrogationem,
1275 4083 1381 4138 erit
1430 4082 1776 4154 redargutio;
1821 4084 1866 4139 si
1911 4094 2092 4140 autem

511 4185 618 4222 non
673 4170 921 4238 dederit,
975 4173 1069 4227 sed
1122 4183 1381 4244 apparet,
1439 4190 1707 4246 apparens
1763 4176 2088 4245 redargutio.

513 4258 691 4324 Quare
720 4277 907 4317 omnes
947 4263 1049 4317 loci
1083 4265 1278 4320 cadunt
1318 4267 1370 4320 in
1411 4267 1803 4337 redargutionis
1844 4269 2094 4338 ignoran-

512 4353 675 4418 tiam,
730 4355 818 4425 qui
868 4356 1084 4425 quidem
1138 4359 1265 4412 dicti
1317 4369 1444 4412 sunt
1497 4369 1715 4429 propter
1764 4359 2092 4426 dictionem,

512 4446 637 4514 quia
669 4459 752 4501 est
781 4463 1045 4517 apparens
1074 4451 1430 4508 contradictio
1450 4493 1465 4518 ,
1497 4453 1639 4522 quod
1669 4461 1786 4508 erat
1816 4455 2088 4524 proprium

510 4538 944 4608 redargutionis,
997 4541 1088 4598 alii
1145 4553 1327 4600 autem
1378 4557 1597 4616 propter
1642 4543 1933 4618 syllogismi
1983 4557 2087 4604 ter-
2117 4525 2172 4586 D

509 4630 735 4687 ntinunt.

1109 4714 1338 4772 CAPUT
1391 4715 1475 4771 γι.

599 4828 785 4884 Causae
821 4829 1212 4900 dereptionum,
1252 4831 1546 4901 captionum
1585 4832 1998 4901 saphitticarum.

2031 4911 2060 4921 ι...

586 4942 839 5012 Deceptio
890 4953 1067 4998 autem
1119 4943 1177 4998 fit
1230 4945 1282 4998 in
1333 4944 1397 4999 iis
1441 4945 1656 5016 quidem
1706 4962 1826 5017 qua:
1873 4958 2090 5018 propter

510 5036 993 5105 tequivocationem
1025 5049 1079 5092 et
1109 5038 1404 5092 orationem
1425 5079 1439 5105 ,
1472 5054 1539 5094 eo
1578 5040 1718 5108 quod
1763 5056 1867 5096 non
1909 5052 2091 5113 potest

507 5127 629 5195 quis
679 5126 916 5182 dividere
967 5127 1017 5182 id
1068 5127 1207 5197 quod
1262 5129 1626 5197 multipliciter
1677 5131 1902 5199 dicitur,
1962 5149 2083 5188 nam

507 5219 753 5287 quaedam
786 5235 893 5273 non
923 5229 1006 5274 est
1038 5229 1339 5289 promptum
1373 5220 1644 5289 dividere,
1687 5232 1746 5278 ut
1785 5241 1950 5280 unum
1977 5267 1992 5291 ,
2035 5236 2091 5281 et

507 5323 606 5363 ens
630 5349 645 5372 ,
675 5319 729 5364 et
759 5310 920 5365 idem.
950 5309 1004 5365 In
1036 5311 1100 5366 iis
1138 5321 1315 5366 autem
1351 5327 1470 5380 qum
1511 5324 1638 5369 sunt
1679 5329 1898 5387 propter
1936 5334 2088 5373 com-

508 5400 830 5467 positionem
881 5411 935 5458 et
984 5403 1342 5468 divisionem,
1394 5419 1460 5459 eo
1507 5408 1646 5476 quod
1697 5409 1828 5464 nihil
1878 5421 2090 5480 putatur

489 5491 729 5547 .dillcrre
773 5495 1064 5561 composita
1107 5504 1160 5548 et
1198 5494 1366 5548 divisa
1414 5497 1618 5561 oratio,
1667 5512 1762 5554 ceu
1813 5501 1992 5555 evenit
2037 5502 2088 5556 in

507 5584 770 5649 plurimis.
822 5586 1081 5641 Similiter
1123 5597 1300 5640 autem
1343 5595 1396 5640 et
1438 5588 1489 5640 in
1534 5587 1598 5642 iis
1640 5604 1757 5658 qua:
1806 5604 1925 5645 sunt
1967 5609 2089 5661 pro-

505 5684 624 5741 pter
666 5685 980 5739 accentum,
1026 5693 1130 5730 non
1163 5677 1302 5731 enim
1344 5677 1486 5731 aliud
1534 5678 1741 5732 videtur
1785 5681 2087 5748 significare

505 5779 562 5821 in
588 5777 745 5835 ausa,
774 5777 826 5824 et
849 5769 1076 5824 remissa
1107 5771 1278 5825 oratio
1307 5770 1356 5823 in
1388 5768 1602 5840 aliquo,
1634 5778 1724 5824 aut
1750 5784 1854 5826 non
1888 5772 1939 5826 in
1969 5773 2087 5846 plu-

2194 3261 2450 3320 sumunt,
2483 3262 2539 3309 et
2568 3254 2620 3308 in
2651 3268 2757 3309 non
2788 3255 2964 3310 causis
2984 3299 2998 3322 ,
3031 3264 3088 3310 et
3114 3271 3446 3326 quaecunque
3489 3256 3670 3325 plures
3710 3258 3785 3310 in-

2198 3347 2591 3415 terrogationes
2617 3357 2677 3402 ut
2703 3363 2864 3403 unam
2895 3348 3099 3404 faciunt
3129 3365 3144 3405 :
3173 3349 3228 3404 in
3253 3349 3501 3434 omnibus
3529 3350 3671 3404 enim
3705 3348 3785 3403 bis

2196 3447 2280 3493 est
2311 3429 2558 3507 deceptio
2579 3479 2592 3503 ,
2625 3439 2696 3494 ob
2728 3440 2777 3494 id
2806 3440 2946 3510 quod
2980 3448 3199 3511 propter
3242 3429 3426 3510 parum
3450 3481 3466 3506 ,
3509 3457 3631 3494 nam
3678 3455 3782 3494 non

2193 3541 2383 3586 exacte
2429 3531 2787 3587 discernimus
2829 3548 3004 3602 neque
3043 3533 3421 3603 propositionis
3463 3548 3636 3603 neque
3677 3533 3784 3603 syl-

2196 3621 2408 3692 logismi
2441 3623 2728 3679 terminum
2753 3666 2768 3690 ,
2797 3635 3017 3695 propter
3046 3625 3355 3696 praedictam
3383 3640 3621 3680 causam.

2791 3737 3017 3794 CAPUT
3058 3738 3171 3796 VII.

2531 3825 2616 3882 Ea:
2645 3829 2822 3898 quibus
2850 3830 2973 3883 locis
3001 3829 3262 3899 captiones
3290 3829 3450 3900 false.

2267 3937 2528 4017 Quoniam
2560 3949 2736 3994 autem
2766 3940 3026 3996 habemus
3048 3950 3264 4011 propter
3292 3956 3625 4011 qurccunqoe
3655 3943 3786 3997 liunt

2196 4017 2516 4101 apparentes
2548 4031 2865 4103 syllogismi,
2903 4032 3160 4088 habemus
3188 4044 3240 4087 et
3268 4042 3488 4103 pr0pter
3527 4048 3784 4103 quacun-

2194 4139 2300 4195 que
2354 4123 2486 4178 fiunt
2541 4123 2816 4195 SOphistici
2879 4125 3176 4197 syllogismi
3225 4135 3280 4182 et
3341 4126 3773 4198 redargutiones.

2178 4215 2325 4271 Dico
2365 4227 2542 4271 autem
2589 4217 2930 4286 sOpbisticam
2978 4217 3409 4286 redargutionem
3459 4229 3513 4274 et
3560 4220 3785 4290 syllogi-

2198 4320 2396 4372 smum,
2443 4323 2547 4361 non
2580 4307 2750 4362 solum
2787 4300 3132 4378 apparentem
3165 4310 3536 4380 syllogismum
3571 4321 3666 4365 aut
3698 4327 3785 4366 re-

2198 4397 2568 4468 dargutionem
2595 4417 2698 4455 non
2729 4402 3046 4457 existentem
3072 4401 3303 4472 quidem:
3336 4402 3428 4458 sed
3454 4413 3508 4458 et
3534 4404 3786 4459 existen-

2199 4497 2305 4545 tem
2355 4491 2610 4561 quidem,
2667 4500 2724 4547 at
2773 4502 3095 4562 apparenter
3153 4495 3617 4551 accommodatam
3688 4498 3783 4550 rei.

2195 4583 2332 4638 Sunt
2353 4593 2531 4641 autem
2554 4583 2680 4647 illae,
2705 4601 2822 4655 quas
2844 4601 2948 4641 non
2971 4587 3265 4643 secundum
3289 4604 3402 4646 rem
3426 4589 3782 4660 redarguunt,

2194 4683 2250 4731 et
2293 4690 2412 4746 qua:
2456 4685 2755 4731 monstrant
2805 4677 3148 4747 ignorantes,
3205 4682 3346 4750 quod
3400 4683 3620 4752 quidem
3665 4692 3783 4738 erat

2197 4768 2472 4837 proprium
2508 4769 2799 4825 tentativaa.
2847 4769 2940 4824 Est
2972 4781 3152 4826 autem
3202 4773 3480 4841 tentativa,
3515 4789 3644 4843 pars
3675 4775 3783 4828 dia-

2197 4860 2401 4915 lectica:
2424 4877 2437 4926 ;
2457 4860 2543 4915 illa
2575 4869 2753 4915 autem
2770 4871 2959 4931 potest
2980 4864 3296 4934 syllogizare
3323 4864 3538 4929 falsum,
3569 4878 3786 4936 pt‘Oplet'

2198 4953 2550 5023 ignorantiam
2583 4955 2698 5023 ejus
2729 4957 2816 5022 qui
2849 4956 2939 5009 dat
2967 4959 3292 5014 orationem.
3320 4960 3643 5028 Sophistiea:
3698 4977 3785 5013 au-

2199 5053 2305 5099 tem
2331 5044 2734 5115 redargutiones
2758 5049 2968 5102 tametsi
2995 5050 3252 5120 colligant
3273 5051 3786 5118 contradictionem,

2198 5153 2304 5192 non
2338 5137 2540 5191 faciunt
2590 5140 2950 5209 manifestum,
2983 5141 3024 5194 si
3084 5142 3328 5210 ignorat,
3358 5157 3480 5196 nam
3513 5155 3564 5197 et
3601 5144 3786 5196 scion-

2199 5239 2304 5284 tem
2339 5229 2635 5298 impediunt
2676 5230 2821 5286 hisce
2862 5232 3216 5288 orationibus.
3249 5234 3400 5300 Quod
3445 5220 3625 5290 autem
3675 5237 3790 5286 illas

2200 5320 2509 5387 habeamus,
2561 5321 2660 5376 hac
2703 5324 2786 5377 via
2838 5323 3180 5379 manifestum
3228 5336 3341 5392 est,
3395 5342 3516 5380 nam
3572 5337 3788 5395 prepter

2201 5429 2532 5484 qumcunque
2563 5425 2784 5484 apparet
2815 5416 3156 5472 audientibus
3187 5425 3245 5472 ut
3277 5420 3608 5488 interrogata
3633 5421 3788 5489 syllo-

2199 5506 2402 5578 gizare,
2433 5519 2653 5577 prepter
2685 5509 2798 5564 base
2826 5520 2878 5563 et
2909 5510 3252 5578 respondenti
3294 5512 3478 5581 utique
3507 5511 3784 5572 videatur;

2198 5613 2363 5667 quare
2389 5609 2544 5652 erunt
2576 5601 2874 5669 syllogismi
2905 5602 3022 5655 falsi
3061 5618 3153 5671 per
3190 5603 3305 5656 hmc
3341 5611 3433 5655 aut
3461 5604 3606 5655 omni
3629 5635 3662 5668 ν,
3697 5614 3786 5655 aut

2199 5687 2395 5756 aliqua,
2448 5705 2566 5742 nam
2615 5691 2755 5760 quod
2805 5707 2910 5745 non
2961 5691 3322 5762 interrogatus
3351 5692 3641 5747 arbitratur
3695 5692 3784 5742 dn-

2198 5781 2341 5836 disse
2366 5823 2383 5849 ,
2410 5793 2461 5838 et
2495 5783 2848 5854 interrogatus
2877 5799 3094 5857 quoque
3138 5794 3316 5860 ponet.
3358 5785 3549 5846 Verum
3583 5787 3634 5844 iu
3667 5787 3783 5861 qui-
