4064 6336
257 311 397 372 1017

796 315 1262 377 ELENCHORUM
1304 315 1849 379 SOPHISTICOBUM
1891 320 2342 386 ARISTOTELIS
2381 330 2948 393 IN'I‘ERPRETATIO.

3383 335 3518 395 tota

257 433 480 491 busdam
509 433 665 489 simul
694 428 883 490 accidit
906 447 960 491 et
989 437 1319 506 interrogare
1365 436 1506 506 quod
1554 436 1746 501 deest,
1775 444 1829 491 et
1855 438 1906 496 Δ
1932 446 2049 492 arte
2078 438 2298 506 cadens,
2323 442 2747 517 dialecticorum.
2782 447 2912 504 Nam
2946 448 2988 502 si
3023 449 3279 507 habemus
3307 467 3371 507 ex
3397 455 3517 523 qui.

255 543 521 598 apparere
567 529 796 595 falsum,
827 537 885 583 ut
925 531 975 584 in
1018 531 1080 584 iis
1120 546 1239 598 qua:
1263 540 1388 584 sunt
1429 530 1724 584 secundum
1755 530 1836 584 di-

255 621 486 676 etionem
525 631 578 676 ct
615 621 1001 677 soloecismum.
1038 622 1093 678 Si
1125 637 1253 692 ergo
1285 622 1578 693 syllogismi
1621 630 1838 677 contra-

253 712 507 768 dictionis
554 723 771 783 propter
814 725 1158 784 apparentem
1209 714 1641 784 redargutionem
1688 722 1830 780 sunt,

255 808 596 862 manifestum
630 815 712 861 est
740 807 880 875 quod
917 817 1132 877 propter
1175 815 1251 860 tot
1281 815 1439 861 erunt
1479 817 1532 860 et
1579 805 1832 860 falsorum

253 899 576 970 syllogismi,
605 911 820 970 propter
850 907 979 970 quot
1007 912 1060 955 et
1081 915 1345 970 apparens
1372 899 1700 970 redargutio,
1741 914 1836 970 ap-

254 1005 451 1061 parens
499 1005 672 1047 autem
727 1002 947 1062 propter
999 993 1286 1063 particulas
1341 991 1497 1047 veri:
1539 1008 1660 1046 nam
1713 1007 1833 1046 cum

252 1084 612 1152 quodcunque
642 1082 904 1152 defuerit,
938 1084 1216 1154 apparebit
1245 1084 1551 1156 redargutio
1575 1125 1589 1150 ,
1613 1094 1670 1138 ut
1691 1083 1832 1153 quod

255 1185 476 1246 propter
506 1190 610 1229 non
644 1176 916 1242 accldens,
967 1186 1186 1246 propter
1229 1175 1547 1240 orationem,
1599 1189 1720 1243 qua:
1767 1173 1833 1229 ad

254 1268 606 1338 impossibile,
638 1277 693 1323 et
741 1283 862 1336 quae
909 1268 1042 1323 duas
1088 1268 1535 1338 interrogationes
1577 1276 1635 1322 ut
1672 1281 1832 1322 unam

251 1360 402 1426 facit,
434 1371 648 1430 promer
675 1361 1113 1432 propositionem,
1146 1371 1200 1416 et
1232 1377 1326 1430 pro
1366 1376 1433 1417 eo
1455 1361 1595 1432 quod
1622 1376 1719 1427 per
1748 1375 1832 1427 se,

251 1452 394 1521 quod
428 1462 644 1523 pr0pter
687 1453 967 1520 accidens,
1017 1465 1073 1509 et
1121 1452 1278 1522 hujus
1333 1452 1591 1522 particula
1619 1493 1634 1518 ,
1691 1453 1832 1522 quod

252 1555 473 1614 propter
501 1558 853 1614 consequens.
882 1543 1143 1614 Amplius,
1171 1559 1275 1599 non
1309 1544 1360 1598 in
1382 1558 1460 1608 re,
1496 1543 1591 1597 sed
1624 1542 1674 1596 in
1709 1557 1835 1595 ora-

250 1635 398 1690 tione
427 1635 694 1702 accidere,
722 1635 919 1691 deinde
941 1651 1036 1706 pro
1063 1634 1349 1690 universali
1379 1633 1826 1699 contradictione,

246 1736 305 1782 et
335 1727 628 1782 secundum
655 1727 817 1795 idem,
844 1737 898 1782 et
937 1728 1002 1782 ad
1034 1727 1196 1794 idem,
1235 1737 1289 1782 et
1311 1727 1578 1791 similiter,
1615 1734 1833 1795 propter

1941 526 2038 581 bus
2069 530 2372 596 probabiles
2403 533 2697 605 syllogismi
2728 538 2778 591 in
2814 539 3075 608 quolibet,
3109 540 3423 599 habebimus
3450 560 3516 600 ex

1940 617 2132 684 quibus
2159 619 2560 689 redargutiones
2592 642 2606 684 :
2639 626 2945 698 redargutio
2977 645 3204 702 namque
3236 643 3317 688 est
3344 635 3512 704 syllo-
3569 657 3572 660 '

1939 707 2143 776 gismus
2164 712 2629 783 contradictionis;
2661 734 2826 788 quare
2849 731 2937 776 aut
2959 738 3116 791 unus,
3151 733 3242 778 aut
3268 725 3375 781 duo
3397 729 3512 798 syl-

1939 798 2147 870 logismi
2172 805 2626 871 contradictionis,
2660 811 2962 882 redargutio
2986 799 3388 872 estfllabemus
3419 819 3515 888 igi-

1937 897 2024 944 tur
2053 903 2271 962 propter
2320 912 2648 969 quaecunque
2692 915 2880 959 omnes
2921 904 3221 974 huiusmodi
3267 919 3421 974 sunt;
3467 910 3517 966 si

1939 990 2115 1036 autem
2148 983 2262 1040 haec
2288 984 2547 1044 habemus
2571 1029 2586 1058 ,
2633 1000 2688 1046 et
2735 993 3028 1050 solutiones
3061 996 3319 1054 habemus
3343 1041 3357 1066 ,
3390 1016 3512 1055 nam

1936 1071 2149 1128 illarum
2181 1075 2471 1146 instantiae,
2503 1082 2795 1138 solutiones
2837 1096 2980 1140 sunt.
3025 1087 3293 1144 Habemus
3332 1099 3512 1146 autem

1935 1174 2156 1234 propter
2182 1183 2514 1240 quaecunque
2555 1180 2624 1246 et,
2653 1184 2976 1244 apparentes
3007 1177 3158 1245 liunt,
3191 1190 3512 1251 apparentes

1934 1267 2112 1311 autem
2142 1275 2247 1314 non
2276 1261 2515 1332 cuilibet,
2548 1264 2642 1319 sed
2678 1266 2905 1333 talibus;
2952 1268 3159 1324 inﬁnita
3189 1272 3329 1326 enim
3362 1286 3506 1339 sunt,

1932 1348 1980 1402 si
2009 1350 2129 1419 quis
2149 1352 2454 1409 consideret
2475 1355 2561 1410 illa
2586 1357 2876 1412 secundum
2900 1374 3229 1432 quacunque
3252 1374 3510 1434 apparent

1932 1441 2278 1510 quibuslibet.
2315 1445 2490 1512 Quare
2511 1447 2849 1503 manifestum
2873 1459 2955 1504 est
2976 1453 3224 1519 quoniam
3246 1454 3508 1517 dialectici

1933 1542 2016 1586 est
2040 1548 2198 1603 posse
2225 1550 2438 1592 sumere
2467 1549 2688 1610 propter
2713 1526 3125 1613 quaecunque-ﬁt
3148 1531 3243 1615 per
3271 1561 3509 1601 commu-

1932 1621 2020 1677 nia
2042 1664 2058 1687 ,
2087 1624 2171 1679 vel
2193 1641 2313 1696 quae
2341 1637 2424 1683 est
2457 1631 2785 1701 redargutio,
2823 1634 2906 1688 vel
2933 1650 3053 1704 qua:
3082 1646 3301 1709 apparet
3325 1636 3511 1695 redar-

1931 1717 2103 1783 gutio,
2132 1716 2218 1772 vel
2243 1717 2545 1788 dialectica,
2578 1722 2661 1777 vel
2691 1737 2953 1793 apparens
2976 1725 3375 1796 dialectica,vel
3395 1737 3508 1785 ten-

247 1816 302 1871 id
327 1817 468 1886 quod
513 1817 565 1872 in
597 1817 794 1887 aliquo,
827 1818 910 1872 vel
948 1825 1168 1888 propter
1195 1817 1612 1888 unumquodque
1638 1816 1829 1872 horum
1861 1813 1909 1874 B
1933 1809 2116 1865 WW8-

248 1920 460 1979 peccat.
495 1908 758 1978 Amplius,
794 1917 1012 1979 propter
1037 1908 1091 1964 id
1115 1909 1258 1979 quod
1282 1919 1368 1964 est
1396 1923 1503 1964 non
1530 1923 1829 1964 connume-

245 2011 368 2055 rato
387 2015 454 2056 eo
481 1999 621 2071 quod
647 2001 700 2055 in
729 2001 1010 2070 principio,
1046 2000 1187 2068 quod
1213 2000 1265 2055 in
1299 2001 1560 2069 principio
1590 2014 1824 2057 sumere.

246 2093 426 2159 Quare
457 2093 712 2148 habemus
737 2094 1028 2150 secundum
1055 2102 1189 2164 quot
1213 2095 1348 2148 ﬁunt
1374 2093 1627 2162 captiosae
1658 2092 1820 2147 ratio-

245 2184 576 2253 cinationes,
619 2200 740 2241 nam
771 2185 1064 2241 secundum
1096 2185 1246 2256 plura
1279 2200 1382 2241 non
1414 2196 1590 2254 erunt,
1634 2201 1826 2240 secun-

244 2275 372 2330 dum
399 2286 574 2331 autem
604 2291 665 2332 ea
695 2293 814 2348 qua:
843 2278 984 2332 dicta
1022 2286 1148 2334 sunt
1178 2287 1331 2332 erunt
1363 2292 1571 2332 omnes.
1607 2277 1704 2332 Est
1730 2293 1826 2332 au-

245 2373 354 2422 tem
376 2368 665 2438 sophistica
687 2367 993 2439 redargutio
1019 2384 1126 2423 non
1150 2368 1466 2438 simpliciter
1489 2367 1819 2437 redargutio,

243 2457 341 2513 sed
368 2459 434 2512 ad
463 2457 692 2528 aliquem
714 2501 730 2528 ,
760 2469 814 2514 et
833 2460 1175 2531 syllogismus
1196 2460 1462 2514 similiter.
1495 2459 1624 2513 Nam
1648 2461 1692 2514 si
1716 2475 1823 2516 non

242 2563 420 2608 sumat
448 2554 498 2607 id
527 2554 741 2625 quidem
775 2556 914 2624 quod
947 2563 1028 2610 est
1056 2563 1275 2624 pr0ptcr
1295 2536 1626 2624 tequivocum
1657 2570 1823 2610 unum

244 2645 572 2716 signiﬁcare,
606 2655 660 2701 et
686 2646 827 2716 quod
861 2655 1077 2717 propter
1106 2644 1468 2700 similitudinis
1490 2644 1710 2714 ﬁguram
1735 2661 1826 2700 su-

241 2734 355 2791 Ium
385 2737 485 2793 hoc
513 2739 762 2808 quidem:
790 2747 844 2793 et
874 2739 927 2792 in
958 2739 1077 2794 aliis
1101 2738 1368 2805 similiter,
1401 2752 1574 2807 neque
1603 2738 1825 2809 syllogi-

241 2832 377 2898 smi,
410 2847 586 2898 neque
614 2830 1018 2900 redargutiones
1053 2839 1212 2886 erunt
1233 2871 1248 2896 ,
1283 2845 1454 2900 neque
1488 2830 1820 2900 simpliciter,

242 2936 418 2992 neque
439 2923 505 2978 ad
530 2939 649 2980 eum
676 2924 764 2994 qui
789 2923 1164 2992 interrogatur.
1198 2921 1254 2978 Si
1280 2931 1455 2977 autem
1479 2931 1714 2986 sumant,
1749 2923 1815 2977 ad

241 3032 367 3072 eum
420 3017 510 3088 qui
557 3018 917 3088 interrogatur
945 3026 1121 3081 erunt,
1155 3016 1468 3086 simpliciter
1495 3024 1674 3070 autem
1715 3030 1820 3072 non

241 3117 431 3175 erunt;
455 3123 559 3164 non
586 3110 731 3164 enim
761 3123 920 3163 unum
952 3109 1306 3178 signiﬁcatum
1334 3115 1697 3177 sumpserunt,
1726 3107 1819 3164 sed

239 3213 531 3272 Ippurens,
555 3210 608 3257 et
637 3201 778 3272 apud
809 3200 959 3256 illum
985 3201 1220 3270 quidem.

830 3291 1055 3348 CAPUT
1099 3290 1232 3346 VIII.

544 3383 622 3439 De
649 3385 778 3439 ueris
807 3393 853 3438 et
881 3385 1031 3455 [alsia
1052 3384 1516 3456 redargutionibus.

317 3474 545 3546 Propter
572 3491 903 3548 quaecunque
942 3487 1122 3532 autem
1163 3477 1488 3546 redarguunt
1519 3477 1609 3549 qui
1643 3477 1822 3534 redar-

240 3568 554 3639 gutionibus
583 3579 832 3636 utuntur,
861 3585 968 3624 non
991 3580 1201 3638 oportet
1227 3579 1436 3625 tentare
1461 3584 1676 3625 sumere
1702 3571 1820 3626 sine

239 3661 481 3716 omnium
511 3677 632 3731 qua:
660 3671 786 3717 sunt
805 3663 1049 3717 scientia.
1077 3662 1130 3716 Id
1152 3671 1328 3717 autem
1351 3677 1458 3717 non
1481 3664 1638 3718 unius
1664 3662 1817 3730 artis,

241 3767 367 3807 nam
415 3754 637 3809 infinitae
680 3755 908 3809 fortasse
936 3762 1061 3808 sunt
1090 3754 1363 3821 scientia;
1397 3771 1562 3825 quare
1601 3754 1824 3810 manife-

239 3857 387 3903 stum
435 3848 686 3918 quoniam
734 3857 788 3904 et
835 3847 1366 3916 demonstrationes,
1415 3847 1824 3918 redargutiones

240 3939 458 4009 quidem
506 3950 632 3994 sunt
667 3950 720 3994 et
749 3955 912 3996 verae.
960 3940 1089 3995 Nam
1119 3955 1449 4011 quaecunque
1477 3950 1560 3995 est
1589 3942 1820 3996 demon-

239 4041 438 4099 strare,
463 4042 546 4088 est
573 4042 627 4088 et
647 4034 971 4104 redarguere
996 4049 1116 4088 eum
1143 4035 1228 4103 qui
1255 4043 1414 4103 ponet
1437 4033 1822 4089 contradictio-

241 4141 366 4181 nem
393 4125 529 4194 veri,
553 4135 610 4180 ut
635 4127 677 4180 si
704 4125 1239 4182 commensurabilem
1267 4126 1591 4180 diametrum
1622 4141 1820 4195 posue-

240 4217 332 4282 rit,
361 4216 646 4285 redarguet
669 4216 786 4287 quis
811 4214 1290 4277 demonstratione,
1318 4215 1460 4283 quod
1485 4215 1822 4269 incommen-

240 4309 520 4375 surabilis;
551 4324 716 4378 quare
745 4311 982 4364 omnium
1012 4308 1280 4379 oportebit
1308 4322 1427 4363 esse
1454 4309 1624 4363 scium
1656 4327 1668 4362 :
1698 4324 1820 4362 nam

240 4401 363 4456 ali:e
393 4401 604 4472 quidem
636 4410 933 4472 sequuntur
966 4411 1181 4471 propter
1207 4415 1266 4455 ea
1295 4414 1413 4471 quae.
1444 4401 1497 4455 in
1529 4401 1818 4470 geometria

238 4502 370 4548 sunt
420 4493 700 4563 principia,
731 4502 782 4547 et
813 4507 997 4547 eorum
1050 4491 1460 4556 conclusiones;
1492 4491 1610 4544 alia:
1642 4500 1816 4546 autem

2539 1903 2766 1964 CAPUT
2813 1908 2905 1964 IX.

1935 1994 2205 2052 Orationes
2228 2013 2296 2051 aa
2323 2013 2505 2053 nomen
2532 2009 2581 2055 et
2607 2001 2678 2054 ad
2699 2002 3011 2057 intellectum
3039 2020 3142 2058 non
3169 2003 3290 2060 bene
3312 2005 3504 2061 diduci.

2002 2091 2120 2146 Non
2153 2101 2236 2147 est
2265 2103 2441 2149 autem
2468 2093 2766 2151 dilI'erentia
2790 2098 3089 2153 orationum
3114 2093 3271 2169 quam
3295 2100 3508 2169 quidam

1929 2185 2113 2241 dicunt
2136 2201 2276 2251 esse,
2313 2187 2410 2267 has
2440 2187 2658 2257 quidem
2690 2188 2755 2243 ad
2785 2204 3005 2255 nomen,
3035 2191 3154 2246 illas
3183 2206 3310 2246 vero
3333 2191 3396 2245 ad
3421 2191 3506 2244 in-

1929 2279 2220 2334 tellectum.
2266 2279 2653 2336 Inconveniens
2694 2282 2840 2337 enim
2871 2293 2954 2336 est
2984 2283 3192 2352 cpinari
3224 2282 3359 2337 alias
3383 2283 3508 2352 qui-

1926 2367 2050 2424 dem
2078 2383 2197 2425 esse
2227 2370 2292 2443 ad
2325 2385 2516 2425 nomen
2548 2373 2849 2442 orationes,
2882 2373 3124 2429 diversas
3159 2389 3290 2429 vero
3324 2373 3390 2428 ad
3415 2359 3502 2428 in-

1928 2462 2204 2517 tellectum
2233 2472 2289 2518 et
2323 2479 2427 2518 non
2467 2464 2703 2520 easdem.
2742 2464 2878 2532 Quid
2910 2466 3054 2521 enim
3085 2476 3168 2522 est
3193 2481 3300 2522 non
3329 2466 3395 2520 ad
3428 2467 3506 2520 in-

1928 2555 2220 2620 tellectum,
2253 2555 2358 2609 nisi
2399 2555 2612 2624 quando
2634 2571 2740 2610 non
2765 2555 2937 2611 utitur
2963 2556 3179 2613 nomine
3210 2559 3323 2628 (qui
3360 2566 3506 2626 putat

1929 2646 2280 2718 interrogare)
2313 2663 2378 2702 eo
2408 2657 2461 2703 et
2489 2647 2555 2702 ad
2585 2648 2727 2718 quod
2755 2648 2799 2703 is
2822 2649 2912 2719 qui
2935 2648 3295 2718 interrogatus
3322 2647 3507 2704 dedit?

1927 2739 2071 2794 Idem
2102 2748 2281 2794 autem
2316 2739 2367 2794 id
2406 2747 2489 2795 est
2526 2750 2580 2796 et
2620 2741 2685 2795 ad
2728 2755 2944 2796 nomen.
2978 2740 3044 2794 Et
3069 2740 3136 2795 ad
3177 2740 3508 2796 intellectum

1927 2843 2134 2897 autem,
2166 2834 2380 2902 quando
2416 2832 2480 2886 ad
2519 2833 2664 2902 quod
2691 2833 2840 2888 dedit
2867 2833 3186 2902 intelligens.
3233 2833 3289 2888 Si
3328 2842 3505 2888 autem

1925 2923 2115 2992 aliquis
2147 2923 2320 2994 (plura
2344 2923 2679 2992 signiﬁcante
2708 2925 2948 2994 nomine)
2973 2939 3136 2979 unum
3166 2932 3316 2994 putet
3343 2923 3508 2994 signi-

1928 3015 2122 3080 ﬁcare,
2156 3026 2210 3070 et
2255 3011 2622 3087 interrogans,
2665 3026 2719 3071 et
2750 3017 3105 3087 interrogatus
3136 3015 3218 3088 (ut
3243 3016 3380 3071 forte
3410 3030 3506 3072 ens

1928 3120 1982 3166 et
2011 3125 2172 3165 unum
2205 3113 2357 3179 plura
2389 3109 2672 3180 signiﬁcat,
2705 3110 2801 3166 sed
2823 3118 2878 3166 et
2903 3109 3238 3180 respondens
3259 3118 3313 3165 et
3340 3109 3508 3164 inter-

1852 3189 1897 3253 C
1927 3217 2123 3272 rogans
2150 3201 2296 3256 Zeno
2328 3217 2490 3256 unum
2530 3211 2723 3271 putans
2765 3215 2887 3257 esse
2933 3201 3298 3271 interrogavit,
3339 3207 3507 3256 etest

1925 3295 2097 3349 oratio
2127 3293 2268 3363 quod
2307 3309 2504 3362 unum,
2551 3293 2774 3364 omnia),
2807 3294 2922 3348 haec
2951 3293 3014 3348 ad
3051 3307 3247 3348 nomen
3274 3301 3376 3359 εει,
3411 3302 3504 3347 aut

1930 3389 1993 3441 ad
2019 3387 2353 3442 intellectum
2377 3388 2758 3457 interrogantis
2776 3387 3065 3457 disputata.
3085 3386 3143 3442 Si
3161 3402 3290 3442 vero
3311 3386 3506 3456 aliquis

1926 3478 2092 3533 multa
2118 3489 2270 3548 putet
2305 3478 2641 3548 signiﬁcare,
2674 3477 3018 3533 manifestum
3046 3477 3189 3547 quod
3216 3477 3390 3532 oratio
3414 3477 3504 3531 illa

1926 3584 2031 3623 non
2063 3579 2144 3624 est
2173 3569 2239 3624 ad
2285 3569 2636 3625 intellectum.
2688 3570 2924 3624 Primum
2955 3568 3117 3639 igitur
3151 3569 3292 3624 circa
3324 3568 3505 3637 hujus-

1925 3662 2070 3716 modi
2113 3663 2416 3727 orationes,
2461 3671 2544 3716 est
2584 3661 2648 3716 ad
2680 3676 2906 3726 nomen,
2947 3673 3002 3716 et
3041 3658 3110 3714 ad
3138 3658 3503 3726 intellectum,

1923 3767 2252 3822 quaecunque
2283 3752 2434 3822 plura
2463 3750 2796 3821 signiﬁcant:
2820 3749 3016 3805 deinde
3037 3749 3178 3804 circa
3203 3748 3501 3819 quamlibet

1927 3851 2030 3909 est,
2064 3856 2168 3896 non
2199 3842 2250 3895 in
2281 3841 2525 3897 oratione
2565 3849 2648 3895 est
2687 3841 2754 3895 ad
2791 3840 3123 3895 intellectum
3152 3853 3295 3905 esse,
3326 3837 3419 3893 sed
3453 3838 3506 3895 in

1927 3950 1992 3991 eo
2014 3933 2155 4003 quod
2185 3933 2518 4004 respondens
2537 3947 2596 3988 se
2621 3933 2782 3988 habet
2802 3933 2982 4003 aliquo
3009 3931 3168 3987 modo
3198 3929 3264 3986 ad
3291 3945 3353 3986 ea
3384 3945 3503 4001 qua:

1926 4029 2155 4092 dantur;
2189 4026 2381 4083 deinde
2411 4027 2476 4081 ad
2509 4041 2703 4082 nomen
2737 4026 3001 4096 contingit
3029 4039 3218 4080 omnes
3241 4039 3332 4080 eas
3361 4038 3507 4091 esse,

1927 4134 2050 4173 nam
2081 4133 2199 4172 esse
2229 4119 2293 4172 ad
2326 4131 2553 4184 nomen,
2608 4117 2707 4171 hoc
2756 4117 2809 4171 in
2853 4117 3001 4183 loco,
3031 4123 3115 4171 est
3142 4130 3262 4172 esse
3299 4130 3404 4171 non
3435 4116 3503 4170 ad

1927 4209 2253 4264 intellectura
2281 4223 2468 4273 suum;
2501 4210 2545 4263 si
2584 4208 2726 4262 cnim
2768 4222 2872 4262 non
2907 4222 3093 4262 omnes
3117 4248 3133 4274 ,
3174 4216 3329 4262 erunt
3358 4223 3508 4278 qure-

1927 4300 2048 4353 dam
2072 4299 2191 4354 alite
2215 4315 2333 4369 quae
2359 4313 2532 4369 neque
2549 4299 2614 4354 ad
2637 4315 2831 4354 nomen
2856 4314 3030 4370 neque
3050 4299 3116 4354 ad
3146 4298 3501 4364 intellectum,

1929 4391 2003 4445 illi
2025 4406 2155 4446 vero
2185 4390 2370 4444 dicunt
2397 4405 2608 4456 omnes,
2634 4400 2686 4446 et
2709 4389 2952 4446 dividunt
2973 4391 3056 4446 vel
3085 4389 3154 4446 ad
3178 4405 3392 4457 nomen,
3420 4392 3506 4446 vel

1927 4483 1994 4538 ad
2023 4484 2348 4538 intellectum
2373 4497 2491 4538 esse
2512 4499 2718 4549 omnes,
2747 4483 2880 4538 alias
2905 4492 3082 4555 autem
3102 4496 3229 4538 non.
3255 4485 3506 4540 Attamen

240 4593 463 4655 propter
489 4600 551 4640 ea
579 4601 696 4654 quae
727 4594 852 4640 sunt
881 4585 933 4640 in
962 4585 1254 4649 medicina;
1287 4583 1404 4638 alia:
1434 4583 1666 4652 denique
1696 4597 1820 4653 pro-
1854 4563 1902 4621 Ι)
1927 4576 2227 4647 quicunque
2254 4587 2376 4630 sunt
2414 4576 2708 4646 syllogismi
2741 4584 2957 4646 propter
2992 4575 3045 4630 id
3074 4575 3216 4646 quod
3246 4575 3505 4646 multipli-

240 4687 362 4747 pter
383 4676 470 4730 illa
501 4692 618 4747 qua:
648 4686 770 4730 sunt
799 4677 1024 4730 aliarum
1049 4674 1472 4745 disciplinarum.
1505 4674 1608 4730 Sed
1641 4683 1694 4728 et
1722 4674 1821 4730 fal-

237 4784 314 4824 sa:
336 4770 740 4840 redargutioues
763 4768 1012 4824 similiter
1038 4769 1258 4822 infinitae
1281 4777 1459 4823 erunt.
1483 4767 1614 4822 Nam
1634 4781 1821 4823 secun-

238 4861 365 4916 dum
398 4876 823 4932 unamquamque
852 4871 1020 4916 artem
1055 4870 1138 4914 est
1165 4861 1333 4914 falsus
1361 4861 1726 4931 syllogismus,
1759 4870 1821 4914 ut

238 4953 534 5008 secundum
589 4953 932 5022 geometriam
974 4951 1371 5022 geometricus,
1415 4960 1471 5006 et
1522 4951 1818 5006 secundum

235 5045 558 5100 medicinam
601 5044 952 5099 medicinalis.
997 5044 1126 5098 Dico
1161 5053 1339 5098 autem
1382 5043 1677 5098 secundum
1732 5060 1819 5100 ar-

238 5148 367 5200 tem,
395 5135 689 5191 secundum
716 5137 856 5190 illius
878 5135 1156 5204 principia.
1189 5134 1526 5188 Manifestum
1549 5135 1818 5205 estigitur

234 5229 378 5299 quod
416 5243 518 5282 non
557 5229 794 5283 omnium
826 5227 1294 5297 redargutionum,
1335 5227 1429 5281 sed
1468 5242 1654 5280 carum
1697 5244 1817 5297 quas

234 5331 364 5400 sunt
392 5323 684 5376 secundum
715 5321 1067 5385 dialecticam,
1098 5321 1343 5376 sumendi
1374 5330 1497 5373 sunt
1529 5320 1651 5374 loci.
1682 5319 1814 5374 Nam

234 5418 269 5471 ii
301 5432 615 5472 communes
642 5425 764 5471 sunt
791 5416 856 5470 ad
885 5432 1101 5471 omnem
1129 5425 1298 5470 artem
1331 5423 1386 5469 et
1420 5414 1732 5484 potentiam,
1760 5425 1815 5468 et

233 5522 354 5562 eam
383 5507 593 5577 quidem
625 5524 742 5577 qua:
765 5516 847 5562 est
877 5507 1172 5562 secundum
1201 5521 1628 5576 unamquamque
1652 5505 1817 5560 disci-

235 5601 458 5669 plinam,
502 5601 932 5670 redargutionem
965 5602 1182 5655 scientis
1217 5608 1301 5656 est
1326 5599 1670 5653 considerare
1701 5599 1818 5653 sive

231 5709 352 5748 cum
388 5709 491 5747 non
523 5705 638 5759 est,
669 5705 920 5763 apparet,
961 5696 1072 5748 sive
1107 5710 1227 5748 cum
1254 5703 1335 5748 est
1356 5733 1370 5757 ,
1413 5702 1466 5747 et
1496 5706 1661 5762 quare
1691 5699 1816 5754 est;

229 5800 350 5846 eam
383 5795 558 5842 autem
591 5803 709 5852 qua:
753 5803 819 5845 ex
868 5787 1240 5845 communibus
1269 5795 1371 5848 est,
1418 5795 1471 5842 et
1516 5785 1618 5844 sub
1673 5783 1818 5844 nulla

1930 4670 2084 4733 citer,
2119 4669 2310 4724 horum
2341 4667 2505 4738 aliqui
2532 4677 2656 4722 sunt
2680 4665 2975 4723 secundum
3004 4681 3220 4723 nomen.
3253 4667 3383 4722 Nam
3411 4667 3506 4721 ab.

1929 4764 2088 4819 surde
2108 4763 2313 4818 dicatur
2341 4761 2636 4818 secundum
2669 4776 2863 4818 nomen
2893 4777 3012 4817 esse
3051 4775 3239 4817 omnes
3264 4761 3354 4832 qui
3382 4769 3508 4814 sunt

1930 4865 2150 4929 propter
2177 4856 2499 4921 dictionem;
2534 4855 2628 4910 sed
2662 4864 2786 4911 sunt
2822 4856 3067 4926 quaedam
3099 4856 3372 4926 captiones
3401 4870 3507 4910 non

1931 4950 1982 5002 in
2007 4963 2074 5003 eo
2100 4947 2240 5018 quod
2262 4947 2593 5017 respondens
2622 4947 2688 5001 ad
2709 4961 2801 5002 eas
2829 4961 2888 5002 se
2911 4945 3102 5002 habeat
3121 4946 3298 5014 aliquo
3318 4941 3503 5004 modo,

1929 5042 2026 5098 sed
2067 5044 2189 5118 quia
2230 5042 2388 5096 talem
2429 5041 2902 5112 interrogationem
2951 5042 3123 5096 oratio
3161 5041 3274 5110 ipsa
3317 5038 3506 5091 habeat

1927 5151 2048 5204 qua:
2071 5135 2220 5205 plura
2244 5135 2529 5206 signiﬁcet.
2565 5135 2631 5189 Et
2659 5134 2878 5190 omnino
2916 5133 3298 5190 inconveniens
3325 5139 3407 5186 est
3439 5131 3506 5185 de

1927 5227 2303 5296 redargutione
2331 5227 2599 5282 disserere
2619 5270 2632 5292 ,
2664 5237 2719 5282 et
2751 5242 2854 5282 non
2885 5228 3031 5297 prius
3058 5226 3127 5281 de
3155 5225 3498 5296 syllogismo:

1928 5333 2049 5372 nam
2092 5319 2394 5388 redargutio
2443 5319 2782 5390 syllogismus
2828 5327 2944 5383 est;
2984 5331 3147 5387 quare
3193 5325 3402 5386 oportet
3452 5323 3506 5368 et

1924 5411 1993 5465 de
2045 5411 2355 5481 syllogismo
2413 5412 2561 5482 prius
2617 5427 2776 5482 quam
2825 5411 2892 5465 de
2925 5410 3055 5464 falsa
3091 5409 3501 5477 redargntione,

1926 5518 2048 5556 nam
2091 5502 2209 5556 talis
2242 5501 2546 5572 redargutio
2571 5515 2833 5572 apparens
2857 5500 3201 5571 syllogismus
3229 5498 3502 5554 contradio

1923 5594 2138 5648 ctionis.
2175 5594 2350 5659 Quare
2389 5604 2480 5648 aut
2515 5596 2567 5648 in
2607 5594 2922 5664 syllogismo
2961 5594 3068 5648 erit
3098 5608 3287 5658 causa,
3328 5601 3416 5645 aut
3449 5592 3500 5646 in

1923 5687 2351 5742 contradictione
2382 5687 2528 5757 (nam
2556 5686 2847 5755 adjungere
2871 5695 3081 5753 oportet
3117 5686 3503 5741 contradictio-

1925 5780 2095 5850 nem),
2129 5780 2444 5852 quandoque
2473 5786 2648 5834 autetn
2679 5776 2730 5830 in
2757 5783 2981 5846 utroque
3009 5776 3112 5835 erit
3136 5792 3399 5849 apparens
3423 5791 3504 5846 ree
