4064 6336
293 293 429 349 1021

855 289 1318 347 ELENCHORUM
1359 290 1904 348 SOPIIISTICORUM
1945 292 2398 355 ARISTOTELIS
2438 298 3026 362 INTERPRETATIO.

3434 311 3580 399 βοτη

296 404 700 479 peculiariaqne
741 402 995 473 principia
1043 420 1149 458 non
1193 405 1516 475 interrogat,
1559 419 1681 457 nam
1713 400 1759 458 si
1792 419 1897 459 non
1924 394 1978 470 Α
2002 409 2067 463 ad
2098 410 2224 465 talia
2247 411 2313 465 ad
2336 404 2459 482 qua
2482 414 2733 487 abundat
2764 420 3118 487 orationibus,
3148 429 3232 477 est
3259 394 3441 478 autem
3483 394 3580 476 ber—

292 500 482 563 daret,
526 513 629 551 non
668 497 776 565 jam
820 496 1037 552 haberet
1081 511 1147 551 ex
1190 498 1382 565 quibus
1428 496 1660 565 amplius
1704 496 1890 565 dispu-

292 599 436 645 taret
463 588 529 642 ad
563 586 892 642 instantiam.
924 586 1070 639 Talis
1099 596 1277 640 autem
1309 594 1392 640 est
1436 588 1694 640 tentativa
1720 627 1733 651 ,
1765 602 1887 641 nam

292 682 554 736 teutativa
589 695 694 735 non
724 679 842 733 talis
871 687 955 733 est
978 678 1150 750 qualis
1177 688 1262 733 est
1291 681 1604 748 geometria,
1636 678 1728 732 δρα
1757 693 1889 748 qua-

292 773 401 828 lem
434 773 616 842 utique
650 770 908 837 haberet,
957 786 1065 823 non
1099 769 1279 825 sciens
1321 770 1535 841 aliquis.
1574 769 1714 824 Fieri
1746 772 1888 824 enim

293 874 477 936 potest
502 874 560 919 ut
591 864 886 941 periculum
917 873 1127 928 sumat,
1156 873 1205 917 et
1240 862 1285 916 is
1330 861 1420 934 qui
1463 864 1634 918 nescit
1665 880 1776 917 rem
1822 864 1899 945 de

296 952 364 1011 co
408 956 498 1029 qui
546 954 749 1023 nescit,
778 954 1039 1025 siquidem
1070 967 1124 1008 et
1155 950 1246 1010 dat
1277 969 1383 1008 non
1427 969 1490 1009 ex
1531 954 1724 1025 quibus
1754 954 1885 1022 scit,

296 1063 471 1119 neque
503 1064 569 1103 ex
601 1048 862 1118 propriis,
892 1047 984 1103 sed
1011 1063 1075 1102 ex
1108 1042 1564 1116 conseQueulibus
1585 1089 1599 1114 ,
1632 1064 1749 1117 quat-
1774 1065 1889 1102 om-

295 1141 384 1195 nia
418 1141 539 1193 talia
573 1150 697 1193 sunt
728 1142 847 1210 qua:
894 1142 1152 1194 scientem
1194 1139 1409 1208 quidem
1461 1140 1590 1194 nihil
1642 1139 1891 1210 prohibet

297 1232 508 1288 nescire
552 1236 721 1289 artem
743 1274 758 1301 ,
793 1232 1119 1288 nescientem
1153 1241 1331 1335 aptem
1361 1247 1582 1287 necesse
1614 1240 1697 1287 est
1740 1232 1891 1299 igno-

294 1342 439 1382 rare.
470 1324 644 1393 Quare
675 1324 1016 1380 manifestum
1044 1318 1298 1403 quoniam
1323 1318 1522 1380 nullius
1544 1325 1889 1380 determinati

293 1420 551 1472 tentativa
600 1416 879 1487 disc'plina
923 1423 1037 1481 est,
1070 1400 1326 1489 eomquod
1375 1416 1443 1469 de
1492 1416 1742 1471 omnibus
1775 1426 1888 1481 cst,

295 1522 420 1560 nam
466 1520 655 1560 (mines
701 1508 849 1560 artes
889 1513 1111 1559 utttutur
1140 1506 1455 1576 quihusdam
1488 1507 1885 1560 communibus.

292 1586 529 1663 Ideoque
559 1611 747 1650 omnes
777 1594 1036 1650 illitteratu
1066 1597 1296 1666 quodam
1331 1596 1490 1652 modo
1524 1608 1748 1652 utuntur
1774 1597 1889 1651 dia-

294 1681 487 1741 lectica
534 1694 587 1741 et
637 1674 915 1741 tentativa.
965 1684 1097 1740 Nam
1145 1700 1332 1741 onmes
1364 1702 1531 1755 usque
1574 1678 1643 1742 ad
1686 1687 1890 1758 aliquid

1994 518 2064 558 ue
2091 514 2276 559 etnon
2304 504 2439 562 bene
2461 486 2513 563 id
2545 509 2744 580 facere,
2779 508 3230 583 quemadmodum
3266 515 3467 571 dictum
3495 524 3581 573 est

1992 598 2163 666 prius.
2199 598 2430 656 Rursum
2450 612 2509 656 ut
2532 604 2976 675 ad'inopinabilia
3013 609 3197 676 ducat,
3229 610 3579 667 considerare

1992 708 2064 747 ex
2093 708 2199 760 quo
2227 709 2429 762 genere
2467 706 2552 752 est
2586 700 2673 769 qui
2703 700 2965 769 disputat,
3009 702 3205 758 deinde
3244 704 3580 775 interrogare

1992 785 2136 853 quod
2171 786 2416 855 pluribus
2458 789 2533 844 illi
2573 790 2763 847 dicunt
2791 793 3150 864 inopinabile,
3182 804 3265 852 est
3292 797 3435 852 enim
3468 798 3583 851 sin-

1990 876 2134 944 gulis
2162 876 2465 947 quibusque
2493 880 2691 950 aliquid
2741 883 2868 940 tale.
2905 884 3242 941 Elementum
3272 896 3451 943 autem
3484 887 3582 941 ho-

1994 982 2112 1022 rum
2132 983 2347 1024 sumere
2367 972 2810 1044 singulorumque
2835 989 3175 1049 quorumque
3204 979 3501 1049 positiones
3531 981 3585 1036 in

1988 1062 2475 1130 propositionibus.
2511 1062 2724 1121 Solutio
2754 1082 2882 1123 vero
2927 1076 2980 1123 et
3032 1069 3222 1125 horum
3269 1080 3586 1141 competens

1992 1154 2168 1213 fertur
2196 1159 2487 1214 ostendere
2510 1160 2650 1229 quod
2682 1174 2789 1215 non
2820 1173 3044 1233 propter
3066 1164 3366 1220 orationem
3387 1164 3585 1220 accidit

1994 1247 2350 1317 inopinabile,
2385 1265 2602 1321 semper
2649 1263 2826 1309 autem
2860 1253 2912 1309 id
2940 1270 3154 1325 quoque
3185 1256 3295 1312 vult
3321 1255 3409 1327 qui
3459 1270 3589 1311 con-

1994 1340 2187 1395 tendit.
2218 1341 2466 1412 Amplius
2497 1353 2677 1400 autem
2706 1360 2769 1400 ex
2798 1346 3167 1403 voluntatibus
3207 1357 3262 1403 et
3288 1348 3588 1404 manifestis

1993 1431 2358 1499 upinionibus,
2390 1449 2512 1488 nam
2556 1450 2660 1490 non
2709 1436 2899 1491 eadem
2930 1437 3114 1493 volunt
3140 1448 3193 1493 et
3236 1439 3440 1505 dicunt,
3491 1439 3605 1494 sed'

1991 1519 2182 1577 dicunt
2211 1523 2428 1591 quidem
2459 1524 2901 1582 decoratissimas
2928 1528 3223 1595 orationes,
3255 1530 3443 1585 volunt
3493 1544 3590 1583 au-

1996 1621 2104 1666 tem
2132 1627 2194 1668 ea
2225 1629 2347 1683 qua:
2376 1614 2628 1671 videntur
2658 1616 2920 1686 prodesse
2951 1636 2961 1671 :
2992 1627 3049 1674 ut
3082 1618 3219 1675 bene
3253 1621 3391 1675 mori
3418 1620 3589 1690 magis

1994 1718 2154 1771 quam
2195 1705 2513 1774 voluptuose
2551 1708 2739 1763 vivere
2783 1707 2969 1763 dicunt
3010 1717 3296 1778 Oportere,
3333 1720 3387 1766 et
3428 1723 3589 1780 agere

292 1786 562 1832 conantur
591 1776 887 1847 diiudicare
913 1792 1008 1832 eos
1035 1778 1128 1846 qui
1160 1780 1540 1847 pronuntiant;
1570 1779 1684 1834 haec
1710 1789 1887 1835 autem
1920 1782 1969 1845 Β
1993 1794 2139 1865 iuste
2172 1798 2342 1866 magis
2373 1814 2535 1869 quam
2560 1799 2766 1856 divitiis
2806 1800 3030 1856 afﬂuere
3053 1776 3251 1870 prave;
3285 1776 3589 1857 νοιυηίειι.

291 1878 420 1924 sunt
466 1869 811 1935 communia,
864 1883 986 1923 nam
1038 1869 1124 1923 illa
1168 1871 1296 1924 nihil
1331 1871 1508 1926 minus
1549 1871 1727 1926 sciunt
1755 1873 1887 1942 ipsi,

290 1965 540 2033 quamvis
580 1963 863 2019 videantur
904 1963 1064 2033 Iunge
1104 1972 1261 2019 extra
1303 1964 1502 2019 dicere.
1544 1964 1892 2036 Redarguunt

291 2044 459 2126 igitur
501 2068 725 2124 omnes,
760 2066 882 2110 nam
909 2056 1028 2111 sine
1054 2066 1172 2112 arte
1201 2056 1414 2125 quidem
1446 2073 1512 2113 eo
1539 2059 1887 2129 participant,

290 2147 446 2218 cujus
472 2147 823 2204 artiﬁcialiter
853 2158 936 2204 est
964 2147 1274 2214 dialectica,
1302 2157 1355 2203 et
1378 2159 1497 2205 arte
1524 2149 1851 2221 syllogistica
1871 2191 1886 2217 ,

295 2239 621 2305 tentativus,
654 2234 988 2293 dialecticus.
1021 2238 1284 2317 Quoniam
1329 2250 1506 2295 autem
1550 2251 1675 2295 sunt
1720 2242 1887 2295 multa

292 2330 510 2399 quidem
542 2329 655 2385 haec
695 2330 749 2384 et
774 2330 841 2386 de
871 2314 1294 2396 omnibusTnTin
1338 2334 1464 2387 talia
1494 2340 1671 2387 autem
1706 2345 1761 2388 ut
1792 2349 1889 2388 na-

293 2426 415 2477 tura
459 2422 705 2493 quazdam
737 2423 845 2477 sint
875 2412 937 2479 et
962 2438 1162 2494 genus,
1197 2414 1290 2479 scd
1324 2434 1379 2478 ut
1411 2425 1756 2495 negationes;
1787 2428 1889 2481 alia

256 2522 473 2569 ‘autem
504 2529 610 2569 non
642 2515 791 2582 talia,
822 2517 915 2571 sed
946 2517 1161 2586 propria
1194 2527 1339 2571 sunt.
1377 2514 1453 2571 Ex
1482 2517 1588 2572 illis
1616 2519 1681 2574 de
1712 2520 1887 2574 omni-

289 2608 395 2664 bus
444 2608 876 2680 experimentum
924 2611 1179 2681 possibile
1229 2621 1313 2666 est
1357 2625 1602 2677 sumere,
1633 2622 1685 2667 et
1719 2623 1887 2667 artcm

291 2713 415 2756 esse
461 2701 745 2771 quamdam
773 2740 790 2769 ,
822 2708 877 2758 et
923 2717 1026 2757 non
1075 2703 1234 2756 talem
1268 2717 1387 2757 esse
1416 2705 1599 2771 quales
1642 2720 1760 2773 qua:
1789 2706 1886 2759 de-

292 2799 617 2858 monstrant,
648 2808 714 2849 eo
741 2794 882 2863 quod
914 2795 1284 2849 contentiosus
1316 2811 1418 2848 non
1447 2806 1529 2850 est
1553 2798 1770 2849 omnium
1801 2798 1881 2851 sic

287 2895 348 2939 se
378 2883 612 2955 habens,
646 2894 703 2939 ut
726 2884 1163 2956 pseudographus
1192 2904 1201 2939 :
1239 2901 1359 2940 nam
1404 2888 1510 2941 non
1550 2889 1647 2941 erit
1683 2890 1886 2956 captio-

290 2982 385 3032 Sus
409 2991 479 3033 ex
511 2977 850 3034 determinati
879 2978 1175 3049 cujuspiam
1207 2982 1418 3050 generis
1449 2980 1755 3049 principiis,
1786 2981 1881 3035 sed

290 3068 438 3125 circa
470 3085 629 3126 omne
659 3087 828 3143 genus
854 3072 960 3129 erit
990 3072 1035 3127 is
1076 3074 1165 3143 qui
1198 3077 1587 3129 contentiosus.
1626 3075 1748 3129 Loci
1781 3076 1881 3145 igi-

2000 1898 2105 1943 tem
2129 1890 2422 1945 contraria.
2454 1890 2591 1945 Eum
2622 1892 2779 1960 igitur
2807 1894 2898 1963 qui
2928 1892 3059 1951 dicit
3084 1894 3377 1951 secundum
3399 1896 3588 1950 volun-

1998 1989 2157 2047 tates,
2191 1982 2257 2036 ad
2288 1980 2386 2037 bas
2423 1982 2743 2041 manifestas
2785 1982 3073 2056 opiniones
3116 1987 3441 2056 ducendum,
3467 2003 3589 2047 eum

1997 2088 2126 2128 vero
2153 2075 2243 2144 qui
2272 2075 2406 2131 dicit
2433 2077 2724 2133 secundum
2757 2078 2887 2145 has,
2919 2080 2987 2137 ad
3014 2083 3348 2150 absconsas;
3379 2084 3587 2140 utrovis

1995 2168 2138 2222 enim
2169 2168 2329 2224 modo
2358 2172 2723 2226 necessarium
2752 2181 2839 2228 est
2867 2172 3213 2243 inopinabilia
3241 2176 3442 2246 dicere,
3464 2184 3587 2235 nam

1993 2266 2086 2312 aut
2109 2258 2176 2313 ad
2209 2259 2517 2315 manifestas
2544 2269 2637 2315 aut
2666 2261 3060 2320 immauifestas
3087 2264 3373 2335 opiniones
3391 2266 3578 2321 dicunt

1994 2352 2281 2405 contraria.
2317 2351 2585 2408 Plurimus
2616 2365 2796 2410 autem
2823 2363 2919 2412 est
2945 2355 3096 2413 locus
3140 2358 3371 2415 faciendi
3409 2360 3581 2430 inopi-

1994 2440 2193 2496 nabilia
2240 2440 2449 2509 dicere,
2482 2446 2938 2513 quemadmodum
2973 2445 3227 2505 Callicles
3282 2451 3336 2505 in
3386 2450 3586 2523 Gorgia

1993 2534 2225 2599 scriptus
2252 2543 2336 2589 est
2367 2535 2554 2591 dicens
2589 2555 2601 2589 :
2638 2537 2706 2591 Et
2736 2547 2951 2595 veteres
2995 2550 3174 2597 autem
3214 2557 3403 2600 omnes
3435 2544 3585 2598 πως

1996 2626 2119 2679 tratl
2140 2634 2265 2681 sunt
2291 2627 2542 2684 accidere
2572 2639 2792 2698 propter
2831 2630 2882 2685 id
2922 2632 3064 2700 quod
3097 2634 3392 2689 secundum
3438 2645 3584 2688 natu.
3658 2703 3677 2711 φ

1991 2730 2107 2773 ram
2147 2728 2203 2774 et
2231 2720 2527 2775 secundum
2575 2721 2750 2792 legem
2783 2724 3086 2789 contraria;
3128 2726 3397 2780 contraria
3438 2722 3582 2780 enim

1990 2824 2112 2866 esse
2133 2824 2378 2867 naturam
2407 2822 2463 2869 et
2484 2814 2655 2884 legem
2683 2816 2889 2882 dicunt,
2923 2825 2979 2873 et
3000 2816 3264 2887 justitiam
3287 2819 3582 2875 secundum

1992 2904 2164 2971 legem
2213 2904 2586 2975 quidemesse
2614 2907 2836 2974 bonum,
2867 2912 3170 2967 secundum
3199 2922 3378 2968 autem
3427 2921 3582 2968 natu-

1992 3011 2105 3050 ram
2135 3012 2239 3050 non
2271 2997 2492 3054 bonum.
2524 2999 2753 3069 Oportet
2776 3001 2942 3073 igitur
2973 3004 3037 3057 ad
3084 3018 3207 3059 eum
3237 3006 3454 3075 quidem
3486 3006 3580 3076 qui

1990 3089 2121 3145 dicit
2144 3093 2441 3146 secundum
2474 3096 2743 3160 naturam,
2782 3096 3079 3153 secundum
3121 3098 3294 3170 legem
3339 3099 3581 3166 obviare,

294 3171 382 3218 tur
412 3164 822 3236 sophisticarum
854 3167 1296 3239 redargutiouum
1352 3169 1405 3224 hi
1455 3182 1609 3235 sunt,
1641 3180 1695 3226 et
1742 3171 1882 3241 quod
1914 3171 1960 3233 Ο
1990 3179 2054 3235 ad
2086 3196 2209 3236 cum
2247 3198 2378 3239 vero
2405 3184 2495 3254 qui
2529 3185 2829 3242 secundum
2861 3188 3065 3259 legem,
3108 3164 3458 3248 advnaturam
3486 3164 3582 3248 du.

290 3252 555 3314 dialectici
604 3270 687 3316 est
731 3262 1075 3316 considerare
1119 3261 1187 3317 de
1236 3264 1352 3326 his,
1382 3272 1436 3318 et
1467 3280 1563 3317 res
1597 3279 1689 3319 eas
1723 3280 1883 3334 posse

287 3344 505 3415 facere,
533 3368 637 3406 nun
677 3351 894 3407 dilﬁcile
937 3353 1117 3410 videre
1164 3372 1175 3405 :
1212 3372 1333 3415 uam
1370 3371 1489 3425 quze
1517 3356 1657 3409 circa
1689 3371 1881 3426 propo-

286 3440 511 3496 sitiones
554 3450 637 3497 est
675 3442 985 3513 disciplina,
1019 3461 1232 3499 omnem
1264 3446 1425 3500 habet
1459 3446 1595 3500 hanc
1626 3448 1880 3516 specula-

286 3530 522 3597 tionem,
561 3542 614 3590 et
648 3532 716 3591 dc
752 3536 1220 3607 redargntionihus
1250 3538 1461 3607 quidem
1502 3541 1883 3611 apparentibus

285 3623 491 3681 dictum
518 3634 619 3683 cst.

892 3699 1120 3755 CAPUT
1162 3700 1273 3754 ΧΠ.

396 3805 522 3863 Loci
568 3811 831 3882 saphistici
874 3812 1300 3886 interregantium
1347 3816 1415 3867 ad
1454 3814 1647 3886 falsum
1686 3827 1773 3870 aut

896 3884 1250 3955 inopinabile.

364 3970 441 4025 De
467 3970 652 4042 aliquo
680 3983 763 4028 est
795 3972 985 4029 falsum
1015 3975 1292 4046 quidpiam
1329 3977 1639 4047 ostendere,
1677 3988 1730 4034 et
1760 3993 1881 4035 ora-

288 4065 438 4122 tione
458 4065 524 4121 ad
557 4066 886 4137 inopinabile
907 4067 1122 4123 ducere.
1157 4069 1267 4125 Iloc
1310 4083 1488 4128 autem
1541 4070 1635 4127 fuit
1682 4087 1879 4128 secun-

288 4158 419 4213 dum
481 4160 813 4231 propositum
866 4162 1176 4231 sophisdcae
1240 4165 1574 4219 intentionis.
1638 4164 1879 4220 Primum

288 4250 508 4321 quidem
539 4256 603 4307 ex
625 4267 693 4308 eo
722 4254 865 4324 quod
896 4252 1188 4323 interrogat
1212 4254 1443 4324 quodam
1483 4254 1665 4324 modo,
1703 4265 1758 4310 et
1785 4271 1880 4325 per

287 4341 1005 4415 interrogationem'accidit
1028 4347 1277 4410 maxime,
1305 4362 1427 4401 nam
1472 4347 1523 4402 id
1558 4348 1621 4401 ad
1673 4348 1875 4402 nullum

287 4434 708 4492 determinatam
760 4438 1093 4508 interrogare
1143 4440 1512 4509 propositum,
1569 4442 1875 4498 renativum

285 4533 372 4581 est
395 4525 633 4607 illorum.
653 4527 880 4584 Temere
904 4544 1131 4600 namque
1159 4532 1399 4586 dicentes
1426 4539 1649 4601 peccﬂnl
1671 4533 1875 4603 πιθεῖες
1908 4554 1961 4617 D
1987 4525 2055 4620 δέ

285 4626 492 4673 temere
522 4628 700 4675 autem
732 4620 939 4689 dicunt,
972 4622 1188 4692 quando
1235 4623 1367 4676 nihil
1404 4622 1602 4677 habent
1632 4625 1877 4692 proposi-

285 4716 421 4763 tum.
457 4708 522 4763 Et
547 4709 962 4782 id;interr0gare
990 4712 1155 4765 multa
1182 4713 1451 4785 (quamvis
1474 4712 1526 4766 id
1550 4712 1878 4768 determina-

284 4808 398 4855 tum
420 4803 493 4855 sit
530 4802 599 4856 ad
637 4804 781 4873 quod
818 4804 1115 4875 disputant)
1144 4815 1195 4858 et
1229 4805 1279 4860 id
1326 4820 1389 4860 ea
1425 4819 1557 4887 quae.
1593 4806 1871 4872 videntur,

284 4892 467 4947 dicere
494 4908 552 4947 se
584 4894 887 4963 postulare,
923 4894 1049 4950 facit
1077 4896 1363 4966 quamdam
1396 4897 1770 4965 idoneitatem,
1819 4905 1877 4952 ut

283 4986 350 5039 ad
384 4985 714 5055 inopinabile
742 4986 904 5043 ducat
946 4998 1038 5043 aut
1068 4988 1284 5044 falsum.
1334 4989 1397 5044 Et
1439 4991 1485 5044 si
1515 4990 1875 5059 interrogatus

283 5076 517 5131 afﬁrmet
547 5086 639 5131 aut
680 5087 837 5147 neget
869 5078 1080 5133 illorum
1123 5079 1323 5149 aliquid
1370 5080 1568 5135 ducere
1598 5081 1664 5135 ad
1711 5097 1774 5137 ea
1808 5082 1875 5137 ad

283 5183 403 5238 qua:
432 5179 712 5238 promptus
748 5178 831 5224 est
872 5172 1258 5239 argumentari,
1293 5179 1471 5241 potest
1514 5183 1691 5227 tamen
1733 5187 1875 5227 nunc

283 5258 463 5313 minus
513 5273 709 5313 nocere
743 5274 836 5329 per
878 5259 994 5316 haec
1032 5276 1192 5331 quam
1236 5262 1415 5331 prius,
1460 5278 1584 5318 nam
1623 5274 1876 5333 repetunt

281 5352 488 5423 aliquid
523 5356 588 5410 ad
623 5356 672 5411 id
703 5358 845 5426 quod
888 5358 939 5413 in
986 5361 1269 5431 principio.
1314 5361 1650 5417 Elemeutum
1689 5372 1870 5419 autem

280 5446 605 5504 devenieudi
632 5450 696 5505 ad
721 5453 912 5507 falsum
941 5453 1157 5525 aliquod
1178 5466 1267 5512 aut
1292 5456 1639 5528 inopinabile,
1669 5458 1869 5515 nullant

278 5539 464 5595 statim
498 5542 835 5615 interrogare
879 5547 1232 5617 positionem,
1265 5549 1360 5605 sed
1392 5548 1664 5607 afﬁrmare
1704 5551 1772 5607 ob
1816 5552 1869 5608 id

278 5651 343 5692 se
366 5638 699 5710 interrogare
721 5644 865 5712 quod
905 5643 1114 5699 discere
1145 5646 1306 5712 velit,
1341 5661 1462 5701 nam
1501 5646 1674 5701 locum
1711 5663 1869 5719 argu-

278 5730 632 5787 mentationis
658 5734 1024 5791 consideratio
1048 5734 1190 5791 facit.
1231 5738 1311 5793 Ad
1347 5737 1537 5793 falsum
1566 5749 1745 5795 autem
1780 5755 1868 5794 os-

276 5824 609 5892 tendendum
666 5829 915 5906 proprius
960 5830 1111 5893 locus
1152 5832 1482 5908 sopbistiCus
1530 5841 1614 5894 est
1665 5833 1868 5896 ducere

1988 3289 2149 3340 cere;
2181 3290 2302 3331 nam
2328 3285 2555 3349 utroque
2588 3281 2749 3336 modo
2779 3281 2965 3339 dicere
2988 3284 3252 3355 contingit
3281 3284 3582 3356 inopinabi-

1989 3369 2080 3435 lis,
2112 3370 2219 3425 erit
2245 3381 2424 3428 autem
2456 3374 2597 3442 quod
2629 3376 2929 3431 secundum
2962 3388 3210 3433 naturam
3258 3379 3474 3448 quidem
3502 3378 3581 3448 ip-

1986 3461 2063 3515 sis
2094 3476 2301 3528 verum,
2334 3465 2631 3519 secundum
2662 3476 2841 3522 autem
2874 3466 3047 3537 legem
3078 3469 3220 3539 quod
3245 3468 3578 3525 multitudini

1986 3555 2216 3610 videtur.
2247 3556 2426 3623 Quare
2450 3557 2794 3614 manifestum
2825 3559 2968 3629 quod
2993 3569 3048 3615 et
3078 3560 3174 3627 illi,
3212 3561 3573 3631 quemadmo-

1986 3647 2115 3703 dum
2144 3656 2201 3703 et
2221 3648 2312 3718 qui
2342 3664 2514 3716 nunc,
2547 3660 2640 3705 aut
2687 3652 3039 3723 redarguere,
3087 3662 3179 3708 aut
3221 3654 3568 3724 inopinabilia

1988 3736 2172 3794 dicere
2198 3740 2617 3808 respondentem
2638 3782 2652 3806 ,
2686 3742 3026 3798 conabantur
3052 3743 3288 3801 efﬁcere.
3322 3746 3578 3813 Quadam

1986 3839 2168 3884 autem
2193 3830 2677 3902 interrogationum
2699 3834 2899 3890 habent
2921 3835 3171 3907 utrinque
3198 3836 3577 3907 iuopinabilem

1987 3923 2418 3991 responsionem,
2439 3935 2494 3979 ut
2514 3934 2692 3980 utrum
2719 3927 3051 3997 sapientibus
3081 3942 3146 3982 an
3171 3909 3312 3999 patri
3333 3932 3579 3996 Oporteat

1986 4013 2227 4078 obedire,
2259 4025 2312 4069 et
2337 4017 2680 4085 expedientia
2712 4018 2893 4074 facere
2923 4034 2989 4073 an
3036 4020 3206 4089 iusta,
3237 4029 3291 4074 et
3336 4036 3402 4074 an
3433 4020 3575 4090 inju-

1988 4105 2125 4160 riam
2171 4106 2277 4175 pati
2307 4107 2599 4178 eligibilius
2647 4125 2807 4179 quam
2862 4124 3081 4167 nocere.
3128 4110 3359 4179 Oportet
3381 4120 3569 4168 autem

1988 4198 2191 4253 dueere
2224 4199 2299 4254 ad
2332 4214 2395 4256 ea
2439 4214 2558 4271 qua:
2606 4202 2937 4258 multitudini
2981 4211 3037 4259 et
3076 4204 3407 4274 sapientibus
3455 4216 3578 4264 sunt

1988 4291 2295 4345 contraria:
2323 4307 2444 4345 nam
2469 4293 2511 4347 si
2543 4293 2687 4348 dicat
2716 4294 2911 4365 aliquis
2942 4306 2999 4350 ut
3024 4296 3059 4350 ii
3090 4298 3178 4368 qui
3206 4296 3350 4354 circa
3380 4301 3578 4354 oratio-

1987 4395 2083 4435 nes
2111 4381 2177 4436 ad
2205 4396 2266 4437 ea
2297 4397 2419 4452 quas
2464 4383 2815 4451 multitudini.
2860 4387 2906 4441 si
2937 4396 3117 4444 autem
3148 4398 3205 4445 ut
3234 4389 3386 4445 multi
3419 4391 3483 4444 ad
3514 4405 3577 4446 ea

1986 4490 2106 4543 quze
2146 4474 2213 4529 iis
2254 4476 2428 4546 quiin
2460 4479 2735 4545 oratione;
2779 4479 2965 4536 dicunt
2989 4482 3131 4537 enim
3175 4482 3225 4537 hi
3267 4483 3482 4554 quidem
3510 4498 3578 4539 ex

2058 4568 2308 4623 cessitate
2355 4568 2566 4624 beatum
2605 4569 2810 4639 justum
2853 4571 2996 4639 esse,
3032 4573 3360 4629 multitudini
3395 4562 3574 4631 autem

1983 4659 2311 4727 inopinabile
2331 4671 2414 4715 est
2443 4676 2624 4731 regem
2678 4664 2946 4721 infelicem
2980 4680 3120 4722 esse.
3154 4668 3251 4723 Est
3298 4676 3476 4725 autem
3506 4666 3574 4726 ad

1981 4768 2043 4807 ea
2067 4768 2188 4822 quae
2216 4753 2293 4808 sic
2323 4764 2470 4816 sunt,
2506 4740 2856 4824 ino'piuabilia
2905 4758 3128 4826 ducere,
3171 4758 3316 4816 idem
3343 4762 3394 4815 ei
3433 4762 3574 4831 quod

1979 4854 2065 4901 est
2105 4845 2171 4898 ad
2217 4858 2336 4899 eam
2383 4860 2502 4915 quae
2527 4856 2608 4900 est
2657 4840 2953 4903 secundum
3002 4860 3249 4905 naturam
3299 4860 3353 4905 et
3386 4867 3575 4907 secun-

1978 4934 2106 4990 dum
2146 4935 2317 5005 legem
2348 4938 2784 4994 contrarietatem
2815 4940 3051 5009 ducere;
3095 4958 3219 4999 nam
3271 4944 3357 4999 lex
3394 4930 3581 5014 opinio

1983 5025 2365 5094 multitudinis,
2391 5030 2666 5098 sapientes
2692 5040 2872 5088 autem
2913 5034 3211 5090 secundum
3245 5044 3490 5089 naturam
3521 5045 3575 5090 ct

1980 5120 2262 5177 veritatem
2306 5120 2523 5190 dicunt,
2574 5132 2632 5178 et
2695 5123 3048 5196 inopinabilia
3095 5126 3311 5197 quidem
3369 5142 3434 5183 ex
3489 5128 3574 5182 ius

1980 5221 2194 5281 oportet
2219 5229 2465 5284 quaerere
2502 5216 2657 5273 locis.

2570 5351 2797 5410 CAPUT
2837 5354 2974 5413 XIII.

2197 5441 2272 5497 De
2302 5445 2620 5516 captionibus
2651 5448 2944 5521 nugationia
2978 5454 3026 5503 et
3050 5447 3342 5505 solacisuti.

2053 5557 2129 5612 De
2152 5571 2217 5614 eo
2245 5559 2456 5631 quidem
2487 5560 2631 5632 quod
2657 5571 2742 5617 est
2769 5562 2942 5619 facere
2962 5561 3174 5633 nugari,
3204 5562 3459 5633 quidnam
3487 5562 3571 5619 di-

1979 5649 2152 5704 cimus
2172 5651 2380 5721 nugari,
2408 5650 2515 5721 jam
2541 5655 2982 5709 monstravimus.
3006 5654 3209 5709 Omnes
3232 5664 3411 5711 autem
3430 5654 3571 5710 tales

1980 5744 2254 5800 orationes
2284 5744 2338 5799 id
2369 5746 2554 5801 volunt
2595 5748 2833 5817 efﬁcere,
2881 5749 2925 5805 si
2960 5748 3096 5806 nihil
3123 5749 3324 5807 referat
3366 5765 3565 5805 nomen

1979 5843 2035 5895 et
2060 5837 2358 5896 orationem
2382 5837 2582 5899 dicere.
2612 5838 2844 5919 Duplum
2888 5850 3098 5919 autem,
3132 5852 3187 5904 et
3214 5841 3437 5919 duplum
3462 5839 3569 5912 diu
