4064 6336
470 379 610 437 1025

473 493 627 549 midii
658 491 797 547 idem
824 497 927 545 est.
950 486 1008 545 Si
1036 485 1194 557 igitur
1223 484 1445 556 duplum
1471 466 1555 538 est
1581 481 1787 537 dimidii
1806 481 2049 551 duplum,
2078 479 2135 541 Α

470 583 800 643 eritdimidii
833 580 1037 636 dimidii
1070 579 1286 649 duplum
1312 621 1330 647 ,
1369 587 1425 635 et
1455 590 1666 633 rursum
1690 576 1735 631 si
1770 591 1867 645 pro
1896 574 2058 643 duplo

472 675 692 745 duplum
709 671 917 728 dimidii
934 681 1182 742 ponatur,
1197 680 1277 725 ter
1289 670 1601 725 eritdictum
1620 667 1829 722 dimidii
1847 665 2057 722 dimidii

474 767 680 824 dimidii
700 765 941 835 duplum.
968 764 1036 820 Et
1059 774 1233 834 putas,
1263 772 1348 819 est
1374 762 1805 833 concupiscentia
1822 761 2057 816 delecta-

476 858 672 914 tionis?
701 858 814 913 hmc
835 867 1013 912 autem
1042 863 1127 910 est
1148 855 1415 925 appetitus
1435 852 1827 918 delectationis,
1850 861 1934 906 est
1965 849 2060 920 igi-

477 961 560 1005 tur
590 948 1025 1018 concupiscentia
1051 947 1319 1017 appetitus
1350 943 1724 1001 delectationis
1747 942 2062 999 delectatio-

475 1044 578 1098 nis.
612 1043 748 1097 Sunt
768 1050 947 1097 autem
1000 1054 1192 1095 omnes
1224 1037 1529 1107 huiusmodi
1559 1036 1856 1092 orationum
1891 1034 1946 1089 in
1995 1034 2061 1091 iis

477 1150 596 1204 qua:
626 1143 752 1189 sunt
774 1134 842 1188 ad
869 1132 1096 1204 aliquid,
1128 1145 1461 1201 quaecunque
1489 1145 1594 1183 non
1626 1128 1800 1183 solum
1837 1141 2057 1197 genera,

476 1228 573 1283 sed
603 1236 659 1282 et
683 1227 797 1297 ipsa
827 1226 897 1281 ad
921 1224 1121 1295 aliquid
1153 1223 1427 1290 dicuntur,
1466 1232 1521 1278 et
1541 1221 1607 1276 ad
1637 1221 1778 1276 idem
1816 1231 1870 1275 et
1897 1234 2061 1276 unum

480 1319 803 1390 assignatur,
832 1328 891 1373 ut
915 1316 1183 1387 appetitus
1205 1314 1431 1385 alicujus
1466 1315 1756 1385 appetitus,
1784 1323 1839 1368 et
1867 1327 2064 1369 concu-

480 1415 742 1486 piscentia
772 1415 999 1485 alicujus
1023 1413 1485 1484 concupiscentia,
1514 1421 1569 1467 et
1590 1411 1807 1481 duplum
1836 1406 2065 1477 alicujus

481 1507 726 1577 duplum,
753 1516 807 1563 et
835 1507 1058 1577 duplum
1085 1506 1315 1572 dimidii,
1367 1515 1422 1562 et
1445 1508 1497 1562 in
1517 1507 1920 1576 quibuscunque
1945 1517 2065 1575 quin

482 1599 627 1669 (cum
655 1599 951 1654 substantia
984 1614 1088 1653 non
1130 1600 1262 1668 sint)
1291 1599 1357 1653 ad
1387 1599 1588 1669 aliquid
1636 1599 1853 1654 omnino
1881 1612 2066 1653 eorum

482 1700 607 1744 sunt
635 1705 859 1758 quorum
889 1699 1014 1744 sunt
1062 1689 1293 1755 habitus,
1326 1699 1416 1745 aut
1437 1689 1688 1755 affectus,
1722 1700 1815 1745 aut
1866 1687 2068 1757 aliquid

484 1782 811 1853 hujusmodi,
838 1783 890 1837 in
921 1783 1165 1838 oratione
1216 1784 1452 1853 ipsorum
1485 1784 1553 1840 de
1597 1784 1705 1839 illis
1749 1783 2068 1853 praedicato-

1678 364 1788 424 ΑΝ.
1831 365 2037 423 ΜΑΝι.
2074 363 2228 441 ξεν.
2271 364 2492 420 ΒΟΕΤΙῙ

3609 360 3817 419 fde"

2733 476 2961 534 CAPUT
3012 477 3154 535 XIV.

2157 588 2239 645 De
2280 590 2620 646 occultatione
2648 590 2924 714 saphistiica
2944 632 2957 654 ,
2991 599 3037 644 et
3068 597 3245 644 confra
3280 599 3491 646 meum
3531 608 3736 660 respon-

2886 670 3044 714 entes.

2886 677 3044 715 entes.

2232 775 2423 834 Diﬂert
2464 785 2645 833 autem
2694 793 2803 833 non
2844 792 3032 847 parum
3074 777 3122 831 si
3159 777 3479 855 ordinentur
3511 777 3736 848 quodam

2165 870 2329 927 modo
2370 885 2432 927 ea
2471 885 2591 941 qua:
2640 869 2708 925 ad
2753 868 3229 940 interrogationem
3276 879 3426 934 sunt,
3479 877 3538 924 ut
3586 868 3740 923 lateat

2159 961 2607 1034 quemadmodum
2626 963 2694 1041 in
2730 961 3047 1017 dialecticis.
3081 960 3346 1031 Deinceps
3376 961 3541 1041 igitur
3567 974 3636 1015 ex
3681 957 3742 1013 iis

2159 1070 2281 1126 quae.
2311 1055 2452 1111 dicta
2477 1038 2631 1123 sunt,
2660 1053 2775 1111 haec
2801 1053 3030 1125 primum
3052 1052 3303 1109 dicenda.
3331 1052 3432 1108 Est
3477 1038 3654 1107 autem
3680 1049 3742 1103 ad

2160 1146 2615 1217 redarguendum,
2656 1161 2822 1201 unum
2855 1145 3072 1215 quidem
3102 1145 3408 1218 prolixitas,
3440 1161 3563 1200 nam
3606 1142 3744 1197 difﬁ-

2162 1241 2267 1298 cile
2291 1242 2451 1296 simul
2495 1240 2661 1296 multa
2709 1240 3046 1310 conspicere.
3101 1238 3183 1295 Ad
3214 1238 3576 1309 prolixitatem
3624 1249 3746 1290 vero

2165 1353 2285 1408 quia
2310 1336 2645 1393 adducuntur
2672 1335 2979 1402 elementis,
2999 1334 3278 1392 utendum.
3310 1332 3483 1389 Unum
3534 1327 3745 1399 quidem

2166 1429 2458 1496 festinatio,
2492 1445 2614 1484 nam
2643 1429 2913 1485 tardiores
2941 1428 3121 1484 minus
3155 1424 3485 1497 prmvident;
3521 1420 3746 1490 amplius

2167 1530 2346 1577 autem
2378 1521 2457 1575 ira
2483 1529 2537 1577 et
2563 1521 2861 1588 contentio,
2903 1535 3026 1575 nam
3066 1516 3372 1574 conturbati
3420 1517 3599 1569 minus
3627 1525 3746 1580 pos-

2169 1623 2294 1668 sunt
2323 1613 2614 1669 observare
2642 1628 2850 1669 omnes.
2897 1612 3172 1668 Elementa
3220 1617 3397 1664 autem
3441 1606 3559 1661 irin.
3592 1601 3751 1659 Manio
3782 1655 3789 1660 .

2162 1705 2359 1763 festum
2386 1722 2597 1778 quoque
2632 1723 2754 1763 eum
2796 1706 2971 1762 facere
2998 1707 3087 1777 qui
3118 1705 3234 1759 vult
3271 1703 3417 1772 juste
3468 1714 3647 1769 agere,
3692 1704 3747 1753 et

2171 1802 2313 1857 circa
2338 1802 2517 1856 omnia
2546 1800 2907 1872 impudentem
2945 1814 3087 1856 esse.
3123 1797 3387 1867 Amplius,
3413 1793 3752 1866 permutatim

482 1887 601 1927 rum
631 1872 953 1939 declaratur,
998 1885 1054 1929 ut
1082 1875 1256 1945 impar
1286 1885 1369 1931 est
1399 1891 1654 1931 numerus
1685 1875 1919 1930 medium
1959 1875 2059 1928 ha-

2186 1893 2611 1963 ulerrogationes
2642 1908 2861 1962 ponere,
2893 1891 3012 1947 sive
3039 1889 3108 1945 ad
3158 1888 3303 1945 idem
3346 1887 3530 1958 plures
3562 1884 3752 1940 habeat

474 1963 648 2029 bens,
673 1974 759 2019 est
780 1964 977 2032 fantem
1006 1967 1281 2033 numerus,
1314 1968 1488 2035 impar
1517 1968 1780 2037 estigitur
1809 1978 2063 2020 numerus

485 2069 740 2111 numerus
768 2056 1001 2112 medium
1030 2058 1252 2114 habens.
1291 2059 1356 2112 Et
1388 2059 1434 2113 si
1461 2059 1654 2113 simum
1693 2058 1892 2113 caritas
1921 2057 2065 2112 naris

485 2154 589 2207 est.
616 2155 700 2201 est
729 2155 908 2203 autem
942 2149 1087 2203 naris
1114 2149 1273 2217 sima,
1302 2149 1406 2203 erit
1433 2164 1558 2218 ergo
1582 2150 1724 2203 naris
1742 2148 1888 2203 naris
1910 2162 2064 2206 cava.

488 2237 762 2306 Apparent
787 2248 965 2294 autem
1000 2238 1179 2295 facere
1209 2255 1314 2294 non
1348 2240 1605 2295 facientes
1638 2239 1976 2310 quandoque.
2000 2251 2069 2294 eo

491 2330 635 2399 quod
667 2346 773 2386 non
803 2332 1131 2401 interrogant
1154 2332 1224 2405 (si
1245 2332 1507 2401 significet
1530 2330 1727 2402 aliquid
1751 2347 1847 2401 per
1874 2346 1934 2386 se
1952 2330 2069 2385 dic-

494 2427 607 2475 tum
635 2421 878 2491 duplum,
902 2438 969 2477 an
1000 2422 1163 2489 nihil,
1193 2433 1247 2478 et
1275 2423 1321 2478 si
1347 2423 1549 2493 aliquid
1575 2423 1861 2494 significat,
1890 2431 2070 2478 utrum

489 2510 633 2567 idem
665 2529 731 2567 an
761 2513 1078 2585 diversum),
1101 2515 1195 2571 sed
1219 2516 1619 2571 conclusionem
1648 2515 1834 2571 dicunt
1862 2514 2068 2584 statim,

493 2616 548 2661 et
575 2616 797 2676 apparet
827 2616 1046 2678 propter
1081 2624 1276 2664 nomen
1302 2609 1468 2675 idem,
1501 2623 1622 2665 esse
1647 2608 1788 2664 idem
1823 2616 1879 2664 et
1906 2606 2075 2678 signi-

383 2693 405 2703 ’
491 2696 676 2753 ficare.
704 2698 1051 2755 Soloecismus
1071 2711 1250 2756 autem
1291 2700 1450 2771 quale
1479 2700 1605 2770 quid
1628 2709 1731 2766 est,
1761 2699 1963 2755 dictum
1990 2705 2076 2754 est

492 2789 664 2859 prius.
698 2790 792 2845 Est
819 2798 997 2845 autem
1023 2801 1078 2846 et
1107 2790 1209 2846 hoc
1229 2790 1428 2857 facere,
1451 2802 1509 2847 et
1537 2806 1640 2847 non
1684 2790 1964 2846 facientem
1994 2790 2077 2845 vi-

493 2881 631 2952 deri,
664 2892 719 2937 et
753 2883 1032 2940 facientem
1064 2898 1167 2939 non
1212 2883 1401 2953 videri,
1432 2883 1883 2953 quemadmodum
1915 2883 2076 2937 Levi-

495 2988 597 3029 nus
638 2973 771 3030 dixit
810 2976 855 3031 si
888 2976 1071 3031 Venus
1119 2976 1470 3032 masculinum
1508 2986 1591 3032 est
1619 2992 1635 3029 :
1666 2991 1788 3031 nam
1833 2975 1922 3045 qui
1950 2975 2081 3031 dicit

496 3065 716 3131 almam,
750 3068 1114 3124 soloecismum
1152 3067 1372 3137 quidem
1415 3069 1539 3123 facit
1572 3069 1868 3125 secundum
1902 3068 2080 3136 illum,

499 3173 606 3212 non
633 3168 855 3226 apparet
881 3167 1059 3214 autem
1087 3157 1238 3225 aliis;
1264 3160 1354 3229 qui
1376 3167 1557 3215 autem
1601 3159 1825 3228 almum,
1857 3167 2084 3230 apparet

2165 1983 2358 2055 aliquis
2385 1987 2678 2051 orationes,
2709 1983 2822 2040 sive
2849 1992 2905 2038 et
2933 1981 3076 2054 quod
3107 1980 3206 2049 sic,
3235 1990 3291 2036 et
3315 1978 3461 2050 quod
3501 1992 3607 2032 non
3632 1970 3707 2031 sic
3736 1992 3753 2031 :

2167 2077 2326 2133 simul
2357 2078 2499 2133 enim
2526 2076 2722 2133 accidit
2748 2085 2841 2132 aut
2868 2075 2935 2130 ad
2968 2076 3140 2145 plura,
3164 2082 3258 2128 aut
3281 2070 3348 2126 ad
3375 2072 3647 2127 contraria
3676 2068 3752 2123 fa-

2167 2184 2295 2226 cere
2338 2171 2795 2227 observationem.
2847 2170 3083 2226 Omnino
3130 2176 3307 2224 autem
3342 2166 3517 2222 omnia
3545 2179 3664 2234 qua
3690 2161 3756 2217 ad

2170 2262 2542 2318 occultandum
2582 2262 2723 2319 dicta
2771 2272 2899 2318 sunt
2941 2262 3114 2331 prius,
3161 2258 3311 2315 utilia
3343 2258 3509 2315 etiam
3535 2256 3605 2311 ad
3632 2270 3758 2311 con-

2171 2357 2428 2415 tentiosas
2468 2359 2778 2414 orationes:
2829 2372 2951 2411 nam
2996 2353 3285 2412 occultatio
3337 2350 3539 2407 latendi
3590 2348 3759 2419 gratia

2172 2459 2279 2519 est,
2330 2450 2498 2506 latere
2547 2458 2728 2506 autem
2759 2447 3114 2519 deceptionis.
3171 2445 3253 2501 Ad
3310 2458 3404 2500 eos
3438 2450 3619 2498 autem
3668 2440 3761 2509 qui

2174 2551 2407 2598 renuunt
2443 2556 2774 2613 quaecunque
2812 2540 3268 2615 opinantur'esse
3315 2535 3384 2591 ad
3429 2534 3754 2597 orationem,

2175 2649 2242 2689 cx
2288 2635 2570 2706 negatione
2613 2630 3050 2703 interrogandum
3097 2645 3200 2687 ceu
3242 2625 3572 2684 contrarium
3614 2623 3765 2690 velit,

2176 2734 2267 2781 aut
2287 2725 2450 2799 etiam
2474 2742 2544 2782 ex
2570 2741 2723 2795 aequo
2752 2724 3227 2796 interregationem
3257 2721 3455 2789 facere,
3478 2734 3604 2775 nam
3634 2731 3756 2773 cum

2179 2817 2395 2873 dubium
2442 2818 2705 2889 estquod
2757 2818 2873 2873 vult
2898 2832 3136 2885 sumere,
3168 2816 3345 2871 minus
3396 2811 3765 2868 insolescunt.

2182 2908 2251 2965 Et
2269 2909 2482 2981 quando
2512 2911 2565 2965 in
2594 2909 2832 2979 partibus
2860 2908 3071 2966 dederit
3112 2906 3379 2979 quispiam
3419 2902 3633 2973 singula
3686 2900 3767 2954 in-

2183 3002 2424 3068 ducenti,
2476 3001 2781 3058 universale
2829 3015 2973 3072 saepe
3029 3014 3137 3056 non
3176 2995 3615 3068 interrogandum
3665 3003 3768 3059 eSt,

2184 3093 2278 3148 sed
2306 3102 2363 3149 ut
2394 3094 2519 3149 dato
2554 3092 2831 3159 utendum,
2868 3106 2987 3146 nam
3017 3088 3338 3161 quandoque
3370 3093 3559 3157 putant
3582 3092 3639 3138 et
3666 3078 3768 3147 ipsi

2185 3183 2421 3252 dedisse,
2453 3193 2509 3241 et
2546 3183 2888 3239 audientibus
2917 3196 3132 3253 quoque
3170 3186 3393 3251 apparet
3430 3170 3654 3247 prepter
3685 3174 3769 3227 in-

499 3260 699 3344 autem,
730 3251 824 3304 sed
852 3264 958 3305 non
988 3250 1525 3344 facit‘soltecismum.
1545 3252 1883 3308 Manifestum
1917 3254 2080 3325 igitur
2112 3258 2160 3323 (ζ
2193 3250 2459 3331 ductionis
2501 3276 2835 3340 memoriam,
2864 3250 3294 3344 ,.eimi'permde
3337 3262 3499 3339 mine
3548 3282 3656 3322 ηοη
3689 3264 3772 3320 in.

500 3342 751 3398 animiam
775 3351 828 3397 et
858 3356 948 3398 ars
976 3341 1219 3413 quaedam
1252 3342 1355 3400 hoc
1381 3354 1555 3415 potest
1584 3344 1781 3411 facere,
1840 3360 1906 3401 eo
1944 3345 2095 3415 quod

503 3433 685 3488 multa:
709 3434 983 3490 orationes
1014 3450 1120 3490 non
1148 3434 1483 3506 colligentes,
1507 3436 1875 3493 soloecismum
1897 3439 2089 3495 viden-

502 3535 589 3584 tur
627 3528 901 3597 colligere,
935 3537 993 3583 ut
1039 3538 1096 3584 et
1128 3529 1181 3582 in
1210 3529 1697 3599 redargutionibus.
1722 3529 1860 3587 Sunt
1905 3540 2087 3589 autem

501 3636 690 3677 omnes
725 3635 861 3690 pcue
912 3630 1234 3691 apparentes
1274 3622 1567 3679 soloecismi
1622 3630 1840 3693 propter
1865 3623 1967 3679 hoc
1991 3665 2008 3692 ,
2035 3633 2092 3682 et

502 3711 717 3782 quando
736 3726 893 3767 casus
923 3727 1096 3781 neque
1131 3712 1515 3778 masculinum,
1558 3728 1733 3784 neque
1763 3714 2087 3770 femininum

501 3804 787 3873 significat,
812 3804 909 3858 sed
933 3814 1213 3859 neutrum:
1241 3819 1360 3859 nam
1388 3804 1470 3860 hic
1492 3805 1707 3875 quidem
1735 3805 2090 3861 masculinum

502 3896 791 3966 significat,
823 3898 941 3951 hac
969 3905 1145 3951 autem
1175 3896 1524 3962 femininum;
1550 3896 1653 3951 hoc
1681 3910 1812 3952 vero
1840 3904 2091 3952 neutrum

503 3987 616 4042 vult
647 3985 981 4056 significare,
1014 4001 1157 4057 saepe
1198 3996 1380 4043 autem
1421 3987 1688 4058 signiﬁcat
1728 3997 1786 4043 et
1815 3988 1903 4043 illa
1941 3997 2094 4045 utra-

506 4092 647 4149 que,
679 4086 738 4133 ut
765 4077 892 4148 quid
943 4086 1027 4133 est
1064 4078 1202 4133 hoc?
1243 4075 1516 4147 CalliOpe,
1552 4078 1774 4148 lignum,
1816 4078 2092 4135 Coriseus.

506 4170 787 4249 Masculini
841 4171 999 4241 igitur
1032 4178 1086 4226 et
1136 4168 1376 4226 feminini
1405 4169 1656 4226 differunt
1683 4185 1841 4227 casus
1880 4186 2092 4239 omnes,

506 4261 691 4327 neutri
718 4262 774 4317 bi
804 4261 1044 4333 quidem,
1078 4262 1156 4317 illi
1182 4272 1361 4317 autem
1408 4277 1537 4319 non.
1568 4261 1703 4318 Cum
1738 4266 1897 4319 datur
1935 4264 2095 4335 igitur

510 4352 616 4409 hoc
652 4368 796 4424 sape
816 4353 1075 4423 colligunt
1102 4353 1253 4423 quasi
1284 4352 1485 4409 dictum
1526 4356 1597 4410 sit
1639 4354 1801 4411 hunc.
1833 4356 2095 4413 Similiter

510 4454 689 4502 autem
712 4456 768 4501 et
787 4446 946 4499 alium
970 4460 1152 4501 casum
1175 4461 1277 4515 pro
1301 4446 1407 4500 alio
1464 4456 1687 4514 ponunt.
1724 4448 1969 4518 Captiosa
2001 4465 2095 4505 au-

515 4546 625 4593 tem
653 4536 988 4592 ratiocinatio
1015 4537 1072 4591 fit
1095 4551 1161 4591 eo
1196 4536 1341 4608 quod
1396 4538 1498 4591 hoc
1545 4552 1831 4594 commune
1856 4540 1927 4593 sit
1973 4540 2095 4609 plu-

513 4633 650 4711 rium
681 4647 929 4701 casuum,
981 4647 1105 4688 nam
1138 4632 1240 4687 hoc
1281 4632 1548 4703 significat
1598 4633 1922 4705 quandoque
1967 4636 2088 4704 hic,
2117 4650 2172 4713 ι)

512 4727 832 4797 quandoque
853 4735 1032 4782 autem
1052 4725 1215 4781 hunc.
1247 4725 1476 4795 Oportet
1501 4736 1680 4783 autem
1706 4729 1941 4785 vicissim
1986 4730 2098 4801 sig-

512 4819 750 4883 nificare,
782 4834 907 4874 cum
929 4828 1014 4874 est
1037 4817 1254 4888 quidem
1277 4818 1386 4885 hic,
1415 4834 1537 4874 cum
1565 4833 1685 4875 esse
1721 4830 1900 4876 autem
1930 4823 2095 4890 hunc,

508 4921 570 4966 ιιι
598 4920 679 4966 est
701 4895 974 4974 Coriscus,
1014 4922 1133 4964 esse
1170 4906 1467 4965 Coriscum.
1505 4911 1569 4966 Et
1598 4912 1650 4965 in
1694 4910 1962 4967 femininis
2001 4928 2096 4969 no-

510 5003 743 5057 minihus
768 5002 1039 5066 similiter,
1067 5016 1188 5056 nam
1213 5001 1264 5056 in
1295 5003 1547 5058 omnibus
1575 5006 1825 5061 similiter
1850 5016 1907 5062 et
1931 5016 2015 5063 est
2042 5018 2099 5065 et

511 5108 630 5149 esse
662 5093 860 5149 facient
890 5092 1268 5149 differentiam.
1302 5095 1367 5149 Et
1394 5096 1787 5165 quodammodo
1818 5098 1870 5152 in
1904 5098 1987 5155 his
2018 5100 2094 5155 si-

512 5186 654 5240 milis
691 5193 775 5241 est
808 5186 1147 5240 solmcismus
1179 5186 1243 5240 iis
1273 5187 1740 5257 redargutionibus
1772 5206 1891 5260 quas
1930 5206 2092 5261 prop-

513 5287 594 5333 ter
628 5280 675 5333 id
701 5279 841 5349 quod
872 5294 975 5334 non
1001 5279 1193 5334 similia
1216 5288 1307 5335 aut
1336 5290 1554 5350 propter
1581 5283 1803 5352 figuram
1846 5284 2096 5341 similiter

512 5373 784 5428 dicuntur.
826 5372 956 5427 Nam
986 5372 1438 5441 quemadmodum
1466 5372 1571 5429 illic
1602 5375 1653 5429 in
1680 5375 1862 5441 rebus,
1897 5377 1975 5431 sic
2007 5375 2095 5433 hic

514 5466 565 5519 in
596 5463 898 5520 nominibus
921 5464 1113 5519 accidit
1133 5463 1495 5520 soloacismum
1521 5465 1695 5523 facere
1719 5485 1730 5521 :
1753 5483 1873 5522 nam
1905 5468 2088 5534 homo,

512 5568 560 5614 et
585 5557 783 5621 album,
800 5567 853 5612 et
876 5572 982 5622 res,
1003 5564 1059 5612 et
1078 5570 1272 5613 nomen
1296 5566 1408 5623 est;
1431 5558 1766 5615 manifestum
1783 5559 1942 5631 igitur
1964 5574 2097 5630 quo-

515 5652 656 5705 niam
680 5651 1043 5705 solmcismum
1070 5651 1379 5705 tentandum
1402 5660 1484 5706 est
1500 5667 1565 5705 ex
1583 5652 1739 5705 dictis
1760 5653 1973 5705 casibus
1987 5650 2099 5706 col-

515 5742 703 5810 ligere.
726 5744 948 5812 Species
974 5744 1131 5811 igitur
1150 5753 1274 5797 sunt
1304 5743 1384 5797 ha:
1411 5744 1867 5798 contentiosarum
1899 5744 2097 5800 oratio-

517 5848 667 5904 num,
688 5843 743 5892 et
768 5845 945 5908 partes
970 5836 1292 5906 specierum,
1325 5844 1385 5893 et
1408 5836 1552 5893 modi
1579 5835 1669 5913 qui
1697 5835 1825 5893 dicti
1849 5846 1999 5899 sunt.

2194 3367 2548 3439 terrogaverit
2574 3382 2732 3423 vane.
2753 3367 2817 3422 Et
2840 3366 2895 3421 in
2919 3365 3115 3436 quibus
3137 3380 3243 3421 non
3264 3363 3481 3419 nomine
3503 3358 3772 3431 signiﬁca-

2193 3470 2279 3516 tur
2321 3461 2652 3529 universale,
2705 3461 3056 3517 similitudine
3089 3470 3265 3514 tamen
3317 3454 3572 3513 utendum
3603 3464 3687 3509 est
3712 3448 3776 3507 ad

2192 3552 2245 3608 id
2285 3552 2427 3623 quod
2471 3553 2709 3624 expedit,
2764 3567 2887 3607 nam
2940 3552 3073 3606 latet
3112 3546 3409 3604 similitudo
3438 3545 3777 3617 plerumque.

2193 3645 2261 3701 Et
2288 3646 2355 3702 ad
2397 3646 2716 3702 sumendum
2750 3643 3196 3715 propositionem,
3227 3639 3578 3703 contrarium,
3617 3650 3776 3706 opor-

2196 3747 2273 3793 tet
2314 3738 2676 3807 comparando
2720 3737 3087 3805 interrogare,
3139 3745 3200 3789 ut
3244 3732 3291 3787 si
3328 3728 3521 3787 delicat
3569 3743 3780 3784 sumere

2194 3830 2443 3900 quoniam
2468 3838 2679 3899 oportet
2710 3844 2803 3899 per
2830 3828 3007 3883 omnia
3039 3827 3179 3897 patri
3202 3824 3442 3888 obedire,
3475 3830 3657 3877 utrum
3692 3835 3781 3891 per

2195 3921 2374 3976 omnia
2423 3931 2675 3990 oporteat
2702 3920 2922 3976 obedire
2964 3918 3300 3990 parentibus,
3346 3930 3414 3970 an
3465 3929 3562 3984 per
3606 3913 3784 3967 omnia

2196 4028 2303 4069 non
2334 4012 2593 4068 obedire?
2617 4024 2674 4069 et
2692 4027 2837 4083 saepe
2868 4012 2940 4081 id,
2962 4020 3136 4066 utrum
3161 4009 3327 4065 multa
3356 4004 3786 4071 concedendum.

2195 4121 2263 4162 an
2308 4106 2514 4175 pauca?
2550 4104 2721 4175 magis
2762 4103 2908 4159 enim
2953 4103 3000 4158 si
3040 4115 3284 4167 necesse,
3315 4096 3642 4154 videbuntur
3665 4108 3789 4151 esse

2196 4200 2397 4255 multa?
2426 4194 2696 4270 AppoSitis
2720 4198 2863 4252 enim
2888 4196 3039 4266 juxta
3069 4210 3130 4250 se
3153 4192 3458 4257 contrariis,
3487 4190 3700 4261 minora
3728 4195 3788 4242 et

2195 4294 2399 4365 majora
2432 4304 2713 4366 apparent,
2754 4303 2813 4349 et
2853 4292 3035 4362 pejora
3076 4298 3132 4346 et
3173 4287 3396 4344 meliora
3444 4284 3787 4342 hominibus.

2202 4386 2366 4442 Valde
2394 4396 2571 4443 autem
2606 4395 2663 4441 et
2703 4399 2847 4456 saepe
2888 4384 3015 4438 facit
3043 4380 3210 4436 videri
3241 4377 3515 4449 redargui,
3547 4376 3791 4432 maxime

2198 4479 2486 4549 sophistica
2510 4476 2776 4535 calumnia
2808 4474 3276 4546 interrogantium,
3302 4486 3424 4528 cum
3449 4470 3587 4525 nihil
3628 4468 3793 4524 colli.

2196 4582 2386 4642 gentes
2416 4588 2523 4627 non
2544 4570 3018 4641 interrogationem
3059 4565 3262 4621 faciunt
3290 4564 3343 4619 id
3372 4563 3514 4633 quod
3553 4572 3643 4616 est
3666 4561 3795 4616 ulti-

2199 4683 2369 4735 mum,
2414 4669 2508 4724 sed
2553 4665 2936 4721 concludenter
2982 4662 3170 4717 dicunt
3207 4658 3373 4715 veluti
3415 4656 3791 4727 colligentes:

2200 4778 2305 4817 non
2337 4761 2493 4831 igitur
2525 4760 2627 4814 hoc
2647 4768 2702 4813 et
2730 4760 2851 4811 hoc.
2875 4755 3238 4823 Sophisticum
3263 4762 3442 4807 autem
3471 4760 3554 4807 est
3583 4762 3641 4805 et
3662 4764 3792 4805 cum

2200 4854 2417 4924 ponitur
2458 4843 2806 4921 inopinabile,
2837 4848 2982 4919 quod
3023 4853 3245 4916 apparet
3271 4844 3544 4915 postulare
3566 4856 3795 4912 respon-

2200 4946 2352 5010 dere,
2382 4945 2656 5015 proposito
2685 4958 2751 4998 eo
2777 4941 2919 5012 quod
2948 4939 3158 4995 videtur
3186 4954 3254 4994 ex
3282 4936 3572 5007 principio,
3608 4945 3665 4990 et
3704 4936 3790 4989 in-

2202 5037 2617 5106 terrogationem
2659 5034 2841 5089 talium
2881 5031 2960 5087 sic
2999 5030 3175 5086 facere
3214 5037 3391 5084 utrum
3422 5029 3515 5084 tibi
3538 5027 3795 5082 videtur?

2204 5144 2326 5183 nam
2357 5142 2578 5183 necesse
2620 5136 2702 5181 est
2727 5126 2770 5179 si
2801 5124 2870 5179 sit
2900 5121 3245 5192 interrogatio
3292 5136 3358 5175 ex
3399 5121 3598 5190 quihus
3627 5121 3795 5190 syllo-

2206 5220 2443 5290 gismus,
2487 5227 2580 5273 aut
2625 5216 3077 5285 redargutionem,
3120 5222 3211 5268 aut
3253 5212 3580 5282 inopinabile
3637 5214 3791 5277 fieri;

2203 5328 2324 5368 cum
2350 5313 2441 5367 dat
2468 5310 2705 5382 quidem,
2732 5308 3190 5379 redargutionem,
3217 5322 3338 5362 cum
3363 5318 3543 5362 autem
3568 5325 3674 5361 non
3700 5308 3793 5361 dat

2205 5420 2377 5475 neque
2416 5403 2545 5458 dare
2575 5402 2802 5467 videtur,
2853 5401 3050 5455 fatetur
3096 5399 3445 5470 inopinabile.
3494 5414 3619 5455 cum
3659 5415 3792 5455 vero

2203 5514 2307 5555 non
2338 5497 2452 5565 dat,
2496 5495 2667 5551 videri
2696 5505 2874 5550 autem
2913 5495 3135 5560 fatetur,
3164 5493 3555 5564 redargutionis
3586 5493 3789 5549 simile.

2203 5592 2472 5660 Amplius,
2497 5588 2946 5661 quemadmodum
2965 5590 3017 5642 in
3041 5586 3344 5652 rhetoricis,
3366 5598 3420 5642 et
3450 5588 3503 5641 in
3527 5588 3789 5658 redargu-

2203 5683 2435 5739 tionibus
2475 5682 2721 5737 similiter
2752 5680 3166 5736 contrarietates
3188 5677 3663 5745 considerandum,
3696 5686 3789 5733 aut

2200 5777 2270 5834 ad
2294 5793 2388 5834 eas
2405 5794 2523 5849 qua:
2543 5777 2611 5833 ab
2632 5776 2820 5832 eodem
2850 5783 2977 5830 sunt
3001 5773 3162 5829 dicta:
3181 5781 3272 5826 aut
3293 5770 3359 5826 ad
3384 5787 3478 5853 eos
3505 5786 3641 5841 quos
3662 5786 3809 5827 coo-.

2206 5874 2387 5928 litetur
2423 5870 2559 5929 bene
2604 5869 2783 5927 dicere
2831 5876 2925 5926 aut
2955 5881 3134 5937 agere.
3173 5860 3441 5937 Amplius,
3472 5863 3539 5920 ad
3569 5876 3666 5920 eos
3692 5858 3787 5928 qni
