4064 6336
501 291 643 353 1027

1741 301 1850 356 AN.
1895 302 2101 359 MANL.
2142 302 2293 360 SEV.
2335 303 2558 363 BOETII

3655 318 3781 380 1028

497 421 674 506 autem
704 411 864 506 addat
890 411 1141 506 aliquem,
1170 410 1448 475 authunc,
1477 411 1778 506 absurdum
1813 426 1916 471 est.
1948 417 2092 473 Nihil
2125 423 2172 485 Α
2203 422 2454 489 sumitur,
2485 423 2577 479 sed
2622 424 2995 497 similitudine,
3042 429 3326 488 dicendum
3374 434 3518 506 quod
3568 451 3677 494 non
3707 440 3779 499 sic

504 505 648 558 enim
681 503 849 575 magis
879 517 1036 574 quam
1076 501 1323 569 alterum,
1351 502 1606 558 utrolibet
1632 505 1787 559 ,enitn
1822 506 1949 561 nihil
1982 508 2084 560 dil-

496 594 620 650 fert.
650 593 765 649 Non
810 593 889 649 sic
932 593 1113 664 igitur,
1141 593 1235 649 sed
1277 594 1400 667 quia
1452 593 1690 651 incertus
1738 597 1952 667 quidem
2007 612 2089 651 :st

496 687 587 755 qui
618 699 726 740 non
754 684 1136 741 determinavit
1162 684 1587 756 ambiguitatem,
1616 697 1792 743 utrum
1828 691 2087 760 redargu-

496 788 580 834 tns
605 787 686 833 est
718 777 802 834 vel
833 792 939 833 non
970 777 1309 850 redargutus,
1342 778 1524 834 datutn
1564 788 1743 835 autem
1773 791 1855 835 est
1884 781 1934 835 in
1967 797 2086 837 ora-

495 869 727 925 tionibus
771 868 1034 937 dividere,
1086 867 1426 925 manifestum
1476 871 1616 941 quod
1666 886 1771 927 non
1819 872 2087 928 determi-

494 963 669 1019 nando
696 963 828 1020 dare
871 963 1375 1033 interrogationem,
1406 974 1458 1020 et
1484 964 1701 1035 quidem
1749 967 2082 1038 simpliciter,

493 1068 767 1127 peccatum
798 1067 908 1123 est,
942 1057 1195 1128 quoniam
1234 1058 1332 1114 etsi
1371 1073 1476 1114 non
1529 1061 1663 1129 ipse,
1698 1070 1875 1118 tamen
1910 1064 2086 1116 oratio

493 1150 793 1221 redargutze
824 1151 1013 1206 similis
1044 1160 1146 1206 est.
1180 1152 1392 1207 Accidit
1424 1162 1602 1208 autem
1648 1166 1795 1225 saepe
1838 1154 2084 1210 videntes

492 1243 875 1313 amphiboliam
924 1250 1235 1313 torpescere
1285 1244 1545 1311 dividere,
1590 1262 1656 1302 co
1704 1247 1847 1318 quod
1895 1249 2085 1303 crebra

495 1336 625 1392 talia
674 1344 1068 1408 proponantur,
1117 1352 1183 1393 ne
1224 1337 1292 1394 ad
1337 1353 1497 1394 omne
1544 1340 1827 1396 videantur
1872 1340 2084 1396 molesti

493 1443 640 1494 esse,
673 1430 867 1485 deinde
900 1445 1004 1485 non
1049 1431 1357 1500 potantibus
1407 1440 1626 1503 pr0ptcr
1656 1432 1708 1487 id
1741 1432 1855 1488 fieri
1887 1434 2085 1488 oratio-

495 1537 616 1580 nem
634 1565 649 1590 ,
681 1537 823 1593 stupe
850 1523 1091 1594 profecto
1117 1524 1351 1579 occurrit
1380 1524 1725 1593 inopinabile,
1754 1534 2085 1595 quapmpter

489 1617 614 1686 quia
640 1616 822 1672 datum
852 1625 966 1683 est,
1000 1615 1240 1672 dividere
1289 1616 1429 1672 haud
1471 1618 1829 1672 cuncmndum
1849 1659 1863 1683 ,
1892 1632 2082 1687 quem-

488 1707 774 1764 admodum
803 1707 1002 1763 dictum
1051 1719 1133 1763 cst
1165 1710 1332 1778 prius.
1361 1709 1415 1764 Si
1454 1718 1630 1764 autem
1672 1708 1805 1764 duas
1846 1709 2082 1764 interro-

2192 514 2372 568 clatum
2406 525 2515 582 est,
2551 532 2721 591 neque
2751 530 2807 574 ut
2838 525 3141 593 proposuit,
3176 527 3367 593 sumit,
3400 544 3523 585 nam
3557 544 3776 603 propter

2192 607 2238 659 id
2288 608 2343 661 lit
2388 623 2531 678 stupe
2562 610 2889 685 rcdargutio.
2920 614 3055 672 Cum
3086 627 3263 675 autem
3310 620 3629 689 prohibetur
3659 626 3762 691 his,

2195 700 2259 753 ad
2294 701 2340 754 id
2372 705 2511 773 quod
2546 720 2650 758 non
2682 705 2818 762 bene
2848 719 3126 765 ostensum
3157 722 3239 768 est
3278 714 3606 770 redeundum
3628 759 3642 779 ,
3674 718 3770 773 ob-

2197 793 2493 851 sislendum
2548 807 2725 854 autem
2775 802 3068 858 secundum
3117 804 3313 861 dictam
3365 807 3766 864 determinatio-

2198 902 2339 941 nem.
2374 889 2427 941 ltt
2463 888 2529 943 iis
2562 889 2721 959 igitur
2747 908 2865 963 qua:
2907 894 3119 965 proprie
3147 895 3397 952 dicuntur
3441 899 3762 967 nominibus,

2194 994 2416 1036 necesse
2463 991 2542 1035 cst
2593 985 2952 1054 respondere,
3002 990 3083 1041 vel
3133 988 3467 1059 simpliciter,
3511 990 3594 1044 vel
3646 990 3773 1046 divi-

2190 1072 2387 1128 dendo.
2418 1076 2547 1141 Qure
2588 1086 2764 1130 autem
2796 1077 3263 1149 subintelligeutes
3306 1083 3687 1150 proponimus,
3724 1092 3775 1139 ut

2190 1180 2518 1245 qna-cunque
2560 1182 2663 1221 non
2698 1169 2872 1239 plane.
2912 1170 3005 1224 sed
3037 1173 3321 1225 truncatim
3354 1172 3769 1243 interrogantur,

2191 1267 2412 1325 propter
2444 1257 2493 1311 id
2536 1259 2731 1313 accidit
2782 1261 3108 1329 redargutio,
3144 1271 3200 1314 ttt
3250 1272 3478 1332 putasne
3520 1263 3773 1334 quidquid

2188 1355 2271 1401 est
2305 1348 2745 1414 Atheniensium,
2783 1351 3052 1418 possessio
3079 1362 3163 1407 est
3196 1351 3651 1408 Atheniensium?
3680 1357 3768 1410 sic.

2188 1438 2449 1492 Similiter
2476 1450 2652 1493 autem
2684 1449 2736 1494 ut
2781 1441 2831 1494 in
2876 1442 3032 1496 aliis?
3071 1447 3216 1513 atqui
3252 1444 3413 1499 homo
3452 1457 3536 1500 est
3576 1438 3770 1501 anima-

2189 1530 2347 1597 lium,
2383 1532 2478 1585 sic.
2516 1532 2791 1586 I‘o~scssio
2843 1535 2998 1603 igitur
3042 1537 3383 1602 animalium,
3421 1537 3600 1592 homo.
3648 1538 3768 1595 Nam

2189 1622 2462 1695 hominem
2496 1623 2804 1677 animalium
2839 1639 2960 1679 csse
2999 1627 3247 1692 dicimus,
3282 1630 3407 1707 quis
3437 1630 3640 1684 animal
3664 1640 3766 1696 est,

2184 1726 2238 1770 et
2267 1715 2600 1787 Lysandrum
2645 1718 3216 1787 Lacedmmorriorurn,
3266 1723 3389 1792 quia
3436 1723 3768 1780 Lacedaemo-

487 1800 730 1873 gationes
759 1815 865 1855 non
905 1815 1061 1854 uuam
1094 1799 1218 1855 facit
1244 1799 1530 1871 quisquam
1563 1800 2067 1872 interrogationem.

2186 1807 2305 1863 nius
2352 1818 2453 1863 cst.
2486 1808 2821 1869 litauitcstum
2855 1810 3015 1879 igitur
3043 1798 3396 1882 quoniam?
3441 1815 3640 1885 quibus
3682 1818 3769 1870 ob-

488 1911 593 1952 non
643 1902 860 1966 prapter
905 1894 1384 1969 mquivocationem
1417 1896 1497 1950 vel
1547 1893 1931 1965 amphiboliam
1983 1893 2077 1950 fiet

486 1985 724 2063 captiosa
768 1985 1048 2053 collectio,
1096 2001 1277 2041 nonne
1306 1985 1618 2057 redargutio
1651 2000 1718 2041 au
1760 1985 1906 2041 non?
1936 1986 2075 2054 Quid

485 2079 625 2137 enim
665 2077 842 2135 ditl‘ert
884 2078 1216 2152 interrogare
1256 2080 1303 2135 si
1344 2080 1540 2136 Callias
1580 2088 1635 2135 et
1680 2079 2074 2136 Themistocles

484 2170 677 2229 musici
704 2172 846 2240 sint,
887 2186 1047 2244 quam
1092 2172 1137 2227 si
1183 2170 1449 2228 ambobus
1494 2186 1657 2227 unum
1706 2186 1900 2229 nomen
1932 2181 2075 2227 esset

483 2265 835 2325 existentibus
880 2263 1145 2323 diversis?
1175 2279 1298 2320 nam
1340 2265 1388 2320 si
1419 2264 1569 2335 plura
1615 2263 1883 2333 signiﬁcat
1911 2278 2072 2334 quam

483 2374 680 2427 unum,
712 2357 860 2429 plura
892 2356 1275 2429 interrogavit;
1307 2356 1352 2411 si
1393 2355 1556 2427 igitur
1589 2370 1695 2410 non
1742 2363 1945 2410 rectum
1991 2363 2073 2410 est

484 2452 550 2509 ad
574 2452 708 2511 duas
740 2452 1184 2524 interrogationes
1215 2467 1373 2509 unam
1403 2452 1812 2521 reSpousiouem
1845 2464 2072 2506 censere

481 2559 691 2605 sumere
727 2544 1062 2615 simpliciter,
1105 2544 1448 2613 manifestum
1491 2544 1744 2619 quoniam
1796 2544 1928 2597 nulli
1973 2557 2070 2597 eo-

480 2653 596 2697 rum
624 2652 745 2711 qua:
786 2636 1059 2706 mquivoca
1099 2645 1254 2702 sunt,
1285 2635 1536 2692 convenit
1579 2634 1906 2707 respondere
1936 2636 2069 2687 sim-

483 2732 711 2802 pliciter,
740 2744 838 2786 nec
861 2728 908 2785 si
931 2728 998 2785 de
1022 2728 1273 2786 omnibus
1292 2727 1517 2799 quidem
1549 2740 1738 2782 verum
1771 2725 1870 2791 sit,
1906 2723 2069 2780 veluti

481 2808 701 2881 eenseut
728 2821 975 2894 quidam,
1010 2820 1141 2876 nihil
1168 2821 1311 2876 enim
1344 2819 1520 2875 dilfert
1564 2818 1689 2886 hoc,
1721 2832 1879 2888 quam
1912 2817 1957 2871 si
1989 2818 2070 2870 itt-

482 2924 840 2986 tcrrogasset:
872 2914 1129 2970 Curiscus
1156 2923 1210 2969 et
1239 2912 1438 2969 Callias
1466 2922 1640 2966 utrum
1672 2910 1818 2966 domi
1848 2909 1975 2974 sint,
1999 2924 2068 2967 an

482 3026 587 3064 non
628 3008 733 3062 sint
761 3006 942 3062 domi?
970 3007 1083 3060 sive
1115 3004 1292 3058 adsint
1332 3004 1510 3069 ambo,
1541 3003 1652 3057 sive
1698 3018 1804 3057 non
1851 3000 2066 3068 adsint,

480 3102 728 3177 ntr‘ptque
775 3095 916 3152 enim
965 3095 1147 3166 plures
1193 3094 1613 3165 prapositiones.
1666 3093 1781 3147 Non
1829 3094 1971 3148 enim
2020 3093 2065 3153 si

483 3206 666 3248 verum
696 3199 776 3245 est
803 3189 1003 3255 dicere,
1036 3185 1384 3259 interrogatio
1412 3198 1629 3256 propter
1656 3186 1706 3242 id
1737 3202 1860 3251 una,
1891 3186 2066 3256 possi-

479 3287 583 3341 bile
610 3294 691 3341 est
728 3284 871 3339 enint
900 3281 965 3337 ad
1006 3280 1186 3337 decies
1227 3278 1472 3335 millenas
1519 3281 1872 3351 interrogatas
1902 3295 2057 3350 qure-

481 3384 705 3448 suones,
737 3392 923 3434 omnes
951 3376 1028 3434 sic
1072 3375 1154 3431 vel
1205 3390 1310 3430 non
1356 3388 1539 3429 verum
1568 3381 1652 3430 est
1697 3372 1900 3438 dicere,
1930 3381 2067 3427 atta-

480 3491 601 3533 men
632 3481 848 3530 nonest
887 3469 1320 3542 respondendum
1363 3484 1467 3523 una
1509 3468 1895 3538 responsione:
1930 3467 2062 3522 inte.

478 3568 687 3624 rimitur
722 3564 865 3623 enim
897 3561 1206 3633 disputatio.
1239 3559 1295 3617 ld
1321 3569 1498 3615 autem
1526 3559 1700 3614 simile
1732 3573 1795 3613 ac
1834 3558 1877 3612 si
1921 3558 2063 3612 idem

477 3674 670 3716 nomen
714 3659 1017 3727 imponatur
1045 3652 1296 3710 diversis.
1323 3650 1381 3708 Si
1424 3650 1585 3724 igitur
1628 3666 1730 3706 non
1761 3659 1973 3718 oportet
1995 3649 2061 3703 ad

473 3754 606 3809 duas
636 3748 1086 3820 interrogationes
1116 3761 1277 3801 unam
1318 3745 1721 3815 reSponsionem
1765 3743 1918 3807 dare,
1952 3758 2063 3796 ma-

474 3847 725 3921 nifestum
760 3841 1015 3917 quoniam
1057 3855 1157 3896 nec
1192 3839 1245 3894 in
1294 3838 1580 3910 mquiwcis
1621 3838 1699 3892 sic
1729 3838 1810 3891 vel
1845 3853 1949 3890 ll0ll
1980 3836 2062 3889 di-

475 3937 741 4005 cendutn,
774 3948 947 4003 neque
996 3933 1140 3987 enim
1170 3931 1260 4002 qui
1305 3929 1440 3984 dixit
1487 3926 1808 3998 respondet,
1855 3927 2064 3981 tametsi

473 4031 641 4095 dixit;
673 4028 767 4086 sed
802 4027 852 4083 id
882 4027 1134 4081 amittunt
1163 4026 1390 4095 quodam
1424 4021 1582 4076 modo
1613 4022 1665 4076 itt
1693 4022 2063 4090 disputationi-

472 4124 593 4193 bus,
639 4138 703 4179 eo
743 4121 884 4191 quod
930 4120 1090 4176 lateat
1136 4118 1278 4188 quod
1327 4116 1543 4172 accidit.
1589 4112 2064 4183 Quemadmodum

472 4218 632 4289 igitur
661 4213 891 4269 diximus
920 4210 1059 4283 quod
1092 4210 1495 4281 redargutiones
1521 4205 1765 4278 quaedam
1810 4206 2064 4259 videntur

469 4322 591 4365 esse
616 4323 737 4363 cum
765 4321 871 4361 non
896 4314 1048 4371 sunt,
1081 4303 1271 4359 eodem
1309 4317 1519 4370 quoque
1550 4298 1710 4354 modo
1745 4308 1800 4353 ct
1830 4298 2061 4351 solutio-

469 4413 565 4454 nes
606 4396 848 4470 qnzcdant
891 4394 1140 4449 videntur
1188 4407 1339 4455 esse.
1379 4405 1499 4461 qua:
1547 4406 1654 4445 non
1701 4397 1866 4452 sunt,
1922 4402 2057 4457 quas

470 4495 696 4549 dicimus
746 4490 1066 4563 quandoque
1109 4502 1289 4558 opera:
1344 4486 1572 4555 pretium
1631 4482 1801 4551 magis
1863 4480 2063 4536 afferre

468 4600 627 4659 quant
654 4599 806 4639 veras
830 4587 880 4638 in
901 4582 1252 4640 contentiusis
1277 4579 1637 4642 orationibus,
1666 4587 1719 4634 et
1749 4577 1800 4630 in
1824 4592 1884 4632 ea
1918 4578 2061 4648 (quin

469 4678 536 4734 ad
590 4676 783 4748 duplex
832 4676 938 4740 est)
989 4672 1325 4729 occursione.
1370 4669 1821 4737 Respondendum
1877 4677 2057 4722 autem

465 4769 519 4826 in
553 4770 619 4825 iis
647 4784 765 4840 qua:
814 4765 1080 4831 videntur,
1113 4774 1229 4819 esto
1271 4762 1530 4827 dicendo,
1566 4778 1687 4814 nam
1720 4770 1775 4815 et
1822 4762 1900 4814 sic
1949 4761 2056 4814 mi-

467 4863 609 4918 nime
637 4860 729 4916 ﬁet
771 4857 1098 4928 redargutio.
1128 4857 1183 4911 Si
1226 4871 1355 4910 vero
1384 4853 1585 4924 aliquid
1629 4852 1771 4922 quod
1805 4852 2051 4922 inopina-

466 4954 572 5010 bile
611 4955 681 5009 sit
720 4962 940 5022 cogatur
979 4949 1179 5015 dicere,
1214 4948 1299 5001 hic
1329 4946 1562 5000 maxime
1610 4944 1922 4998 addendum
1979 4946 2057 4997 vi-

465 5045 610 5111 deri,
644 5045 723 5100 sic
752 5046 894 5097 enim
940 5054 1115 5110 neque
1153 5036 1459 5106 redargutio
1491 5051 1663 5107 neque
1725 5035 2054 5106 inopinabile

464 5137 731 5193 videbitur
757 5134 891 5189 fieri.
921 5134 1077 5211 Quid
1086 5140 1266 5185 autem
1313 5145 1420 5201 quo
1453 5138 1608 5198 pacto
1648 5126 1858 5197 'petitur
1904 5126 2051 5198 quod

465 5243 545 5289 est
592 5232 642 5284 in
684 5228 970 5300 principio,
1001 5224 1341 5281 manifestum
1374 5232 1561 5293 putant
1589 5225 1811 5276 omnino
1841 5222 1911 5292 (si
1942 5221 2056 5276 sint

467 5320 808 5393 pr0piuqu;n)
843 5316 1255 5374 interimendum
1279 5357 1295 5383 ,
1327 5325 1380 5370 et
1412 5330 1516 5369 non
1548 5313 1894 5368 concedenda
1930 5326 2055 5367 esse

463 5416 569 5472 ulla
592 5459 606 5483 ,
652 5413 871 5485 perinde
907 5427 970 5467 ac
1013 5411 1058 5466 si
1105 5413 1244 5481 quod
1277 5409 1331 5463 in
1364 5407 1625 5478 principio
1665 5416 1748 5460 est
1790 5414 1955 5473 petat.
1992 5402 2057 5458 Et

462 5506 679 5578 quando
709 5503 909 5576 aliquid
954 5502 1058 5558 tale
1093 5501 1440 5572 postulaverit
1474 5499 1739 5569 quispiam
1781 5496 1924 5567 quod
1959 5510 2055 5550 ne-

461 5600 755 5654 cessarium
783 5595 997 5667 quidem
1028 5603 1112 5649 est
1158 5594 1404 5649 accidere
1429 5609 1494 5647 ex
1529 5592 1822 5661 positione,
1857 5592 1925 5645 sit
1955 5606 2051 5646 au-

465 5701 571 5744 tem
615 5690 806 5743 falsum
853 5686 939 5742 vel
993 5687 1343 5756 inopinabile,
1388 5686 1529 5739 idem
1563 5685 1884 5751 dici-udum,
1929 5700 2051 5738 nam

465 5794 583 5845 quia
615 5793 677 5832 ex
709 5780 1027 5833 necessitate
1056 5778 1338 5841 accidunt,
1380 5777 1623 5844 ejusdem
1657 5776 1902 5830 videntur
1933 5793 2051 5832 esse

465 5868 769 5935 positionis.
800 5870 1064 5937 Amplius,
1103 5870 1316 5936 quando
1346 5869 1650 5927 universale
1681 5886 1785 5925 non
1832 5874 2049 5927 nomine

2178 1915 2393 1955 scurttm
2426 1910 2509 1955 est
2534 1900 2677 1969 quod
2712 1904 3065 1972 proponitur,
3086 1910 3195 1979 non
3233 1904 3551 1975 simpliciter
3585 1922 3768 1963 conce-

2177 1991 2429 2046 dendum.
2460 1992 2687 2061 Quando
2719 2008 2849 2048 vero
2880 1994 3087 2049 duobus
3119 1996 3474 2052 exisrentibus
3503 2014 3627 2054 cum
3676 2000 3770 2056 hoc

2176 2083 2389 2153 quidem
2420 2094 2526 2144 est.
2553 2099 2619 2139 ex
2643 2084 2968 2142 necessitate
2995 2087 3222 2143 alterum
3246 2104 3367 2144 esse
3390 2089 3631 2155 videtur;
3652 2107 3769 2147 cum

2179 2192 2305 2232 vero
2329 2176 2559 2232 alterum
2587 2186 2672 2232 est
2690 2217 2703 2242 ,
2735 2178 2836 2232 hoc
2860 2192 2965 2231 non
2989 2195 3050 2231 ex
3080 2180 3421 2244 necessitate,
3447 2182 3770 2251 interrogato

2180 2278 2425 2337 utraque,
2458 2278 2672 2339 oportet
2702 2270 2843 2339 quod
2893 2268 3068 2323 minus
3113 2280 3195 2323 est
3239 2271 3389 2325 dare.
3421 2270 3550 2325 Nam
3585 2272 3769 2328 diflici-

2178 2360 2280 2415 lius
2307 2372 2388 2415 est
2418 2363 2673 2432 colligere
2706 2362 2773 2416 de
2811 2362 3072 2431 pluribus.
3121 2363 3177 2417 Si
3219 2374 3400 2420 autem
3432 2354 3770 2436 argumente-

2177 2458 2261 2504 tur
2306 2453 2446 2521 quod
2496 2454 2622 2508 huic
2671 2453 2886 2523 quidem
2930 2462 3016 2509 est
3057 2457 3422 2521 contrarium,
3468 2456 3544 2511 illi
3593 2470 3769 2514 autem

2176 2558 2280 2596 non
2312 2553 2420 2607 est,
2461 2542 2506 2595 si
2548 2543 2718 2597 oratio
2744 2558 2867 2599 vera
2911 2545 3009 2610 sit,
3043 2550 3374 2600 contrahum
3418 2562 3539 2603 esse
3570 2560 3654 2604 est
3684 2551 3769 2603 di-

2178 2634 2440 2699 cendum,
2473 2646 2525 2688 at
2559 2649 2754 2689 nomen
2785 2635 3006 2690 alterius
3040 2636 3270 2703 positum
3310 2652 3414 2691 non
3443 2652 3587 2693 esse.
3621 2640 3762 2708 Quo-

2183 2729 2324 2781 niam
2372 2739 2548 2780 auteni
2577 2727 2820 2796 quaedam
2852 2727 3067 2796 quidem
3117 2743 3300 2781 eorum
3345 2745 3464 2798 que
3511 2732 3764 2788 dicuntur
3810 2794 3819 2805 ι

2170 2808 2356 2887 plures
2400 2832 2523 2872 eum
2553 2818 2640 2887 qui
2678 2834 2781 2871 non
2826 2820 3074 2873 concedit
3118 2818 3315 2874 falsum
3358 2820 3540 2876 dicere
3588 2823 3765 2888 aiunt,

2174 2910 2420 2978 quaedam
2448 2918 2626 2963 autem
2654 2925 2789 2975 non,
2820 2920 2876 2964 ut
2908 2925 3239 2979 qumcunque
3264 2909 3543 2981 ambigunt
3567 2918 3766 2981 (utrum

2174 3003 2316 3057 enini
2348 3002 2712 3071 corruptibilis
2742 3004 2823 3057 vel
2870 3003 3190 3058 immortalis
3232 3006 3300 3059 sit
3341 3006 3520 3060 anima
3559 3008 3767 3064 anima-

2176 3093 2334 3160 lium,
2369 3110 2472 3148 non
2520 3093 2857 3164 exploratum
2889 3108 2967 3149 est
3014 3096 3241 3165 multis),
3280 3097 3331 3150 in
3365 3096 3566 3167 quibus
3612 3100 3769 3169 igitur

2177 3184 2441 3241 incertum
2472 3196 2555 3243 est
2587 3196 2708 3241 utro
2737 3189 2897 3241 modo
2924 3188 3093 3241 soleat
3118 3187 3219 3241 dici
3246 3188 3388 3258 quod
3423 3194 3766 3259 proponitur;

2177 3289 2352 3334 utrum
2397 3280 2450 3333 itt
2500 3281 2563 3333 iis
2608 3295 2727 3351 qua:
2776 3287 2901 3333 sunt
2946 3289 3002 3333 ut
3051 3280 3354 3345 sententias,
3389 3294 3583 3336 vocant
3629 3286 3767 3340 enim

2176 3369 2492 3439 sententias,
2522 3379 2577 3425 et
2608 3385 2766 3425 veras
2800 3370 3106 3440 opiniones,
3150 3378 3204 3424 et
3235 3379 3374 3424 totas
3422 3376 3761 3442 negationes,

2176 3475 2235 3520 ut
2282 3466 2545 3521 diameter
2596 3466 3163 3523 incommensurabilis
3211 3475 3312 3521 est.
3364 3467 3645 3537 Atnplius,
3701 3472 3768 3525 de

2174 3575 2281 3630 quo
2311 3575 2497 3615 verum
2541 3560 2835 3629 dubitatur,
2871 3560 3209 3615 transferens
3240 3560 3509 3630 quispiam
3557 3566 3767 3617 norniua

2176 3656 2407 3708 maxime
2451 3654 2639 3708 latebit
2673 3655 2723 3707 itt
2758 3655 2885 3721 illis,
2920 3670 3041 3708 nam
3074 3655 3201 3739 quia
3226 3655 3494 3710 incertum
3525 3666 3611 3711 est
3650 3666 3767 3711 utro

2174 3748 2334 3801 modo
2388 3763 2445 3802 se
2503 3748 2657 3799 habet
2710 3762 2929 3814 verum,
2983 3762 3088 3801 non
3142 3747 3406 3802 videbitur
3460 3749 3760 3816 sapliistice

2172 3856 2357 3911 agere;
2393 3853 2611 3908 propter
2642 3838 2690 3892 id
2720 3848 2897 3892 autem
2934 3837 3078 3907 quod
3110 3838 3365 3906 dubium,
3398 3853 3505 3893 non
3554 3838 3765 3893 videbi-

2173 3944 2258 3987 tur
2288 3931 2474 3985 falsutn
2507 3931 2705 3995 dicere,
2751 3947 2871 3984 nam
2913 3932 3225 4000 metaphora
3270 3930 3429 3986 faciet
3459 3932 3761 3986 Orationem

2169 4026 2284 4079 sine
2323 4023 2701 4094 redargutione
2749 4024 2941 4078 videri.
2986 4024 3250 4090 Amplius,
3284 4039 3632 4093 quascunque
3680 4023 3759 4077 in-

2172 4119 2592 4187 terrogationum
2628 4116 2967 4184 pra'senserit
2992 4116 3204 4183 aliquis,
3235 4114 3657 4181 prminstandum
3682 4122 3764 4169 est

2169 4216 2223 4261 et
2269 4206 2697 4279 pri-dicendum,
2752 4220 2874 4259 nam
2926 4206 3002 4259 sic
3051 4206 3283 4259 maxime
3341 4206 3765 4275 interrogantem

2169 4298 2486 4368 prohibebit.
2572 4380 2577 4385 ⁷

3630 2714 3799 2725 ’.η-,ξ

2789 4367 3017 4423 CAPUT
3059 4367 3144 4422 Ill.

2626 4476 2703 4531 De
2732 4488 2867 4533 recta
2891 4478 3148 4532 solutione
3170 4478 3290 4532 loci.

2236 4576 2497 4642 Quoniam
2551 4584 2729 4627 autem
2790 4584 2930 4629 recta
2992 4575 3191 4629 solutio
3253 4585 3336 4631 est
3389 4574 3769 4631 manifestatio

2085 4640 2283 4725 Πωέί
2340 4672 2670 4741 syllogismi,
2720 4672 2791 4724 ob
2839 4685 3213 4740 quamcunque
3273 4671 3762 4741 interrogationem

2164 4763 2371 4817 accidat
2397 4763 2584 4816 falsum
2615 4763 2805 4833 (falsus
2836 4773 3012 4815 autent
3061 4763 3408 4833 syllogismus
3435 4762 3640 4817 dicitur
3668 4765 3769 4818 du-

2167 4854 2391 4923 pliciter,
2424 4869 2542 4905 nam
2567 4860 2657 4904 aut
2686 4853 2727 4904 si
2763 4853 3044 4905 collectum
3075 4861 3157 4906 est
3185 4853 3376 4904 falsum
3396 4893 3411 4915 ,
3442 4863 3531 4904 aut
3561 4852 3607 4905 si
3642 4868 3769 4907 cum

2165 4960 2269 4999 non
2302 4955 2382 4997 est
2414 4944 2780 5013 syllogismus,
2815 4943 3026 4996 videtur
3068 4956 3191 4997 esse
3221 4942 3615 5012 syllogismus),
3666 4943 3771 4997 erit

2163 5048 2216 5093 et
2246 5054 2363 5103 qua:
2396 5052 2533 5089 nunc
2563 5037 2704 5090 dicta
2751 5045 2833 5089 est
2883 5036 3103 5101 solutio,
3135 5047 3186 5091 et
3232 5047 3547 5104 apparentzs
3593 5040 3769 5099 syllo-

2166 5128 2354 5199 gismi,
2383 5128 2451 5182 ob
2494 5144 2654 5198 quam
2697 5127 2906 5181 videtur
2948 5142 3068 5181 esse
3100 5127 3587 5198 interrogationum
3637 5144 3768 5181 cor-

2167 5222 2367 5286 rrctio;
2400 5236 2565 5291 quare
2611 5221 2873 5291 contingit
2910 5221 3189 5275 orationes
3229 5221 3617 5292 syllogizantcs
3651 5224 3768 5289 qui~

2156 5314 2287 5367 'dem
2319 5314 2651 5377 interimere,
2685 5324 3009 5381 apparentes
3053 5326 3229 5368 autem
3281 5312 3616 5367 dividentem
3654 5318 3767 5366 Sul-

2167 5421 2311 5461 vere.
2354 5405 2581 5459 Rursum
2625 5416 2804 5460 autem
2851 5406 3099 5485 quoniam
3147 5405 3582 5475 syllogizantium
3638 5421 3767 5458 ora-

2166 5500 2389 5565 tionum,
2418 5499 2501 5553 lue
2533 5498 2747 5569 quidem
2778 5502 2981 5561 veram.
3006 5498 3109 5553 illa:
3129 5508 3306 5553 autem
3333 5498 3524 5553 falsam
3555 5499 3765 5553 habent

2161 5592 2562 5647 conclusionem
2583 5637 2596 5659 ,
2630 5607 2723 5647 eas
2767 5591 2982 5662 quidem
3012 5605 3133 5660 qua
3154 5572 3474 5645 'secundum
3527 5592 3761 5644 conclu-

2160 5690 2365 5743 sionem
2403 5699 2527 5743 sunt
2551 5688 2721 5751 falsae,
2750 5687 2959 5742 duobus
2992 5687 3165 5741 modis
3194 5687 3459 5755 contingit
3492 5686 3712 5739 solvere
3739 5700 3758 5738 :

2159 5798 2281 5836 nam
2314 5792 2367 5835 et
2397 5798 2462 5835 eo
2490 5784 2629 5849 quod
2676 5782 3001 5835 interimttnr
3044 5779 3245 5848 aliquid
3281 5794 3466 5851 eorum
3508 5793 3631 5848 qua:
3668 5780 3761 5831 in-

2158 5884 2419 5941 terrogata
2449 5882 2602 5939 sunt,
2629 5884 2681 5926 et
2710 5889 2775 5927 eo
2801 5874 2944 5941 quod
2972 5872 3273 5928 ostenditur
3305 5869 3586 5925 conclusio
3648 5884 3760 5927 non
