4022 6330
190 390 199 399 ’
242 363 378 422 1019

804 350 1270 416 ΕιεΝοιιοιιυιι
1297 338 1814 407 δοριιιετιεοιιυι

1919 342 2340 402 LRISTO'I‘ELIS
2377 339 2963 405 INTEBPBETATIO.

3338 342 3502 408 1080

237 493 316 547 sic
343 505 401 545 se
445 488 663 543 habere.
696 485 799 540 Eas
828 497 955 539 vero
995 497 1113 552 quat
1157 479 1450 536 secundum
1483 475 1808 547 propositio-
1837 470 1886 531 Α
1915 467 2201 523 videndum
2229 468 2388 539 igitur
2415 477 2469 524 et
2490 467 2581 539 qui
2611 466 2917 537 respondet,
2943 479 3049 523 non
3080 467 3220 524 idem
3252 476 3335 525 est
3355 470 3500 526 enim

239 599 353 648 nes,
381 597 445 636 eo
475 579 616 651 quod
660 575 984 632 interimitur
1022 573 1272 644 quiddam
1305 572 1497 640 solum,
1532 587 1653 625 nam
1685 585 1816 625 con-

190 660 193 665 v
236 675 404 730 clnsio
435 686 560 726 vera
589 678 691 725 est.
718 670 891 735 Quare
920 665 1225 720 volentibus
1254 664 1465 720 solvere
1494 663 1814 728 orationem,

237 765 466 835 primum
494 760 710 831 quidem
754 758 1141 827 inspiciendum
1172 757 1217 810 si
1264 755 1578 826 syllogisat,
1610 770 1678 808 an
1710 768 1815 809 non

188 848 193 855 ’
236 854 543 928 syllogizat;
575 850 771 907 deinde
815 857 995 904 utrum
1027 862 1151 903 vera
1182 848 1253 901 sit
1281 847 1581 911 conclusio,
1612 861 1677 900 an
1713 860 1819 901 non

235 962 383 1013 vera,
429 953 692 1015 quatenus
722 942 809 998 vel
839 940 1169 1004 dividentes,
1200 939 1284 994 vel
1313 939 1680 994 interimentes
1709 940 1819 993 sol-

237 1053 458 1104 ramus,
503 1044 558 1090 et
604 1034 797 1090 iterum
838 1031 1211 1087 interimentes
1243 1031 1343 1085 hoc
1375 1029 1554 1097 modo,
1587 1030 1670 1085 vel
1702 1030 1816 1097 illo,

240 1127 692 1200 quemadmodum
726 1125 927 1179 dictum
956 1133 1037 1179 est
1068 1123 1236 1195 prius.
1271 1122 1459 1178 Diﬂ'ert
1495 1131 1673 1178 autem
1704 1123 1820 1192 plu-

235 1221 461 1287 rimum,
493 1226 547 1276 et
588 1222 1038 1286 interrogantem,
1089 1226 1143 1271 et
1186 1232 1328 1283 non,
1372 1216 1582 1271 solvere
1617 1218 1815 1271 oratio-

236 1326 398 1377 nem;
429 1325 552 1365 nam
584 1308 882 1379 prmvidere
904 1306 1119 1377 quidem
1142 1306 1359 1362 difficile
1384 1316 1495 1372 est,
1527 1323 1623 1379 per
1647 1302 1818 1363 otium

236 1410 415 1456 autem
462 1398 720 1470 temporis
765 1398 979 1463 videre,
1033 1397 1206 1453 facile.
1252 1398 1445 1452 Earum
1492 1397 1658 1468 igitur
1700 1415 1819 1469 quae

236 1500 455 1564 propter
504 1491 976 1562 atquivocationem
1022 1500 1076 1544 et
1126 1490 1508 1560 amphiboliam
1558 1491 1819 1563 redargu-

236 1584 478 1648 tionum,
510 1583 630 1638 aliae
671 1581 884 1652 quidem
917 1580 1114 1637 habent
1163 1581 1392 1650 aliquam
1446 1582 1819 1654 interrogatio-

234 1692 356 1733 nem
394 1676 544 1746 plura
587 1674 1010 1744 significantem,
1038 1672 1163 1728 alia:
1193 1682 1371 1728 autem
1413 1675 1816 1731 conclusionem

233 1769 600 1840 multipliciter
640 1769 839 1824 dictam
872 1785 883 1819 :
919 1770 1059 1821 utin
1086 1781 1151 1821 ea
1198 1767 1412 1836 quidem
1456 1783 1575 1837 quae
1623 1777 1706 1822 cst
1746 1768 1819 1822 si-

1925 561 2103 615 dicere
2127 560 2305 616 videre
2330 560 2497 616 oculis
2523 575 2864 631 percussum,
2896 568 2950 615 et
2979 560 3160 617 dicere
3188 561 3356 618 oculis
3380 578 3503 632 per-

1923 665 2136 705 cussum
2179 650 2384 706 videre.
2417 651 2483 705 Et
2534 651 2856 721 Eutbydemi
2887 650 3065 706 oratio
3102 668 3116 705 :
3153 651 3382 707 Putasne
3426 655 3504 707 vi-

1922 740 2051 797 disti
2091 749 2145 796 tu
2196 756 2338 796 nunc
2369 742 2661 798 existentes
2687 744 2738 798 in
2761 743 2947 813 Pyrzco
2975 758 3159 813 naves,
3191 760 3312 801 cum
3340 748 3392 800 in
3416 746 3503 801 Si-

1922 834 2046 889 cilia
2070 834 2178 889 sis?
2208 842 2262 889 et
2291 850 2524 904 rursum,
2552 844 2778 905 putasne
2814 838 3012 893 malum
3042 845 3279 895 sutorem
3307 840 3502 897 bonum

1923 928 2084 980 esse?
2111 926 2182 981 sit
2208 939 2384 1001 autem
2418 927 2537 996 quis
2567 928 2757 995 bonus,
2803 939 2954 984 sutor
2980 930 3180 996 malus;
3225 946 3389 1002 quare
3419 948 3509 986 sn-

1924 1026 2011 1075 tor
2039 1020 2231 1074 malus.
2267 1019 2500 1075 Putasne
2547 1036 2778 1091 quorum
2832 1023 3070 1079 scientiae
3118 1022 3292 1090 bona,
3342 1025 3510 1081 bonas

1923 1127 2043 1167 esse
2072 1113 2411 1182 disciplinas;
2442 1113 2567 1168 mall
2595 1122 2773 1169 autem
2805 1114 2943 1170 bona
2984 1115 3266 1186 disciplina
3288 1157 3302 1182 ,
3348 1117 3510 1187 igitur

1925 1203 2063 1258 bona
2090 1203 2371 1274 disciplina
2407 1206 2625 1270 malum,
2660 1215 2897 1262 attamen
2924 1217 2979 1263 et
3008 1208 3230 1275 tnalum,
3265 1220 3319 1265 et
3348 1210 3513 1265 disci-

1926 1299 2066 1366 plina
2091 1300 2311 1363 malum,
2338 1314 2504 1369 quare
2527 1302 2663 1382 mala
2693 1300 3001 1370 disciplina,
3030 1304 3255 1358 malum.
3279 1302 3512 1359 Putasne

1923 1406 2109 1447 verum
2138 1392 2319 1448 dicere
2342 1408 2483 1449 nune
2507 1384 2841 1475 migmu
2872 1394 3042 1449 factus
3068 1397 3161 1449 es?
3192 1395 3361 1451 factus
3382 1412 3512 1467 ergo

1924 1494 2084 1535 nunc.
2118 1483 2202 1536 An
2238 1483 2383 1538 aliud
2428 1484 2691 1553 significat
2720 1484 2987 1539 divisum?
3029 1502 3213 1541 verum
3245 1489 3388 1543 enim
3430 1489 3512 1544 di-

1923 1586 2049 1627 cere
2073 1588 2231 1638 nunc,
2266 1574 2405 1644 quod
2436 1582 2491 1629 tu
2514 1574 2682 1630 factus
2704 1589 2793 1640 es;
2817 1575 2913 1631 sed
2944 1591 3072 1643 non,
3093 1592 3231 1631 nunc
3255 1586 3308 1632 tu
3340 1578 3511 1634 factus

1922 1677 2002 1717 es.
2040 1662 2271 1720 Putasne
2303 1674 2361 1721 ut
2399 1676 2573 1735 potes,
2628 1675 2683 1722 et
2712 1683 2832 1737 qua:
2877 1679 3053 1737 potes,
3107 1669 3185 1723 sic
3213 1679 3269 1723 et
3293 1670 3405 1739 ipsa
3436 1672 3512 1725 fa-

1923 1768 1951 1805 c
1975 1754 2071 1807 e-?
2103 1769 2207 1809 non
2237 1755 2563 1811 citharizans
2593 1766 2773 1813 autem
2801 1760 2967 1815 habes
2996 1769 3312 1829 potestatem
3343 1763 3513 1816 cinia-

184 1860 188 1865 ’
232 1863 402 1917 lentia
441 1861 639 1927 dicere,
675 1859 956 1916 conclusio
985 1867 1067 1915 est
1096 1858 1329 1929 duplex;
1368 1860 1419 1914 in
1451 1874 1512 1916 ea
1542 1875 1673 1916 vero
1700 1877 1814 1933 qua:

1926 1843 2148 1910 rizaudi,
2194 1847 2537 1903 citharizath
2580 1849 2738 1919 igitur
2769 1864 2874 1904 non
2919 1850 3263 1904 citharizans.
3297 1851 3377 1905 An
3406 1866 3513 1909 non

182 1968 187 1971 ·
230 1963 316 2009 est
364 1969 469 2009 non
526 1955 774 2009 conscire
825 1954 1122 2019 scientem,
1171 1968 1275 2008 una
1338 1954 1819 2025 interrogationum

180 2064 185 2068 δ
230 2046 560 2116 amphibolia
603 2054 706 2102 est.
756 2045 822 2100 Et
863 2044 1059 2115 duplex
1106 2044 1321 2115 quidem
1370 2047 1691 2117 quandoque
1739 2057 1824 2104 est

229 2153 360 2203 ens,
405 2138 726 2208 quandoque
758 2152 863 2193 non
894 2146 978 2193 est
1026 2152 1143 2205 ens,
1186 2147 1239 2193 et
1288 2139 1607 2209 quandoque
1654 2142 1823 2212 signi-

230 2230 359 2286 ficat
398 2230 627 2301 duplex;
671 2230 773 2285 hoc
811 2229 1026 2301 quidem
1068 2245 1185 2295 ens,
1217 2230 1349 2286 illud
1380 2247 1511 2287 vero
1548 2247 1654 2287 non
1695 2248 1818 2288 eus.

230 2321 653 2390 Quibuscunque
717 2320 875 2390 igitur
933 2322 985 2376 in
1044 2321 1151 2376 line
1201 2330 1283 2377 est
1338 2308 1649 2392 multiplex,
1713 2325 1819 2379 nisi

232 2410 387 2480 prius
415 2411 702 2480 sumpserit
727 2411 1237 2477 contradictionem,
1271 2428 1376 2467 non
1407 2413 1465 2467 fit
1491 2414 1817 2485 redargutin,

231 2510 295 2556 ut
323 2503 375 2556 iu
416 2515 482 2556 eo
510 2503 653 2570 quod
693 2508 775 2557 est
801 2516 1004 2557 caecum
1033 2503 1236 2569 videre,
1282 2518 1404 2558 nam
1449 2505 1565 2560 sine
1605 2517 1822 2561 contra-

226 2594 468 2649 dictione
498 2608 602 2648 non
650 2594 709 2648 lit
753 2594 1077 2664 redargutio.
1124 2594 1541 2667 Quibuscunque
1581 2613 1714 2653 vero
1765 2602 1819 2655 in

228 2685 759 2754 interrogationibus,
791 2698 899 2741 non
944 2700 1166 2741 necesse
1195 2695 1281 2741 est
1324 2694 1635 2758 prtenegare
1675 2690 1819 2760 quod

226 2776 428 2845 duplex
470 2786 583 2843 est,
637 2792 759 2831 nam
801 2792 911 2832 non
952 2777 1019 2832 ad
1053 2776 1173 2841 hoc,
1204 2779 1298 2834 sed
1351 2791 1573 2849 propter
1618 2781 1718 2838 hoc
1762 2784 1821 2840 lit

223 2869 427 2925 oratio.
461 2868 519 2923 in
569 2868 831 2940 principio
873 2869 1034 2939 igitur
1070 2870 1138 2926 ad
1185 2872 1381 2942 duplex
1426 2882 1481 2929 et
1528 2890 1722 2931 nomen
1765 2887 1821 2933 et

222 2962 529 3017 orationem
560 2962 638 3016 sic
678 2961 1149 3030 respondendum,
1194 2965 1345 3034 quod,
1384 2975 1467 3021 est
1498 2977 1555 3021 ut
1586 2968 1696 3031 sic,
1737 2978 1820 3025 est

221 3061 410 3107 autem
451 3060 510 3106 ut
547 3065 697 3108 non:
737 3062 796 3107 ut
831 3053 901 3109 de
939 3068 1006 3110 eo
1046 3055 1186 3125 quod
1226 3065 1309 3111 est
1356 3057 1572 3114 silentia
1613 3060 1814 3129 dicere,

220 3140 373 3213 quod
402 3149 574 3198 estut
621 3143 733 3209 sic;
764 3152 849 3200 est
887 3151 1065 3201 autem
1106 3154 1167 3200 ut
1215 3160 1345 3213 non,
1391 3157 1606 3221 etquae
1650 3168 1815 3223 expe-

1930 1936 2088 2007 hujus
2120 1938 2283 1994 habet
2313 1949 2654 2009 petestatem,
2709 1951 2894 1997 utnon
2945 1944 3268 1999 cititarizans
3297 1946 3515 2000 cithari-

1931 2032 2050 2086 zet?
2079 2033 2176 2087 sed
2220 2048 2341 2087 eum
2390 2050 2494 2088 non
2527 2034 2651 2089 facit
2680 2034 2801 2099 hoc,
2850 2043 2907 2089 ut
2939 2036 3113 2089 faciat.
3150 2037 3377 2093 Solvnnt
3423 2054 3515 2093 au-

1928 2134 2036 2178 tem
2068 2126 2281 2194 quidam
2312 2127 2363 2181 id
2405 2137 2458 2182 et
2488 2128 2665 2197 aliter,
2700 2144 2821 2182 nam
2856 2130 2898 2182 si
2941 2127 3086 2185 dedit
3118 2138 3173 2183 ut
3223 2139 3399 2199 potest
3433 2130 3511 2184 fa-

1928 2229 2080 2281 cere,
2113 2233 2219 2271 non
2246 2218 2431 2273 dicunt
2457 2219 2703 2275 accidere
2735 2235 2841 2274 non
2885 2220 3287 2275 citharizantem
3343 2205 3515 2275 citlsa.

1930 2312 2120 2367 riaare.
2153 2312 2268 2367 Non
2304 2314 2445 2367 enim
2475 2315 2699 2368 omnino
2724 2324 2779 2368 ut
2808 2322 2989 2384 potest
3017 2314 3193 2371 facere
3220 2314 3404 2368 datum
3434 2324 3516 2374 est

1930 2402 2126 2469 facere,
2160 2420 2264 2458 non
2290 2406 2428 2459 idem
2455 2417 2632 2460 autem
2662 2421 2789 2461 esse
2817 2416 2873 2461 ut
2905 2414 3099 2474 potest,
3131 2416 3188 2461 et
3214 2409 3437 2462 omnino
3459 2417 3515 2465 ut

1931 2504 2104 2568 potest
2131 2498 2322 2552 facere.
2347 2498 2451 2554 Sed
2481 2499 3093 2568 manifestumquoniatn
3118 2516 3223 2554 non
3248 2502 3385 2557 bene
3405 2502 3515 2557 sol-

1930 2596 2079 2651 vunt,
2117 2602 2238 2641 nam
2289 2590 2593 2643 orationunm
2623 2589 2861 2645 omnium
2911 2605 3031 2660 qua:
3087 2602 3304 2661 propter
3345 2592 3511 2657 idem,

1928 2678 2114 2733 eadem
2143 2680 2358 2744 solutio;
2382 2681 2570 2736 eadem
2592 2691 2772 2736 autem
2797 2697 2902 2735 non
2930 2683 3420 2739 accommodabitur
3444 2685 3512 2741 ad

1928 2784 2137 2840 omnes,
2164 2787 2262 2827 nec
2288 2773 2504 2827 omnino
2535 2773 2600 2827 ad
2624 2774 3001 2843 interrogatas,
3026 2774 3119 2829 sed
3144 2783 3227 2829 est
3251 2775 3317 2829 ad
3348 2776 3514 2831 inter-

1928 2875 2226 2934 rogantem,
2276 2875 2328 2921 et
2376 2881 2484 2921 non
2528 2866 2594 2923 ad
2625 2868 2946 2922 orationem.
2979 2866 3205 2938 Propter
3234 2878 3513 2925 accenmn

1927 2967 2104 3012 autem
2136 2958 2409 3014 orationes
2436 2974 2544 3013 non
2573 2969 2719 3025 sunt,
2748 2974 2921 3029 neque
2953 2960 3008 3015 in
3032 2960 3095 3015 iis
3129 2975 3248 3031 quae
3269 2960 3514 3016 scribun-

1929 3057 2036 3114 tur,
2062 3065 2243 3120 neque
2267 3050 2317 3105 in
2358 3050 2424 3105 iis
2463 3066 2583 3120 qua:
2618 3051 2892 3116 dicuntur,
2928 3061 3282 3121 praterquam
3310 3053 3356 3107 si
3395 3066 3515 3122 qum

1927 3156 2108 3212 paucas
2139 3145 2293 3208 fiunt,
2322 3152 2381 3198 ut
2407 3142 2492 3199 h'c
2525 3159 2539 3197 :
2576 3152 2804 3212 putasne
2853 3150 2937 3197 est
2975 3143 3120 3213 quod
3160 3145 3371 3199 habitas
3418 3144 3515 3205 (ιον

221 3235 412 3301 aiunt,
442 3235 740 3307 agendum;
787 3245 913 3293 sunt
954 3248 1133 3295 autem
1164 3255 1283 3311 quae
1323 3243 1422 3309 sic,
1472 3253 1595 3299 sunt
1635 3257 1814 3303 autem

1922 3236 2081 3290 mus?
2110 3236 2207 3291 sic.
2233 3234 2502 3306 Nunquid,
2532 3250 2598 3291 ne
2620 3245 2708 3291 est
2727 3235 2869 3305 quod
2901 3234 3133 3300 habitas,
3157 3236 3375 3306 negatio
3398 3237 3514 3306 ejus

221 3342 349 3399 quae
375 3342 504 3394 non,
531 3343 653 3385 nam
684 3331 1019 3400 expedientia
1040 3332 1291 3389 dicuntur
1314 3337 1713 3406 multipliciter.
1749 3341 1808 3398 Si

221 3428 409 3477 autem
434 3420 615 3489 lateat,
646 3422 700 3477 in
746 3423 851 3479 line
896 3424 1143 3481 addendo
1187 3428 1586 3499 interrogationi
1628 3434 1815 3497 torri-

219 3512 484 3585 gendum,
514 3525 671 3571 estne
693 3516 909 3571 silentia
929 3516 1145 3573 dicere?
1172 3535 1278 3574 non
1302 3529 1481 3578 tamen
1509 3539 1604 3580 eos
1632 3528 1722 3593 qui
1746 3528 1819 3581 si-

220 3603 360 3660 lent.
391 3604 459 3659 Et
496 3604 552 3659 in
571 3605 643 3662 iis
671 3614 851 3661 autem
892 3621 1013 3677 quae
1057 3623 1122 3664 se
1148 3609 1347 3666 habent
1372 3613 1589 3681 quidem
1630 3617 1817 3672 multi-

171 3714 179 3743 :
220 3696 439 3767 pliciter
478 3696 531 3751 in
584 3698 1060 3770 propositionibus,
1115 3702 1387 3759 similiter.
1429 3705 1620 3763 Nonne
1664 3718 1819 3778 putas

174 3818 181 3823 ~
220 3789 533 3858 consciunt,
576 3789 719 3858 quod
748 3789 968 3846 sciunt!
1015 3792 1115 3848 sic.
1147 3792 1253 3850 Sed
1302 3810 1408 3851 non
1440 3796 1517 3854 sic
1561 3800 1815 3871 scientes,

222 3894 334 3934 non
364 3880 505 3934 enim
533 3890 617 3935 est
648 3880 811 3945 idem,
844 3884 985 3953 quod
1018 3897 1124 3940 non
1152 3894 1236 3942 est
1261 3889 1526 3956 conscire,
1550 3899 1712 3961 atque
1738 3895 1817 3949 sic

220 3973 441 4042 quidem
472 3988 576 4028 non
613 3988 732 4029 esse
775 3977 1029 4033 scientes.
1064 3979 1128 4034 Et
1157 3982 1379 4037 omnino
1428 3983 1817 4042 obluctandum

222 4078 334 4134 est,
377 4070 588 4125 tametsi
642 4071 960 4142 simpliciter
1005 4074 1311 4145 colligatur,
1357 4079 1496 4149 quod
1546 4095 1651 4136 non
1702 4096 1816 4137 rem

223 4176 385 4233 quam
416 4163 553 4219 dixit
572 4166 801 4258 negavit,
832 4166 927 4221 sed
959 4182 1176 4233 nomen,
1205 4185 1375 4240 quare
1407 4172 1458 4226 id
1487 4189 1593 4228 non
1628 4185 1712 4230 est
1734 4192 1819 4233 re-

223 4255 489 4327 dat-gutio.
522 4255 856 4315 Manifestum
884 4273 1064 4316 autem
1099 4271 1150 4317 et
1176 4278 1269 4318 eas
1299 4279 1419 4335 quae
1439 4277 1564 4321 sunt
1598 4279 1819 4339 propter

182 4380 189 4385 ο
222 4346 666 4415 compositionem
696 4358 752 4405 et
798 4350 1141 4418 divisionem,
1171 4354 1447 4423 quomodo
1475 4357 1815 4423 solvendum,

176 4478 183 4483 ι
226 4455 351 4495 nam
377 4441 424 4497 si
466 4441 639 4498 divisa
683 4452 740 4499 et
781 4447 1081 4515 composita
1128 4448 1302 4503 oratio
1347 4450 1494 4505 aliud
1548 4452 1817 4523 signiﬁcat

176 4550 185 4561 δ
222 4545 347 4587 cum
374 4534 727 4604 concluditur,
756 4539 1085 4593 contrarium
1130 4538 1439 4597 dicendum.
1468 4543 1605 4600 Sunt
1631 4558 1810 4602 autem

1920 3336 2002 3382 est
2029 3328 2167 3396 quod
2195 3328 2442 3383 habitas?
2472 3328 2569 3382 sic.
2616 3326 2840 3382 Dicebas
2868 3338 3050 3383 autem
3070 3367 3087 3394 ,
3113 3342 3183 3382 ne
3218 3341 3340 3385 esse
3368 3328 3514 3399 quod

1922 3420 2132 3476 habitas
2179 3422 2422 3477 domum.
2472 3420 2647 3493 Negas
2677 3422 2836 3491 igitur
2880 3431 2933 3477 te
2983 3423 3229 3478 habitare
3266 3424 3509 3480 domum.

1875 3540 1879 3545 -
1926 3511 2209 3578 Quomodo
2257 3521 2436 3569 autem
2486 3511 2807 3568 solvendum
2834 3519 2940 3577 est,
2990 3511 3188 3580 palam.
3218 3512 3336 3568 Non
3366 3514 3509 3569 enim

1920 3604 2062 3657 idem
2092 3603 2361 3673 signiﬁcat
2389 3604 2625 3673 graviter
2653 3613 2709 3659 et
2753 3612 2913 3660 acute
2963 3602 3256 3671 prolatum.
3289 3603 3515 3660 Manife-

1920 3706 2063 3753 stum
2092 3703 2271 3750 autem
2300 3705 2356 3750 et
2394 3696 2447 3749 in
2492 3695 2557 3750 iis
2586 3710 2706 3765 qua:
2751 3694 2886 3751 ﬁent
2913 3704 3131 3764 propter
3177 3694 3230 3749 id
3277 3695 3423 3765 quod
3452 3703 3514 3751 ut

1920 3786 2109 3842 eadem
2151 3787 2403 3841 dicuntur
2429 3800 2492 3841 ea
2521 3799 2644 3856 qua:
2669 3800 2776 3841 non
2807 3793 2935 3841 sunt
2960 3785 3172 3853 eadem,
3217 3800 3326 3855 qua
3355 3795 3512 3856 pacto

1921 3870 2315 3945 obsistendum,
2343 3892 2410 3934 eo
2434 3879 2576 3948 quod
2600 3877 2861 3934 habemus
2900 3891 3097 3947 genera
3121 3878 3511 3947 pmdicamen-

1924 3979 2133 4035 turum;
2167 3984 2288 4023 nam
2318 3968 2407 4026 hic
2434 3969 2649 4039 quidem
2677 3968 2828 4025 dedit
2853 3968 3211 4039 interrogatus
3250 3982 3358 4023 non
3388 3982 3509 4027 esse

1922 4064 2123 4133 aliquid
2176 4078 2362 4117 eorum
2411 4078 2529 4133 qua:
2576 4062 2703 4133 quid
2751 4071 2835 4118 est
2879 4060 3201 4131 signiﬁcant,
3234 4060 3324 4116 ille
3374 4076 3505 4118 vero

1921 4157 2157 4212 ostendit
2184 4156 2400 4227 quidem
2426 4170 2553 4212 esse
2572 4156 2777 4226 aliquid
2801 4170 2988 4210 eorum
3019 4170 3137 4225 qua:
3161 4163 3288 4210 sunt
3310 4155 3378 4211 ad
3399 4156 3506 4213 ali-

1878 4280 1883 4284 -
1925 4248 2052 4318 quid
2074 4247 2163 4303 vel
2196 4247 2532 4317 quantitatis.
2569 4246 2829 4301 Videntur
2850 4255 3030 4301 autem
3058 4244 3186 4316 quid
3231 4255 3315 4302 est
3342 4246 3509 4316 signi-

1923 4342 2085 4397 licare
2114 4349 2331 4412 propter
2349 4341 2662 4410 dictionem,
2691 4350 2748 4395 ut
2776 4340 2829 4397 in
2861 4340 2961 4396 bac
2982 4339 3249 4396 oratione.
3270 4339 3509 4403 Putasne

1922 4436 2183 4505 contingit
2214 4436 2355 4493 idem
2377 4435 2538 4491 simul
2562 4435 2743 4491 facere
2778 4445 2834 4491 et
2856 4434 3009 4490 lteri?
3038 4449 3174 4501 non;
3197 4445 3254 4490 at
3273 4450 3401 4491 vero
3428 4437 3508 4493 vi-

1922 4528 2051 4583 dere
2081 4528 2238 4583 simul
2268 4539 2322 4584 et
2350 4528 2520 4584 videri
2551 4526 2692 4584 idem
2725 4536 2780 4583 et
2800 4527 3097 4583 secundum
3127 4528 3271 4585 idem
3297 4530 3507 4585 eontin~

176 4662 185 4669 .
225 4622 533 4696 huiusmodi
562 4640 747 4681 omnes
796 4629 1067 4685 orationes
1117 4633 1415 4688 secundum
1454 4640 1805 4705 compositio-

1919 4620 2009 4691 git.
2035 4621 2267 4676 Putasne
2296 4631 2380 4677 est
2413 4619 2617 4691 aliquid
2647 4635 2835 4677 eorum
2862 4634 2981 4692 qua
3010 4628 3137 4676 sunt
3161 4621 3269 4691 pati
3291 4622 3505 4677 facere?

174 4736 185 4744 -
226 4728 351 4771 nem
402 4726 457 4772 et
500 4716 843 4775 divisionem.
889 4721 1121 4779 Putasne
1166 4740 1274 4794 quo
1327 4725 1505 4782 vidisti
1559 4736 1614 4784 tu
1670 4730 1810 4788 hunc

225 4822 563 4878 percussum,
596 4810 690 4866 illo
722 4827 1007 4881 percussus
1034 4825 1117 4870 est
1146 4816 1265 4872 hic?
1306 4827 1361 4873 et
1389 4835 1496 4889 quo
1528 4836 1809 4889 percussus

176 4928 179 4933 ν
224 4907 331 4966 est,
374 4899 470 4955 illo
509 4908 567 4955 tu
591 4902 805 4957 vidisti?
834 4903 1006 4959 Habet
1033 4906 1246 4973 quidem
1275 4910 1473 4979 aliquid
1516 4914 1677 4968 etiam
1708 4914 1808 4969 du-

229 4990 438 5045 biarum
482 4992 865 5061 quaestionum,
910 4996 1153 5063 quamvis
1195 4998 1265 5052 sit
1292 5009 1514 5068 propter
1540 5006 1807 5073 composi-

227 5083 448 5149 tionem,
482 5097 605 5138 nam
628 5097 733 5139 non
760 5093 844 5140 est
882 5085 1083 5156 duplex
1124 5087 1195 5143 ob
1235 5088 1288 5142 id
1334 5092 1474 5159 quod
1502 5102 1585 5147 est
1613 5108 1807 5149 secun-

176 5200 181 5203 η
223 5172 351 5225 dum
397 5172 745 5242 divisionem,
782 5190 891 5231 non
918 5179 1066 5232 enim
1091 5178 1281 5235 eadem
1310 5183 1483 5237 oratio
1530 5184 1587 5238 lit
1614 5186 1808 5253 divisa,

172 5278 183 5307 τ
224 5272 277 5318 ει
305 5266 621 5335 composita.
644 5267 920 5338 Siquidem
943 5285 1038 5324 ora
1066 5283 1119 5327 et
1145 5272 1276 5327 hora
1298 5275 1593 5330 secundum
1616 5293 1809 5335 accen-

174 5384 183 5391 ~
225 5364 335 5410 tum
365 5357 572 5426 prolata
600 5360 901 5430 significant
923 5362 1088 5427 aliud,
1132 5364 1224 5419 sed
1263 5366 1315 5420 in
1356 5366 1567 5437 scriptis
1589 5371 1804 5439 quidem

174 5480 181 5493 ρ
224 5446 364 5501 idem
396 5464 615 5518 nomen,
638 5466 761 5507 cum
789 5468 857 5508 ex
886 5454 1086 5509 eisdem
1112 5456 1398 5513 elementis
1428 5461 1687 5529 scriptum
1710 5465 1801 5533 sit,

1914 4727 2040 4765 non.
2070 4710 2258 4765 Nonne
2298 4711 2463 4781 igitur
2489 4719 2723 4777 secatur,
2753 4711 2948 4780 uritur,
2974 4719 3227 4781 operatur
3252 4712 3503 4769 similiter

1912 4812 2185 4876 dicuntur,
2225 4821 2278 4865 et
2307 4811 2488 4865 omnia
2518 4810 2735 4880 quidem
2776 4809 2885 4878 pati
2915 4809 3257 4880 signiﬁcant?
3287 4826 3501 4866 rursum

1912 4916 2090 4961 autem
2122 4919 2364 4969 currere,
2412 4903 2598 4972 videre
2626 4903 2877 4958 similiter
2921 4902 3023 4957 sibi
3052 4902 3289 4957 invicem
3310 4902 3500 4955 dicun-

1913 5006 2017 5063 tur,
2050 5006 2421 5053 verumtamen
2452 4994 2656 5059 videre,
2689 4994 2899 5065 operari
2928 4994 3133 5067 aliquid
3161 5002 3280 5057 est,
3328 5006 3500 5063 quare

1911 5099 1969 5145 et
1995 5090 2103 5157 pati
2142 5089 2367 5159 aliquid,
2396 5088 2558 5143 simul
2586 5088 2746 5142 etiam
2774 5086 3056 5141 etfacere.
3092 5086 3146 5143 Si
3173 5095 3356 5141 autem
3400 5085 3501 5140 ali-

1912 5182 2033 5248 quis
2058 5180 2168 5235 illic
2195 5180 2332 5235 dans
2359 5178 2675 5249 contingere
2698 5176 2865 5233 simul.
2890 5177 3039 5231 idem
3056 5177 3249 5243 lacere,
3283 5186 3337 5230 et
3363 5176 3495 5245 pati,

1911 5274 2114 5339 videre,
2144 5284 2199 5329 et
2225 5273 2393 5328 videri
2418 5272 2564 5327 dicat
2592 5270 2875 5342 possibile,
2906 5268 3143 5327 nendum
3176 5267 3493 5338 redargutns

1911 5378 1993 5422 est
2013 5368 2056 5422 si
2089 5382 2195 5421 non
2219 5366 2358 5420 dicat
2390 5364 2576 5420 videre
2602 5363 2780 5419 facere
2803 5360 3000 5430 aliquid
3024 5401 3045 5428 ,
3065 5369 3119 5414 et
3150 5359 3323 5419 videri
3340 5362 3490 5430 pati:

1910 5458 2111 5529 indiget
2140 5457 2284 5513 enim
2332 5457 2432 5513 hac
2487 5455 2941 5526 interrogatione,
2998 5451 3093 5508 sed
3142 5452 3210 5508 ab
3238 5453 3495 5511 audiente

224 5548 278 5593 et
308 5539 578 5609 similiter,
603 5553 659 5599 et
684 5544 792 5601 illic
821 5554 1001 5601 autem
1021 5546 1132 5617 jam
1163 5548 1312 5619 signa
1340 5549 1561 5617 faciunt,
1597 5555 1802 5622 prolata
1906 5551 2158 5622 epinatur
2186 5551 2371 5606 datum
2400 5564 2553 5616 esse,
2585 5562 2708 5605 cum
2738 5554 2795 5603 et
2843 5558 3031 5601 secare
3058 5543 3238 5605 lateae
3265 5543 3488 5615 aliquid.

148 5672 151 5673 ν
225 5646 332 5686 non
357 5633 567 5690 eadem.
608 5636 784 5705 Quare
813 5654 921 5694 non
946 5639 1143 5709 duplex
1166 5643 1306 5710 quod
1336 5651 1559 5712 propter
1585 5645 1802 5701 divisio-

226 5738 347 5778 nem
370 5732 472 5780 est.
509 5725 859 5811 Manifestum
880 5742 1061 5807 autem
1090 5737 1343 5806 quoniam
1368 5740 1474 5792 ndn
1503 5754 1692 5796 omnes
1718 5756 1802 5797 rc-

224 5813 567 5887 dargutiones
594 5831 813 5893 propter
839 5823 1055 5895 duplex,
1086 5826 1224 5882 sicut
1248 5828 1462 5895 quidam
1484 5830 1685 5886 dicunt.
1714 5833 1802 5888 Di-

1904 5652 1959 5698 et
1988 5643 2156 5699 secari
2181 5642 2295 5698 fieri
2325 5640 2528 5711 aliquid
2554 5638 2730 5705 dedit;
2764 5646 2817 5694 et
2846 5649 3178 5708 quacunque
3205 5634 3308 5697 alia
3333 5637 3490 5693 simi-

1904 5735 2024 5789 liter
2072 5735 2341 5790 Jicuntur.
2373 5733 2503 5785 Nam
2552 5730 2820 5799 reliquutn
2856 5732 2968 5798 ipso
3012 5726 3160 5793 addit
3189 5727 3278 5797 qui
3313 5728 3484 5796 audit,

1907 5829 2075 5884 veluti
2096 5826 2341 5883 similiter
2383 5825 2606 5888 dictum,
2638 5822 2768 5879 illud
2821 5829 2998 5885 autem
3036 5819 3236 5877 dicitur
3262 5821 3479 5890 quidem
