4022 6330
564 315 697 373 1051

1822 310 1930 366 ΑΝ.
1973 311 2182 368 MANL.
2220 302 2395 369 sev.
2416 299 2634 370 nomn

3725 325 3744 376 1
3755 322 3847 378 03?.

563 449 672 490 non
701 431 966 498 similiter,
992 429 1200 485 videtur
1220 436 1396 484 autem
1422 435 1640 498 propter
1661 425 1972 481 dictionem.
2006 426 2147 480 Idem
2179 432 2233 492 Α
2258 426 2411 482 dixit.
2471 427 2580 485 Nec
2643 444 2764 485 cum
2829 430 3086 502 scyphum
3159 438 3279 504 quis
3337 434 3519 502 bibat,
3576 437 3725 507 quod
3776 439 3839 494 bi-

569 537 747 583 autem
793 524 983 581 accidit
1038 524 1125 577 hic
1168 522 1309 593 quod
1351 523 1405 577 in
1438 521 1968 591 azquivocationibus,
2001 528 2151 589 putat

561 621 703 677 enim
735 618 787 671 in
816 614 1105 685 :equivocis
1134 613 1336 668 inscius
1358 613 1684 675 orationum,
1713 627 1872 681 quant
1897 610 2032 666 dixit
2058 625 2155 666 ne-

558 727 684 782 gare
709 725 842 772 rem,
873 723 979 763 non
1009 721 1228 772 nomen,
1254 707 1483 777 ideoque
1503 706 1678 761 adhuc
1700 705 1903 776 indiget
1924 707 2153 761 interro-

557 805 774 874 gatione
815 803 861 857 si
893 801 960 857 ad
989 816 1146 856 uuam
1179 799 1454 870 aspiciens
1499 799 1644 854 dicat
1671 799 2030 870 atquivocum.
2065 798 2154 854 Sic

559 897 702 951 enim
753 894 937 959 dante,
979 894 1086 950 erit
1129 891 1454 963 redargutio.
1497 892 1714 947 Similes
1742 899 1920 947 autem
1970 900 2025 946 et
2070 891 2153 946 ha:

477 1041 480 1044 .
561 990 838 1045 orationes
872 989 998 1055 illis,
1029 988 1076 1043 si
1117 987 1259 1058 quod
1288 987 1408 1058 quis
1437 985 1663 1052 habens,
1697 977 1884 1056 postea
1913 1000 2021 1040 non
2060 985 2151 1038 ha-

562 1084 677 1150 bet,
710 1083 923 1149 amisit;
976 1098 1100 1138 nam
1143 1097 1308 1136 unum
1363 1080 1535 1136 solum
1581 1080 1834 1152 amittens
1864 1078 2149 1148 calculum,

558 1192 667 1232 non
701 1176 919 1232 habebit
945 1177 1132 1231 decem
1157 1175 1414 1232 calculos.
1448 1177 1530 1231 An
1554 1175 1695 1244 quod
1722 1190 1827 1235 non
1860 1174 2021 1230 habet
2042 1173 2154 1244 qui-

555 1270 714 1336 dem,
765 1269 913 1340 prius
938 1262 1166 1334 habens,
1219 1268 1438 1326 amisit?
1469 1279 1725 1338 quantum
1757 1278 1940 1323 autem
1993 1266 2154 1322 habet

556 1364 786 1433 aliquot,
832 1378 940 1417 non
977 1377 1214 1438 necesse
1263 1372 1344 1418 est
1397 1370 1473 1415 tot
1502 1361 1772 1416 amittere.
1811 1359 2153 1429 Interrogans

555 1456 719 1527 igitur
769 1455 914 1526 quod
949 1455 1139 1522 habet,
1182 1453 1386 1524 colligit
1415 1453 1467 1508 in
1512 1468 1578 1508 eo
1605 1463 1756 1523 quot,
1810 1467 1932 1506 nam
1964 1452 2150 1506 decem

553 1551 783 1621 aliquot.
813 1550 869 1607 Si
902 1550 1066 1620 igitur
1095 1547 1318 1603 dixisset
1362 1564 1392 1602 a
1427 1547 1715 1618 principio,
1766 1547 1811 1601 si
1857 1554 1991 1615 quot
2033 1544 2154 1613 quis

555 1660 664 1700 non
701 1643 864 1699 habet
906 1643 1055 1712 prius
1086 1641 1312 1707 habens,
1347 1649 1572 1710 putasne
1602 1638 1783 1693 amisit
1828 1639 1944 1692 tot?
1977 1636 2154 1693 nullus

555 1739 742 1807 utique
787 1734 1050 1798 dedisset,
1084 1733 1178 1788 sed
1209 1743 1301 1787 aut
1336 1742 1434 1797 tot,
1479 1741 1571 1786 aut
1613 1731 1802 1786 horum
1835 1730 2057 1801 aliquid.
2090 1729 2156 1783 Et

2257 519 2352 584 bit,
2413 519 2505 573 sed
2552 537 2615 576 ex
2672 523 2814 590 quo?
2876 525 2942 578 Et
2994 533 3146 594 putas
3197 527 3337 595 quod
3384 528 3510 597 quis
3567 527 3730 582 scivit
3775 531 3846 583 in-

2255 611 2498 678 veniens,
2561 614 2644 665 vel
2703 613 2917 668 discens
2979 616 3173 670 scivit?
3241 632 3464 685 quorum
3521 630 3705 674 autem
3756 621 3847 675 hoc.

2255 706 2469 776 quidem
2540 707 2773 775 invenit,
2839 708 2968 764 illud
3021 719 3199 765 autem
3247 711 3452 778 didicit,
3514 713 3679 767 ambo
3739 710 3847 765 hate

2254 810 2524 856 neutrum.
2558 802 2639 856 Au
2675 802 2786 857 lucc
2833 802 3047 871 quidem
3098 818 3280 870 omne,
3330 803 3475 873 quod
3517 815 3702 861 autem
3747 822 3846 863 non

2254 896 2452 951 omne?
2481 897 2547 950 Et
2577 897 2830 970 quoniam
2861 907 2945 952 est
2969 897 3088 968 quis
3121 899 3312 953 tertius
3349 899 3512 954 homo
3537 915 3570 954 a
3597 914 3682 964 se.
3710 910 3764 956 et
3788 901 3846 956 ab

2255 1003 2594 1058 unoquoque.
2623 989 2753 1042 Nam
2786 988 2946 1043 homo
2991 999 3044 1045 et
3069 1005 3232 1045 omne
3259 1006 3575 1056 commune,
3607 1006 3719 1046 non
3754 991 3847 1046 hoc

2253 1081 2478 1152 aliquid,
2532 1084 2625 1137 sed
2676 1085 2834 1153 quale
2865 1083 3015 1154 quid,
3068 1087 3150 1140 vel
3183 1085 3253 1139 ad
3296 1085 3521 1156 aliquid,
3552 1085 3645 1140 vel
3677 1087 3848 1156 aliquo

2256 1178 2437 1240 modo,
2465 1177 2547 1232 vel
2579 1176 2882 1246 hujusmodi
2913 1176 3112 1246 aliquid
3137 1177 3423 1248 significat.
3458 1178 3735 1234 Similiter
3757 1196 3846 1232 an-

2256 1277 2361 1323 tem
2394 1279 2448 1324 et
2478 1268 2531 1323 in
2562 1269 2683 1333 hoc,
2715 1269 2965 1323 Coriscus
2992 1278 3045 1323 et
3074 1268 3325 1324 Coriscus
3355 1270 3619 1336 musicus,
3676 1283 3846 1325 utrum

2256 1361 2398 1416 idem
2421 1376 2486 1414 an
2512 1361 2775 1415 alterum?
2797 1360 2928 1414 Nam
2961 1361 3061 1415 hoc
3085 1361 3300 1432 quidem
3334 1361 3436 1417 hoc
3463 1363 3694 1433 aliquid,
3728 1363 3848 1416 illud

2256 1463 2432 1508 autem
2465 1455 2622 1524 quale
2642 1455 2765 1524 quid
2809 1455 3096 1524 signiﬁcat,
3138 1469 3307 1523 quare
3338 1471 3445 1510 non
3476 1467 3563 1511 est
3589 1457 3737 1511 idem
3768 1473 3850 1510 et-

2258 1560 2478 1614 ponere.
2511 1546 2793 1615 Exponere
2817 1554 2996 1600 autem
3023 1561 3126 1600 non
3160 1545 3286 1600 facit
3308 1547 3527 1602 tertium
3554 1549 3847 1616 hominem,

2258 1638 2353 1694 sed
2386 1638 2617 1708 idipsum
2661 1639 2788 1707 quid
2817 1648 2900 1692 est
2927 1636 3250 1705 concedere,
3290 1655 3398 1694 non
3439 1641 3590 1695 enim
3623 1642 3733 1696 erit.
3760 1642 3851 1698 hoc

2259 1731 2460 1802 aliquid
2489 1745 2610 1786 csse
2661 1731 2712 1784 id
2767 1730 2908 1800 quod
2945 1730 3143 1786 Callias
3182 1740 3237 1786 et
3266 1731 3319 1785 id
3361 1732 3506 1801 quod
3539 1735 3707 1789 homo
3738 1745 3850 1800 est;

555 1828 810 1901 quoniam
859 1827 1008 1881 dabit
1057 1825 1253 1895 aliquis
1297 1824 1441 1894 quod
1477 1839 1581 1878 non
1634 1824 1816 1890 habet,
1852 1837 1958 1878 non
2008 1822 2153 1878 enim
2186 1828 2233 1889 Β
2262 1840 2435 1894 neque
2465 1824 2510 1877 si
2541 1825 2660 1893 quis
2711 1823 3011 1892 expositum
3045 1839 3149 1878 non
3197 1823 3250 1879 id
3305 1824 3528 1895 quidem
3559 1827 3710 1896 quod
3762 1828 3854 1883 hoc

558 1921 720 1976 habet
743 1935 906 1973 unum
937 1919 1112 1974 solum
1140 1916 1434 1972 calculum.
1465 1917 1546 1970 An
1579 1931 1684 1970 non
1714 1915 1862 1970 dedit
1884 1914 2025 1984 quod
2045 1929 2152 1969 non

560 2013 766 2078 habuit,
795 2010 888 2066 sed
921 2021 976 2065 ut
1024 2025 1131 2065 non
1181 2009 1402 2064 habuit?
1446 2024 1568 2063 nam
1616 2008 1825 2074 solum,
1860 2023 1966 2063 non
2010 2007 2151 2077 quod

555 2105 842 2175 signiﬁcat,
888 2117 1063 2174 neque
1110 2103 1304 2173 quale,
1334 2115 1509 2171 neque
1536 2109 1827 2170 quantum,
1877 2100 1974 2155 sed
2008 2109 2065 2154 ut
2093 2113 2154 2155 se

557 2197 720 2253 habet
741 2196 808 2251 ad
839 2194 1063 2264 aliquid,
1089 2204 1145 2249 ut
1171 2193 1312 2264 quod
1344 2208 1451 2248 non
1481 2207 1606 2246 cum
1635 2193 1763 2246 alio.
1793 2192 2155 2260 Quemadmo-

554 2292 679 2345 dum
709 2290 753 2343 si
778 2289 942 2354 dicat,
973 2296 1200 2358 putasne
1244 2286 1387 2356 quod
1417 2301 1525 2340 non
1556 2286 1748 2356 aliquis
1779 2286 1944 2341 habet
1967 2284 2152 2341 dabit?

555 2401 662 2440 non
702 2393 976 2439 annuente
1027 2389 1240 2449 autem,
1275 2381 1589 2449 interroget.
1625 2380 1680 2434 Si
1709 2379 1860 2434 dabit
1889 2380 2006 2449 quis
2054 2379 2153 2448 ali;-

559 2475 686 2546 quid
715 2477 846 2539 cito,
894 2474 982 2544 qui
1044 2489 1151 2528 non
1199 2472 1358 2528 habet
1389 2473 1531 2527 cito?
1581 2480 1914 2527 astruentem
1971 2481 2150 2552 autem

557 2570 779 2641 colligat
810 2568 954 2640 quod
987 2567 1139 2622 dabit
1165 2567 1289 2638 quis
1319 2565 1465 2636 quod
1493 2581 1598 2620 non
1632 2567 1811 2630 habet,
1841 2573 1896 2619 et
1920 2563 2150 2619 manife-

553 2675 702 2749 stum
731 2662 988 2734 quoniam
1044 2675 1153 2716 non
1205 2659 1565 2732 syllogizavit,
1619 2672 1738 2712 nam
1787 2658 1894 2711 cito
1937 2672 2041 2711 non
2071 2665 2156 2712 est

555 2759 695 2832 quod
737 2759 887 2825 dare,
921 2757 1013 2811 sed
1062 2757 1166 2810 hoc
1218 2754 1379 2809 modo
1428 2753 1578 2807 dare.
1613 2753 1729 2819 Quo
1780 2761 1958 2807 autem
1993 2750 2153 2806 modo

555 2867 664 2908 non
695 2852 878 2916 habet,
929 2849 1078 2919 dabit
1106 2849 1322 2918 aliquis,
1354 2857 1410 2901 ut
1457 2847 1599 2916 quod
1632 2846 2027 2902 delectabiliter
2053 2846 2151 2900 ha-

555 2944 666 3009 bet,
702 2952 896 2998 mwste
928 2940 1096 2995 dabit.
1130 2939 1347 2995 Similes
1379 2948 1554 2993 autem
1586 2947 1639 2992 et
1670 2936 1981 3007 huiusmodi
2020 2952 2148 2990 ora-

556 3036 754 3090 tiones.
791 3035 1028 3089 Putasne
1077 3048 1236 3102 qnam
1287 3047 1392 3086 non
1445 3031 1629 3098 habet,
1675 3046 1835 3085 manu
1887 3031 2151 3100 percutiet

554 3126 712 3195 quis?
735 3135 826 3178 aut
856 3139 1015 3192 quem
1049 3137 1153 3176 non
1189 3122 1370 3186 habet,
1404 3123 1562 3177 oculo
1591 3121 1831 3178 videbit?
1861 3137 1965 3177 non
2004 3123 2149 3177 enim

2257 1913 2458 1985 aliquid
2487 1929 2607 1969 esse
2649 1913 2826 1977 dicat,
2860 1913 2954 1968 sed
2987 1913 3128 1973 idem
3158 1916 3300 1983 quod
3330 1916 3514 1984 quale,
3549 1917 3689 1970 nihil
3722 1918 3854 1975 refe-

2257 2020 2359 2072 ret,
2391 2023 2513 2063 nam
2537 2009 2638 2062 erit
2663 2024 2692 2061 a
2721 2008 2906 2062 multis
2937 2024 3100 2063 unum
3127 2009 3406 2078 quiddam,
3432 2019 3491 2063 ut
3520 2012 3724 2076 homo;
3749 2027 3854 2066 rna-

2259 2102 2510 2156 nifestum
2541 2113 2670 2170 ergo
2699 2101 2951 2170 quoniam
2977 2115 3082 2156 non
3114 2101 3350 2156 dandum
3385 2102 3486 2156 hoc
3507 2102 3718 2173 aliquid
3743 2120 3856 2163 esse

2257 2195 2381 2264 quid
2428 2194 2571 2264 quod
2618 2193 2974 2250 communiter
3004 2195 3326 2264 praedicatur
3353 2195 3420 2251 de
3449 2198 3736 2262 omnibus,
3766 2201 3854 2254 sed

2256 2298 2351 2341 aut
2379 2292 2658 2355 quantum,
2706 2299 2797 2340 aut
2828 2287 3006 2356 quale,
3029 2296 3124 2341 aut
3167 2287 3234 2341 ad
3275 2288 3500 2358 aliquid,
3533 2301 3632 2343 aut
3658 2291 3855 2361 aliquid

2256 2379 2442 2433 taiium
2471 2380 2796 2448 significare.
2825 2379 3055 2434 Omnino
3082 2388 3260 2435 autem
3292 2381 3343 2435 in
3375 2397 3497 2451 qua:
3523 2393 3758 2454 propter
3779 2385 3853 2439 di-

2256 2472 2487 2527 ctionem
2519 2481 2646 2526 sunt
2672 2472 3028 2538 orationibus,
3057 2488 3272 2544 semper
3297 2490 3392 2544 per
3416 2477 3736 2544 oppositum
3761 2481 3856 2535 erit

2255 2565 2453 2619 solutio
2484 2580 2642 2634 quam
2686 2575 2903 2635 prepter
2951 2565 3093 2635 quod
3122 2574 3207 2620 est
3235 2568 3430 2635 oratio,
3467 2577 3525 2622 ut
3552 2570 3603 2624 si
3637 2582 3857 2640 propter

2253 2655 2703 2726 compositionem
2751 2657 2947 2722 oratio,
2993 2657 3191 2710 solutio
3231 2657 3542 2724 dividendo.
3580 2661 3628 2715 si
3678 2673 3853 2718 autem

2259 2757 2476 2816 propter
2497 2747 2838 2814 divisionem,
2866 2748 3263 2816 componendo.
3295 2748 3528 2804 Rursum
3555 2752 3604 2805 si
3638 2764 3855 2821 propter

2254 2848 2536 2894 accentum
2559 2849 2795 2901 acutum,
2819 2839 3001 2909 gravis
3023 2840 3127 2894 erit
3153 2839 3380 2905 solutio;
3404 2841 3448 2896 si
3474 2851 3610 2896 vero
3639 2856 3856 2914 pmpter

2253 2946 2492 3000 gravem,
2538 2939 2746 2985 acutus.
2777 2931 2834 2986 Si
2890 2941 3068 2985 autem
3101 2940 3321 3001 propter
3365 2934 3854 3003 tnquivocatioaem

2253 3034 2358 3092 est,
2386 3034 2598 3094 Oportet
2623 3027 2926 3094 Oppositum
2962 3040 3160 3080 nomen
3187 3027 3418 3082 dicendo
3445 3029 3700 3092 solvere,
3735 3031 3857 3086 utsi

2255 3108 2551 3172 animatum
2578 3117 2776 3173 accidit
2800 3119 3003 3183 dicere,
3035 3121 3280 3189 negando
3309 3135 3420 3174 non
3452 3135 3602 3186 esse,
3633 3125 3858 3180 manife-

557 3219 722 3274 habet
751 3235 913 3273 unum
966 3217 1140 3271 solum
1171 3217 1411 3270 oculum.
1444 3216 1672 3272 Solvunt
1717 3228 1895 3271 autem
1925 3215 2148 3284 quidam
2178 3215 2224 3277 C
2259 3219 2401 3264 Slum
2429 3201 2573 3280 quod
2592 3212 3044 3266 estinanimalum
3065 3228 3079 3276 ;
3101 3213 3144 3266 Si
3164 3213 3674 3269 νεωίηθηὶωεωηι
3701 3216 3862 3279 dixit.

556 3311 820 3374 dicentes,
871 3318 928 3364 et
976 3309 1117 3380 quod
1170 3309 1334 3364 habet
1391 3325 1553 3364 unum
1596 3311 1770 3364 solum
1830 3309 2066 3375 oculum,
2097 3324 2152 3365 et

559 3404 706 3459 aliud
770 3402 1036 3474 quidlibet
1082 3402 1170 3471 qui
1233 3401 1385 3470 plura
1445 3401 1636 3467 habet,
1695 3400 1912 3470 quidam
1971 3411 2150 3456 autem

554 3507 611 3553 et
668 3505 725 3552 ut
760 3497 902 3566 quod
956 3495 1118 3550 habet
1161 3495 1389 3563 accepit.
1439 3493 1596 3549 Dedit
1637 3493 1779 3549 enim
1841 3509 2002 3548 unum
2061 3508 2152 3548 so-

555 3590 665 3645 lum
711 3588 798 3643 hic
836 3589 1125 3653 calculum,
1177 3596 1234 3642 et
1285 3586 1373 3641 hic
1404 3585 1565 3641 habet
1609 3584 1840 3657 (dicunt)
1869 3602 2032 3640 unum
2063 3600 2152 3641 so-

559 3681 670 3735 lum
704 3682 772 3736 ab
823 3682 925 3736 hoc
977 3681 1268 3743 calculum,
1321 3678 1528 3748 accepit
1568 3678 1712 3733 enim
1757 3678 1826 3733 ab
1856 3678 1976 3746 hoc,
2023 3693 2152 3748 ergo

555 3788 720 3828 unum
769 3773 942 3827 solum
992 3771 1152 3826 habet
1180 3769 1268 3825 hic
1298 3769 1584 3825 calculum.
1617 3769 1722 3824 Alii
1753 3778 1932 3824 autem
1968 3771 2151 3824 statim

552 3863 1030 3929 interrogatit‘tnem
1080 3861 1472 3926 interimentes,
1525 3860 1648 3930 quia
1703 3852 1965 3930 contingit
2008 3863 2151 3932 quod

553 3971 660 4010 non
687 3954 893 4024 accepit
935 3952 1156 4017 habere,
1190 3961 1247 4006 ut
1289 3952 1471 4006 vinum
1507 3952 1859 4021 accipientem
1893 3969 2075 4018 suave,
2105 3956 2151 4010 si

557 4055 935 4116 corrumpatur
964 4044 1017 4098 in
1049 4043 1391 4112 acceptione,
1444 4041 1643 4098 habere
1689 4058 1835 4098 acre.
1869 4044 1975 4101 Sed
2007 4047 2152 4114 quod

555 4140 757 4195 dictum
789 4147 873 4194 est
901 4139 1072 4208 prius,
1118 4136 1172 4190 hi
1202 4150 1394 4192 omnes
1447 4151 1553 4191 non
1585 4136 1650 4191 ad
1700 4139 2022 4204 orationem,
2054 4139 2151 4195 scd

551 4234 619 4289 ad
648 4234 916 4288 hominem
947 4234 1181 4299 solvunt,
1219 4246 1342 4286 nam
1369 4230 1414 4284 si
1442 4239 1591 4286 esset
1625 4231 1740 4286 haec
1770 4233 1988 4299 solutio,
2017 4233 2152 4288 dan-

552 4335 660 4381 tem
691 4325 996 4396 oppositum
1029 4339 1136 4379 non
1193 4322 1452 4393 possibile
1507 4331 1651 4378 esset
1681 4323 1915 4389 solvere,
1965 4341 2153 4395 quent-

551 4417 838 4471 admodum
861 4425 915 4470 et
952 4415 1004 4470 in
1035 4415 1197 4470 aliis:
1229 4424 1289 4468 ut
1315 4417 1359 4468 si
1393 4422 1474 4467 est
1497 4413 1715 4483 quidem
1747 4415 1896 4483 quod
1922 4425 2026 4482 est,
2069 4426 2152 4472 est

551 4511 714 4564 etiam
745 4509 886 4578 quod
913 4523 1018 4563 non
1060 4516 1144 4563 est
1193 4507 1412 4562 solutio.
1443 4506 1500 4560 Si
1531 4507 1854 4575 simpliciter
1896 4509 1990 4564 det
2017 4509 2146 4577 dici,

2253 3298 2342 3354 hic
2387 3312 2566 3356 autem
2597 3303 2890 3357 animatum
2942 3303 3179 3372 colligat,
3229 3304 3520 3360 dicendum
3577 3307 3729 3375 quod
3777 3320 3860 3364 est

2255 3391 2628 3447 inanimatum.
2661 3395 2924 3450 Similiter
2970 3407 3150 3451 autem
3199 3406 3256 3452 et
3301 3397 3358 3452 in
3407 3399 3774 3468 amphibolia.
3805 3400 3860 3458 Si

2254 3496 2431 3540 autem
2463 3487 2759 3542 secundum
2793 3487 3202 3544 similitudinem
3230 3489 3504 3557 dietionis,
3535 3494 3857 3563 oppositum

2254 3578 2358 3632 erit
2395 3579 2612 3644 solutio,
2647 3585 2872 3647 putaSne
2903 3580 3043 3649 quod
3075 3597 3182 3637 non
3237 3582 3398 3637 habet
3444 3584 3601 3639 dabit
3629 3586 3861 3656 aliquis?

2256 3670 2338 3724 An
2371 3685 2474 3724 non
2507 3669 2649 3740 quod
2683 3686 2788 3725 non
2813 3671 2996 3739 habet,
3026 3673 3120 3726 sed
3153 3682 3210 3726 ut
3240 3687 3347 3728 non
3376 3672 3581 3730 habet?
3612 3686 3670 3730 ut
3695 3691 3861 3732 unum

2256 3765 2431 3818 solum
2459 3764 2746 3819 calculum.
2781 3765 3011 3821 Putasne
3041 3767 3183 3836 quod
3212 3765 3315 3820 scit
3356 3768 3602 3835 discens,
3646 3771 3740 3825 vel
3786 3770 3862 3825 in-

2257 3857 2480 3911 venietis
2511 3857 2647 3911 scit?
2676 3865 2913 3912 attamen
2947 3873 3051 3911 non
3081 3872 3201 3927 qua:
3232 3858 3358 3924 scit,
3389 3869 3446 3913 et
3475 3860 3521 3913 si
3551 3861 3705 3928 quod
3746 3878 3864 3917 am-

2255 3946 2402 4002 bulat
2424 3947 2739 4016 pcssundat,
2770 3963 2876 4002 non
2904 3957 3079 4004 tamen
3108 3951 3346 4019 quando.
3373 3948 3646 4007 Similiter
3670 3964 3862 4010 autem

2253 4037 2385 4094 etin
2416 4038 2556 4093 aliis.

2873 4129 3097 4188 CAPUT
3151 4132 3229 4191 IV.

2589 4224 2667 4279 De
2695 4225 2954 4279 diluendis
2983 4227 3198 4297 argutiis
3225 4227 3520 4282 accidentis.

2329 4321 2409 4376 Ad
2441 4319 2560 4376 illas
2591 4335 2720 4375 vero
2760 4335 2880 4391 quin
2909 4329 3127 4390 propter
3166 4322 3451 4387 accidens,
3488 4336 3602 4375 una
3629 4323 3862 4392 quidem

2256 4415 2453 4470 solutio
2480 4422 2563 4469 est
2589 4412 2658 4467 ad
2681 4427 2886 4468 omnes.
2931 4413 3061 4468 Nam
3097 4415 3221 4489 quia
3256 4415 3759 4471 indeterminatum
3788 4425 3871 4474 est

2255 4511 2468 4580 quando
2505 4507 2790 4564 dicendum
2812 4507 2880 4564 de
2907 4524 2998 4575 re,
3030 4493 3150 4564 cum
3182 4508 3450 4578 quidpiam
3471 4509 3757 4564 accidenti
3793 4510 3871 4566 in-

557 4602 860 4668 concludit;
892 4602 937 4656 si
968 4610 1147 4656 autem
1191 4614 1298 4653 non
1329 4597 1622 4664 concludit,
1655 4614 1762 4654 non
1793 4602 1898 4656 crit
1925 4603 2148 4658 solutio.
2174 4595 2231 4658 D
2255 4616 2336 4660 est
2363 4605 2439 4672 (et
2479 4603 2531 4659 in
2575 4603 2897 4673 quibusdam
2925 4602 3138 4672 quidem
3165 4603 3372 4658 videtur
3393 4644 3409 4669 ,
3463 4613 3520 4659 et
3555 4605 3785 4672 dicunt,
3819 4607 3869 4662 in

555 4697 612 4752 ln
636 4695 905 4768 praedictis
927 4703 1108 4748 autem
1135 4691 1408 4764 (omnibus
1436 4691 1600 4761 datis)
1633 4707 1737 4746 non
1772 4693 2003 4748 dicimus
2033 4694 2150 4750 fieri

552 4789 944 4861 syllogismum.
977 4784 1224 4855 Amplius
1258 4792 1440 4839 autem
1469 4792 1526 4838 et
1569 4783 1654 4840 ba:
1683 4795 1811 4840 sunt
1840 4801 1906 4841 ex
1961 4786 2150 4856 hujus-

553 4883 699 4939 modi
724 4881 1080 4938 orationibus.
1115 4879 1352 4933 Putasne
1378 4877 1522 4948 quod
1553 4879 1814 4955 scriptum
1842 4888 1947 4945 est,
1979 4881 2150 4950 Scrip-

551 4976 624 5032 sit
669 4973 822 5046 quis?
850 4972 1108 5042 seriptum
1161 4980 1244 5025 cst
1268 4979 1452 5026 autem
1485 4986 1628 5026 nunc
1673 4971 1814 5042 quod
1869 4987 1922 5025 iu
1961 4973 2144 5040 sedes,

523 5099 526 5102 ι
554 5069 685 5126 falsa
713 5068 919 5134 oratio;
951 5075 1067 5122 erat
1086 5077 1264 5121 autem
1295 5081 1420 5120 vera
1443 5080 1565 5121 eum
1592 5065 1957 5130 scribebatur,
1988 5065 2149 5136 igitur

553 5162 713 5218 simul
748 5158 1082 5216 scribebatur
1112 5157 1244 5213 falsa
1289 5167 1346 5214 et
1374 5173 1521 5214 vera.
1555 5158 1687 5212 Nam
1719 5157 1907 5212 falsam
1938 5159 2024 5212 vel
2053 5174 2147 5214 ve-

554 5273 668 5312 ram
697 5255 1016 5323 orationem,
1047 5255 1130 5308 vel
1169 5252 1476 5322 opinionem
1523 5267 1669 5316 esse,
1706 5265 1812 5305 non
1846 5253 2011 5321 quod,
2051 5253 2174 5307 sed-

555 5350 661 5405 talc
687 5348 986 5419 signiﬁcat,
1031 5361 1154 5401 nam
1200 5346 1391 5401 eadem
1423 5346 1557 5400 ratio
1584 5353 1640 5400 et
1685 5344 1737 5399 in
1765 5346 2042 5414 opinione.
2079 5346 2147 5401 Et

554 5454 710 5516 putas
731 5441 872 5514 quod
903 5440 1063 5496 discit
1087 5439 1324 5505 discens,
1354 5439 1456 5492 hoc
1478 5447 1560 5493 est
1585 5435 1730 5507 quod
1761 5437 1957 5493 discit?
1987 5439 2148 5494 discit

555 5552 733 5598 autem
775 5539 965 5610 aliquis
991 5535 1136 5608 quod
1181 5544 1266 5590 est
1309 5534 1481 5599 tarde,
1518 5519 1788 5588 celeriter.
1840 5533 1955 5588 Non
1983 5534 2148 5604 igitur

555 5636 696 5706 quod
728 5634 908 5700 discit,
949 5631 1045 5688 sed
1073 5642 1130 5686 ut
1160 5629 1320 5684 discit
1355 5628 1513 5682 dixit.
1548 5626 1615 5680 Et
1653 5637 1810 5697 putas
1851 5627 1993 5696 quod
2040 5642 2155 5681 am-

556 5729 708 5783 bulat
756 5726 982 5796 aliquis,
1052 5720 1379 5793 pessundat?
1439 5719 1676 5773 ambulat
1744 5729 1924 5774 autem
1990 5728 2155 5774 totam

561 5818 723 5872 diem.
759 5820 839 5874 An
898 5831 1005 5871 non
1035 5815 1176 5882 quod
1221 5813 1479 5874 ambulat,
1509 5812 1602 5867 sed
1656 5811 1871 5880 quando
1924 5813 2160 5871 ambulat

2253 4696 2522 4763 aliquibus
2552 4705 2729 4750 autent
2764 4710 2870 4750 non
2920 4694 3110 4750 dicunt
3144 4694 3511 4749 necessarium
3543 4697 3750 4766 esse),
3787 4697 3872 4750 di-

2254 4788 2480 4843 cendum
2504 4788 2663 4855 igitur
2682 4787 3088 4843 conformantes
3116 4787 3371 4842 similiter
3392 4787 3460 4840 ad
3486 4803 3692 4843 omnes
3719 4790 3870 4858 quod

2220 4937 2222 4939 .
2254 4877 2361 4937 neu
2393 4889 2476 4938 est
2503 4880 2891 4947 necessarium;
2940 4880 3139 4936 habere
3163 4889 3343 4936 autem
3366 4890 3588 4950 oportet
3637 4898 3762 4950 quo
3789 4899 3874 4937 re-

2254 4975 2398 5029 fellat
2441 4972 2674 5028 dicendo
2705 4973 2755 5027 id
2787 4972 2930 5042 quod
2963 4972 3182 5042 perinde
3208 4982 3314 5028 est.
3356 4974 3493 5028 Sunt
3522 4983 3723 5028 autem
3747 4989 3873 5028 orn-

2256 5081 2352 5121 nes
2403 5065 2706 5134 huiusmodi
2763 5065 3034 5120 orationes
3074 5073 3294 5135 propter
3322 5064 3617 5128 accidens,
3661 5074 3733 5118 ut
3769 5081 3874 5135 pl-

2254 5166 2407 5215 ta‘Sne
2453 5159 2502 5214 id
2531 5160 2668 5225 scis,
2713 5159 2856 5228 quod
2881 5158 3052 5214 debeo
3085 5168 3137 5212 te
3179 5159 3560 5229 interrogare?
3598 5159 3748 5227 Age,
3784 5172 3874 5212 co-

2255 5252 2542 5323 gnoscisuc
2596 5250 2938 5314 venientem,
3005 5258 3099 5304 aut
3153 5248 3516 5319 coopertum?
3592 5250 3876 5305 Statuane

2257 5355 2402 5401 tmun
2429 5362 2564 5415 opus
2592 5345 2717 5400 est?
2755 5347 2838 5400 An
2881 5354 3001 5398 tuus
3047 5345 3195 5399 canis
3243 5344 3438 5413 pater?
3485 5345 3707 5400 Suntne
3745 5360 3880 5414 mu-

2257 5441 2366 5496 cies
2395 5455 2584 5510 pauca,
2619 5439 2829 5509 pauca?
2871 5437 3210 5493 Manifestum
3236 5439 3380 5493 enim
3403 5449 3485 5494 est
3513 5438 3570 5492 in
3607 5439 3880 5491 omnibus

2261 5535 2343 5589 his
2373 5535 2622 5604 quoniam
2673 5547 2776 5586 non
2809 5541 3036 5586 necesse
3057 5541 3141 5586 est
3165 5531 3308 5601 quod
3337 5530 3405 5585 de
3460 5531 3765 5586 accidente
3795 5531 3880 5583 di-

2259 5627 2415 5691 citur,
2446 5637 2498 5679 et
2526 5625 2592 5680 de
2616 5640 2673 5678 re
2695 5638 2879 5677 verum
2907 5637 3064 5686 esse;
3091 5623 3224 5677 solis
3247 5621 3392 5676 enim
3419 5621 3487 5675 iis
3507 5636 3630 5691 qua:
3652 5637 3884 5677 secun-

2265 5719 2388 5772 dum
2419 5717 2774 5773 substantiam
2808 5725 2930 5769 sunt
2963 5714 3318 5770 indifferentia
3341 5753 3357 5779 ,
3409 5723 3468 5768 et
3521 5729 3644 5781 qua:
3694 5729 3883 5767 unum

2265 5820 2409 5876 sunt,
2436 5811 2615 5866 omnia
2648 5807 2895 5864 videntur
2916 5805 3105 5862 eadem
3130 5807 3328 5871 inesse,
3358 5805 3504 5859 bono
3533 5813 3734 5859 autem
3773 5819 3884 5860 non
