4022 6330
133 213 138 218 ’
207 256 336 323 i033

758 269 1218 332 ELENCHORUM
1259 272 1798 337 SOPIIISTICOBUH
1837 272 2286 347 ARlSTOTELIS
2324 273 2896 333 INTERPRETATIO.

3316 277 3458 335 1034

185 398 319 454 idem
357 405 436 450 est
467 396 662 449 bonum
693 408 831 458 esse,
863 404 1212 450 etventurum
1241 409 1360 449 esse
1399 394 1750 463 interrOgare,
1798 391 1851 451 Α
1876 399 2093 458 propter
2117 391 2166 444 id
2196 391 2456 447 malorum
2483 401 2586 455 est,
2635 393 2725 448 sed
2757 410 2864 448 non
2915 395 3198 462 malorum,
3226 407 3454 466 promer

185 503 348 559 neque
372 486 624 550 venienti,
654 496 1039 556 autcooperto,
1091 497 1147 541 et
1202 487 1508 540 venientem
1555 501 1674 540 esse
1703 493 1756 538 et

185 582 469 636 Coriscum.
503 579 679 646 Quare
702 592 804 632 non
855 579 898 632 si
951 593 1218 648 cognosco
1239 576 1541 644 Coriscum,
1569 577 1757 646 ignoro

185 683 354 727 autem
382 672 702 736 venientem,
728 673 972 726 eumdem
987 686 1250 741 cognosco
1271 679 1324 726 et
1345 671 1549 739 ignoro,
1587 685 1762 738 neque

188 765 347 820 sihoc
373 773 452 818 est
479 780 677 826 meum,
709 774 791 818 est
820 771 996 817 autem
1040 759 1195 832 opus,
1242 776 1419 817 meum
1467 771 1549 816 est
1595 775 1756 830 opus,

183 858 276 912 sed
301 855 588 924 possessio,
621 855 703 910 vel
738 870 842 914 res,
868 855 948 907 vel
979 853 1178 922 aliquid
1226 852 1517 922 quidpiam.
1557 851 1757 907 Eodem

187 957 356 1000 autem
396 946 554 998 modo
583 953 635 998 et
668 946 718 997 in
743 945 880 999 :tliis.
941 944 1163 997 Solvunt
1193 953 1372 997 autem
1413 943 1629 1013 quidem
1679 943 1763 998 in-

198 1051 500 1096 ternitentes
533 1042 1039 1111 interrogationem,
1063 1041 1247 1096 dicunt
1275 1041 1419 1096 enim
1455 1040 1764 1111 contingere

192 1138 427 1192 eamdem
454 1153 565 1191 rem
597 1150 929 1207 cognoscere
952 1177 967 1203 ,
999 1145 1054 1190 et
1076 1136 1326 1206 ignorare
1346 1175 1362 1200 ,
1391 1134 1488 1190 sed
1527 1148 1631 1188 non
1679 1148 1763 1188 se-

191 1230 417 1286 cundum
444 1229 612 1291 idem;
643 1229 946 1283 venientem
979 1227 1140 1298 igitur
1172 1242 1276 1281 non
1307 1235 1590 1282 noscentes
1612 1266 1627 1290 ,
1655 1222 1761 1278 Co-

191 1324 383 1378 riscnm
425 1331 600 1374 autem
633 1331 914 1374 noscentes
938 1360 954 1385 ,
1013 1318 1259 1374 eumdem
1290 1318 1507 1389 quidem
1557 1332 1760 1386 cogno-

190 1430 335 1471 scere
360 1421 416 1468 et
457 1413 700 1482 ignorare
725 1411 942 1476 dicunt,
972 1411 1063 1466 sed
1096 1425 1201 1465 non
1254 1409 1546 1464 secundum
1595 1407 1756 1463 idem.

174 1499 432 1566 'Attamen
463 1509 692 1578 primum
723 1507 936 1576 quidem
983 1503 1456 1576 (quemadmodum
1481 1503 1590 1572 jant
1622 1500 1761 1556 dixi-

189 1601 571 1671 mus)oportet
596 1614 777 1653 earum
811 1613 930 1668 qua:
960 1606 1180 1667 propter
1229 1595 1371 1650 idem
1412 1603 1536 1648 sunt
1559 1594 1760 1649 oratio-

188 1710 307 1748 num
333 1692 578 1747 eamdem
606 1705 726 1745 esse
747 1689 1070 1743 solutionem
1098 1705 1111 1752 ;
1147 1689 1200 1742 id
1241 1696 1418 1740 autem
1446 1700 1552 1740 non
1582 1685 1684 1740 erit
1712 1684 1756 1740 si

1871 479 1924 534 id
1958 482 2113 549 igitur
2149 484 2291 552 quod
2333 484 2508 552 aliquo
2541 484 2696 538 modo
2738 486 2897 539 etiam
2945 486 3258 556 simpliciter
3287 504 3451 556 appa-

1870 583 1969 637 ret,
2003 589 2305 644 quanquam
2334 576 2593 644 contingit
2623 576 2850 631 fortasse
2880 578 3074 632 bonum
3103 595 3222 634 esse
3245 581 3450 650 aliquid

1869 667 2130 721 malorum
2164 667 2477 737 dupliciter,
2503 684 2608 723 non
2633 678 2808 724 tamen
2833 671 2883 724 itt
2910 672 3157 726 oratione
3191 673 3287 726 hac
3309 714 3321 734 ,
3354 674 3452 728 sed

1869 761 2040 829 magis
2061 761 2107 815 si
2147 761 2287 831 quod
2318 761 2640 831 mancipium
2677 761 2747 816 sit
2774 762 2970 817 bonum
3003 764 3152 817 mali.
3195 762 3452 820 Fortasse
3487 826 3490 828 η

1866 863 2043 909 autem
2074 869 2248 923 neque
2273 852 2373 908 sic.
2420 853 2536 908 Non
2565 855 2703 909 enim
2736 854 2782 910 si
2811 856 3007 910 bonum
3040 866 3124 910 est
3170 864 3225 909 et
3269 856 3456 925 hujus,

1867 945 2064 1000 bonum
2092 944 2248 1014 hujus
2283 942 2443 998 simul
2470 961 2484 1010 ;
2545 960 2730 999 verum
2765 961 2937 1016 neque
2969 947 3238 1001 hominem
3267 947 3454 1001 dicere

1866 1035 2175 1090 animalium
2202 1050 2347 1101 esse,
2400 1035 2598 1089 dicitur
2626 1036 2993 1105 multipliciter
3024 1054 3037 1102 ;
3092 1054 3196 1092 non
3227 1039 3371 1093 enim
3400 1039 3449 1094 si
3529 1087 3536 1096 .

1865 1125 2064 1197 aliquid
2095 1127 2462 1197 signiﬁcamus
2492 1129 2830 1194 auferentes,
2882 1130 2934 1183 id
2968 1130 3165 1184 dicitur
3194 1129 3454 1198 multipli-
3521 1149 3530 1158 ο

1864 1221 2018 1286 citer,
2053 1235 2174 1273 nam
2205 1231 2256 1275 et
2286 1219 2564 1276 dimidium
2589 1221 2827 1276 dicentes
2853 1237 3038 1278 versus
3063 1223 3302 1288 damihi,
3332 1222 3454 1280 Ilia-

1864 1311 1929 1368 da
1956 1311 2335 1381 significamus,
2365 1313 2500 1368 iram
2534 1314 2709 1384 pande
2736 1314 2861 1370 dea.

2483 1425 2714 1483 CAPUT
2756 1427 2818 1482 ν.

2022 1525 2101 1582 De
2141 1528 2393 1582 solutione
2432 1529 2852 1651 seﬁ'ultiinorum
2893 1528 3119 1583 locorum
3150 1541 3294 1586 extra

2537 1610 2791 1651 lcftonem.

2537 1610 2791 1653 ιειιοηεηι.

1934 1706 2042 1762 Eas
2072 1723 2199 1764 vero
2228 1724 2346 1778 quae
2374 1718 2499 1765 sunt
2537 1719 2757 1780 propter
2786 1709 2838 1766 id
2867 1711 3008 1782 quod
3038 1715 3336 1784 praecipue,
3391 1719 3453 1771 il-

185 1784 298 1854 quis
323 1800 429 1837 non
457 1783 508 1837 in
540 1796 867 1853 cognoscere
889 1824 903 1848 ,
938 1780 1031 1834 sed
1077 1780 1129 1834 in
1179 1778 1320 1849 quod
1349 1788 1432 1833 est
1481 1793 1636 1844 esse,
1665 1784 1752 1831 aut

1865 1797 1957 1852 lud
1979 1807 2178 1865 autem,
2204 1770 2289 1855 vel
2313 1817 2439 1870 qua,
2476 1770 2564 1857 ve'l
2598 1770 2710 1866 ubi,
2745 1803 2824 1856 vel
2857 1770 3252 1873 aliquo-modo,
3281 1770 3362 1860 vel
3385 1770 3454 1863 ad

185 1879 356 1946 aliquo
380 1876 540 1930 modo
561 1890 620 1930 se
641 1874 836 1929 habere
867 1874 1042 1943 ipsum
1070 1870 1210 1942 quod
1237 1871 1554 1941 approbant,
1585 1877 1763 1923 sumat

187 1970 327 2038 (utsi
362 1968 454 2021 hic
483 1977 564 2021 est
595 1975 768 2036 pater,
815 1973 899 2018 est
929 1972 1104 2017 autem
1133 1961 1277 2032 tuus)
1305 1980 1319 2016 :
1374 1977 1497 2016 nam
1549 1959 1759 2015 tametsi

188 2058 240 2114 in
263 2057 580 2126 quibusdam
611 2055 660 2110 id
687 2071 868 2110 verum
901 2064 1005 2122 est,
1036 2063 1089 2107 et
1111 2053 1370 2122 contingit
1400 2052 1540 2106 idem
1565 2066 1762 2121 cogno-

185 2163 331 2202 scere
363 2157 421 2201 et
447 2147 712 2214 ignorare,
762 2153 938 2199 tamen
973 2145 1055 2198 hic
1087 2143 1220 2198 nihil
1267 2156 1549 2196 commune
1599 2141 1761 2195 habet

183 2239 318 2309 quod
347 2239 550 2292 dictum
580 2246 681 2291 est.
716 2236 854 2289 Nihil
883 2245 1060 2290 autem
1085 2235 1327 2304 prohibet
1359 2233 1600 2288 eamdem
1631 2248 1756 2287 ora~

184 2329 380 2383 tionem
425 2328 602 2398 plures
648 2327 964 2380 vitiositates
1023 2325 1253 2390 habere,
1305 2323 1398 2379 sed
1442 2339 1548 2378 non
1580 2323 1759 2378 omnis

185 2421 387 2490 peccati
419 2417 776 2474 manifestatio
805 2417 1000 2472 solutio
1029 2424 1130 2472 est.

253 2533 385 2586 Nam
415 2529 668 2600 possibile
693 2539 777 2585 est
798 2529 1082 2584 ostendere
1105 2529 1407 2597 quempiam
1431 2568 1445 2593 ,
1486 2526 1628 2598 quod
1659 2528 1758 2582 fal-

182 2639 296 2679 sum
347 2623 564 2694 quidem
593 2622 926 2692 syllogizavit
953 2661 966 2683 ,
1012 2631 1226 2689 propter
1260 2619 1401 2688 quod
1444 2629 1621 2674 autem
1653 2633 1757 2673 non

182 2715 469 2771 ostendere
501 2714 580 2780 (ιιι
602 2713 833 2767 Zenonis
877 2711 1176 2766 orationem
1225 2711 1363 2780 quod
1398 2725 1503 2763 non
1535 2718 1618 2764 est
1645 2725 1759 2763 mo-

182 2809 351 2878 veri);
382 2822 546 2877 quare
568 2817 620 2862 et
646 2805 690 2860 si
717 2806 834 2875 quis
865 2815 1088 2859 conetur
1111 2804 1360 2873 colligere
1390 2812 1446 2857 ut
1469 2803 1534 2857 ad
1562 2803 1759 2872 impos-

180 2901 355 2968 sibile,
392 2909 594 2970 peccat,
627 2910 680 2955 et
706 2899 751 2953 si
776 2898 971 2952 millies
1002 2898 1280 2969 syllogizet
1307 2937 1321 2963 ,
1374 2913 1480 2952 non
1506 2898 1648 2952 enim
1677 2905 1759 2952 est

180 2993 293 3048 haec
321 2992 542 3061 solutio,
562 3006 683 3046 nam
706 3000 820 3046 erat
849 2991 1046 3046 solutio
1077 2991 1437 3045 manifestatio
1459 2989 1757 3062 syllogismi

179 3084 299 3140 falsi
332 3093 551 3156 propter
588 3084 728 3154 quod
767 3083 953 3139 falsus.
1003 3083 1057 3137 Si
1091 3084 1247 3153 igitur
1275 3099 1378 3137 non
1405 3084 1752 3153 syllogizavit,

177 3178 422 3250 quamvis
453 3185 542 3232 aut
572 3192 777 3242 verum,
799 3187 891 3231 aut
927 3175 1114 3231 falsum
1145 3177 1372 3232 conetur'
1388 3178 1660 3248 colligere,
1692 3178 1755 3232 il-

177 3269 280 3325 lius
330 3269 685 3324 manifestatio
731 3269 925 3322 solutio
956 3277 1054 3323 est.
1099 3267 1351 3324 Fortasse
1391 3278 1573 3324 autem
1617 3277 1670 3323 et
1699 3268 1750 3324 id

177 3362 228 3418 in
259 3361 577 3433 quibusdam
616 3360 749 3414 nihil
779 3359 1026 3430 prohibet
1055 3359 1322 3424 accidere,
1358 3376 1542 3414 verum
1587 3362 1639 3414 in
1671 3359 1753 3416 his

174 3468 274 3511 nec
320 3454 422 3508 hoc
448 3454 750 3518 videbitur,
784 3468 904 3521 nam
931 3461 984 3507 et
1008 3453 1285 3507 Coriscnm
1308 3455 1448 3520 quod
1480 3453 1751 3519 Coriscus,

173 3545 472 3619 cognoscit,
525 3553 580 3598 et
632 3547 935 3597 ven'entem
965 3544 1105 3611 quod
1135 3544 1375 3597 veniens.
1429 3544 1753 3614 Contingere

170 3645 351 3690 autem
380 3633 517 3687 idem
540 3647 865 3703 cognoscere
891 3642 944 3686 et
973 3649 1076 3686 non
1097 3673 1111 3695 ,
1164 3642 1223 3686 nt
1248 3633 1389 3701 quod
1417 3633 1595 3688 album
1630 3634 1750 3703 qui-

171 3727 294 3782 dem
327 3740 651 3796 cognoscere
670 3765 687 3792 ,
709 3725 850 3795 quod
878 3733 1054 3780 autem
1086 3726 1375 3791 musicum,
1418 3741 1520 3779 non
1549 3740 1750 3795 cogno-

169 3832 324 3874 scere
358 3832 373 3869 :
425 3817 506 3870 sic
535 3816 675 3871 enim
719 3815 856 3870 idem
909 3817 1184 3886 cognoscit
1231 3826 1286 3872 et
1322 3831 1424 3872 non
1455 3817 1748 3886 cognoscit,

171 3912 263 3965 sed
291 3925 396 3962 non
429 3907 719 3963 secundum
758 3907 921 3976 idem,
982 3907 1280 3962 venientem
1311 3916 1488 3963 autem
1515 3917 1568 3961 et
1593 3909 1748 3962 Cori-

168 4018 344 4067 scnm,
370 4010 422 4056 et
447 4000 587 4070 quod
619 4001 860 4066 veniens,
890 4009 940 4054 et
972 4001 1110 4070 quod
1142 3998 1414 4064 Coriscus,
1449 4003 1746 4071 cognoscit.

167 4098 431 4159 Similiter
480 4111 656 4154 autem
711 4109 933 4170 peccant
991 4110 1045 4155 et
1088 4101 1176 4168 qui
1232 4102 1445 4155 solvunt
1492 4104 1745 4176 quoniam

169 4195 348 4250 omnis
382 4208 636 4248 numerus
669 4207 888 4262 paucus,
921 4201 978 4246 ut
1021 4193 1052 4245 ii
1094 4208 1228 4261 quos
1257 4192 1520 4258 diximus,
1544 4202 1748 4261 utpote

168 4287 260 4355 qui
291 4299 412 4339 cum
445 4299 551 4338 non
581 4285 893 4338 conclusum
931 4293 1046 4347 est,
1100 4285 1150 4338 id
1179 4284 1504 4348 omittentes,
1563 4301 1746 4341 verum

167 4378 481 4432 conclusum
511 4392 631 4431 esse
655 4376 836 4430 diettnt
871 4378 1085 4442 (omnia
1113 4376 1256 4430 enim
1288 4392 1408 4430 esse
1436 4388 1488 4431 et
1520 4379 1745 4433 multum

167 4479 220 4524 et
244 4484 470 4537 poucum
502 4469 786 4536 dicentes),
814 4478 1054 4537 peccant.
1097 4460 1322 4534 Quidam
1354 4478 1534 4522 autem
1567 4481 1618 4524 et
1649 4471 1748 4524 du-

169 4563 288 4630 plici
319 4562 531 4614 solvunt
561 4561 918 4632 syllogismos,
956 4570 1009 4613 ut
1033 4564 1279 4630 quoniam
1310 4571 1427 4616 tuus
1457 4573 1537 4617 est
1571 4574 1743 4633 pater,

167 4664 255 4707 aut
282 4653 446 4716 filius,
473 4661 563 4706 aut
585 4667 786 4705 servus.
849 4655 1094 4706 Attamen
1129 4652 1466 4707 manifestum
1495 4656 1744 4724 quoniam

168 4746 209 4799 si
239 4760 305 4799 eo
335 4745 473 4814 quod
513 4744 870 4812 multipliciter
899 4744 1094 4799 dicitur
1140 4756 1359 4815 apparet
1414 4747 1743 4816 redargutio,

166 4849 382 4907 Oportet
410 4853 603 4892 nomen
652 4838 731 4890 vel
762 4839 1059 4890 orationem
1101 4841 1313 4907 proprie
1344 4854 1462 4893 esse
1493 4840 1744 4909 plurium,

168 4932 308 4982 hunc
335 4938 511 4981 autem
543 4942 662 4980 esse
715 4926 872 4995 hujus
915 4927 1079 4980 filium
1100 4970 1114 4992 ,
1172 4944 1328 4982 nemo
1350 4929 1479 4982 dicit
1510 4930 1743 4999 proprie,

164 5019 206 5073 si
234 5020 484 5072 dominus
511 5027 595 5071 est
623 5018 734 5082 filii,
768 5017 860 5072 sed
910 5026 1126 5087 propter
1153 5021 1401 5075 accidens
1429 5023 1746 5089 compositio

165 5119 247 5164 est
273 5111 524 5177 (putasne
549 5111 754 5162 esthoc
785 5108 966 5160 tuum?
993 5112 1107 5172 sic;
1141 5121 1221 5164 est
1243 5120 1419 5164 autem
1452 5112 1552 5167 hoc
1585 5115 1742 5176 lilius,

167 5212 289 5254 tuus
311 5201 471 5269 igitur
504 5199 666 5267 filius)
692 5239 707 5261 ,
759 5199 880 5268 quia
911 5200 1104 5254 accidit
1136 5216 1255 5256 esse
1284 5213 1337 5256 et
1368 5211 1544 5267 tuum,
1602 5215 1656 5259 et
1687 5206 1746 5257 fio

166 5295 294 5349 llum
319 5336 332 5358 ,
365 5294 457 5348 sed
487 5309 592 5348 non
640 5303 787 5347 tuum
822 5294 1006 5349 lilium.
1059 5296 1124 5348 Et
1178 5310 1297 5349 esse
1347 5297 1544 5366 aliquid
1575 5299 1744 5353 malo-

166 5403 284 5443 rum
314 5387 532 5452 bonnm,
569 5400 689 5440 nam
722 5386 1001 5456 prudentia
1038 5397 1121 5441 est
1150 5387 1434 5458 disciplina
1461 5392 1742 5445 malorum.

168 5481 277 5535 lloe
314 5489 490 5534 autem
517 5479 704 5533 horum
725 5494 844 5532 esse
871 5493 974 5533 non
1005 5478 1198 5533 dicitur
1226 5480 1588 5550 multipliciter
1611 5524 1624 5545 ,
1652 5485 1744 5537 sed

166 5574 436 5642 possessio
463 5589 478 5631 ;
536 5571 799 5639 siquidem
833 5574 1055 5625 fortasse
1087 5573 1458 5640 multipliciter
1491 5578 1507 5642 (
1537 5591 1661 5629 nam
1694 5584 1747 5630 et

167 5669 433 5719 hominem
464 5663 769 5718 animalium
795 5663 1023 5719 dicimus
1046 5679 1165 5720 esse
1185 5665 1224 5732 ),
1277 5667 1369 5720 sed
1396 5683 1496 5720 non
1531 5682 1743 5736 posses.

163 5758 411 5820 sionem;
462 5765 515 5810 et
553 5755 754 5822 siquid
799 5756 863 5810 ad
904 5758 1039 5812 mala
1093 5758 1285 5813 dicitur
1341 5765 1398 5813 ttt
1443 5755 1744 5829 aliquorum

454 5845 726 5914 Panos.
761 5844 978 5914 LXIV.
1001 5855 1017 5868 ‘

1864 1889 2063 1958 aliquid
2111 1891 2326 1955 dicitur,
2383 1902 2571 1947 etnon
2611 1893 2953 1964 simpliciter,
2996 1895 3311 1950 solvendum
3367 1907 3456 1953 est

1862 1981 2255 2037 considerando
2299 1983 2703 2039 conclusionem
2753 1984 2818 2038 ad
2849 1986 3352 2053 contradictionem,
3404 1989 3454 2045 si

1863 2073 2117 2142 contingit
2147 2073 2335 2127 horum
2367 2074 2566 2143 aliquid
2599 2089 2782 2143 passas
2807 2090 2949 2128 esse.
2993 2075 3124 2129 Nam
3156 2079 3450 2146 contraria,

1864 2173 1916 2218 ct
1942 2165 2208 2233 opposita,
2240 2174 2294 2220 et
2345 2165 2786 2231 affirmationem,
2837 2177 2890 2222 et
2934 2171 3289 2236 negationem,
3323 2172 3452 2224 sim-

1865 2254 2075 2324 pliciter
2102 2255 2316 2325 quidem
2348 2256 2676 2325 impossibile
2712 2257 2889 2314 inesse
2920 2259 3116 2325 eidem,
3151 2277 3250 2331 qua
3274 2272 3456 2318 autem

1863 2354 2180 2416 utrumque,
2208 2349 2292 2402 vel
2316 2347 2383 2401 ad
2413 2349 2636 2419 aliquid,
2682 2351 2767 2407 vel
2794 2353 2976 2423 aliquo
3007 2355 3188 2418 modo,
3242 2357 3320 2411 vel
3353 2359 3457 2414 hoc

1861 2439 2079 2507 quidem
2110 2453 2232 2509 qua,
2266 2438 2398 2492 illud
2428 2449 2608 2495 autem
2661 2442 2977 2518 simpliciter
2999 2446 3128 2500 nihil
3161 2449 3405 2516 prohibet
3433 2465 3451 2515 ;

1862 2545 2028 2600 quare
2059 2533 2102 2584 si
2148 2532 2251 2586 hoc
2277 2532 2491 2602 quidem
2534 2533 2882 2603 simpliciter,
2941 2538 3072 2592 illud
3115 2550 3292 2595 autem
3323 2559 3452 2612 qua,

1864 2623 2098 2678 nondum
2123 2635 2206 2679 est
2257 2627 2585 2696 redargutio.
2647 2627 2757 2684 Hoc
2789 2640 2967 2684 autem
3021 2631 3073 2686 in
3106 2637 3454 2693 conclusione

1863 2716 2312 2771 considerandum
2343 2718 2409 2772 ad
2437 2720 2943 2776 contradictionem.
2977 2723 3112 2778 Sunt
3142 2736 3317 2779 autem
3352 2727 3453 2781 ltu-

1857 2806 2094 2875 jnsmodi
2132 2809 2404 2864 orationes
2430 2824 2621 2864 omnes
2647 2810 2698 2864 id
2733 2812 3026 2877 habentes,
3073 2824 3297 2879 putasne
3323 2832 3454 2870 con-

1831 2900 2016 2972 tingit
2043 2901 2184 2969 quod
2243 2916 2346 2955 non
2397 2912 2479 2957 est
2508 2904 2672 2958 esse?
2723 2913 2956 2957 attamen
2993 2920 3096 2958 non
3143 2909 3453 2978 estaliquid

1862 2992 1912 3046 id
1945 2993 2088 3064 quod,
2133 3009 2240 3047 non
2271 3003 2371 3048 est.
2414 2994 2673 3049 Similiter
2723 3005 2899 3049 autem
2933 3006 2987 3050 et
3041 2997 3184 3065 quod
3225 3009 3308 3053 est
3344 3016 3449 3054 non

1860 3085 1984 3149 erit,
2008 3099 2128 3138 nam
2157 3100 2267 3140 non
2291 3085 2395 3140 erit
2421 3086 2640 3155 'aliquid
2670 3101 2791 3140 cum
2820 3095 2963 3140 sunt.
3025 3087 3270 3157 Nunquid
3323 3106 3452 3144 eon-

1864 3181 2015 3250 tingit
2040 3180 2286 3235 eumdem
2315 3180 2474 3234 simul
2508 3181 2644 3235 bene
2670 3180 2856 3249 jurare
2887 3190 2940 3234 et
2972 3180 3259 3250 peierare?
3306 3182 3452 3238 Nun-

1858 3274 1985 3346 quid
2035 3274 2287 3343 possibile
2339 3285 2423 3328 est
2463 3274 2623 3327 simul
2674 3273 2849 3329 eidem
2895 3274 3123 3328 suadere
3158 3286 3212 3330 et
3242 3275 3451 3330 dissua-

1858 3365 2027 3419 dere?
2075 3365 2154 3419 An
2189 3379 2363 3434 neque
2390 3379 2514 3419 esse
2537 3363 2686 3432 quid,
2719 3372 2935 3428 etesse,
2964 3364 3100 3418 idem
3125 3364 3148 3416 ?
3178 3365 3316 3434 quod
3349 3383 3448 3421 au-

1859 3463 1966 3508 tem
1997 3469 2102 3507 non
2133 3461 2236 3517 est,
2270 3468 2376 3506 non
2422 3453 2465 3506 si
2496 3462 2579 3508 est
2605 3453 2732 3522 quid
2752 3492 2765 3515 ,
2796 3453 2958 3506 etiam
2992 3464 3075 3507 est
3107 3455 3443 3525 simpliciter.

1857 3544 2039 3614 Neque
2062 3544 2104 3597 si
2138 3545 2274 3597 bene
2296 3544 2442 3610 jurat
2472 3543 2522 3596 id
2568 3542 2784 3611 quidem
2805 3583 2820 3605 ,
2848 3551 2901 3596 et
2931 3557 3030 3609 qua
3051 3581 3068 3607 ,
3114 3558 3335 3600 necesse
3363 3557 3448 3602 est

1856 3646 1910 3690 et
1942 3636 2076 3690 bene
2101 3635 2309 3703 jurare,
2337 3649 2458 3688 nam
2486 3634 2574 3702 qui
2600 3633 2744 3702 jurat
2773 3647 2832 3686 se
2874 3632 3270 3700 pejeraturum,
3306 3637 3446 3691 bene

1850 3727 1998 3798 jurat
2028 3726 2274 3796 pejerans
2303 3727 2405 3779 hoc
2429 3725 2627 3788 solum,
2652 3732 2704 3778 at
2735 3738 2840 3777 non
2873 3723 3011 3778 bene
3038 3723 3198 3793 iurat.
3260 3725 3445 3796 Neque

1855 3822 1945 3893 qui
1977 3819 2273 3883 dissuadet,
2317 3817 2530 3882 suadet,
2584 3817 2678 3873 sed
2736 3816 3031 3872 secundum
3064 3817 3191 3888 quid
3229 3819 3443 3876 suadet.
3531 3823 3539 3831 '

1857 3912 2063 3971 Similis
2110 3919 2287 3964 autem
2335 3910 2471 3964 ratio
2500 3917 2585 3963 est
2635 3909 2781 3964 etde
2811 3923 2876 3963 eo
2917 3909 3060 3979 quod
3102 3918 3186 3964 est
3226 3912 3446 3968 mentiri

1857 4001 2108 4058 eumdem
2140 4001 2296 4056 simul
2322 4010 2375 4056 et
2399 4014 2583 4055 verum
2615 3999 2832 4067 dicere,
2859 4000 2952 4055 sed
2986 4010 3204 4071 propter
3227 4002 3276 4055 id
3300 4002 3444 4071 quod

1856 4113 1959 4153 non
1994 4106 2077 4151 est
2109 4095 2267 4149 facile
2301 4093 2570 4163 inspicere
2599 4102 2776 4147 utrum
2806 4094 2924 4162 quis
2954 4095 3192 4164 assignet
3235 4096 3442 4165 simpli-

1852 4191 1984 4245 citer
2012 4203 2260 4243 veracem
2285 4202 2438 4253 esse,
2474 4187 2555 4242 vel
2583 4187 2896 4242 mendaeem
2924 4186 3142 4243 difficile
3195 4199 3440 4258 apparet.

1854 4283 2106 4338 Prohibet
2152 4291 2330 4336 autent
2388 4281 2637 4336 eumdem
2691 4280 2822 4334 nihil
2869 4281 3183 4352 simpliciter
3221 4285 3439 4353 quidem

1853 4390 1973 4431 esse
1998 4373 2309 4428 mendaeem
2342 4418 2356 4440 ,
2403 4387 2503 4441 qua
2536 4383 2715 4428 autem
2745 4387 2993 4451 veracem
3014 4415 3028 4439 ,
3085 4375 3166 4430 vel
3215 4378 3441 4448 alicujus

1853 4482 1972 4523 esse
1995 4481 2237 4520 veracem
2267 4465 2495 4534 aliquem
2517 4508 2529 4526 ,
2573 4481 2818 4520 veracem
2850 4476 3028 4521 autem
3061 4483 3190 4525 non.
3241 4470 3442 4527 Simili-

1771 4531 1829 4594 Β
1855 4568 1934 4614 ιει·
1964 4568 2142 4614 autem
2171 4567 2226 4612 et
2248 4559 2299 4612 in
2331 4531 2395 4611 ad
2426 4558 2646 4627 aliquid,
2675 4568 2729 4610 et
2766 4557 2878 4621 ubi,
2909 4567 2962 4612 et
2987 4561 3221 4628 quando,
3252 4578 3439 4619 omnes

1851 4653 1995 4710 enim
2044 4650 2348 4721 bujusmodi
2380 4652 2657 4705 orationes
2691 4658 2911 4718 propter
2935 4651 2986 4704 id
3013 4653 3278 4709 accidunt.
3336 4657 3439 4711 Pu-

1852 4756 2004 4802 tasne
2022 4746 2244 4810 sanitas,
2269 4745 2350 4799 vel
2379 4744 2578 4798 divitia:
2609 4744 2845 4798 bonum?
2877 4754 3113 4799 attamen
3135 4747 3434 4817 insipienti.

1851 4848 1904 4892 et
1930 4853 2034 4891 non
2067 4847 2211 4892 recte
2242 4835 2409 4890 utenti
2436 4851 2540 4887 non
2571 4835 2766 4888 bonum
2788 4875 2804 4899 ,
2838 4849 2964 4903 ergo
2995 4837 3214 4902 bonum,
3245 4848 3299 4891 et
3328 4854 3433 4892 non

1855 4930 2073 4982 bonum.
2127 4927 2290 4981 Estne
2333 4940 2521 4978 sanum
2563 4939 2707 4989 esse,
2769 4925 2852 4979 vel
2883 4934 3202 4994 potestatem
3237 4927 3438 4983 habere

1853 5020 1906 5074 in
1937 5020 2152 5073 civitate
2183 5018 2425 5071 bonum?
2477 5026 2842 5071 verumtamen
2872 5026 2954 5070 est
2988 5018 3306 5087 quandoque
3329 5033 3437 5073 non

1855 5116 2050 5167 bonum
2079 5130 2092 5176 ;
2147 5111 2286 5165 idem
2337 5109 2495 5174 igitur
2523 5108 2696 5163 eidem
2726 5108 2922 5162 bonum
2947 5148 2962 5169 ,
2994 5118 3053 5162 et
3079 5122 3182 5162 non
3215 5109 3435 5163 bonum.

1854 5209 1934 5260 An
1968 5204 2099 5258 nihil
2133 5203 2380 5272 prohibet
2408 5201 2548 5272 quod
2587 5201 2905 5270 simpliciter
2933 5209 3016 5255 est
3042 5201 3236 5254 bonum
3265 5243 3278 5265 ,
3315 5203 3438 5258 huic

1854 5312 1959 5350 non
1989 5311 2107 5350 esse
2151 5295 2400 5348 bonum?
2454 5302 2546 5347 aut
2568 5293 2692 5347 huic
2717 5291 2930 5360 quidem
2979 5292 3210 5354 bonum,
3253 5304 3309 5347 at
3330 5309 3439 5349 non

1857 5403 2016 5452 nunc,
2071 5387 2153 5440 vel
2199 5400 2304 5439 non
2339 5384 2439 5440 hoc
2490 5386 2542 5438 in
2596 5384 2715 5439 loco
2741 5384 2960 5438 bonum.
3013 5381 3247 5438 Putasne
3290 5386 3440 5454 quod

1854 5497 1960 5534 non
1989 5479 2098 5533 vult
2141 5479 2376 5547 sapiens,
2409 5476 2607 5531 malum
2639 5492 2654 5537 ;
2698 5476 2944 5529 amittere
2974 5484 3152 5528 autem
3187 5489 3291 5527 non
3327 5474 3440 5529 vult

1854 5573 2073 5634 bonum,
2107 5572 2301 5625 malum
2360 5570 2521 5638 igitur
2573 5568 2793 5621 bonum.
2856 5565 2970 5619 Non
2999 5565 3139 5619 enim
3181 5566 3320 5619 idem
3354 5577 3439 5621 est

1853 5665 2035 5720 dicere
2067 5666 2263 5719 malum
2295 5674 2374 5718 est
2410 5665 2629 5723 bonum,
2659 5668 2714 5713 et
2737 5658 2985 5713 amittere
3007 5659 3226 5712 bonum.
3281 5659 3442 5713 Simi-

1854 5759 1973 5814 liter
2001 5767 2179 5814 autem
2206 5765 2258 5812 et
2287 5769 2403 5825 qua:
2429 5755 2493 5810 de
2524 5752 2638 5809 fure
2681 5756 2764 5805 est
2807 5756 3012 5821 oratio,
3058 5768 3162 5809 non
3211 5753 3354 5808 enim
3393 5755 3441 5809 si
